{"ticker": "ODFL", "price": {"title": "Old Dominion Freight Line Historical Annual Stock Price Data", "value": 208.04, "historical": {"2021": {"Average Stock Price": "203.5589", "Year Open": "190.6900", "Year High": "215.5200", "Year Low": "190.6900", "Year Close": "208.0400", "Annual % Change": "6.59%"}, "2020": {"Average Stock Price": "168.1969", "Year Open": "128.0200", "Year High": "211.0400", "Year Low": "107.3267", "Year Close": "195.1800", "Annual % Change": "54.27%"}, "2019": {"Average Stock Price": "105.6921", "Year Open": "82.2800", "Year High": "130.4267", "Year Low": "79.2600", "Year Close": "126.5200", "Annual % Change": "53.68%"}, "2018": {"Average Stock Price": "95.9910", "Year Open": "89.6267", "Year High": "112.0200", "Year Low": "77.0533", "Year Close": "82.3267", "Annual % Change": "-6.13%"}, "2017": {"Average Stock Price": "66.1527", "Year Open": "57.8533", "Year High": "89.0733", "Year Low": "53.7333", "Year Close": "87.7000", "Annual % Change": "53.34%"}, "2016": {"Average Stock Price": "45.6584", "Year Open": "38.9467", "Year High": "60.9800", "Year Low": "33.7267", "Year Close": "57.1933", "Annual % Change": "45.23%"}, "2015": {"Average Stock Price": "46.2132", "Year Open": "51.6733", "Year High": "53.5867", "Year Low": "38.1667", "Year Close": "39.3800", "Annual % Change": "-23.92%"}, "2014": {"Average Stock Price": "42.6598", "Year Open": "34.8200", "Year High": "54.0267", "Year Low": "34.6800", "Year Close": "51.7600", "Annual % Change": "46.44%"}, "2013": {"Average Stock Price": "28.4684", "Year Open": "23.6867", "Year High": "35.3467", "Year Low": "23.1000", "Year Close": "35.3467", "Annual % Change": "54.67%"}, "2012": {"Average Stock Price": "20.1684", "Year Open": "18.1422", "Year High": "23.2333", "Year Low": "17.2267", "Year Close": "22.8533", "Annual % Change": "26.87%"}, "2011": {"Average Stock Price": "15.3415", "Year Open": "14.4356", "Year High": "18.3822", "Year Low": "12.3600", "Year Close": "18.0133", "Annual % Change": "26.70%"}, "2010": {"Average Stock Price": "10.8287", "Year Open": "8.6785", "Year High": "14.2400", "Year Low": "7.8637", "Year Close": "14.2178", "Annual % Change": "56.30%"}, "2009": {"Average Stock Price": "8.6289", "Year Open": "8.6696", "Year High": "11.2948", "Year Low": "5.6415", "Year Close": "9.0963", "Annual % Change": "7.87%"}, "2008": {"Average Stock Price": "8.5861", "Year Open": "6.5807", "Year High": "11.4696", "Year Low": "5.6415", "Year Close": "8.4326", "Annual % Change": "23.15%"}, "2007": {"Average Stock Price": "8.2202", "Year Open": "7.6444", "Year High": "9.9289", "Year Low": "6.1304", "Year Close": "6.8474", "Annual % Change": "-3.99%"}, "2006": {"Average Stock Price": "8.7713", "Year Open": "8.0385", "Year High": "11.4815", "Year Low": "7.1319", "Year Close": "7.1319", "Annual % Change": "-10.72%"}, "2005": {"Average Stock Price": "6.4968", "Year Open": "6.9610", "Year High": "8.2459", "Year Low": "5.2602", "Year Close": "7.9881", "Annual % Change": "16.21%"}, "2004": {"Average Stock Price": "5.2887", "Year Open": "4.5156", "Year High": "6.9570", "Year Low": "4.0178", "Year Close": "6.8741", "Annual % Change": "53.17%"}, "2003": {"Average Stock Price": "3.5050", "Year Open": "2.5398", "Year High": "4.7105", "Year Low": "2.3089", "Year Close": "4.4879", "Annual % Change": "80.00%"}, "2002": {"Average Stock Price": "1.4799", "Year Open": "1.1764", "Year High": "2.5100", "Year Low": "1.0983", "Year Close": "2.4933", "Annual % Change": "123.98%"}, "2001": {"Average Stock Price": "0.9522", "Year Open": "0.8893", "Year High": "1.1852", "Year Low": "0.7550", "Year Close": "1.1132", "Annual % Change": "33.48%"}, "2000": {"Average Stock Price": "0.9189", "Year Open": "0.9877", "Year High": "1.1193", "Year Low": "0.7462", "Year Close": "0.8340", "Annual % Change": "-11.63%"}, "1999": {"Average Stock Price": "1.0809", "Year Open": "1.0096", "Year High": "1.3169", "Year Low": "0.8893", "Year Close": "0.9438", "Annual % Change": "-5.53%"}, "1998": {"Average Stock Price": "1.3176", "Year Open": "1.3388", "Year High": "1.6900", "Year Low": "0.8779", "Year Close": "0.9991", "Annual % Change": "-25.37%"}, "1997": {"Average Stock Price": "1.2380", "Year Open": "0.9113", "Year High": "1.7014", "Year Low": "0.8450", "Year Close": "1.3388", "Annual % Change": "43.46%"}, "1996": {"Average Stock Price": "0.8812", "Year Open": "0.6584", "Year High": "1.0974", "Year Low": "0.6584", "Year Close": "0.9332", "Annual % Change": "32.88%"}, "1995": {"Average Stock Price": "1.1948", "Year Open": "1.4486", "Year High": "1.5802", "Year Low": "0.6584", "Year Close": "0.7023", "Annual % Change": "-50.77%"}, "1994": {"Average Stock Price": "1.6424", "Year Open": "1.6900", "Year High": "1.9534", "Year Low": "1.3169", "Year Close": "1.4266", "Annual % Change": "-17.22%"}, "1993": {"Average Stock Price": "1.6413", "Year Open": "1.9095", "Year High": "1.9095", "Year Low": "1.3608", "Year Close": "1.7233", "Annual % Change": "-9.75%"}, "1992": {"Average Stock Price": "1.5024", "Year Open": "1.4380", "Year High": "1.9095", "Year Low": "1.2185", "Year Close": "1.9095", "Annual % Change": "31.82%"}}}, "market cap": {"value": "$25.29B"}, "income statement": {"Revenue": {"2020-12-31": "4015.12900", "2019-12-31": "4109.11100", "2018-12-31": "4043.69500", "2017-12-31": "3358.11200", "2016-12-31": "2991.51700", "2015-12-31": "2972.44200", "2014-12-31": "2787.89700", "2013-12-31": "2337.64800", "2012-12-31": "2134.57900", "2011-12-31": "1903.80000", "2010-12-31": "1480.99800", "2009-12-31": "1245.00500", "2008-12-31": "1537.72400", "2007-12-31": "1401.54200", "2006-12-31": "1279.43100", "2005-12-31": "1061.40300"}, "Cost Of Goods Sold": {"2020-12-31": "97.94700", "2019-12-31": "89.63600", "2018-12-31": "96.01700", "2017-12-31": "84.74700", "2016-12-31": "74.05100", "2015-12-31": "116.30000", "2014-12-31": "129.31200", "2013-12-31": "106.43500", "2012-12-31": "94.52200", "2011-12-31": "84.51600", "2010-12-31": "50.48900", "2009-12-31": "33.78600", "2008-12-31": "43.03500", "2007-12-31": "43.88900", "2006-12-31": "43.93300", "2005-12-31": "35.00500"}, "Gross Profit": {"2020-12-31": "3917.18200", "2019-12-31": "4019.47500", "2018-12-31": "3947.67800", "2017-12-31": "3273.36500", "2016-12-31": "2917.46600", "2015-12-31": "2856.14200", "2014-12-31": "2658.58500", "2013-12-31": "2231.21300", "2012-12-31": "2040.05700", "2011-12-31": "1819.28400", "2010-12-31": "1430.50900", "2009-12-31": "1211.21900", "2008-12-31": "1494.68900", "2007-12-31": "1357.65300", "2006-12-31": "1235.49800", "2005-12-31": "1026.39800"}, "Research And Development Expenses": {"2020-12-31": "", "2019-12-31": "", "2018-12-31": "", "2017-12-31": "", "2016-12-31": "", "2015-12-31": "", "2014-12-31": "", "2013-12-31": "", "2012-12-31": "", "2011-12-31": "", "2010-12-31": "", "2009-12-31": "", "2008-12-31": "", "2007-12-31": "", "2006-12-31": "", "2005-12-31": ""}, "SG&A Expenses": {"2020-12-31": "2258.66700", "2019-12-31": "2357.13500", "2018-12-31": "2290.58400", "2017-12-31": "2002.15600", "2016-12-31": "1828.34100", "2015-12-31": "1745.37800", "2014-12-31": "1554.72000", "2013-12-31": "1308.90300", "2012-12-31": "1198.00000", "2011-12-31": "1075.92200", "2010-12-31": "912.69700", "2009-12-31": "814.54000", "2008-12-31": "920.73000", "2007-12-31": "858.10000", "2006-12-31": "786.30000", "2005-12-31": "675.92600"}, "Other Operating Income Or Expenses": {"2020-12-31": "-490.37400", "2019-12-31": "-589.95300", "2018-12-31": "-609.68600", "2017-12-31": "-489.56000", "2016-12-31": "-415.42300", "2015-12-31": "-447.18100", "2014-12-31": "-516.09200", "2013-12-31": "-456.80000", "2012-12-31": "-446.06000", "2011-12-31": "-418.47000", "2010-12-31": "-299.71100", "2009-12-31": "-231.50400", "2008-12-31": "-357.80600", "2007-12-31": "-289.75300", "2006-12-31": "-251.07900", "2005-12-31": "-196.99000"}, "Operating Expenses": {"2020-12-31": "3108.24700", "2019-12-31": "3290.40500", "2018-12-31": "3226.64400", "2017-12-31": "2782.22600", "2016-12-31": "2507.68200", "2015-12-31": "2474.20200", "2014-12-31": "2346.59000", "2013-12-31": "1999.21000", "2012-12-31": "1849.32500", "2011-12-31": "1669.72800", "2010-12-31": "1343.25900", "2009-12-31": "1174.61400", "2008-12-31": "1408.65400", "2007-12-31": "1271.60500", "2006-12-31": "1148.94600", "2005-12-31": "963.81800"}, "Operating Income": {"2020-12-31": "906.88180", "2019-12-31": "818.70560", "2018-12-31": "817.05100", "2017-12-31": "575.88600", "2016-12-31": "483.83500", "2015-12-31": "498.24000", "2014-12-31": "441.30690", "2013-12-31": "338.43800", "2012-12-31": "285.25420", "2011-12-31": "234.07200", "2010-12-31": "137.73900", "2009-12-31": "70.39100", "2008-12-31": "129.06990", "2007-12-31": "129.93700", "2006-12-31": "130.48500", "2005-12-31": "97.58500"}, "Total Non-Operating Income/Expense": {"2020-12-31": "-5.51800", "2019-12-31": "5.24300", "2018-12-31": "-1.53800", "2017-12-31": "-0.05400", "2016-12-31": "-6.24800", "2015-12-31": "-8.22300", "2014-12-31": "-8.79300", "2013-12-31": "-9.75200", "2012-12-31": "-12.15600", "2011-12-31": "-13.98800", "2010-12-31": "-13.31300", "2009-12-31": "-13.22600", "2008-12-31": "-16.40400", "2007-12-31": "-14.14200", "2006-12-31": "-11.14200", "2005-12-31": "-7.31400"}, "Pre-Tax Income": {"2020-12-31": "901.36400", "2019-12-31": "823.94900", "2018-12-31": "815.51300", "2017-12-31": "575.83200", "2016-12-31": "477.58700", "2015-12-31": "490.01700", "2014-12-31": "432.51400", "2013-12-31": "328.68600", "2012-12-31": "273.09800", "2011-12-31": "220.08400", "2010-12-31": "124.42600", "2009-12-31": "57.16500", "2008-12-31": "112.66600", "2007-12-31": "115.79500", "2006-12-31": "119.34300", "2005-12-31": "90.27100"}, "Income Taxes": {"2020-12-31": "228.68200", "2019-12-31": "208.43100", "2018-12-31": "209.84500", "2017-12-31": "112.05800", "2016-12-31": "181.82200", "2015-12-31": "185.32700", "2014-12-31": "165.00000", "2013-12-31": "122.57300", "2012-12-31": "103.64600", "2011-12-31": "80.61400", "2010-12-31": "48.77500", "2009-12-31": "22.29400", "2008-12-31": "43.98900", "2007-12-31": "43.96300", "2006-12-31": "46.77400", "2005-12-31": "36.38800"}, "Income After Taxes": {"2020-12-31": "672.68200", "2019-12-31": "615.51790", "2018-12-31": "605.66800", "2017-12-31": "463.77400", "2016-12-31": "295.76500", "2015-12-31": "304.69000", "2014-12-31": "267.51400", "2013-12-31": "206.11300", "2012-12-31": "169.45200", "2011-12-31": "139.47000", "2010-12-31": "75.65100", "2009-12-31": "34.87100", "2008-12-31": "68.67700", "2007-12-31": "71.83200", "2006-12-31": "72.56900", "2005-12-31": "53.88300"}, "Other Income": {"2020-12-31": "", "2019-12-31": "", "2018-12-31": "", "2017-12-31": "", "2016-12-31": "", "2015-12-31": "", "2014-12-31": "", "2013-12-31": "", "2012-12-31": "", "2011-12-31": "", "2010-12-31": "", "2009-12-31": "", "2008-12-31": "", "2007-12-31": "", "2006-12-31": "", "2005-12-31": ""}, "Income From Continuous Operations": {"2020-12-31": "672.68200", "2019-12-31": "615.51790", "2018-12-31": "605.66800", "2017-12-31": "463.77400", "2016-12-31": "295.76500", "2015-12-31": "304.69000", "2014-12-31": "267.51400", "2013-12-31": "206.11300", "2012-12-31": "169.45200", "2011-12-31": "139.47000", "2010-12-31": "75.65100", "2009-12-31": "34.87100", "2008-12-31": "68.67700", "2007-12-31": "71.83200", "2006-12-31": "72.56900", "2005-12-31": "53.88300"}, "Income From Discontinued Operations": {"2020-12-31": "", "2019-12-31": "", "2018-12-31": "", "2017-12-31": "", "2016-12-31": "", "2015-12-31": "", "2014-12-31": "", "2013-12-31": "", "2012-12-31": "", "2011-12-31": "", "2010-12-31": "", "2009-12-31": "", "2008-12-31": "", "2007-12-31": "", "2006-12-31": "", "2005-12-31": ""}, "Net Income": {"2020-12-31": "672.68200", "2019-12-31": "615.51800", "2018-12-31": "605.66800", "2017-12-31": "463.77400", "2016-12-31": "295.76500", "2015-12-31": "304.69000", "2014-12-31": "267.51400", "2013-12-31": "206.11300", "2012-12-31": "169.45200", "2011-12-31": "139.47000", "2010-12-31": "75.65100", "2009-12-31": "34.87100", "2008-12-31": "68.67700", "2007-12-31": "71.83200", "2006-12-31": "72.56900", "2005-12-31": "53.47500"}, "EBITDA": {"2020-12-31": "906.88180", "2019-12-31": "1072.38700", "2018-12-31": "1047.40800", "2017-12-31": "781.64900", "2016-12-31": "673.70200", "2015-12-31": "663.58300", "2014-12-31": "587.77290", "2013-12-31": "465.51000", "2012-12-31": "395.99710", "2011-12-31": "324.89200", "2010-12-31": "218.10100", "2009-12-31": "165.17500", "2008-12-31": "216.18300", "2007-12-31": "209.80000", "2006-12-31": "198.11900", "2005-12-31": "153.48200"}, "EBIT": {"2020-12-31": "906.88180", "2019-12-31": "818.70560", "2018-12-31": "817.05100", "2017-12-31": "575.88600", "2016-12-31": "483.83500", "2015-12-31": "498.24000", "2014-12-31": "441.30690", "2013-12-31": "338.43800", "2012-12-31": "285.25420", "2011-12-31": "234.07200", "2010-12-31": "137.73900", "2009-12-31": "70.39100", "2008-12-31": "129.06990", "2007-12-31": "129.93700", "2006-12-31": "130.48500", "2005-12-31": "97.58500"}, "Basic Shares Outstanding": {"2020-12-31": "117.73700", "2019-12-31": "120.41400", "2018-12-31": "122.88600", "2017-12-31": "123.46200", "2016-12-31": "124.66800", "2015-12-31": "128.06770", "2014-12-31": "129.24300", "2013-12-31": "129.24750", "2012-12-31": "129.24750", "2011-12-31": "128.58000", "2010-12-31": "125.83500", "2009-12-31": "125.83570", "2008-12-31": "125.83570", "2007-12-31": "125.83690", "2006-12-31": "125.83690", "2005-12-31": "125.79640"}, "Shares Outstanding": {"2020-12-31": "118.49300", "2019-12-31": "120.60900", "2018-12-31": "123.03000", "2017-12-31": "123.61050", "2016-12-31": "124.73100", "2015-12-31": "128.06770", "2014-12-31": "129.24300", "2013-12-31": "129.24750", "2012-12-31": "129.24750", "2011-12-31": "128.58000", "2010-12-31": "125.83500", "2009-12-31": "125.83570", "2008-12-31": "125.83570", "2007-12-31": "125.83690", "2006-12-31": "125.83690", "2005-12-31": "125.80650"}, "Basic EPS": {"2020-12-31": "5.71000", "2019-12-31": "5.11330", "2018-12-31": "4.92670", "2017-12-31": "3.75330", "2016-12-31": "2.37330", "2015-12-31": "2.38000", "2014-12-31": "2.06670", "2013-12-31": "1.59330", "2012-12-31": "1.31330", "2011-12-31": "1.08670", "2010-12-31": "0.60000", "2009-12-31": "0.27560", "2008-12-31": "0.54670", "2007-12-31": "0.57190", "2006-12-31": "0.57780", "2005-12-31": "0.42370"}, "EPS - Earnings Per Share": {"2020-12-31": "5.68000", "2019-12-31": "5.10670", "2018-12-31": "4.92000", "2017-12-31": "3.75330", "2016-12-31": "2.37330", "2015-12-31": "2.38000", "2014-12-31": "2.06670", "2013-12-31": "1.59330", "2012-12-31": "1.31330", "2011-12-31": "1.08670", "2010-12-31": "0.60000", "2009-12-31": "0.27560", "2008-12-31": "0.54670", "2007-12-31": "0.57190", "2006-12-31": "0.57780", "2005-12-31": "0.42370"}}, "income statement, quarterly": {"Revenue": {"2020-12-31": "1073.38900", "2020-09-30": "1058.16600", "2020-06-30": "896.21000", "2020-03-31": "987.36400", "2019-12-31": "1009.20600", "2019-09-30": "1048.45700", "2019-06-30": "1060.66600", "2019-03-31": "990.78200", "2018-12-31": "1026.94400", "2018-09-30": "1058.23300", "2018-06-30": "1033.49800", "2018-03-31": "925.02000", "2017-12-31": "891.11700", "2017-09-30": "872.98700", "2017-06-30": "839.91200", "2017-03-31": "754.09600", "2016-12-31": "745.73800", "2016-09-30": "782.61100", "2016-06-30": "755.43500", "2016-03-31": "707.73300", "2015-12-31": "734.57180", "2015-09-30": "779.47400", "2015-06-30": "762.15100", "2015-03-31": "696.24500", "2014-12-31": "721.04800", "2014-09-30": "743.58600", "2014-06-30": "702.98700", "2014-03-31": "620.27600", "2013-12-31": "592.47000", "2013-09-30": "616.45800", "2013-06-30": "590.30400", "2013-03-31": "538.41600", "2012-12-31": "539.47610", "2012-09-30": "550.51100", "2012-06-30": "547.45200", "2012-03-31": "497.14000", "2011-12-31": "506.39110", "2011-09-30": "494.47500", "2011-06-30": "480.25500", "2011-03-31": "422.67900", "2010-12-31": "398.97210", "2010-09-30": "395.98100", "2010-06-30": "368.25000", "2010-03-31": "317.79500", "2009-12-31": "310.92400", "2009-09-30": "322.76300", "2009-06-30": "316.17500", "2009-03-31": "295.14300", "2008-12-31": "335.83600", "2008-09-30": "415.87400", "2008-06-30": "417.84000", "2008-03-31": "368.17400", "2007-12-31": "358.68500", "2007-09-30": "363.29800", "2007-06-30": "359.61700", "2007-03-31": "319.94200", "2006-12-31": "319.41900", "2006-09-30": "337.56900", "2006-06-30": "330.81200", "2006-03-31": "291.63100", "2005-12-31": "285.21090", "2005-09-30": "275.07600", "2005-06-30": "264.34600", "2005-03-31": "236.77000"}, "Cost Of Goods Sold": {"2020-12-31": "32.75900", "2020-09-30": "25.40500", "2020-06-30": "18.98300", "2020-03-31": "20.80000", "2019-12-31": "21.41800", "2019-09-30": "23.06300", "2019-06-30": "24.46800", "2019-03-31": "20.68700", "2018-12-31": "22.86000", "2018-09-30": "25.37300", "2018-06-30": "26.04400", "2018-03-31": "21.74000", "2017-12-31": "23.15100", "2017-09-30": "22.73900", "2017-06-30": "20.86000", "2017-03-31": "17.99700", "2016-12-31": "18.47200", "2016-09-30": "18.90700", "2016-06-30": "18.17600", "2016-03-31": "18.49600", "2015-12-31": "23.15300", "2015-09-30": "30.29700", "2015-06-30": "32.70200", "2015-03-31": "30.14800", "2014-12-31": "32.42900", "2014-09-30": "34.59000", "2014-06-30": "33.15700", "2014-03-31": "29.13600", "2013-12-31": "27.57500", "2013-09-30": "28.50000", "2013-06-30": "27.02100", "2013-03-31": "23.33900", "2012-12-31": "29.44700", "2012-09-30": "24.25200", "2012-06-30": "24.59200", "2012-03-31": "16.23100", "2011-12-31": "36.82000", "2011-09-30": "16.62800", "2011-06-30": "16.77800", "2011-03-31": "14.29000", "2010-12-31": "13.66400", "2010-09-30": "15.02600", "2010-06-30": "12.57500", "2010-03-31": "9.22400", "2009-12-31": "7.79200", "2009-09-30": "9.29600", "2009-06-30": "8.71000", "2009-03-31": "7.98800", "2008-12-31": "8.65200", "2008-09-30": "11.75200", "2008-06-30": "12.07400", "2008-03-31": "10.55700", "2007-12-31": "10.65900", "2007-09-30": "11.34900", "2007-06-30": "12.08900", "2007-03-31": "9.79200", "2006-12-31": "9.71900", "2006-09-30": "11.60300", "2006-06-30": "12.60500", "2006-03-31": "10.00600", "2005-12-31": "9.26100", "2005-09-30": "8.50500", "2005-06-30": "8.43600", "2005-03-31": "8.80300"}, "Gross Profit": {"2020-12-31": "1040.63000", "2020-09-30": "1032.76100", "2020-06-30": "877.22710", "2020-03-31": "966.56400", "2019-12-31": "987.78780", "2019-09-30": "1025.39400", "2019-06-30": "1036.19800", "2019-03-31": "970.09500", "2018-12-31": "1004.08400", "2018-09-30": "1032.86000", "2018-06-30": "1007.45400", "2018-03-31": "903.28000", "2017-12-31": "867.96600", "2017-09-30": "850.24800", "2017-06-30": "819.05200", "2017-03-31": "736.09900", "2016-12-31": "727.26600", "2016-09-30": "763.70400", "2016-06-30": "737.25900", "2016-03-31": "689.23700", "2015-12-31": "711.41880", "2015-09-30": "749.17700", "2015-06-30": "729.44900", "2015-03-31": "666.09700", "2014-12-31": "688.61900", "2014-09-30": "708.99600", "2014-06-30": "669.83000", "2014-03-31": "591.14000", "2013-12-31": "564.89500", "2013-09-30": "587.95800", "2013-06-30": "563.28300", "2013-03-31": "515.07700", "2012-12-31": "510.02910", "2012-09-30": "526.25900", "2012-06-30": "522.86000", "2012-03-31": "480.90900", "2011-12-31": "469.57110", "2011-09-30": "477.84700", "2011-06-30": "463.47700", "2011-03-31": "408.38900", "2010-12-31": "385.30810", "2010-09-30": "380.95500", "2010-06-30": "355.67500", "2010-03-31": "308.57100", "2009-12-31": "303.13200", "2009-09-30": "313.46700", "2009-06-30": "307.46500", "2009-03-31": "287.15500", "2008-12-31": "327.18400", "2008-09-30": "404.12200", "2008-06-30": "405.76600", "2008-03-31": "357.61700", "2007-12-31": "348.02600", "2007-09-30": "351.94900", "2007-06-30": "347.52800", "2007-03-31": "310.15000", "2006-12-31": "309.70000", "2006-09-30": "325.96600", "2006-06-30": "318.20700", "2006-03-31": "281.62500", "2005-12-31": "275.95000", "2005-09-30": "266.57100", "2005-06-30": "255.91000", "2005-03-31": "227.96700"}, "Research And Development Expenses": {"2020-12-31": "", "2020-09-30": "", "2020-06-30": "", "2020-03-31": "", "2019-12-31": "", "2019-09-30": "", "2019-06-30": "", "2019-03-31": "", "2018-12-31": "", "2018-09-30": "", "2018-06-30": "", "2018-03-31": "", "2017-12-31": "", "2017-09-30": "", "2017-06-30": "", "2017-03-31": "", "2016-12-31": "", "2016-09-30": "", "2016-06-30": "", "2016-03-31": "", "2015-12-31": "", "2015-09-30": "", "2015-06-30": "", "2015-03-31": "", "2014-12-31": "", "2014-09-30": "", "2014-06-30": "", "2014-03-31": "", "2013-12-31": "", "2013-09-30": "", "2013-06-30": "", "2013-03-31": "", "2012-12-31": "", "2012-09-30": "", "2012-06-30": "", "2012-03-31": "", "2011-12-31": "", "2011-09-30": "", "2011-06-30": "", "2011-03-31": "", "2010-12-31": "", "2010-09-30": "", "2010-06-30": "", "2010-03-31": "", "2009-12-31": "", "2009-09-30": "", "2009-06-30": "", "2009-03-31": "", "2008-12-31": "", "2008-09-30": "", "2008-06-30": "", "2008-03-31": "", "2007-12-31": "", "2007-09-30": "", "2007-06-30": "", "2007-03-31": "", "2006-12-31": "", "2006-09-30": "", "2006-06-30": "", "2006-03-31": "", "2005-12-31": "", "2005-09-30": "", "2005-06-30": "", "2005-03-31": ""}, "SG&A Expenses": {"2020-12-31": "590.50200", "2020-09-30": "577.34200", "2020-06-30": "509.87100", "2020-03-31": "580.95200", "2019-12-31": "593.70900", "2019-09-30": "597.91400", "2019-06-30": "587.34400", "2019-03-31": "578.16800", "2018-12-31": "565.96200", "2018-09-30": "590.88000", "2018-06-30": "576.00700", "2018-03-31": "557.73500", "2017-12-31": "530.49600", "2017-09-30": "514.34900", "2017-06-30": "494.63000", "2017-03-31": "462.68100", "2016-12-31": "457.09410", "2016-09-30": "471.34800", "2016-06-30": "453.54200", "2016-03-31": "446.35700", "2015-12-31": "445.86800", "2015-09-30": "454.23800", "2015-06-30": "431.85100", "2015-03-31": "413.42100", "2014-12-31": "409.56990", "2014-09-30": "412.01900", "2014-06-30": "381.47900", "2014-03-31": "351.65200", "2013-12-31": "338.45900", "2013-09-30": "342.02100", "2013-06-30": "322.09600", "2013-03-31": "306.32700", "2012-12-31": "299.82700", "2012-09-30": "304.68600", "2012-06-30": "302.91200", "2012-03-31": "290.57500", "2011-12-31": "275.79700", "2011-09-30": "278.70800", "2011-06-30": "270.23200", "2011-03-31": "251.18500", "2010-12-31": "243.85690", "2010-09-30": "241.06900", "2010-06-30": "222.80900", "2010-03-31": "204.96200", "2009-12-31": "198.14400", "2009-09-30": "209.08000", "2009-06-30": "205.72600", "2009-03-31": "201.59000", "2008-12-31": "215.29100", "2008-09-30": "240.28000", "2008-06-30": "236.47200", "2008-03-31": "228.68700", "2007-12-31": "215.15400", "2007-09-30": "222.14300", "2007-06-30": "215.84000", "2007-03-31": "204.96300", "2006-12-31": "198.56700", "2006-09-30": "203.52700", "2006-06-30": "198.28900", "2006-03-31": "185.91700", "2005-12-31": "178.81900", "2005-09-30": "171.29200", "2005-06-30": "169.51800", "2005-03-31": "156.29700"}, "Other Operating Income Or Expenses": {"2020-12-31": "-130.72000", "2020-09-30": "-120.19200", "2020-06-30": "-102.45500", "2020-03-31": "-137.00700", "2019-12-31": "-141.27100", "2019-09-30": "-146.46000", "2019-06-30": "-151.79400", "2019-03-31": "-150.42800", "2018-12-31": "-156.72200", "2018-09-30": "-155.50900", "2018-06-30": "-154.73100", "2018-03-31": "-142.72400", "2017-12-31": "-140.92000", "2017-09-30": "-120.09000", "2017-06-30": "-113.54100", "2017-03-31": "-115.00900", "2016-12-31": "-107.15100", "2016-09-30": "-105.91100", "2016-06-30": "-103.80100", "2016-03-31": "-98.56000", "2015-12-31": "-107.40600", "2015-09-30": "-112.52400", "2015-06-30": "-116.92800", "2015-03-31": "-110.32300", "2014-12-31": "-127.20500", "2014-09-30": "-133.00800", "2014-06-30": "-130.53500", "2014-03-31": "-125.34400", "2013-12-31": "-115.78400", "2013-09-30": "-114.94700", "2013-06-30": "-113.09700", "2013-03-31": "-112.97200", "2012-12-31": "-112.73800", "2012-09-30": "-111.91400", "2012-06-30": "-110.83600", "2012-03-31": "-110.57200", "2011-12-31": "-106.17200", "2011-09-30": "-107.54900", "2011-06-30": "-106.58700", "2011-03-31": "-98.16200", "2010-12-31": "-83.62000", "2010-09-30": "-77.10600", "2010-06-30": "-73.30200", "2010-03-31": "-65.68300", "2009-12-31": "-62.26600", "2009-09-30": "-60.39600", "2009-06-30": "-56.33700", "2009-03-31": "-52.50500", "2008-12-31": "-66.74000", "2008-09-30": "-99.36000", "2008-06-30": "-104.79100", "2008-03-31": "-86.91500", "2007-12-31": "-81.83300", "2007-09-30": "-75.23300", "2007-06-30": "-70.97600", "2007-03-31": "-61.71100", "2006-12-31": "-61.64300", "2006-09-30": "-68.28700", "2006-06-30": "-64.56000", "2006-03-31": "-56.58900", "2005-12-31": "-55.63300", "2005-09-30": "-51.79400", "2005-06-30": "-47.46400", "2005-03-31": "-42.09900"}, "Operating Expenses": {"2020-12-31": "819.08700", "2020-09-30": "787.92210", "2020-06-30": "697.04400", "2020-03-31": "804.19400", "2019-12-31": "820.94240", "2019-09-30": "830.93000", "2019-06-30": "826.17700", "2019-03-31": "812.35600", "2018-12-31": "808.09880", "2018-09-30": "829.84800", "2018-06-30": "813.01700", "2018-03-31": "775.68000", "2017-12-31": "747.66030", "2017-09-30": "709.11190", "2017-06-30": "679.48000", "2017-03-31": "645.97400", "2016-12-31": "632.29110", "2016-09-30": "645.20700", "2016-06-30": "621.99900", "2016-03-31": "608.18500", "2015-12-31": "620.64980", "2015-09-30": "639.62000", "2015-06-30": "621.25200", "2015-03-31": "592.68000", "2014-12-31": "608.75010", "2014-09-30": "617.32400", "2014-06-30": "580.29200", "2014-03-31": "540.22400", "2013-12-31": "515.62490", "2013-09-30": "518.38200", "2013-06-30": "492.73100", "2013-03-31": "472.47200", "2012-12-31": "471.96000", "2012-09-30": "469.57900", "2012-06-30": "464.86400", "2012-03-31": "442.92200", "2011-12-31": "443.07900", "2011-09-30": "426.28100", "2011-06-30": "415.61000", "2011-03-31": "384.75800", "2010-12-31": "361.00310", "2010-09-30": "352.59700", "2010-06-30": "328.23900", "2010-03-31": "301.42000", "2009-12-31": "292.00300", "2009-09-30": "302.80800", "2009-06-30": "294.72100", "2009-03-31": "285.08200", "2008-12-31": "313.03910", "2008-09-30": "373.43700", "2008-06-30": "374.85000", "2008-03-31": "347.32800", "2007-12-31": "328.45900", "2007-09-30": "329.28100", "2007-06-30": "318.96700", "2007-03-31": "294.89800", "2006-12-31": "287.79410", "2006-09-30": "300.89300", "2006-06-30": "292.21000", "2006-03-31": "268.04900", "2005-12-31": "258.89600", "2005-09-30": "246.30700", "2005-06-30": "239.08100", "2005-03-31": "219.53400"}, "Operating Income": {"2020-12-31": "254.30200", "2020-09-30": "270.24400", "2020-06-30": "199.16600", "2020-03-31": "183.17000", "2019-12-31": "188.26340", "2019-09-30": "217.52700", "2019-06-30": "234.48900", "2019-03-31": "178.42600", "2018-12-31": "218.84500", "2018-09-30": "228.38500", "2018-06-30": "220.48100", "2018-03-31": "149.34000", "2017-12-31": "143.45670", "2017-09-30": "163.87510", "2017-06-30": "160.43190", "2017-03-31": "108.12200", "2016-12-31": "113.44690", "2016-09-30": "137.40400", "2016-06-30": "133.43600", "2016-03-31": "99.54800", "2015-12-31": "113.92190", "2015-09-30": "139.85400", "2015-06-30": "140.89900", "2015-03-31": "103.56500", "2014-12-31": "112.29790", "2014-09-30": "126.26200", "2014-06-30": "122.69500", "2014-03-31": "80.05200", "2013-12-31": "76.84510", "2013-09-30": "98.07600", "2013-06-30": "97.57300", "2013-03-31": "65.94400", "2012-12-31": "67.51610", "2012-09-30": "80.93200", "2012-06-30": "82.58800", "2012-03-31": "54.21800", "2011-12-31": "63.31200", "2011-09-30": "68.19400", "2011-06-30": "64.64500", "2011-03-31": "37.92100", "2010-12-31": "37.96900", "2010-09-30": "43.38400", "2010-06-30": "40.01100", "2010-03-31": "16.37500", "2009-12-31": "18.92100", "2009-09-30": "19.95500", "2009-06-30": "21.45400", "2009-03-31": "10.06100", "2008-12-31": "22.79690", "2008-09-30": "42.43700", "2008-06-30": "42.99000", "2008-03-31": "20.84600", "2007-12-31": "30.22600", "2007-09-30": "34.01700", "2007-06-30": "40.65000", "2007-03-31": "25.04400", "2006-12-31": "31.62490", "2006-09-30": "36.67600", "2006-06-30": "38.60210", "2006-03-31": "23.58200", "2005-12-31": "26.31490", "2005-09-30": "28.76900", "2005-06-30": "25.26500", "2005-03-31": "17.23600"}, "Total Non-Operating Income/Expense": {"2020-12-31": "-0.97900", "2020-09-30": "-1.90900", "2020-06-30": "-0.16100", "2020-03-31": "-2.46900", "2019-12-31": "1.33000", "2019-09-30": "0.86700", "2019-06-30": "1.08500", "2019-03-31": "1.96100", "2018-12-31": "-1.49400", "2018-09-30": "0.81900", "2018-06-30": "0.99100", "2018-03-31": "-1.85400", "2017-12-31": "0.40700", "2017-09-30": "0.65000", "2017-06-30": "-0.14200", "2017-03-31": "-0.96900", "2016-12-31": "-2.12600", "2016-09-30": "-1.12700", "2016-06-30": "-1.31200", "2016-03-31": "-1.68300", "2015-12-31": "-1.96500", "2015-09-30": "-2.99600", "2015-06-30": "-1.52700", "2015-03-31": "-1.73500", "2014-12-31": "-1.94900", "2014-09-30": "-2.39500", "2014-06-30": "-1.63100", "2014-03-31": "-2.81800", "2013-12-31": "-1.77400", "2013-09-30": "-2.82300", "2013-06-30": "-2.69500", "2013-03-31": "-2.46000", "2012-12-31": "-3.23700", "2012-09-30": "-2.57100", "2012-06-30": "-3.52700", "2012-03-31": "-2.82100", "2011-12-31": "-2.66500", "2011-09-30": "-5.07200", "2011-06-30": "-3.81200", "2011-03-31": "-2.43900", "2010-12-31": "-2.86800", "2010-09-30": "-2.74900", "2010-06-30": "-4.15700", "2010-03-31": "-3.53900", "2009-12-31": "-3.42500", "2009-09-30": "-2.72000", "2009-06-30": "-3.56900", "2009-03-31": "-3.51200", "2008-12-31": "-4.60500", "2008-09-30": "-4.14400", "2008-06-30": "-3.84000", "2008-03-31": "-3.81500", "2007-12-31": "-4.74500", "2007-09-30": "-2.72800", "2007-06-30": "-3.39500", "2007-03-31": "-3.27400", "2006-12-31": "-3.19200", "2006-09-30": "-3.47500", "2006-06-30": "-2.59300", "2006-03-31": "-1.88200", "2005-12-31": "-1.69500", "2005-09-30": "-2.07800", "2005-06-30": "-1.95500", "2005-03-31": "-1.58600"}, "Pre-Tax Income": {"2020-12-31": "253.32300", "2020-09-30": "268.33500", "2020-06-30": "199.00500", "2020-03-31": "180.70100", "2019-12-31": "189.59400", "2019-09-30": "218.39400", "2019-06-30": "235.57400", "2019-03-31": "180.38700", "2018-12-31": "217.35100", "2018-09-30": "229.20400", "2018-06-30": "221.47200", "2018-03-31": "147.48600", "2017-12-31": "143.86400", "2017-09-30": "164.52500", "2017-06-30": "160.29000", "2017-03-31": "107.15300", "2016-12-31": "111.32100", "2016-09-30": "136.27700", "2016-06-30": "132.12400", "2016-03-31": "97.86500", "2015-12-31": "111.95700", "2015-09-30": "136.85800", "2015-06-30": "139.37200", "2015-03-31": "101.83000", "2014-12-31": "110.34900", "2014-09-30": "123.86700", "2014-06-30": "121.06400", "2014-03-31": "77.23400", "2013-12-31": "75.07100", "2013-09-30": "95.25300", "2013-06-30": "94.87800", "2013-03-31": "63.48400", "2012-12-31": "64.27900", "2012-09-30": "78.36100", "2012-06-30": "79.06100", "2012-03-31": "51.39700", "2011-12-31": "60.64700", "2011-09-30": "63.12200", "2011-06-30": "60.83300", "2011-03-31": "35.48200", "2010-12-31": "35.10100", "2010-09-30": "40.63500", "2010-06-30": "35.85400", "2010-03-31": "12.83600", "2009-12-31": "15.49600", "2009-09-30": "17.23500", "2009-06-30": "17.88500", "2009-03-31": "6.54900", "2008-12-31": "18.19200", "2008-09-30": "38.29300", "2008-06-30": "39.15000", "2008-03-31": "17.03100", "2007-12-31": "25.48100", "2007-09-30": "31.28900", "2007-06-30": "37.25500", "2007-03-31": "21.77000", "2006-12-31": "28.43300", "2006-09-30": "33.20100", "2006-06-30": "36.00900", "2006-03-31": "21.70000", "2005-12-31": "24.62000", "2005-09-30": "26.69100", "2005-06-30": "23.31000", "2005-03-31": "15.65000"}, "Income Taxes": {"2020-12-31": "63.49100", "2020-09-30": "66.46700", "2020-06-30": "51.20000", "2020-03-31": "47.52400", "2019-12-31": "45.57000", "2019-09-30": "54.29500", "2019-06-30": "61.50200", "2019-03-31": "47.06400", "2018-12-31": "57.89200", "2018-09-30": "55.76200", "2018-06-30": "58.03800", "2018-03-31": "38.15300", "2017-12-31": "-53.38600", "2017-09-30": "62.21100", "2017-06-30": "61.87200", "2017-03-31": "41.36100", "2016-12-31": "42.81000", "2016-09-30": "50.69600", "2016-06-30": "50.73600", "2016-03-31": "37.58000", "2015-12-31": "39.73300", "2015-09-30": "52.49000", "2015-06-30": "53.79800", "2015-03-31": "39.30600", "2014-12-31": "40.48000", "2014-09-30": "45.95800", "2014-06-30": "47.21500", "2014-03-31": "31.34700", "2013-12-31": "27.91500", "2013-09-30": "35.10400", "2013-06-30": "36.62300", "2013-03-31": "22.93100", "2012-12-31": "24.79800", "2012-09-30": "27.31700", "2012-06-30": "31.22900", "2012-03-31": "20.30200", "2011-12-31": "20.76400", "2011-09-30": "24.49100", "2011-06-30": "21.45000", "2011-03-31": "13.90900", "2010-12-31": "13.04500", "2010-09-30": "16.25400", "2010-06-30": "14.34100", "2010-03-31": "5.13500", "2009-12-31": "5.81500", "2009-09-30": "6.74000", "2009-06-30": "7.16300", "2009-03-31": "2.57600", "2008-12-31": "7.14400", "2008-09-30": "14.93400", "2008-06-30": "15.26900", "2008-03-31": "6.64200", "2007-12-31": "9.76900", "2007-09-30": "11.27900", "2007-06-30": "14.71600", "2007-03-31": "8.19900", "2006-12-31": "10.59200", "2006-09-30": "13.09800", "2006-06-30": "14.40400", "2006-03-31": "8.68000", "2005-12-31": "9.93100", "2005-09-30": "10.75600", "2005-06-30": "9.39400", "2005-03-31": "6.30700"}, "Income After Taxes": {"2020-12-31": "189.83200", "2020-09-30": "201.86800", "2020-06-30": "147.80500", "2020-03-31": "133.17700", "2019-12-31": "144.02390", "2019-09-30": "164.09900", "2019-06-30": "174.07200", "2019-03-31": "133.32300", "2018-12-31": "159.45900", "2018-09-30": "173.44200", "2018-06-30": "163.43400", "2018-03-31": "109.33300", "2017-12-31": "197.25000", "2017-09-30": "102.31400", "2017-06-30": "98.41800", "2017-03-31": "65.79200", "2016-12-31": "68.51100", "2016-09-30": "85.58100", "2016-06-30": "81.38800", "2016-03-31": "60.28500", "2015-12-31": "72.22400", "2015-09-30": "84.36800", "2015-06-30": "85.57400", "2015-03-31": "62.52400", "2014-12-31": "69.86900", "2014-09-30": "77.90900", "2014-06-30": "73.84900", "2014-03-31": "45.88700", "2013-12-31": "47.15600", "2013-09-30": "60.14900", "2013-06-30": "58.25500", "2013-03-31": "40.55300", "2012-12-31": "39.48100", "2012-09-30": "51.04400", "2012-06-30": "47.83200", "2012-03-31": "31.09500", "2011-12-31": "39.88300", "2011-09-30": "38.63100", "2011-06-30": "39.38300", "2011-03-31": "21.57300", "2010-12-31": "22.05600", "2010-09-30": "24.38100", "2010-06-30": "21.51300", "2010-03-31": "7.70100", "2009-12-31": "9.68100", "2009-09-30": "10.49500", "2009-06-30": "10.72200", "2009-03-31": "3.97300", "2008-12-31": "11.04800", "2008-09-30": "23.35900", "2008-06-30": "23.88100", "2008-03-31": "10.38900", "2007-12-31": "15.71200", "2007-09-30": "20.01000", "2007-06-30": "22.53900", "2007-03-31": "13.57100", "2006-12-31": "17.84100", "2006-09-30": "20.10300", "2006-06-30": "21.60500", "2006-03-31": "13.02000", "2005-12-31": "14.68900", "2005-09-30": "15.93500", "2005-06-30": "13.91600", "2005-03-31": "9.34300"}, "Other Income": {"2020-12-31": "", "2020-09-30": "", "2020-06-30": "", "2020-03-31": "", "2019-12-31": "", "2019-09-30": "", "2019-06-30": "", "2019-03-31": "", "2018-12-31": "", "2018-09-30": "", "2018-06-30": "", "2018-03-31": "", "2017-12-31": "", "2017-09-30": "", "2017-06-30": "", "2017-03-31": "", "2016-12-31": "", "2016-09-30": "", "2016-06-30": "", "2016-03-31": "", "2015-12-31": "", "2015-09-30": "", "2015-06-30": "", "2015-03-31": "", "2014-12-31": "", "2014-09-30": "", "2014-06-30": "", "2014-03-31": "", "2013-12-31": "", "2013-09-30": "", "2013-06-30": "", "2013-03-31": "", "2012-12-31": "", "2012-09-30": "", "2012-06-30": "", "2012-03-31": "", "2011-12-31": "", "2011-09-30": "", "2011-06-30": "", "2011-03-31": "", "2010-12-31": "", "2010-09-30": "", "2010-06-30": "", "2010-03-31": "", "2009-12-31": "", "2009-09-30": "", "2009-06-30": "", "2009-03-31": "", "2008-12-31": "", "2008-09-30": "", "2008-06-30": "", "2008-03-31": "", "2007-12-31": "", "2007-09-30": "", "2007-06-30": "", "2007-03-31": "", "2006-12-31": "", "2006-09-30": "", "2006-06-30": "", "2006-03-31": "", "2005-12-31": "", "2005-09-30": "", "2005-06-30": "", "2005-03-31": ""}, "Income From Continuous Operations": {"2020-12-31": "189.83200", "2020-09-30": "201.86800", "2020-06-30": "147.80500", "2020-03-31": "133.17700", "2019-12-31": "144.02390", "2019-09-30": "164.09900", "2019-06-30": "174.07200", "2019-03-31": "133.32300", "2018-12-31": "159.45900", "2018-09-30": "173.44200", "2018-06-30": "163.43400", "2018-03-31": "109.33300", "2017-12-31": "197.25000", "2017-09-30": "102.31400", "2017-06-30": "98.41800", "2017-03-31": "65.79200", "2016-12-31": "68.51100", "2016-09-30": "85.58100", "2016-06-30": "81.38800", "2016-03-31": "60.28500", "2015-12-31": "72.22400", "2015-09-30": "84.36800", "2015-06-30": "85.57400", "2015-03-31": "62.52400", "2014-12-31": "69.86900", "2014-09-30": "77.90900", "2014-06-30": "73.84900", "2014-03-31": "45.88700", "2013-12-31": "47.15600", "2013-09-30": "60.14900", "2013-06-30": "58.25500", "2013-03-31": "40.55300", "2012-12-31": "39.48100", "2012-09-30": "51.04400", "2012-06-30": "47.83200", "2012-03-31": "31.09500", "2011-12-31": "39.88300", "2011-09-30": "38.63100", "2011-06-30": "39.38300", "2011-03-31": "21.57300", "2010-12-31": "22.05600", "2010-09-30": "24.38100", "2010-06-30": "21.51300", "2010-03-31": "7.70100", "2009-12-31": "9.68100", "2009-09-30": "10.49500", "2009-06-30": "10.72200", "2009-03-31": "3.97300", "2008-12-31": "11.04800", "2008-09-30": "23.35900", "2008-06-30": "23.88100", "2008-03-31": "10.38900", "2007-12-31": "15.71200", "2007-09-30": "20.01000", "2007-06-30": "22.53900", "2007-03-31": "13.57100", "2006-12-31": "17.84100", "2006-09-30": "20.10300", "2006-06-30": "21.60500", "2006-03-31": "13.02000", "2005-12-31": "14.68900", "2005-09-30": "15.93500", "2005-06-30": "13.91600", "2005-03-31": "9.34300"}, "Income From Discontinued Operations": {"2020-12-31": "", "2020-09-30": "", "2020-06-30": "", "2020-03-31": "", "2019-12-31": "", "2019-09-30": "", "2019-06-30": "", "2019-03-31": "", "2018-12-31": "", "2018-09-30": "", "2018-06-30": "", "2018-03-31": "", "2017-12-31": "", "2017-09-30": "", "2017-06-30": "", "2017-03-31": "", "2016-12-31": "", "2016-09-30": "", "2016-06-30": "", "2016-03-31": "", "2015-12-31": "", "2015-09-30": "", "2015-06-30": "", "2015-03-31": "", "2014-12-31": "", "2014-09-30": "", "2014-06-30": "", "2014-03-31": "", "2013-12-31": "", "2013-09-30": "", "2013-06-30": "", "2013-03-31": "", "2012-12-31": "", "2012-09-30": "", "2012-06-30": "", "2012-03-31": "", "2011-12-31": "", "2011-09-30": "", "2011-06-30": "", "2011-03-31": "", "2010-12-31": "", "2010-09-30": "", "2010-06-30": "", "2010-03-31": "", "2009-12-31": "", "2009-09-30": "", "2009-06-30": "", "2009-03-31": "", "2008-12-31": "", "2008-09-30": "", "2008-06-30": "", "2008-03-31": "", "2007-12-31": "", "2007-09-30": "", "2007-06-30": "", "2007-03-31": "", "2006-12-31": "", "2006-09-30": "", "2006-06-30": "", "2006-03-31": "", "2005-12-31": "", "2005-09-30": "", "2005-06-30": "", "2005-03-31": ""}, "Net Income": {"2020-12-31": "189.83200", "2020-09-30": "201.86800", "2020-06-30": "147.80500", "2020-03-31": "133.17700", "2019-12-31": "144.02400", "2019-09-30": "164.09900", "2019-06-30": "174.07200", "2019-03-31": "133.32300", "2018-12-31": "159.45900", "2018-09-30": "173.44200", "2018-06-30": "163.43400", "2018-03-31": "109.33300", "2017-12-31": "197.25000", "2017-09-30": "102.31400", "2017-06-30": "98.41800", "2017-03-31": "65.79200", "2016-12-31": "68.51100", "2016-09-30": "85.58100", "2016-06-30": "81.38800", "2016-03-31": "60.28500", "2015-12-31": "72.22400", "2015-09-30": "84.36800", "2015-06-30": "85.57400", "2015-03-31": "62.52400", "2014-12-31": "69.86900", "2014-09-30": "77.90900", "2014-06-30": "73.84900", "2014-03-31": "45.88700", "2013-12-31": "47.15600", "2013-09-30": "60.14900", "2013-06-30": "58.25500", "2013-03-31": "40.55300", "2012-12-31": "39.48100", "2012-09-30": "51.04400", "2012-06-30": "47.83200", "2012-03-31": "31.09500", "2011-12-31": "39.88300", "2011-09-30": "38.63100", "2011-06-30": "39.38300", "2011-03-31": "21.57300", "2010-12-31": "22.05600", "2010-09-30": "24.38100", "2010-06-30": "21.51300", "2010-03-31": "7.70100", "2009-12-31": "9.68100", "2009-09-30": "10.49500", "2009-06-30": "10.72200", "2009-03-31": "3.97300", "2008-12-31": "11.04800", "2008-09-30": "23.35900", "2008-06-30": "23.88100", "2008-03-31": "10.38900", "2007-12-31": "15.71200", "2007-09-30": "20.01000", "2007-06-30": "22.53900", "2007-03-31": "13.57100", "2006-12-31": "17.84100", "2006-09-30": "20.10300", "2006-06-30": "21.60500", "2006-03-31": "13.02000", "2005-12-31": "14.68900", "2005-09-30": "15.93500", "2005-06-30": "13.91600", "2005-03-31": "8.93500"}, "EBITDA": {"2020-12-31": "", "2020-09-30": "335.23100", "2020-06-30": "264.90100", "2020-03-31": "248.60500", "2019-12-31": "252.80740", "2019-09-30": "281.02000", "2019-06-30": "297.06000", "2019-03-31": "241.49900", "2018-12-31": "281.40000", "2018-09-30": "286.47100", "2018-06-30": "276.71600", "2018-03-31": "202.82100", "2017-12-31": "196.54970", "2017-09-30": "215.80910", "2017-06-30": "210.88100", "2017-03-31": "158.40900", "2016-12-31": "163.02090", "2016-09-30": "186.44500", "2016-06-30": "179.91600", "2016-03-31": "144.32000", "2015-12-31": "158.14490", "2015-09-30": "182.41500", "2015-06-30": "180.67000", "2015-03-31": "142.35300", "2014-12-31": "151.84390", "2014-09-30": "163.96900", "2014-06-30": "157.81600", "2014-03-31": "114.14400", "2013-12-31": "110.65210", "2013-09-30": "130.99000", "2013-06-30": "128.09000", "2013-03-31": "95.77800", "2012-12-31": "97.46410", "2012-09-30": "109.65900", "2012-06-30": "109.11200", "2012-03-31": "79.76200", "2011-12-31": "87.60200", "2011-09-30": "91.59000", "2011-06-30": "86.65800", "2011-03-31": "59.04200", "2010-12-31": "57.83100", "2010-09-30": "62.78000", "2010-06-30": "59.56400", "2010-03-31": "37.92600", "2009-12-31": "42.72200", "2009-09-30": "43.99100", "2009-06-30": "45.40200", "2009-03-31": "33.06000", "2008-12-31": "45.16090", "2008-09-30": "64.49100", "2008-06-30": "64.51200", "2008-03-31": "42.01900", "2007-12-31": "51.03900", "2007-09-30": "54.57300", "2007-06-30": "60.71200", "2007-03-31": "43.47600", "2006-12-31": "49.48990", "2006-09-30": "54.15200", "2006-06-30": "55.35810", "2006-03-31": "39.11900", "2005-12-31": "26.31490", "2005-09-30": "28.76900", "2005-06-30": "25.26500", "2005-03-31": "17.23600"}, "EBIT": {"2020-12-31": "254.30200", "2020-09-30": "270.24400", "2020-06-30": "199.16600", "2020-03-31": "183.17000", "2019-12-31": "188.26350", "2019-09-30": "217.52700", "2019-06-30": "234.48900", "2019-03-31": "178.42600", "2018-12-31": "218.84500", "2018-09-30": "228.38500", "2018-06-30": "220.48100", "2018-03-31": "149.34000", "2017-12-31": "143.45700", "2017-09-30": "163.87510", "2017-06-30": "160.43190", "2017-03-31": "108.12200", "2016-12-31": "113.44700", "2016-09-30": "137.40400", "2016-06-30": "133.43600", "2016-03-31": "99.54800", "2015-12-31": "113.92200", "2015-09-30": "139.85400", "2015-06-30": "140.89900", "2015-03-31": "103.56500", "2014-12-31": "112.29790", "2014-09-30": "126.26200", "2014-06-30": "122.69500", "2014-03-31": "80.05200", "2013-12-31": "76.84500", "2013-09-30": "98.07600", "2013-06-30": "97.57300", "2013-03-31": "65.94400", "2012-12-31": "67.51610", "2012-09-30": "80.93200", "2012-06-30": "82.58800", "2012-03-31": "54.21800", "2011-12-31": "63.31200", "2011-09-30": "68.19400", "2011-06-30": "64.64500", "2011-03-31": "37.92100", "2010-12-31": "37.96900", "2010-09-30": "43.38400", "2010-06-30": "40.01100", "2010-03-31": "16.37500", "2009-12-31": "18.92100", "2009-09-30": "19.95500", "2009-06-30": "21.45400", "2009-03-31": "10.06100", "2008-12-31": "22.79690", "2008-09-30": "42.43700", "2008-06-30": "42.99000", "2008-03-31": "20.84600", "2007-12-31": "30.22600", "2007-09-30": "34.01700", "2007-06-30": "40.65000", "2007-03-31": "25.04400", "2006-12-31": "31.62490", "2006-09-30": "36.67600", "2006-06-30": "38.60210", "2006-03-31": "23.58200", "2005-12-31": "26.31500", "2005-09-30": "28.76900", "2005-06-30": "25.26500", "2005-03-31": "17.23600"}, "Basic Shares Outstanding": {"2020-12-31": "117.11300", "2020-09-30": "117.18800", "2020-06-30": "117.61000", "2020-03-31": "119.05000", "2019-12-31": "120.41400", "2019-09-30": "119.82000", "2019-06-30": "120.78300", "2019-03-31": "121.55000", "2018-12-31": "122.88600", "2018-09-30": "122.82750", "2018-06-30": "123.10200", "2018-03-31": "123.38020", "2017-12-31": "123.46200", "2017-09-30": "123.42940", "2017-06-30": "123.47790", "2017-03-31": "123.52350", "2016-12-31": "124.66800", "2016-09-30": "124.11300", "2016-06-30": "125.03100", "2016-03-31": "125.97450", "2015-12-31": "128.06770", "2015-09-30": "127.87050", "2015-06-30": "128.58450", "2015-03-31": "128.95650", "2014-12-31": "129.24300", "2014-09-30": "129.24750", "2014-06-30": "129.24750", "2014-03-31": "129.24750", "2013-12-31": "129.24750", "2013-09-30": "129.24750", "2013-06-30": "129.24750", "2013-03-31": "129.24750", "2012-12-31": "129.24750", "2012-09-30": "129.24750", "2012-06-30": "129.24750", "2012-03-31": "129.24750", "2011-12-31": "128.58000", "2011-09-30": "129.24750", "2011-06-30": "129.24670", "2011-03-31": "126.57600", "2010-12-31": "125.83500", "2010-09-30": "125.83570", "2010-06-30": "125.83570", "2010-03-31": "125.83570", "2009-12-31": "125.83570", "2009-09-30": "125.83570", "2009-06-30": "125.83690", "2009-03-31": "125.83690", "2008-12-31": "125.83570", "2008-09-30": "125.83690", "2008-06-30": "125.83690", "2008-03-31": "125.83690", "2007-12-31": "125.83690", "2007-09-30": "125.83690", "2007-06-30": "125.83690", "2007-03-31": "125.83690", "2006-12-31": "125.83690", "2006-09-30": "125.83690", "2006-06-30": "125.83690", "2006-03-31": "125.83690", "2005-12-31": "125.79640", "2005-09-30": "125.78960", "2005-06-30": "125.77950", "2005-03-31": "125.77950"}, "Shares Outstanding": {"2020-12-31": "117.88700", "2020-09-30": "117.93300", "2020-06-30": "118.36000", "2020-03-31": "119.80600", "2019-12-31": "120.60900", "2019-09-30": "119.98400", "2019-06-30": "120.96800", "2019-03-31": "121.71500", "2018-12-31": "123.03000", "2018-09-30": "122.96400", "2018-06-30": "123.25500", "2018-03-31": "123.53410", "2017-12-31": "123.61050", "2017-09-30": "123.57140", "2017-06-30": "123.64200", "2017-03-31": "123.66670", "2016-12-31": "124.73100", "2016-09-30": "124.21650", "2016-06-30": "125.07150", "2016-03-31": "125.97450", "2015-12-31": "128.06770", "2015-09-30": "127.87050", "2015-06-30": "128.59050", "2015-03-31": "128.95650", "2014-12-31": "129.24300", "2014-09-30": "129.24750", "2014-06-30": "129.24750", "2014-03-31": "129.24750", "2013-12-31": "129.24750", "2013-09-30": "129.24750", "2013-06-30": "129.24750", "2013-03-31": "129.24750", "2012-12-31": "129.24750", "2012-09-30": "129.24750", "2012-06-30": "129.24750", "2012-03-31": "129.24750", "2011-12-31": "128.58000", "2011-09-30": "129.24750", "2011-06-30": "129.24670", "2011-03-31": "126.57600", "2010-12-31": "125.83500", "2010-09-30": "125.83570", "2010-06-30": "125.83570", "2010-03-31": "125.83570", "2009-12-31": "125.83570", "2009-09-30": "125.83570", "2009-06-30": "125.83690", "2009-03-31": "125.83690", "2008-12-31": "125.83570", "2008-09-30": "125.83690", "2008-06-30": "125.83690", "2008-03-31": "125.83690", "2007-12-31": "125.83690", "2007-09-30": "125.83690", "2007-06-30": "125.83690", "2007-03-31": "125.83690", "2006-12-31": "125.83690", "2006-09-30": "125.83690", "2006-06-30": "125.83690", "2006-03-31": "125.83690", "2005-12-31": "125.80650", "2005-09-30": "125.79640", "2005-06-30": "125.82680", "2005-03-31": "125.83010"}, "Basic EPS": {"2020-12-31": "1.62000", "2020-09-30": "1.72000", "2020-06-30": "1.26000", "2020-03-31": "1.12000", "2019-12-31": "1.20330", "2019-09-30": "1.37000", "2019-06-30": "1.44000", "2019-03-31": "1.10000", "2018-12-31": "1.30000", "2018-09-30": "1.41330", "2018-06-30": "1.32670", "2018-03-31": "0.88670", "2017-12-31": "1.59330", "2017-09-30": "0.82670", "2017-06-30": "0.80000", "2017-03-31": "0.53330", "2016-12-31": "0.55330", "2016-09-30": "0.68670", "2016-06-30": "0.65330", "2016-03-31": "0.48000", "2015-12-31": "0.56670", "2015-09-30": "0.66000", "2015-06-30": "0.66670", "2015-03-31": "0.48670", "2014-12-31": "0.54000", "2014-09-30": "0.60000", "2014-06-30": "0.57330", "2014-03-31": "0.35330", "2013-12-31": "0.36000", "2013-09-30": "0.46670", "2013-06-30": "0.45330", "2013-03-31": "0.31330", "2012-12-31": "0.30670", "2012-09-30": "0.39330", "2012-06-30": "0.37330", "2012-03-31": "0.24000", "2011-12-31": "0.31110", "2011-09-30": "0.30000", "2011-06-30": "0.30670", "2011-03-31": "0.16890", "2010-12-31": "0.17330", "2010-09-30": "0.19560", "2010-06-30": "0.16890", "2010-03-31": "0.06220", "2009-12-31": "0.07260", "2009-09-30": "0.08440", "2009-06-30": "0.08590", "2009-03-31": "0.03260", "2008-12-31": "0.08740", "2008-09-30": "0.18670", "2008-06-30": "0.18960", "2008-03-31": "0.08300", "2007-12-31": "0.12740", "2007-09-30": "0.16000", "2007-06-30": "0.17780", "2007-03-31": "0.10670", "2006-12-31": "0.14220", "2006-09-30": "0.16000", "2006-06-30": "0.17190", "2006-03-31": "0.10370", "2005-12-31": "0.11560", "2005-09-30": "0.12740", "2005-06-30": "0.10960", "2005-03-31": "0.07110"}, "EPS - Earnings Per Share": {"2020-12-31": "1.61000", "2020-09-30": "1.71000", "2020-06-30": "1.25000", "2020-03-31": "1.11000", "2019-12-31": "1.19670", "2019-09-30": "1.37000", "2019-06-30": "1.44000", "2019-03-31": "1.10000", "2018-12-31": "1.29330", "2018-09-30": "1.41330", "2018-06-30": "1.32670", "2018-03-31": "0.88670", "2017-12-31": "1.60000", "2017-09-30": "0.82670", "2017-06-30": "0.79330", "2017-03-31": "0.53330", "2016-12-31": "0.55330", "2016-09-30": "0.68670", "2016-06-30": "0.65330", "2016-03-31": "0.48000", "2015-12-31": "0.56670", "2015-09-30": "0.66000", "2015-06-30": "0.66670", "2015-03-31": "0.48670", "2014-12-31": "0.54000", "2014-09-30": "0.60000", "2014-06-30": "0.57330", "2014-03-31": "0.35330", "2013-12-31": "0.36000", "2013-09-30": "0.46670", "2013-06-30": "0.45330", "2013-03-31": "0.31330", "2012-12-31": "0.30670", "2012-09-30": "0.39330", "2012-06-30": "0.37330", "2012-03-31": "0.24000", "2011-12-31": "0.31110", "2011-09-30": "0.30000", "2011-06-30": "0.30670", "2011-03-31": "0.16890", "2010-12-31": "0.17330", "2010-09-30": "0.19560", "2010-06-30": "0.16890", "2010-03-31": "0.06220", "2009-12-31": "0.07260", "2009-09-30": "0.08440", "2009-06-30": "0.08590", "2009-03-31": "0.03260", "2008-12-31": "0.08740", "2008-09-30": "0.18670", "2008-06-30": "0.18960", "2008-03-31": "0.08300", "2007-12-31": "0.12740", "2007-09-30": "0.16000", "2007-06-30": "0.17780", "2007-03-31": "0.10670", "2006-12-31": "0.14220", "2006-09-30": "0.16000", "2006-06-30": "0.17190", "2006-03-31": "0.10370", "2005-12-31": "0.11560", "2005-09-30": "0.12740", "2005-06-30": "0.10960", "2005-03-31": "0.07110"}}, "balance sheet": {"Cash On Hand": {"2020-12-31": "731.70400", "2019-12-31": "403.57100", "2018-12-31": "190.28200", "2017-12-31": "127.46200", "2016-12-31": "10.17100", "2015-12-31": "11.47200", "2014-12-31": "34.78700", "2013-12-31": "30.17400", "2012-12-31": "12.85700", "2011-12-31": "75.85000", "2010-12-31": "5.45000", "2009-12-31": "4.17100", "2008-12-31": "28.96500", "2007-12-31": "30.70300", "2006-12-31": "87.72400", "2005-12-31": "0.98600"}, "Receivables": {"2020-12-31": "", "2019-12-31": "408.16500", "2018-12-31": "468.26000", "2017-12-31": "415.78100", "2016-12-31": "334.48900", "2015-12-31": "345.04800", "2014-12-31": "347.90000", "2013-12-31": "258.29400", "2012-12-31": "220.36300", "2011-12-31": "217.92200", "2010-12-31": "180.70000", "2009-12-31": "140.91800", "2008-12-31": "146.53600", "2007-12-31": "158.16100", "2006-12-31": "144.99100", "2005-12-31": "127.19900"}, "Inventory": {"2020-12-31": "", "2019-12-31": "", "2018-12-31": "", "2017-12-31": "", "2016-12-31": "", "2015-12-31": "", "2014-12-31": "", "2013-12-31": "", "2012-12-31": "", "2011-12-31": "", "2010-12-31": "", "2009-12-31": "", "2008-12-31": "", "2007-12-31": "", "2006-12-31": "", "2005-12-31": ""}, "Pre-Paid Expenses": {"2020-12-31": "", "2019-12-31": "55.09800", "2018-12-31": "47.68700", "2017-12-31": "41.41000", "2016-12-31": "37.96200", "2015-12-31": "25.21000", "2014-12-31": "21.08500", "2013-12-31": "21.26200", "2012-12-31": "21.75400", "2011-12-31": "18.61400", "2010-12-31": "17.76600", "2009-12-31": "12.84200", "2008-12-31": "13.46100", "2007-12-31": "13.44900", "2006-12-31": "11.33200", "2005-12-31": "11.34700"}, "Other Current Assets": {"2020-12-31": "511.63500", "2019-12-31": "", "2018-12-31": "", "2017-12-31": "", "2016-12-31": "", "2015-12-31": "", "2014-12-31": "", "2013-12-31": "", "2012-12-31": "", "2011-12-31": "", "2010-12-31": "", "2009-12-31": "", "2008-12-31": "", "2007-12-31": "", "2006-12-31": "", "2005-12-31": ""}, "Total Current Assets": {"2020-12-31": "1243.33900", "2019-12-31": "866.83400", "2018-12-31": "706.22900", "2017-12-31": "584.65300", "2016-12-31": "382.62200", "2015-12-31": "381.73000", "2014-12-31": "403.77200", "2013-12-31": "332.97900", "2012-12-31": "275.02800", "2011-12-31": "331.85200", "2010-12-31": "222.58200", "2009-12-31": "174.17500", "2008-12-31": "209.23000", "2007-12-31": "216.27700", "2006-12-31": "256.36700", "2005-12-31": "150.21300"}, "Property, Plant, And Equipment": {"2020-12-31": "2914.03100", "2019-12-31": "2968.83500", "2018-12-31": "2754.94300", "2017-12-31": "2404.45900", "2016-12-31": "2241.40200", "2015-12-31": "2023.44800", "2014-12-31": "1743.24500", "2013-12-31": "1543.05900", "2012-12-31": "1379.30500", "2011-12-31": "1126.95000", "2010-12-31": "964.21600", "2009-12-31": "939.49500", "2008-12-31": "824.48500", "2007-12-31": "721.45000", "2006-12-31": "607.58800", "2005-12-31": "466.07100"}, "Long-Term Investments": {"2020-12-31": "", "2019-12-31": "", "2018-12-31": "", "2017-12-31": "", "2016-12-31": "", "2015-12-31": "", "2014-12-31": "", "2013-12-31": "", "2012-12-31": "", "2011-12-31": "", "2010-12-31": "", "2009-12-31": "", "2008-12-31": "", "2007-12-31": "", "2006-12-31": "", "2005-12-31": ""}, "Goodwill And Intangible Assets": {"2020-12-31": "", "2019-12-31": "19.46300", "2018-12-31": "19.46300", "2017-12-31": "19.46300", "2016-12-31": "19.46300", "2015-12-31": "19.46300", "2014-12-31": "19.46300", "2013-12-31": "19.46300", "2012-12-31": "19.46300", "2011-12-31": "19.46300", "2010-12-31": "19.46300", "2009-12-31": "19.46300", "2008-12-31": "25.55000", "2007-12-31": "23.51800", "2006-12-31": "16.77200", "2005-12-31": ""}, "Other Long-Term Assets": {"2020-12-31": "212.04000", "2019-12-31": "140.43600", "2018-12-31": "64.64800", "2017-12-31": "59.84900", "2016-12-31": "52.76000", "2015-12-31": "41.86300", "2014-12-31": "40.38600", "2013-12-31": "36.58800", "2012-12-31": "38.71800", "2011-12-31": "34.80900", "2010-12-31": "33.62000", "2009-12-31": "26.14500", "2008-12-31": "15.64000", "2007-12-31": "19.80300", "2006-12-31": "11.46600", "2005-12-31": "25.36400"}, "Total Long-Term Assets": {"2020-12-31": "3126.07100", "2019-12-31": "3128.73400", "2018-12-31": "2839.05400", "2017-12-31": "2483.77100", "2016-12-31": "2313.62500", "2015-12-31": "2084.77400", "2014-12-31": "1803.09400", "2013-12-31": "1599.11000", "2012-12-31": "1437.48600", "2011-12-31": "1181.22200", "2010-12-31": "1017.29900", "2009-12-31": "985.10300", "2008-12-31": "865.67500", "2007-12-31": "764.77100", "2006-12-31": "635.82600", "2005-12-31": "491.43500"}, "Total Assets": {"2020-12-31": "4369.41000", "2019-12-31": "3995.56800", "2018-12-31": "3545.28300", "2017-12-31": "3068.42400", "2016-12-31": "2696.24700", "2015-12-31": "2466.50400", "2014-12-31": "2206.86600", "2013-12-31": "1932.08900", "2012-12-31": "1712.51400", "2011-12-31": "1513.07400", "2010-12-31": "1239.88100", "2009-12-31": "1159.27800", "2008-12-31": "1074.90500", "2007-12-31": "981.04800", "2006-12-31": "892.19300", "2005-12-31": "641.64800"}, "Total Current Liabilities": {"2020-12-31": "373.13000", "2019-12-31": "366.08500", "2018-12-31": "356.73200", "2017-12-31": "351.04900", "2016-12-31": "288.63600", "2015-12-31": "285.40200", "2014-12-31": "255.63800", "2013-12-31": "232.12200", "2012-12-31": "225.13900", "2011-12-31": "204.81000", "2010-12-31": "170.04600", "2009-12-31": "148.12500", "2008-12-31": "142.19000", "2007-12-31": "127.72300", "2006-12-31": "121.54600", "2005-12-31": "111.02800"}, "Long Term Debt": {"2020-12-31": "99.93100", "2019-12-31": "45.00000", "2018-12-31": "45.00000", "2017-12-31": "45.00000", "2016-12-31": "104.97500", "2015-12-31": "107.31700", "2014-12-31": "120.00000", "2013-12-31": "155.71400", "2012-12-31": "201.42900", "2011-12-31": "229.83100", "2010-12-31": "234.08700", "2009-12-31": "268.85600", "2008-12-31": "240.01700", "2007-12-31": "251.56100", "2006-12-31": "261.88500", "2005-12-31": "111.02600"}, "Other Non-Current Liabilities": {"2020-12-31": "570.06100", "2019-12-31": "241.80200", "2018-12-31": "215.39900", "2017-12-31": "205.56100", "2016-12-31": "178.87900", "2015-12-31": "154.09400", "2014-12-31": "145.75200", "2013-12-31": "123.05400", "2012-12-31": "106.79100", "2011-12-31": "86.99800", "2010-12-31": "76.33100", "2009-12-31": "68.57500", "2008-12-31": "60.60100", "2007-12-31": "50.00000", "2006-12-31": "39.02700", "2005-12-31": "31.77000"}, "Total Long Term Liabilities": {"2020-12-31": "669.99190", "2019-12-31": "548.76600", "2018-12-31": "508.06800", "2017-12-31": "440.52100", "2016-12-31": "556.45300", "2015-12-31": "496.46500", "2014-12-31": "457.16400", "2013-12-31": "467.88500", "2012-12-31": "461.40600", "2011-12-31": "451.74500", "2010-12-31": "401.18600", "2009-12-31": "418.15300", "2008-12-31": "374.58600", "2007-12-31": "363.87300", "2006-12-31": "353.02700", "2005-12-31": "185.56900"}, "Total Liabilities": {"2020-12-31": "1043.12200", "2019-12-31": "914.85100", "2018-12-31": "864.80000", "2017-12-31": "791.57000", "2016-12-31": "845.08900", "2015-12-31": "781.86700", "2014-12-31": "712.80200", "2013-12-31": "700.00700", "2012-12-31": "686.54500", "2011-12-31": "656.55500", "2010-12-31": "571.23200", "2009-12-31": "566.27800", "2008-12-31": "516.77600", "2007-12-31": "491.59600", "2006-12-31": "474.57300", "2005-12-31": "296.59700"}, "Common Stock Net": {"2020-12-31": "", "2019-12-31": "7.96900", "2018-12-31": "8.12300", "2017-12-31": "8.23800", "2016-12-31": "8.24200", "2015-12-31": "8.44100", "2014-12-31": "8.60900", "2013-12-31": "8.61600", "2012-12-31": "8.61600", "2011-12-31": "8.61600", "2010-12-31": "5.59300", "2009-12-31": "5.59300", "2008-12-31": "3.72800", "2007-12-31": "3.72800", "2006-12-31": "3.72800", "2005-12-31": "3.72800"}, "Retained Earnings (Accumulated Deficit)": {"2020-12-31": "", "2019-12-31": "2850.31800", "2018-12-31": "2530.18400", "2017-12-31": "2130.25700", "2016-12-31": "1707.45000", "2015-12-31": "1541.79500", "2014-12-31": "1351.05400", "2013-12-31": "1089.06500", "2012-12-31": "882.95200", "2011-12-31": "713.50000", "2010-12-31": "574.03000", "2009-12-31": "498.37900", "2008-12-31": "463.50800", "2007-12-31": "394.83100", "2006-12-31": "322.99900", "2005-12-31": "250.43000"}, "Comprehensive Income": {"2020-12-31": "", "2019-12-31": "", "2018-12-31": "", "2017-12-31": "", "2016-12-31": "", "2015-12-31": "", "2014-12-31": "", "2013-12-31": "", "2012-12-31": "", "2011-12-31": "", "2010-12-31": "", "2009-12-31": "", "2008-12-31": "", "2007-12-31": "", "2006-12-31": "", "2005-12-31": ""}, "Other Share Holders Equity": {"2020-12-31": "", "2019-12-31": "", "2018-12-31": "", "2017-12-31": "", "2016-12-31": "", "2015-12-31": "", "2014-12-31": "", "2013-12-31": "", "2012-12-31": "", "2011-12-31": "", "2010-12-31": "", "2009-12-31": "", "2008-12-31": "", "2007-12-31": "", "2006-12-31": "", "2005-12-31": ""}, "Share Holder Equity": {"2020-12-31": "3326.28800", "2019-12-31": "3080.71700", "2018-12-31": "2680.48300", "2017-12-31": "2276.85400", "2016-12-31": "1851.15800", "2015-12-31": "1684.63700", "2014-12-31": "1494.06400", "2013-12-31": "1232.08200", "2012-12-31": "1025.96900", "2011-12-31": "856.51900", "2010-12-31": "668.64900", "2009-12-31": "593.00000", "2008-12-31": "558.12900", "2007-12-31": "489.45200", "2006-12-31": "417.62000", "2005-12-31": "345.05100"}, "Total Liabilities And Share Holders Equity": {"2020-12-31": "4369.41000", "2019-12-31": "3995.56800", "2018-12-31": "3545.28300", "2017-12-31": "3068.42400", "2016-12-31": "2696.24700", "2015-12-31": "2466.50400", "2014-12-31": "2206.86600", "2013-12-31": "1932.08900", "2012-12-31": "1712.51400", "2011-12-31": "1513.07400", "2010-12-31": "1239.88100", "2009-12-31": "1159.27800", "2008-12-31": "1074.90500", "2007-12-31": "981.04800", "2006-12-31": "892.19300", "2005-12-31": "641.64800"}}, "balance sheet, quarterly": {"Cash On Hand": {"2020-12-31": "731.70400", "2020-09-30": "625.69000", "2020-06-30": "518.62400", "2020-03-31": "356.97200", "2019-12-31": "403.57100", "2019-09-30": "322.28600", "2019-06-30": "228.96000", "2019-03-31": "280.62700", "2018-12-31": "190.28200", "2018-09-30": "177.46800", "2018-06-30": "140.57100", "2018-03-31": "159.93700", "2017-12-31": "127.46200", "2017-09-30": "78.09100", "2017-06-30": "33.83300", "2017-03-31": "47.55100", "2016-12-31": "10.17100", "2016-09-30": "15.01400", "2016-06-30": "10.67300", "2016-03-31": "7.13300", "2015-12-31": "11.47200", "2015-09-30": "11.41200", "2015-06-30": "12.78900", "2015-03-31": "113.03800", "2014-12-31": "34.78700", "2014-09-30": "8.16900", "2014-06-30": "19.78900", "2014-03-31": "41.24400", "2013-12-31": "30.17400", "2013-09-30": "12.10400", "2013-06-30": "7.37000", "2013-03-31": "29.18300", "2012-12-31": "12.85700", "2012-09-30": "6.90200", "2012-06-30": "11.01500", "2012-03-31": "54.21900", "2011-12-31": "75.85000", "2011-09-30": "42.26200", "2011-06-30": "28.66400", "2011-03-31": "88.14300", "2010-12-31": "5.45000", "2010-09-30": "5.05700", "2010-06-30": "4.78300", "2010-03-31": "9.46900", "2009-12-31": "4.17100", "2009-09-30": "3.64100", "2009-06-30": "3.94500", "2009-03-31": "3.61500", "2008-12-31": "28.96500", "2008-09-30": "39.91200", "2008-06-30": "37.31300", "2008-03-31": "38.42600", "2007-12-31": "30.70300", "2007-09-30": "16.53700", "2007-06-30": "16.81400", "2007-03-31": "56.26000", "2006-12-31": "87.72400", "2006-09-30": "83.14500", "2006-06-30": "93.36300", "2006-03-31": "1.06900", "2005-12-31": "0.98600", "2005-09-30": "6.40300", "2005-06-30": "1.03700", "2005-03-31": "2.53900"}, "Receivables": {"2020-12-31": "", "2020-09-30": "462.92400", "2020-06-30": "395.78500", "2020-03-31": "427.61300", "2019-12-31": "408.16500", "2019-09-30": "438.07500", "2019-06-30": "458.14500", "2019-03-31": "455.33300", "2018-12-31": "468.26000", "2018-09-30": "482.20700", "2018-06-30": "464.27900", "2018-03-31": "418.47400", "2017-12-31": "415.78100", "2017-09-30": "399.38700", "2017-06-30": "370.20000", "2017-03-31": "337.89100", "2016-12-31": "334.48900", "2016-09-30": "342.82500", "2016-06-30": "327.49900", "2016-03-31": "316.20400", "2015-12-31": "345.04800", "2015-09-30": "357.79600", "2015-06-30": "339.77900", "2015-03-31": "325.15000", "2014-12-31": "347.90000", "2014-09-30": "329.48100", "2014-06-30": "306.20500", "2014-03-31": "288.57200", "2013-12-31": "258.29400", "2013-09-30": "275.48400", "2013-06-30": "270.84300", "2013-03-31": "250.31700", "2012-12-31": "220.36300", "2012-09-30": "253.82400", "2012-06-30": "244.00600", "2012-03-31": "230.65000", "2011-12-31": "217.92200", "2011-09-30": "235.68700", "2011-06-30": "222.89800", "2011-03-31": "198.60100", "2010-12-31": "180.70000", "2010-09-30": "178.65100", "2010-06-30": "165.69500", "2010-03-31": "150.42200", "2009-12-31": "140.91800", "2009-09-30": "158.62500", "2009-06-30": "152.58500", "2009-03-31": "145.64300", "2008-12-31": "146.53600", "2008-09-30": "184.16400", "2008-06-30": "190.05600", "2008-03-31": "168.59600", "2007-12-31": "158.16100", "2007-09-30": "173.06400", "2007-06-30": "163.10400", "2007-03-31": "149.94600", "2006-12-31": "144.99100", "2006-09-30": "157.45500", "2006-06-30": "152.53700", "2006-03-31": "136.41300", "2005-12-31": "127.19900", "2005-09-30": "126.57900", "2005-06-30": "121.90100", "2005-03-31": "112.61700"}, "Inventory": {"2020-12-31": "", "2020-09-30": "", "2020-06-30": "", "2020-03-31": "", "2019-12-31": "", "2019-09-30": "", "2019-06-30": "", "2019-03-31": "", "2018-12-31": "", "2018-09-30": "", "2018-06-30": "", "2018-03-31": "", "2017-12-31": "", "2017-09-30": "", "2017-06-30": "", "2017-03-31": "", "2016-12-31": "", "2016-09-30": "", "2016-06-30": "", "2016-03-31": "", "2015-12-31": "", "2015-09-30": "", "2015-06-30": "", "2015-03-31": "", "2014-12-31": "", "2014-09-30": "", "2014-06-30": "", "2014-03-31": "", "2013-12-31": "", "2013-09-30": "", "2013-06-30": "", "2013-03-31": "", "2012-12-31": "", "2012-09-30": "", "2012-06-30": "", "2012-03-31": "", "2011-12-31": "", "2011-09-30": "", "2011-06-30": "", "2011-03-31": "", "2010-12-31": "", "2010-09-30": "", "2010-06-30": "", "2010-03-31": "", "2009-12-31": "", "2009-09-30": "", "2009-06-30": "", "2009-03-31": "", "2008-12-31": "", "2008-09-30": "", "2008-06-30": "", "2008-03-31": "", "2007-12-31": "", "2007-09-30": "", "2007-06-30": "", "2007-03-31": "", "2006-12-31": "", "2006-09-30": "", "2006-06-30": "", "2006-03-31": "", "2005-12-31": "", "2005-09-30": "", "2005-06-30": "", "2005-03-31": ""}, "Pre-Paid Expenses": {"2020-12-31": "", "2020-09-30": "49.88200", "2020-06-30": "54.16100", "2020-03-31": "46.42100", "2019-12-31": "55.09800", "2019-09-30": "46.61700", "2019-06-30": "54.31500", "2019-03-31": "47.91800", "2018-12-31": "47.68700", "2018-09-30": "36.64000", "2018-06-30": "42.73500", "2018-03-31": "37.03900", "2017-12-31": "41.41000", "2017-09-30": "35.61700", "2017-06-30": "40.57900", "2017-03-31": "39.63200", "2016-12-31": "37.96200", "2016-09-30": "31.31600", "2016-06-30": "33.68700", "2016-03-31": "32.28700", "2015-12-31": "25.21000", "2015-09-30": "30.35200", "2015-06-30": "34.44900", "2015-03-31": "28.71100", "2014-12-31": "21.08500", "2014-09-30": "29.84100", "2014-06-30": "29.65700", "2014-03-31": "33.43200", "2013-12-31": "21.26200", "2013-09-30": "23.71300", "2013-06-30": "26.26400", "2013-03-31": "26.14000", "2012-12-31": "21.75400", "2012-09-30": "25.49500", "2012-06-30": "25.36900", "2012-03-31": "23.38100", "2011-12-31": "18.61400", "2011-09-30": "18.80700", "2011-06-30": "21.31200", "2011-03-31": "21.96600", "2010-12-31": "17.76600", "2010-09-30": "19.14300", "2010-06-30": "18.17900", "2010-03-31": "16.22100", "2009-12-31": "12.84200", "2009-09-30": "15.60000", "2009-06-30": "18.21400", "2009-03-31": "18.31100", "2008-12-31": "13.46100", "2008-09-30": "18.01800", "2008-06-30": "17.41400", "2008-03-31": "15.68300", "2007-12-31": "13.44900", "2007-09-30": "16.13200", "2007-06-30": "17.71100", "2007-03-31": "15.35000", "2006-12-31": "11.33200", "2006-09-30": "15.55600", "2006-06-30": "15.98800", "2006-03-31": "14.90300", "2005-12-31": "11.34700", "2005-09-30": "14.26400", "2005-06-30": "13.36200", "2005-03-31": "12.55400"}, "Other Current Assets": {"2020-12-31": "511.63500", "2020-09-30": "", "2020-06-30": "", "2020-03-31": "", "2019-12-31": "", "2019-09-30": "", "2019-06-30": "", "2019-03-31": "", "2018-12-31": "", "2018-09-30": "", "2018-06-30": "", "2018-03-31": "", "2017-12-31": "", "2017-09-30": "", "2017-06-30": "", "2017-03-31": "", "2016-12-31": "", "2016-09-30": "", "2016-06-30": "", "2016-03-31": "", "2015-12-31": "", "2015-09-30": "", "2015-06-30": "", "2015-03-31": "", "2014-12-31": "", "2014-09-30": "", "2014-06-30": "", "2014-03-31": "", "2013-12-31": "", "2013-09-30": "", "2013-06-30": "", "2013-03-31": "", "2012-12-31": "", "2012-09-30": "", "2012-06-30": "", "2012-03-31": "", "2011-12-31": "", "2011-09-30": "", "2011-06-30": "", "2011-03-31": "", "2010-12-31": "", "2010-09-30": "", "2010-06-30": "", "2010-03-31": "", "2009-12-31": "", "2009-09-30": "", "2009-06-30": "", "2009-03-31": "", "2008-12-31": "", "2008-09-30": "", "2008-06-30": "", "2008-03-31": "", "2007-12-31": "", "2007-09-30": "", "2007-06-30": "", "2007-03-31": "", "2006-12-31": "", "2006-09-30": "", "2006-06-30": "", "2006-03-31": "", "2005-12-31": "", "2005-09-30": "12.92800", "2005-06-30": "12.80300", "2005-03-31": "11.65300"}, "Total Current Assets": {"2020-12-31": "1243.33900", "2020-09-30": "1138.49600", "2020-06-30": "968.57000", "2020-03-31": "831.00600", "2019-12-31": "866.83400", "2019-09-30": "806.97800", "2019-06-30": "741.42000", "2019-03-31": "783.87800", "2018-12-31": "706.22900", "2018-09-30": "696.31500", "2018-06-30": "647.58500", "2018-03-31": "615.45000", "2017-12-31": "584.65300", "2017-09-30": "513.09500", "2017-06-30": "444.61200", "2017-03-31": "425.07400", "2016-12-31": "382.62200", "2016-09-30": "389.15500", "2016-06-30": "371.85900", "2016-03-31": "355.62400", "2015-12-31": "381.73000", "2015-09-30": "436.20600", "2015-06-30": "421.66500", "2015-03-31": "499.89300", "2014-12-31": "403.77200", "2014-09-30": "394.60100", "2014-06-30": "382.37300", "2014-03-31": "388.97400", "2013-12-31": "332.97900", "2013-09-30": "333.27600", "2013-06-30": "324.08200", "2013-03-31": "324.96400", "2012-12-31": "275.02800", "2012-09-30": "305.73900", "2012-06-30": "301.15800", "2012-03-31": "327.90000", "2011-12-31": "331.85200", "2011-09-30": "318.58900", "2011-06-30": "296.13600", "2011-03-31": "330.33700", "2010-12-31": "222.58200", "2010-09-30": "221.06300", "2010-06-30": "206.83200", "2010-03-31": "194.00700", "2009-12-31": "174.17500", "2009-09-30": "195.84300", "2009-06-30": "193.80400", "2009-03-31": "188.22500", "2008-12-31": "209.23000", "2008-09-30": "262.51000", "2008-06-30": "260.96600", "2008-03-31": "238.50400", "2007-12-31": "216.27700", "2007-09-30": "219.09800", "2007-06-30": "211.30400", "2007-03-31": "234.17000", "2006-12-31": "256.36700", "2006-09-30": "267.45400", "2006-06-30": "273.69000", "2006-03-31": "164.20200", "2005-12-31": "150.21300", "2005-09-30": "165.78600", "2005-06-30": "155.70400", "2005-03-31": "145.00100"}, "Property, Plant, And Equipment": {"2020-12-31": "2914.03100", "2020-09-30": "2935.47500", "2020-06-30": "2955.08300", "2020-03-31": "2953.99000", "2019-12-31": "2968.83500", "2019-09-30": "2927.89400", "2019-06-30": "2858.17100", "2019-03-31": "2761.85700", "2018-12-31": "2754.94300", "2018-09-30": "2703.27500", "2018-06-30": "2585.70800", "2018-03-31": "2450.83400", "2017-12-31": "2404.45900", "2017-09-30": "2367.40300", "2017-06-30": "2321.24300", "2017-03-31": "2246.28600", "2016-12-31": "2241.40200", "2016-09-30": "2229.67300", "2016-06-30": "2224.88300", "2016-03-31": "2098.15800", "2015-12-31": "2023.44800", "2015-09-30": "1971.21000", "2015-06-30": "1891.46500", "2015-03-31": "1778.47100", "2014-12-31": "1743.24500", "2014-09-30": "1730.89400", "2014-06-30": "1676.35700", "2014-03-31": "1586.07600", "2013-12-31": "1543.05900", "2013-09-30": "1508.61700", "2013-06-30": "1469.39200", "2013-03-31": "1375.74900", "2012-12-31": "1379.30500", "2012-09-30": "1351.35800", "2012-06-30": "1282.50900", "2012-03-31": "1190.13700", "2011-12-31": "1126.95000", "2011-09-30": "1103.22000", "2011-06-30": "1059.70200", "2011-03-31": "1000.57400", "2010-12-31": "964.21600", "2010-09-30": "947.31500", "2010-06-30": "942.54000", "2010-03-31": "944.25200", "2009-12-31": "939.49500", "2009-09-30": "933.64100", "2009-06-30": "907.68200", "2009-03-31": "879.78400", "2008-12-31": "824.48500", "2008-09-30": "771.28200", "2008-06-30": "747.27400", "2008-03-31": "725.10500", "2007-12-31": "721.45000", "2007-09-30": "723.56800", "2007-06-30": "708.27900", "2007-03-31": "670.36500", "2006-12-31": "607.58800", "2006-09-30": "594.10900", "2006-06-30": "564.75300", "2006-03-31": "517.64200", "2005-12-31": "466.07100", "2005-09-30": "450.17900", "2005-06-30": "431.20100", "2005-03-31": "399.21700"}, "Long-Term Investments": {"2020-12-31": "", "2020-09-30": "", "2020-06-30": "", "2020-03-31": "", "2019-12-31": "", "2019-09-30": "", "2019-06-30": "", "2019-03-31": "", "2018-12-31": "", "2018-09-30": "", "2018-06-30": "", "2018-03-31": "", "2017-12-31": "", "2017-09-30": "", "2017-06-30": "", "2017-03-31": "", "2016-12-31": "", "2016-09-30": "", "2016-06-30": "", "2016-03-31": "", "2015-12-31": "", "2015-09-30": "", "2015-06-30": "", "2015-03-31": "", "2014-12-31": "", "2014-09-30": "", "2014-06-30": "", "2014-03-31": "", "2013-12-31": "", "2013-09-30": "", "2013-06-30": "", "2013-03-31": "", "2012-12-31": "", "2012-09-30": "", "2012-06-30": "", "2012-03-31": "", "2011-12-31": "", "2011-09-30": "", "2011-06-30": "", "2011-03-31": "", "2010-12-31": "", "2010-09-30": "", "2010-06-30": "", "2010-03-31": "", "2009-12-31": "", "2009-09-30": "", "2009-06-30": "", "2009-03-31": "", "2008-12-31": "", "2008-09-30": "", "2008-06-30": "", "2008-03-31": "", "2007-12-31": "", "2007-09-30": "", "2007-06-30": "", "2007-03-31": "", "2006-12-31": "", "2006-09-30": "", "2006-06-30": "", "2006-03-31": "", "2005-12-31": "", "2005-09-30": "", "2005-06-30": "", "2005-03-31": ""}, "Goodwill And Intangible Assets": {"2020-12-31": "", "2020-09-30": "19.46300", "2020-06-30": "19.46300", "2020-03-31": "19.46300", "2019-12-31": "19.46300", "2019-09-30": "19.46300", "2019-06-30": "19.46300", "2019-03-31": "19.46300", "2018-12-31": "19.46300", "2018-09-30": "19.46300", "2018-06-30": "19.46300", "2018-03-31": "19.46300", "2017-12-31": "19.46300", "2017-09-30": "19.46300", "2017-06-30": "19.46300", "2017-03-31": "19.46300", "2016-12-31": "19.46300", "2016-09-30": "19.46300", "2016-06-30": "19.46300", "2016-03-31": "19.46300", "2015-12-31": "19.46300", "2015-09-30": "19.46300", "2015-06-30": "19.46300", "2015-03-31": "19.46300", "2014-12-31": "19.46300", "2014-09-30": "19.46300", "2014-06-30": "19.46300", "2014-03-31": "19.46300", "2013-12-31": "19.46300", "2013-09-30": "19.46300", "2013-06-30": "19.46300", "2013-03-31": "19.46300", "2012-12-31": "19.46300", "2012-09-30": "19.46300", "2012-06-30": "19.46300", "2012-03-31": "19.46300", "2011-12-31": "19.46300", "2011-09-30": "19.46300", "2011-06-30": "19.46300", "2011-03-31": "19.46300", "2010-12-31": "19.46300", "2010-09-30": "19.46300", "2010-06-30": "19.46300", "2010-03-31": "24.40600", "2009-12-31": "19.46300", "2009-09-30": "24.86400", "2009-06-30": "25.09300", "2009-03-31": "25.32100", "2008-12-31": "25.55000", "2008-09-30": "25.77900", "2008-06-30": "25.99900", "2008-03-31": "26.26400", "2007-12-31": "23.51800", "2007-09-30": "22.98400", "2007-06-30": "23.12400", "2007-03-31": "", "2006-12-31": "16.77200", "2006-09-30": "", "2006-06-30": "", "2006-03-31": "", "2005-12-31": "", "2005-09-30": "", "2005-06-30": "", "2005-03-31": ""}, "Other Long-Term Assets": {"2020-12-31": "212.04000", "2020-09-30": "180.25400", "2020-06-30": "136.91200", "2020-03-31": "130.52700", "2019-12-31": "140.43600", "2019-09-30": "138.08300", "2019-06-30": "139.64900", "2019-03-31": "138.84400", "2018-12-31": "64.64800", "2018-09-30": "70.25900", "2018-06-30": "68.32600", "2018-03-31": "58.25700", "2017-12-31": "59.84900", "2017-09-30": "56.20900", "2017-06-30": "54.88000", "2017-03-31": "54.18700", "2016-12-31": "52.76000", "2016-09-30": "46.05700", "2016-06-30": "43.59700", "2016-03-31": "42.19500", "2015-12-31": "41.86300", "2015-09-30": "47.60600", "2015-06-30": "45.47400", "2015-03-31": "42.55700", "2014-12-31": "40.38600", "2014-09-30": "43.58100", "2014-06-30": "45.87000", "2014-03-31": "37.25500", "2013-12-31": "36.58800", "2013-09-30": "43.32300", "2013-06-30": "41.79300", "2013-03-31": "41.01600", "2012-12-31": "38.71800", "2012-09-30": "38.06200", "2012-06-30": "36.51400", "2012-03-31": "36.69200", "2011-12-31": "34.80900", "2011-09-30": "31.92600", "2011-06-30": "34.20300", "2011-03-31": "33.52800", "2010-12-31": "33.62000", "2010-09-30": "31.24000", "2010-06-30": "34.04600", "2010-03-31": "30.30400", "2009-12-31": "26.14500", "2009-09-30": "20.41400", "2009-06-30": "18.01300", "2009-03-31": "15.72300", "2008-12-31": "15.64000", "2008-09-30": "16.88700", "2008-06-30": "19.86700", "2008-03-31": "17.85900", "2007-12-31": "19.80300", "2007-09-30": "16.28900", "2007-06-30": "13.99700", "2007-03-31": "29.10200", "2006-12-31": "11.46600", "2006-09-30": "28.32400", "2006-06-30": "27.36200", "2006-03-31": "27.87600", "2005-12-31": "25.36400", "2005-09-30": "24.12300", "2005-06-30": "23.76400", "2005-03-31": "21.91800"}, "Total Long-Term Assets": {"2020-12-31": "3126.07100", "2020-09-30": "3135.19200", "2020-06-30": "3111.45800", "2020-03-31": "3103.98000", "2019-12-31": "3128.73400", "2019-09-30": "3085.44000", "2019-06-30": "3017.28300", "2019-03-31": "2920.16400", "2018-12-31": "2839.05400", "2018-09-30": "2792.99700", "2018-06-30": "2673.49700", "2018-03-31": "2528.55400", "2017-12-31": "2483.77100", "2017-09-30": "2443.07500", "2017-06-30": "2395.58600", "2017-03-31": "2319.93600", "2016-12-31": "2313.62500", "2016-09-30": "2295.19300", "2016-06-30": "2287.94300", "2016-03-31": "2159.81600", "2015-12-31": "2084.77400", "2015-09-30": "2038.27900", "2015-06-30": "1956.40200", "2015-03-31": "1840.49100", "2014-12-31": "1803.09400", "2014-09-30": "1793.93800", "2014-06-30": "1741.69000", "2014-03-31": "1642.79400", "2013-12-31": "1599.11000", "2013-09-30": "1571.40300", "2013-06-30": "1530.64800", "2013-03-31": "1436.22800", "2012-12-31": "1437.48600", "2012-09-30": "1408.88300", "2012-06-30": "1338.48600", "2012-03-31": "1246.29200", "2011-12-31": "1181.22200", "2011-09-30": "1154.60900", "2011-06-30": "1113.36800", "2011-03-31": "1053.56500", "2010-12-31": "1017.29900", "2010-09-30": "998.01800", "2010-06-30": "996.04900", "2010-03-31": "998.96200", "2009-12-31": "985.10300", "2009-09-30": "978.91900", "2009-06-30": "950.78800", "2009-03-31": "920.82800", "2008-12-31": "865.67500", "2008-09-30": "813.94800", "2008-06-30": "793.14000", "2008-03-31": "769.22800", "2007-12-31": "764.77100", "2007-09-30": "762.84100", "2007-06-30": "745.40000", "2007-03-31": "699.46700", "2006-12-31": "635.82600", "2006-09-30": "622.43300", "2006-06-30": "592.11500", "2006-03-31": "545.51800", "2005-12-31": "491.43500", "2005-09-30": "474.30200", "2005-06-30": "454.96500", "2005-03-31": "421.13500"}, "Total Assets": {"2020-12-31": "4369.41000", "2020-09-30": "4273.68800", "2020-06-30": "4080.02800", "2020-03-31": "3934.98600", "2019-12-31": "3995.56800", "2019-09-30": "3892.41800", "2019-06-30": "3758.70300", "2019-03-31": "3704.04200", "2018-12-31": "3545.28300", "2018-09-30": "3489.31200", "2018-06-30": "3321.08200", "2018-03-31": "3144.00400", "2017-12-31": "3068.42400", "2017-09-30": "2956.17000", "2017-06-30": "2840.19800", "2017-03-31": "2745.01000", "2016-12-31": "2696.24700", "2016-09-30": "2684.34800", "2016-06-30": "2659.80200", "2016-03-31": "2515.44000", "2015-12-31": "2466.50400", "2015-09-30": "2474.48500", "2015-06-30": "2378.06700", "2015-03-31": "2340.38400", "2014-12-31": "2206.86600", "2014-09-30": "2188.53900", "2014-06-30": "2124.06300", "2014-03-31": "2031.76800", "2013-12-31": "1932.08900", "2013-09-30": "1904.67900", "2013-06-30": "1854.73000", "2013-03-31": "1761.19200", "2012-12-31": "1712.51400", "2012-09-30": "1714.62200", "2012-06-30": "1639.64400", "2012-03-31": "1574.19200", "2011-12-31": "1513.07400", "2011-09-30": "1473.19800", "2011-06-30": "1409.50400", "2011-03-31": "1383.90200", "2010-12-31": "1239.88100", "2010-09-30": "1219.08100", "2010-06-30": "1202.88100", "2010-03-31": "1192.96900", "2009-12-31": "1159.27800", "2009-09-30": "1174.76200", "2009-06-30": "1144.59200", "2009-03-31": "1109.05300", "2008-12-31": "1074.90500", "2008-09-30": "1076.45800", "2008-06-30": "1054.10600", "2008-03-31": "1007.73200", "2007-12-31": "981.04800", "2007-09-30": "981.93900", "2007-06-30": "956.70400", "2007-03-31": "933.63700", "2006-12-31": "892.19300", "2006-09-30": "889.88700", "2006-06-30": "865.80500", "2006-03-31": "709.72000", "2005-12-31": "641.64800", "2005-09-30": "640.08800", "2005-06-30": "610.66900", "2005-03-31": "566.13600"}, "Total Current Liabilities": {"2020-12-31": "373.13000", "2020-09-30": "449.28800", "2020-06-30": "494.17400", "2020-03-31": "428.29500", "2019-12-31": "366.08500", "2019-09-30": "396.86200", "2019-06-30": "386.10500", "2019-03-31": "358.15500", "2018-12-31": "356.73200", "2018-09-30": "362.45700", "2018-06-30": "366.36200", "2018-03-31": "345.28500", "2017-12-31": "351.04900", "2017-09-30": "355.64900", "2017-06-30": "344.41000", "2017-03-31": "334.78500", "2016-12-31": "288.63600", "2016-09-30": "268.97400", "2016-06-30": "291.35100", "2016-03-31": "323.22300", "2015-12-31": "285.40200", "2015-09-30": "364.17200", "2015-06-30": "298.86200", "2015-03-31": "321.68200", "2014-12-31": "255.63800", "2014-09-30": "286.60100", "2014-06-30": "297.56300", "2014-03-31": "293.50500", "2013-12-31": "232.12200", "2013-09-30": "248.81100", "2013-06-30": "273.12800", "2013-03-31": "254.13000", "2012-12-31": "225.13900", "2012-09-30": "237.62800", "2012-06-30": "244.45400", "2012-03-31": "251.26800", "2011-12-31": "204.81000", "2011-09-30": "220.11700", "2011-06-30": "212.38300", "2011-03-31": "227.03800", "2010-12-31": "170.04600", "2010-09-30": "248.76800", "2010-06-30": "179.66200", "2010-03-31": "171.59600", "2009-12-31": "148.12500", "2009-09-30": "163.88300", "2009-06-30": "163.12100", "2009-03-31": "150.72700", "2008-12-31": "142.19000", "2008-09-30": "158.59800", "2008-06-30": "162.67400", "2008-03-31": "146.15900", "2007-12-31": "127.72300", "2007-09-30": "146.42000", "2007-06-30": "147.28200", "2007-03-31": "152.49900", "2006-12-31": "121.54600", "2006-09-30": "140.73900", "2006-06-30": "136.77600", "2006-03-31": "138.13700", "2005-12-31": "111.02800", "2005-09-30": "122.47000", "2005-06-30": "119.95900", "2005-03-31": "120.73100"}, "Long Term Debt": {"2020-12-31": "99.93100", "2020-09-30": "99.92700", "2020-06-30": "99.92300", "2020-03-31": "", "2019-12-31": "45.00000", "2019-09-30": "45.00000", "2019-06-30": "45.00000", "2019-03-31": "45.00000", "2018-12-31": "45.00000", "2018-09-30": "45.00000", "2018-06-30": "45.00000", "2018-03-31": "45.00000", "2017-12-31": "45.00000", "2017-09-30": "45.00000", "2017-06-30": "45.00000", "2017-03-31": "45.00000", "2016-12-31": "104.97500", "2016-09-30": "193.12900", "2016-06-30": "218.33200", "2016-03-31": "99.72600", "2015-12-31": "107.31700", "2015-09-30": "95.00000", "2015-06-30": "118.00000", "2015-03-31": "120.59600", "2014-12-31": "120.00000", "2014-09-30": "148.20300", "2014-06-30": "164.00000", "2014-03-31": "145.00000", "2013-12-31": "155.71400", "2013-09-30": "167.71000", "2013-06-30": "190.39400", "2013-03-31": "180.71400", "2012-12-31": "201.42900", "2012-09-30": "243.49700", "2012-06-30": "228.14700", "2012-03-31": "219.11700", "2011-12-31": "229.83100", "2011-09-30": "227.14300", "2011-06-30": "227.14300", "2011-03-31": "252.14300", "2010-12-31": "234.08700", "2010-09-30": "167.97900", "2010-06-30": "252.14200", "2010-03-31": "272.85700", "2009-12-31": "268.85600", "2009-09-30": "277.41200", "2009-06-30": "264.94800", "2009-03-31": "259.68900", "2008-12-31": "240.01700", "2008-09-30": "240.21200", "2008-06-30": "240.47600", "2008-03-31": "240.65900", "2007-12-31": "251.56100", "2007-09-30": "254.32200", "2007-06-30": "255.02200", "2007-03-31": "255.18100", "2006-12-31": "261.88500", "2006-09-30": "262.10900", "2006-06-30": "267.37000", "2006-03-31": "135.88200", "2005-12-31": "111.02600", "2005-09-30": "120.50500", "2005-06-30": "111.55700", "2005-03-31": "82.69500"}, "Other Non-Current Liabilities": {"2020-12-31": "570.06100", "2020-09-30": "316.83100", "2020-06-30": "254.89900", "2020-03-31": "228.67800", "2019-12-31": "241.80200", "2019-09-30": "293.35900", "2019-06-30": "281.44400", "2019-03-31": "282.84700", "2018-12-31": "215.39900", "2018-09-30": "237.39200", "2018-06-30": "230.72400", "2018-03-31": "215.61400", "2017-12-31": "205.56100", "2017-09-30": "194.09100", "2017-06-30": "185.19800", "2017-03-31": "183.26300", "2016-12-31": "178.87900", "2016-09-30": "162.42200", "2016-06-30": "155.84900", "2016-03-31": "157.16100", "2015-12-31": "154.09400", "2015-09-30": "149.13000", "2015-06-30": "149.83300", "2015-03-31": "149.22800", "2014-12-31": "145.75200", "2014-09-30": "138.18000", "2014-06-30": "132.56700", "2014-03-31": "125.40200", "2013-12-31": "123.05400", "2013-09-30": "117.82400", "2013-06-30": "111.62700", "2013-03-31": "111.10600", "2012-12-31": "106.79100", "2012-09-30": "100.16600", "2012-06-30": "97.71700", "2012-03-31": "94.83600", "2011-12-31": "86.99800", "2011-09-30": "81.68800", "2011-06-30": "81.48300", "2011-03-31": "77.01600", "2010-12-31": "76.33100", "2010-09-30": "72.59300", "2010-06-30": "70.28800", "2010-03-31": "70.46500", "2009-12-31": "68.57500", "2009-09-30": "66.50400", "2009-06-30": "62.94000", "2009-03-31": "60.93200", "2008-12-31": "60.60100", "2008-09-30": "57.97400", "2008-06-30": "57.13700", "2008-03-31": "55.02600", "2007-12-31": "50.00000", "2007-09-30": "47.78300", "2007-06-30": "44.48600", "2007-03-31": "40.97100", "2006-12-31": "39.02700", "2006-09-30": "38.34700", "2006-06-30": "36.07500", "2006-03-31": "34.30100", "2005-12-31": "31.77000", "2005-09-30": "25.22700", "2005-06-30": "24.78700", "2005-03-31": "23.51600"}, "Total Long Term Liabilities": {"2020-12-31": "669.99190", "2020-09-30": "653.56700", "2020-06-30": "603.38600", "2020-03-31": "490.64200", "2019-12-31": "548.76600", "2019-09-30": "586.02800", "2019-06-30": "574.11300", "2019-03-31": "575.51600", "2018-12-31": "508.06800", "2018-09-30": "509.92300", "2018-06-30": "472.66900", "2018-03-31": "439.96800", "2017-12-31": "440.52100", "2017-09-30": "513.50500", "2017-06-30": "502.79700", "2017-03-31": "500.86200", "2016-12-31": "556.45300", "2016-09-30": "621.89900", "2016-06-30": "626.68200", "2016-03-31": "491.94100", "2015-12-31": "496.46500", "2015-09-30": "462.90000", "2015-06-30": "479.44200", "2015-03-31": "475.44100", "2014-12-31": "457.16400", "2014-09-30": "472.21100", "2014-06-30": "474.68200", "2014-03-31": "460.29400", "2013-12-31": "467.88500", "2013-09-30": "470.94200", "2013-06-30": "456.82500", "2013-03-31": "440.54000", "2012-12-31": "461.40600", "2012-09-30": "490.50600", "2012-06-30": "459.74400", "2012-03-31": "435.31000", "2011-12-31": "451.74500", "2011-09-30": "436.44500", "2011-06-30": "419.11600", "2011-03-31": "418.24200", "2010-12-31": "401.18600", "2010-09-30": "323.72000", "2010-06-30": "401.00500", "2010-03-31": "420.67200", "2009-12-31": "418.15300", "2009-09-30": "427.56000", "2009-06-30": "408.64700", "2009-03-31": "396.22400", "2008-12-31": "374.58600", "2008-09-30": "370.77900", "2008-06-30": "367.71000", "2008-03-31": "361.73200", "2007-12-31": "363.87300", "2007-09-30": "361.77900", "2007-06-30": "355.69200", "2007-03-31": "349.94700", "2006-12-31": "353.02700", "2006-09-30": "349.36900", "2006-06-30": "349.35300", "2006-03-31": "213.51200", "2005-12-31": "185.56900", "2005-09-30": "186.84600", "2005-06-30": "175.92300", "2005-03-31": "144.53400"}, "Total Liabilities": {"2020-12-31": "1043.12200", "2020-09-30": "1102.85500", "2020-06-30": "1097.56000", "2020-03-31": "918.93700", "2019-12-31": "914.85100", "2019-09-30": "982.89000", "2019-06-30": "960.21800", "2019-03-31": "933.67100", "2018-12-31": "864.80000", "2018-09-30": "872.38000", "2018-06-30": "839.03100", "2018-03-31": "785.25300", "2017-12-31": "791.57000", "2017-09-30": "869.15400", "2017-06-30": "847.20700", "2017-03-31": "835.64700", "2016-12-31": "845.08900", "2016-09-30": "890.87300", "2016-06-30": "918.03300", "2016-03-31": "815.16400", "2015-12-31": "781.86700", "2015-09-30": "827.07200", "2015-06-30": "778.30400", "2015-03-31": "797.12300", "2014-12-31": "712.80200", "2014-09-30": "758.81200", "2014-06-30": "772.24500", "2014-03-31": "753.79900", "2013-12-31": "700.00700", "2013-09-30": "719.75300", "2013-06-30": "729.95300", "2013-03-31": "694.67000", "2012-12-31": "686.54500", "2012-09-30": "728.13400", "2012-06-30": "704.19800", "2012-03-31": "686.57800", "2011-12-31": "656.55500", "2011-09-30": "656.56200", "2011-06-30": "631.49900", "2011-03-31": "645.28000", "2010-12-31": "571.23200", "2010-09-30": "572.48800", "2010-06-30": "580.66700", "2010-03-31": "592.26800", "2009-12-31": "566.27800", "2009-09-30": "591.44300", "2009-06-30": "571.76800", "2009-03-31": "546.95100", "2008-12-31": "516.77600", "2008-09-30": "529.37700", "2008-06-30": "530.38400", "2008-03-31": "507.89100", "2007-12-31": "491.59600", "2007-09-30": "508.19900", "2007-06-30": "502.97400", "2007-03-31": "502.44600", "2006-12-31": "474.57300", "2006-09-30": "490.10800", "2006-06-30": "486.12900", "2006-03-31": "351.64900", "2005-12-31": "296.59700", "2005-09-30": "309.31600", "2005-06-30": "295.88200", "2005-03-31": "265.26500"}, "Common Stock Net": {"2020-12-31": "", "2020-09-30": "11.73300", "2020-06-30": "11.73400", "2020-03-31": "11.81300", "2019-12-31": "11.95300", "2019-09-30": "7.98800", "2019-06-30": "8.01400", "2019-03-31": "8.10700", "2018-12-31": "8.12300", "2018-09-30": "8.18900", "2018-06-30": "8.20800", "2018-03-31": "8.22900", "2017-12-31": "8.23800", "2017-09-30": "8.23800", "2017-06-30": "8.23900", "2017-03-31": "8.24700", "2016-12-31": "8.24200", "2016-09-30": "8.25800", "2016-06-30": "8.31000", "2016-03-31": "8.36500", "2015-12-31": "8.44100", "2015-09-30": "8.49600", "2015-06-30": "8.55000", "2015-03-31": "8.59100", "2014-12-31": "8.60900", "2014-09-30": "8.61600", "2014-06-30": "8.61600", "2014-03-31": "8.61600", "2013-12-31": "8.61600", "2013-09-30": "8.61600", "2013-06-30": "8.61600", "2013-03-31": "8.61600", "2012-12-31": "8.61600", "2012-09-30": "8.61600", "2012-06-30": "5.74400", "2012-03-31": "5.74400", "2011-12-31": "8.61600", "2011-09-30": "5.74400", "2011-06-30": "5.74400", "2011-03-31": "5.74400", "2010-12-31": "5.59300", "2010-09-30": "5.59300", "2010-06-30": "3.72800", "2010-03-31": "3.72800", "2009-12-31": "5.59300", "2009-09-30": "3.72800", "2009-06-30": "3.72800", "2009-03-31": "3.72800", "2008-12-31": "3.72800", "2008-09-30": "3.72800", "2008-06-30": "3.72800", "2008-03-31": "3.72800", "2007-12-31": "3.72800", "2007-09-30": "3.72800", "2007-06-30": "3.72800", "2007-03-31": "3.72800", "2006-12-31": "3.72800", "2006-09-30": "3.72800", "2006-06-30": "3.72800", "2006-03-31": "3.72800", "2005-12-31": "3.72800", "2005-09-30": "2.48600", "2005-06-30": "2.48500", "2005-03-31": "2.48500"}, "Retained Earnings (Accumulated Deficit)": {"2020-12-31": "", "2020-09-30": "2973.10900", "2020-06-30": "2788.83900", "2020-03-31": "2787.04900", "2019-12-31": "2850.30200", "2019-09-30": "2755.45500", "2019-06-30": "2645.53300", "2019-03-31": "2619.14100", "2018-12-31": "2530.18400", "2018-09-30": "2467.90200", "2018-06-30": "2334.28600", "2018-03-31": "2211.60100", "2017-12-31": "2130.25700", "2017-09-30": "1941.24500", "2017-06-30": "1848.04500", "2017-03-31": "1764.94500", "2016-12-31": "1707.45000", "2016-09-30": "1650.21700", "2016-06-30": "1598.92300", "2016-03-31": "1557.51000", "2015-12-31": "1541.79500", "2015-09-30": "1504.51600", "2015-06-30": "1456.81200", "2015-03-31": "1400.26900", "2014-12-31": "1351.05400", "2014-09-30": "1286.71000", "2014-06-30": "1208.80100", "2014-03-31": "1134.95200", "2013-12-31": "1089.06500", "2013-09-30": "1041.90900", "2013-06-30": "981.76000", "2013-03-31": "923.50500", "2012-12-31": "882.95200", "2012-09-30": "843.47100", "2012-06-30": "792.42700", "2012-03-31": "744.59500", "2011-12-31": "713.50000", "2011-09-30": "673.61700", "2011-06-30": "634.98600", "2011-03-31": "595.60300", "2010-12-31": "574.03000", "2010-09-30": "551.97400", "2010-06-30": "527.59300", "2010-03-31": "506.08000", "2009-12-31": "498.37900", "2009-09-30": "488.69800", "2009-06-30": "478.20300", "2009-03-31": "467.48100", "2008-12-31": "463.50800", "2008-09-30": "452.46000", "2008-06-30": "429.10100", "2008-03-31": "405.22000", "2007-12-31": "394.83100", "2007-09-30": "379.11900", "2007-06-30": "359.10900", "2007-03-31": "336.57000", "2006-12-31": "322.99900", "2006-09-30": "305.15800", "2006-06-30": "285.05500", "2006-03-31": "263.45000", "2005-12-31": "250.43000", "2005-09-30": "236.14900", "2005-06-30": "220.21400", "2005-03-31": "206.29800"}, "Comprehensive Income": {"2020-12-31": "", "2020-09-30": "", "2020-06-30": "", "2020-03-31": "", "2019-12-31": "", "2019-09-30": "", "2019-06-30": "", "2019-03-31": "", "2018-12-31": "", "2018-09-30": "", "2018-06-30": "", "2018-03-31": "", "2017-12-31": "", "2017-09-30": "", "2017-06-30": "", "2017-03-31": "", "2016-12-31": "", "2016-09-30": "", "2016-06-30": "", "2016-03-31": "", "2015-12-31": "", "2015-09-30": "", "2015-06-30": "", "2015-03-31": "", "2014-12-31": "", "2014-09-30": "", "2014-06-30": "", "2014-03-31": "", "2013-12-31": "", "2013-09-30": "", "2013-06-30": "", "2013-03-31": "", "2012-12-31": "", "2012-09-30": "", "2012-06-30": "", "2012-03-31": "", "2011-12-31": "", "2011-09-30": "", "2011-06-30": "", "2011-03-31": "", "2010-12-31": "", "2010-09-30": "", "2010-06-30": "", "2010-03-31": "", "2009-12-31": "", "2009-09-30": "", "2009-06-30": "", "2009-03-31": "", "2008-12-31": "", "2008-09-30": "", "2008-06-30": "", "2008-03-31": "", "2007-12-31": "", "2007-09-30": "", "2007-06-30": "", "2007-03-31": "", "2006-12-31": "", "2006-09-30": "", "2006-06-30": "", "2006-03-31": "", "2005-12-31": "", "2005-09-30": "", "2005-06-30": "", "2005-03-31": ""}, "Other Share Holders Equity": {"2020-12-31": "", "2020-09-30": "", "2020-06-30": "", "2020-03-31": "", "2019-12-31": "", "2019-09-30": "", "2019-06-30": "", "2019-03-31": "", "2018-12-31": "", "2018-09-30": "", "2018-06-30": "", "2018-03-31": "", "2017-12-31": "", "2017-09-30": "", "2017-06-30": "", "2017-03-31": "", "2016-12-31": "", "2016-09-30": "", "2016-06-30": "", "2016-03-31": "", "2015-12-31": "", "2015-09-30": "", "2015-06-30": "", "2015-03-31": "", "2014-12-31": "", "2014-09-30": "", "2014-06-30": "", "2014-03-31": "", "2013-12-31": "", "2013-09-30": "", "2013-06-30": "", "2013-03-31": "", "2012-12-31": "", "2012-09-30": "", "2012-06-30": "", "2012-03-31": "", "2011-12-31": "", "2011-09-30": "", "2011-06-30": "", "2011-03-31": "", "2010-12-31": "", "2010-09-30": "", "2010-06-30": "", "2010-03-31": "", "2009-12-31": "", "2009-09-30": "", "2009-06-30": "", "2009-03-31": "", "2008-12-31": "", "2008-09-30": "", "2008-06-30": "", "2008-03-31": "", "2007-12-31": "", "2007-09-30": "", "2007-06-30": "", "2007-03-31": "", "2006-12-31": "", "2006-09-30": "", "2006-06-30": "", "2006-03-31": "", "2005-12-31": "", "2005-09-30": "", "2005-06-30": "", "2005-03-31": ""}, "Share Holder Equity": {"2020-12-31": "3326.28800", "2020-09-30": "3170.83300", "2020-06-30": "2982.46800", "2020-03-31": "3016.04900", "2019-12-31": "3080.71700", "2019-09-30": "2909.52800", "2019-06-30": "2798.48500", "2019-03-31": "2770.37100", "2018-12-31": "2680.48300", "2018-09-30": "2616.93200", "2018-06-30": "2482.05100", "2018-03-31": "2358.75100", "2017-12-31": "2276.85400", "2017-09-30": "2087.01600", "2017-06-30": "1992.99100", "2017-03-31": "1909.36300", "2016-12-31": "1851.15800", "2016-09-30": "1793.47500", "2016-06-30": "1741.76900", "2016-03-31": "1700.27600", "2015-12-31": "1684.63700", "2015-09-30": "1647.41300", "2015-06-30": "1599.76300", "2015-03-31": "1543.26100", "2014-12-31": "1494.06400", "2014-09-30": "1429.72700", "2014-06-30": "1351.81800", "2014-03-31": "1277.96900", "2013-12-31": "1232.08200", "2013-09-30": "1184.92600", "2013-06-30": "1124.77700", "2013-03-31": "1066.52200", "2012-12-31": "1025.96900", "2012-09-30": "986.48800", "2012-06-30": "935.44600", "2012-03-31": "887.61400", "2011-12-31": "856.51900", "2011-09-30": "816.63600", "2011-06-30": "778.00500", "2011-03-31": "738.62200", "2010-12-31": "668.64900", "2010-09-30": "646.59300", "2010-06-30": "622.21400", "2010-03-31": "600.70100", "2009-12-31": "593.00000", "2009-09-30": "583.31900", "2009-06-30": "572.82400", "2009-03-31": "562.10200", "2008-12-31": "558.12900", "2008-09-30": "547.08100", "2008-06-30": "523.72200", "2008-03-31": "499.84100", "2007-12-31": "489.45200", "2007-09-30": "473.74000", "2007-06-30": "453.73000", "2007-03-31": "431.19100", "2006-12-31": "417.62000", "2006-09-30": "399.77900", "2006-06-30": "379.67600", "2006-03-31": "358.07100", "2005-12-31": "345.05100", "2005-09-30": "330.77200", "2005-06-30": "314.78700", "2005-03-31": "300.87100"}, "Total Liabilities And Share Holders Equity": {"2020-12-31": "4369.41000", "2020-09-30": "4273.68800", "2020-06-30": "4080.02800", "2020-03-31": "3934.98600", "2019-12-31": "3995.56800", "2019-09-30": "3892.41800", "2019-06-30": "3758.70300", "2019-03-31": "3704.04200", "2018-12-31": "3545.28300", "2018-09-30": "3489.31200", "2018-06-30": "3321.08200", "2018-03-31": "3144.00400", "2017-12-31": "3068.42400", "2017-09-30": "2956.17000", "2017-06-30": "2840.19800", "2017-03-31": "2745.01000", "2016-12-31": "2696.24700", "2016-09-30": "2684.34800", "2016-06-30": "2659.80200", "2016-03-31": "2515.44000", "2015-12-31": "2466.50400", "2015-09-30": "2474.48500", "2015-06-30": "2378.06700", "2015-03-31": "2340.38400", "2014-12-31": "2206.86600", "2014-09-30": "2188.53900", "2014-06-30": "2124.06300", "2014-03-31": "2031.76800", "2013-12-31": "1932.08900", "2013-09-30": "1904.67900", "2013-06-30": "1854.73000", "2013-03-31": "1761.19200", "2012-12-31": "1712.51400", "2012-09-30": "1714.62200", "2012-06-30": "1639.64400", "2012-03-31": "1574.19200", "2011-12-31": "1513.07400", "2011-09-30": "1473.19800", "2011-06-30": "1409.50400", "2011-03-31": "1383.90200", "2010-12-31": "1239.88100", "2010-09-30": "1219.08100", "2010-06-30": "1202.88100", "2010-03-31": "1192.96900", "2009-12-31": "1159.27800", "2009-09-30": "1174.76200", "2009-06-30": "1144.59200", "2009-03-31": "1109.05300", "2008-12-31": "1074.90500", "2008-09-30": "1076.45800", "2008-06-30": "1054.10600", "2008-03-31": "1007.73200", "2007-12-31": "981.04800", "2007-09-30": "981.93900", "2007-06-30": "956.70400", "2007-03-31": "933.63700", "2006-12-31": "892.19300", "2006-09-30": "889.88700", "2006-06-30": "865.80500", "2006-03-31": "709.72000", "2005-12-31": "641.64800", "2005-09-30": "640.08800", "2005-06-30": "610.66900", "2005-03-31": "566.13600"}}, "cash flow statement": {"Net Income/Loss": {"2020-12-31": "0.00000", "2019-12-31": "615.51800", "2018-12-31": "605.66800", "2017-12-31": "463.77400", "2016-12-31": "295.76500", "2015-12-31": "304.69000", "2014-12-31": "267.51400", "2013-12-31": "206.11300", "2012-12-31": "169.45200", "2011-12-31": "139.47000", "2010-12-31": "75.65100", "2009-12-31": "34.87100", "2008-12-31": "68.67700", "2007-12-31": "71.83200", "2006-12-31": "72.56900", "2005-12-31": "53.47500"}, "Total Depreciation And Amortization - Cash Flow": {"2020-12-31": "", "2019-12-31": "253.68100", "2018-12-31": "230.35700", "2017-12-31": "205.76300", "2016-12-31": "189.86700", "2015-12-31": "165.34300", "2014-12-31": "146.46600", "2013-12-31": "127.07200", "2012-12-31": "110.74300", "2011-12-31": "90.82000", "2010-12-31": "80.36200", "2009-12-31": "94.78400", "2008-12-31": "87.11300", "2007-12-31": "79.86300", "2006-12-31": "67.63400", "2005-12-31": "55.89700"}, "Other Non-Cash Items": {"2020-12-31": "", "2019-12-31": "47.00600", "2018-12-31": "63.08000", "2017-12-31": "-78.12300", "2016-12-31": "36.38600", "2015-12-31": "40.05000", "2014-12-31": "24.82800", "2013-12-31": "26.99300", "2012-12-31": "17.76000", "2011-12-31": "44.61100", "2010-12-31": "8.38200", "2009-12-31": "10.95100", "2008-12-31": "3.21100", "2007-12-31": "6.79200", "2006-12-31": "7.45800", "2005-12-31": "-0.07500"}, "Total Non-Cash Items": {"2020-12-31": "", "2019-12-31": "300.68700", "2018-12-31": "293.43700", "2017-12-31": "127.64000", "2016-12-31": "226.25300", "2015-12-31": "205.39300", "2014-12-31": "171.29400", "2013-12-31": "154.06500", "2012-12-31": "128.50300", "2011-12-31": "135.43100", "2010-12-31": "88.74400", "2009-12-31": "105.73500", "2008-12-31": "90.32400", "2007-12-31": "86.65500", "2006-12-31": "75.09200", "2005-12-31": "55.82200"}, "Change In Accounts Receivable": {"2020-12-31": "", "2019-12-31": "30.33000", "2018-12-31": "-34.66600", "2017-12-31": "-76.35300", "2016-12-31": "-11.17600", "2015-12-31": "-8.67200", "2014-12-31": "-54.44300", "2013-12-31": "-30.06300", "2012-12-31": "-5.41000", "2011-12-31": "-40.41400", "2010-12-31": "-36.16900", "2009-12-31": "2.80600", "2008-12-31": "12.30500", "2007-12-31": "-9.17300", "2006-12-31": "-13.63100", "2005-12-31": "-20.76900"}, "Change In Inventories": {"2020-12-31": "", "2019-12-31": "", "2018-12-31": "", "2017-12-31": "", "2016-12-31": "", "2015-12-31": "", "2014-12-31": "", "2013-12-31": "", "2012-12-31": "", "2011-12-31": "", "2010-12-31": "", "2009-12-31": "", "2008-12-31": "", "2007-12-31": "", "2006-12-31": "", "2005-12-31": ""}, "Change In Accounts Payable": {"2020-12-31": "", "2019-12-31": "-8.26400", "2018-12-31": "4.78900", "2017-12-31": "-15.48700", "2016-12-31": "22.44200", "2015-12-31": "21.46000", "2014-12-31": "8.52600", "2013-12-31": "-8.10300", "2012-12-31": "2.79500", "2011-12-31": "12.87500", "2010-12-31": "-4.24700", "2009-12-31": "-7.53100", "2008-12-31": "7.65800", "2007-12-31": "-4.34500", "2006-12-31": "6.71900", "2005-12-31": "5.66200"}, "Change In Assets/Liabilities": {"2020-12-31": "", "2019-12-31": "7.70800", "2018-12-31": "40.55900", "2017-12-31": "39.81600", "2016-12-31": "11.11500", "2015-12-31": "19.49800", "2014-12-31": "35.54100", "2013-12-31": "40.68100", "2012-12-31": "23.45200", "2011-12-31": "27.34800", "2010-12-31": "20.15600", "2009-12-31": "-7.97700", "2008-12-31": "18.22200", "2007-12-31": "15.28100", "2006-12-31": "19.88100", "2005-12-31": "16.72800"}, "Total Change In Assets/Liabilities": {"2020-12-31": "", "2019-12-31": "67.68300", "2018-12-31": "1.01100", "2017-12-31": "-55.12000", "2016-12-31": "43.56500", "2015-12-31": "43.79700", "2014-12-31": "-47.13400", "2013-12-31": "-9.51200", "2012-12-31": "30.10100", "2011-12-31": "3.03300", "2010-12-31": "-23.87300", "2009-12-31": "-9.89000", "2008-12-31": "37.50500", "2007-12-31": "-0.75100", "2006-12-31": "6.94900", "2005-12-31": "4.32500"}, "Cash Flow From Operating Activities": {"2020-12-31": "", "2019-12-31": "983.88800", "2018-12-31": "900.11600", "2017-12-31": "536.29400", "2016-12-31": "565.58300", "2015-12-31": "553.88000", "2014-12-31": "391.67400", "2013-12-31": "350.66600", "2012-12-31": "328.05600", "2011-12-31": "277.93400", "2010-12-31": "140.52200", "2009-12-31": "130.71600", "2008-12-31": "196.50600", "2007-12-31": "157.73600", "2006-12-31": "154.61000", "2005-12-31": "113.62200"}, "Net Change In Property, Plant, And Equipment": {"2020-12-31": "", "2019-12-31": "-473.63900", "2018-12-31": "-581.30900", "2017-12-31": "-369.88500", "2016-12-31": "-407.40000", "2015-12-31": "-437.61700", "2014-12-31": "-345.81400", "2013-12-31": "-284.37100", "2012-12-31": "-361.17500", "2011-12-31": "-245.33200", "2010-12-31": "-103.74300", "2009-12-31": "-208.58500", "2008-12-31": "-178.01600", "2007-12-31": "-181.60000", "2006-12-31": "-193.47200", "2005-12-31": "-137.37500"}, "Net Change In Intangible Assets": {"2020-12-31": "", "2019-12-31": "", "2018-12-31": "", "2017-12-31": "", "2016-12-31": "", "2015-12-31": "", "2014-12-31": "", "2013-12-31": "", "2012-12-31": "", "2011-12-31": "", "2010-12-31": "", "2009-12-31": "", "2008-12-31": "", "2007-12-31": "", "2006-12-31": "", "2005-12-31": ""}, "Net Acquisitions/Divestitures": {"2020-12-31": "", "2019-12-31": "", "2018-12-31": "", "2017-12-31": "", "2016-12-31": "", "2015-12-31": "", "2014-12-31": "", "2013-12-31": "", "2012-12-31": "", "2011-12-31": "", "2010-12-31": "", "2009-12-31": "", "2008-12-31": "-7.26700", "2007-12-31": "-20.43100", "2006-12-31": "-19.41400", "2005-12-31": "-23.11300"}, "Net Change In Short-term Investments": {"2020-12-31": "", "2019-12-31": "", "2018-12-31": "", "2017-12-31": "", "2016-12-31": "", "2015-12-31": "", "2014-12-31": "", "2013-12-31": "", "2012-12-31": "", "2011-12-31": "", "2010-12-31": "", "2009-12-31": "4.86100", "2008-12-31": "19.48400", "2007-12-31": "60.78500", "2006-12-31": "-85.16000", "2005-12-31": ""}, "Net Change In Long-Term Investments": {"2020-12-31": "", "2019-12-31": "", "2018-12-31": "", "2017-12-31": "", "2016-12-31": "", "2015-12-31": "", "2014-12-31": "", "2013-12-31": "", "2012-12-31": "", "2011-12-31": "", "2010-12-31": "", "2009-12-31": "", "2008-12-31": "", "2007-12-31": "", "2006-12-31": "", "2005-12-31": ""}, "Net Change In Investments - Total": {"2020-12-31": "", "2019-12-31": "", "2018-12-31": "", "2017-12-31": "", "2016-12-31": "", "2015-12-31": "", "2014-12-31": "", "2013-12-31": "", "2012-12-31": "", "2011-12-31": "", "2010-12-31": "", "2009-12-31": "4.86100", "2008-12-31": "19.48400", "2007-12-31": "60.78500", "2006-12-31": "-85.16000", "2005-12-31": ""}, "Investing Activities - Other": {"2020-12-31": "", "2019-12-31": "", "2018-12-31": "0.91800", "2017-12-31": "2.13900", "2016-12-31": "", "2015-12-31": "", "2014-12-31": "", "2013-12-31": "", "2012-12-31": "", "2011-12-31": "", "2010-12-31": "", "2009-12-31": "", "2008-12-31": "", "2007-12-31": "", "2006-12-31": "", "2005-12-31": ""}, "Cash Flow From Investing Activities": {"2020-12-31": "", "2019-12-31": "-473.63900", "2018-12-31": "-580.39100", "2017-12-31": "-367.74600", "2016-12-31": "-407.40000", "2015-12-31": "-437.61700", "2014-12-31": "-345.81400", "2013-12-31": "-284.37100", "2012-12-31": "-361.17500", "2011-12-31": "-245.33200", "2010-12-31": "-103.74300", "2009-12-31": "-203.72400", "2008-12-31": "-165.79900", "2007-12-31": "-141.24600", "2006-12-31": "-298.04600", "2005-12-31": "-160.48800"}, "Net Long-Term Debt": {"2020-12-31": "", "2019-12-31": "", "2018-12-31": "-50.00000", "2017-12-31": "", "2016-12-31": "-26.48800", "2015-12-31": "-37.77800", "2014-12-31": "-35.71500", "2013-12-31": "-38.97800", "2012-12-31": "-39.87200", "2011-12-31": "55.62800", "2010-12-31": "-36.68100", "2009-12-31": "-11.97200", "2008-12-31": "-12.93100", "2007-12-31": "-12.72600", "2006-12-31": "157.09900", "2005-12-31": "53.37300"}, "Net Current Debt": {"2020-12-31": "", "2019-12-31": "", "2018-12-31": "", "2017-12-31": "-9.97500", "2016-12-31": "-2.34200", "2015-12-31": "12.31700", "2014-12-31": "", "2013-12-31": "-10.00000", "2012-12-31": "10.00000", "2011-12-31": "-66.23000", "2010-12-31": "1.18300", "2009-12-31": "65.04700", "2008-12-31": "", "2007-12-31": "", "2006-12-31": "-11.47300", "2005-12-31": "-5.86000"}, "Debt Issuance/Retirement Net - Total": {"2020-12-31": "", "2019-12-31": "", "2018-12-31": "-50.00000", "2017-12-31": "-9.97500", "2016-12-31": "-28.83000", "2015-12-31": "-25.46100", "2014-12-31": "-35.71500", "2013-12-31": "-48.97800", "2012-12-31": "-29.87200", "2011-12-31": "-10.60200", "2010-12-31": "-35.49800", "2009-12-31": "53.07500", "2008-12-31": "-12.93100", "2007-12-31": "-12.72600", "2006-12-31": "145.62600", "2005-12-31": "47.51300"}, "Net Common Equity Issued/Repurchased": {"2020-12-31": "", "2019-12-31": "-240.96000", "2018-12-31": "-163.26500", "2017-12-31": "-8.01300", "2016-12-31": "-130.31600", "2015-12-31": "-114.11700", "2014-12-31": "-5.53200", "2013-12-31": "", "2012-12-31": "", "2011-12-31": "48.40000", "2010-12-31": "", "2009-12-31": "", "2008-12-31": "", "2007-12-31": "", "2006-12-31": "", "2005-12-31": ""}, "Net Total Equity Issued/Repurchased": {"2020-12-31": "", "2019-12-31": "-240.96000", "2018-12-31": "-163.26500", "2017-12-31": "-8.01300", "2016-12-31": "-130.31600", "2015-12-31": "-114.11700", "2014-12-31": "-5.53200", "2013-12-31": "", "2012-12-31": "", "2011-12-31": "48.40000", "2010-12-31": "", "2009-12-31": "", "2008-12-31": "", "2007-12-31": "", "2006-12-31": "", "2005-12-31": ""}, "Total Common And Preferred Stock Dividends Paid": {"2020-12-31": "", "2019-12-31": "-54.55200", "2018-12-31": "-42.56600", "2017-12-31": "-32.92500", "2016-12-31": "", "2015-12-31": "", "2014-12-31": "", "2013-12-31": "", "2012-12-31": "", "2011-12-31": "", "2010-12-31": "", "2009-12-31": "", "2008-12-31": "", "2007-12-31": "", "2006-12-31": "", "2005-12-31": ""}, "Financial Activities - Other": {"2020-12-31": "", "2019-12-31": "-1.44800", "2018-12-31": "-1.07400", "2017-12-31": "-0.34400", "2016-12-31": "-0.33800", "2015-12-31": "", "2014-12-31": "", "2013-12-31": "", "2012-12-31": "-0.00200", "2011-12-31": "", "2010-12-31": "-0.00200", "2009-12-31": "", "2008-12-31": "", "2007-12-31": "", "2006-12-31": "-0.61200", "2005-12-31": "-0.40300"}, "Cash Flow From Financial Activities": {"2020-12-31": "", "2019-12-31": "-296.96000", "2018-12-31": "-256.90500", "2017-12-31": "-51.25700", "2016-12-31": "-159.48400", "2015-12-31": "-139.57800", "2014-12-31": "-41.24700", "2013-12-31": "-48.97800", "2012-12-31": "-29.87400", "2011-12-31": "37.79800", "2010-12-31": "-35.50000", "2009-12-31": "53.07500", "2008-12-31": "-12.93100", "2007-12-31": "-12.72600", "2006-12-31": "145.01400", "2005-12-31": "47.11000"}, "Net Cash Flow": {"2020-12-31": "", "2019-12-31": "213.28900", "2018-12-31": "62.82000", "2017-12-31": "117.29100", "2016-12-31": "-1.30100", "2015-12-31": "-23.31500", "2014-12-31": "4.61300", "2013-12-31": "17.31700", "2012-12-31": "-62.99300", "2011-12-31": "70.40000", "2010-12-31": "1.27900", "2009-12-31": "-19.93300", "2008-12-31": "17.77600", "2007-12-31": "3.76400", "2006-12-31": "1.57800", "2005-12-31": "0.24400"}, "Stock-Based Compensation": {"2020-12-31": "", "2019-12-31": "16.71700", "2018-12-31": "4.89400", "2017-12-31": "3.24200", "2016-12-31": "1.41000", "2015-12-31": "", "2014-12-31": "", "2013-12-31": "", "2012-12-31": "", "2011-12-31": "", "2010-12-31": "", "2009-12-31": "", "2008-12-31": "", "2007-12-31": "", "2006-12-31": "", "2005-12-31": ""}, "Common Stock Dividends Paid": {"2020-12-31": "", "2019-12-31": "-54.55200", "2018-12-31": "-42.56600", "2017-12-31": "-32.92500", "2016-12-31": "", "2015-12-31": "", "2014-12-31": "", "2013-12-31": "", "2012-12-31": "", "2011-12-31": "", "2010-12-31": "", "2009-12-31": "", "2008-12-31": "", "2007-12-31": "", "2006-12-31": "", "2005-12-31": ""}}, "cash flow statement, quarterly": {"Net Income/Loss": {"2020-12-31": -482.85, "2020-09-30": 201.868, "2020-06-30": 147.805, "2020-03-31": "133.17700", "2019-12-31": 144.024, "2019-09-30": 164.099, "2019-06-30": 174.072, "2019-03-31": "133.32300", "2018-12-31": 159.459, "2018-09-30": 173.442, "2018-06-30": 163.434, "2018-03-31": "109.33300", "2017-12-31": 197.25, "2017-09-30": 102.314, "2017-06-30": 98.418, "2017-03-31": "65.79200", "2016-12-31": 68.511, "2016-09-30": 85.581, "2016-06-30": 81.388, "2016-03-31": "60.28500", "2015-12-31": 72.224, "2015-09-30": 84.368, "2015-06-30": 85.574, "2015-03-31": "62.52400", "2014-12-31": 69.869, "2014-09-30": 77.909, "2014-06-30": 73.849, "2014-03-31": "45.88700", "2013-12-31": 47.156, "2013-09-30": 60.149, "2013-06-30": 58.255, "2013-03-31": "40.55300", "2012-12-31": 39.481, "2012-09-30": 51.044, "2012-06-30": 47.832, "2012-03-31": "31.09500", "2011-12-31": 39.883, "2011-09-30": 38.631, "2011-06-30": 39.383, "2011-03-31": "21.57300", "2010-12-31": 22.056, "2010-09-30": 24.381, "2010-06-30": 21.513, "2010-03-31": "7.70100", "2009-12-31": 9.681, "2009-09-30": 10.495, "2009-06-30": 10.722, "2009-03-31": "3.97300", "2008-12-31": 11.048, "2008-09-30": 23.359, "2008-06-30": 23.881, "2008-03-31": "10.38900", "2007-12-31": 15.712, "2007-09-30": 20.01, "2007-06-30": 22.539, "2007-03-31": "13.57100", "2006-12-31": 17.841, "2006-09-30": 20.103, "2006-06-30": 21.605, "2006-03-31": "13.02000", "2005-12-31": 53.475, "2005-09-30": 0, "2005-06-30": 0, "2005-03-31": "0.00000"}, "Total Depreciation And Amortization - Cash Flow": {"2020-12-31": -196.157, "2020-09-30": 64.987, "2020-06-30": 65.735, "2020-03-31": "65.43500", "2019-12-31": 64.544, "2019-09-30": 63.493, "2019-06-30": 62.571, "2019-03-31": "63.07300", "2018-12-31": 62.555, "2018-09-30": 58.086, "2018-06-30": 56.235, "2018-03-31": "53.48100", "2017-12-31": 53.093, "2017-09-30": 51.934, "2017-06-30": 50.449, "2017-03-31": "50.28700", "2016-12-31": 49.574, "2016-09-30": 49.041, "2016-06-30": 46.48, "2016-03-31": "44.77200", "2015-12-31": 44.223, "2015-09-30": 42.561, "2015-06-30": 39.771, "2015-03-31": "38.78800", "2014-12-31": 39.546, "2014-09-30": 37.707, "2014-06-30": 35.121, "2014-03-31": "34.09200", "2013-12-31": 33.807, "2013-09-30": 32.914, "2013-06-30": 30.517, "2013-03-31": "29.83400", "2012-12-31": 29.948, "2012-09-30": 28.727, "2012-06-30": 26.524, "2012-03-31": "25.54400", "2011-12-31": 24.29, "2011-09-30": 23.396, "2011-06-30": 22.013, "2011-03-31": "21.12100", "2010-12-31": 19.862, "2010-09-30": 19.396, "2010-06-30": 19.553, "2010-03-31": "21.55100", "2009-12-31": 23.801, "2009-09-30": 24.036, "2009-06-30": 23.948, "2009-03-31": "22.99900", "2008-12-31": 22.364, "2008-09-30": 22.054, "2008-06-30": 21.522, "2008-03-31": "21.17300", "2007-12-31": 20.813, "2007-09-30": 20.556, "2007-06-30": 20.062, "2007-03-31": "18.43200", "2006-12-31": 17.865, "2006-09-30": 17.476, "2006-06-30": 16.756, "2006-03-31": "15.53700", "2005-12-31": 55.897, "2005-09-30": 0, "2005-06-30": 0, "2005-03-31": ""}, "Other Non-Cash Items": {"2020-12-31": 16.523, "2020-09-30": -7.545, "2020-06-30": -11.129, "2020-03-31": "2.15100", "2019-12-31": 36.019, "2019-09-30": 6.053, "2019-06-30": 2.524, "2019-03-31": "2.41000", "2018-12-31": 59.593, "2018-09-30": 0.427, "2018-06-30": 1.564, "2018-03-31": "1.49600", "2017-12-31": -83.059, "2017-09-30": 2.861, "2017-06-30": 1.288, "2017-03-31": "0.78700", "2016-12-31": 34.9, "2016-09-30": 0.54, "2016-06-30": 0.746, "2016-03-31": "0.20000", "2015-12-31": 42.227, "2015-09-30": -0.477, "2015-06-30": -1.667, "2015-03-31": "-0.03300", "2014-12-31": 34.278, "2014-09-30": 7.421, "2014-06-30": -16.017, "2014-03-31": "-0.85400", "2013-12-31": -1.114, "2013-09-30": 28.372, "2013-06-30": 3.424, "2013-03-31": "-3.68900", "2012-12-31": 5.096, "2012-09-30": 14.158, "2012-06-30": 11.775, "2012-03-31": "-13.26900", "2011-12-31": 10.032, "2011-09-30": 18.671, "2011-06-30": 20.037, "2011-03-31": "-4.12900", "2010-12-31": 7.666, "2010-09-30": 4.667, "2010-06-30": 1.243, "2010-03-31": "-5.19400", "2009-12-31": -1.026, "2009-09-30": 4.248, "2009-06-30": 7.185, "2009-03-31": "0.54400", "2008-12-31": 1.711, "2008-09-30": -2.033, "2008-06-30": 2.992, "2008-03-31": "0.54100", "2007-12-31": 0.378, "2007-09-30": 3.74, "2007-06-30": 1.222, "2007-03-31": "1.45200", "2006-12-31": 1.992, "2006-09-30": 3.108, "2006-06-30": 2.582, "2006-03-31": "-0.22400", "2005-12-31": -0.075, "2005-09-30": 0, "2005-06-30": 0, "2005-03-31": ""}, "Total Non-Cash Items": {"2020-12-31": -179.634, "2020-09-30": 57.442, "2020-06-30": 54.606, "2020-03-31": "67.58600", "2019-12-31": 100.563, "2019-09-30": 69.546, "2019-06-30": 65.095, "2019-03-31": "65.48300", "2018-12-31": 122.148, "2018-09-30": 58.513, "2018-06-30": 57.799, "2018-03-31": "54.97700", "2017-12-31": -29.966, "2017-09-30": 54.795, "2017-06-30": 51.737, "2017-03-31": "51.07400", "2016-12-31": 84.474, "2016-09-30": 49.581, "2016-06-30": 47.226, "2016-03-31": "44.97200", "2015-12-31": 86.45, "2015-09-30": 42.084, "2015-06-30": 38.104, "2015-03-31": "38.75500", "2014-12-31": 73.824, "2014-09-30": 45.128, "2014-06-30": 19.104, "2014-03-31": "33.23800", "2013-12-31": 32.693, "2013-09-30": 61.286, "2013-06-30": 33.941, "2013-03-31": "26.14500", "2012-12-31": 35.044, "2012-09-30": 42.885, "2012-06-30": 38.299, "2012-03-31": "12.27500", "2011-12-31": 34.322, "2011-09-30": 42.067, "2011-06-30": 42.05, "2011-03-31": "16.99200", "2010-12-31": 27.528, "2010-09-30": 24.063, "2010-06-30": 20.796, "2010-03-31": "16.35700", "2009-12-31": 22.775, "2009-09-30": 28.284, "2009-06-30": 31.133, "2009-03-31": "23.54300", "2008-12-31": 24.075, "2008-09-30": 20.021, "2008-06-30": 24.514, "2008-03-31": "21.71400", "2007-12-31": 21.191, "2007-09-30": 24.296, "2007-06-30": 21.284, "2007-03-31": "19.88400", "2006-12-31": 19.857, "2006-09-30": 20.584, "2006-06-30": 19.338, "2006-03-31": "15.31300", "2005-12-31": 55.822, "2005-09-30": 0, "2005-06-30": 0, "2005-03-31": ""}, "Change In Accounts Receivable": {"2020-12-31": 0, "2020-09-30": 0, "2020-06-30": 0, "2020-03-31": "", "2019-12-31": 30.33, "2019-09-30": 0, "2019-06-30": 0, "2019-03-31": "", "2018-12-31": -34.666, "2018-09-30": 0, "2018-06-30": 0, "2018-03-31": "", "2017-12-31": -76.353, "2017-09-30": 0, "2017-06-30": 0, "2017-03-31": "", "2016-12-31": -11.176, "2016-09-30": 0, "2016-06-30": 0, "2016-03-31": "", "2015-12-31": -8.672, "2015-09-30": 0, "2015-06-30": 0, "2015-03-31": "", "2014-12-31": -54.443, "2014-09-30": 0, "2014-06-30": 0, "2014-03-31": "", "2013-12-31": -30.063, "2013-09-30": 0, "2013-06-30": 0, "2013-03-31": "", "2012-12-31": -5.41, "2012-09-30": 0, "2012-06-30": 0, "2012-03-31": "", "2011-12-31": -40.414, "2011-09-30": 0, "2011-06-30": 0, "2011-03-31": "", "2010-12-31": -36.169, "2010-09-30": 0, "2010-06-30": 0, "2010-03-31": "", "2009-12-31": 2.806, "2009-09-30": 0, "2009-06-30": 0, "2009-03-31": "", "2008-12-31": 12.305, "2008-09-30": 0, "2008-06-30": 0, "2008-03-31": "", "2007-12-31": -9.173, "2007-09-30": 0, "2007-06-30": 0, "2007-03-31": "", "2006-12-31": -13.631, "2006-09-30": 0, "2006-06-30": 0, "2006-03-31": "", "2005-12-31": -20.769, "2005-09-30": 0, "2005-06-30": 0, "2005-03-31": ""}, "Change In Inventories": {"2020-12-31": 0, "2020-09-30": 0, "2020-06-30": 0, "2020-03-31": "", "2019-12-31": 0, "2019-09-30": 0, "2019-06-30": 0, "2019-03-31": "", "2018-12-31": 0, "2018-09-30": 0, "2018-06-30": 0, "2018-03-31": "", "2017-12-31": 0, "2017-09-30": 0, "2017-06-30": 0, "2017-03-31": "", "2016-12-31": 0, "2016-09-30": 0, "2016-06-30": 0, "2016-03-31": "", "2015-12-31": 0, "2015-09-30": 0, "2015-06-30": 0, "2015-03-31": "", "2014-12-31": 0, "2014-09-30": 0, "2014-06-30": 0, "2014-03-31": "", "2013-12-31": 0, "2013-09-30": 0, "2013-06-30": 0, "2013-03-31": "", "2012-12-31": 0, "2012-09-30": 0, "2012-06-30": 0, "2012-03-31": "", "2011-12-31": 0, "2011-09-30": 0, "2011-06-30": 0, "2011-03-31": "", "2010-12-31": 0, "2010-09-30": 0, "2010-06-30": 0, "2010-03-31": "", "2009-12-31": 0, "2009-09-30": 0, "2009-06-30": 0, "2009-03-31": "", "2008-12-31": 0, "2008-09-30": 0, "2008-06-30": 0, "2008-03-31": "", "2007-12-31": 0, "2007-09-30": 0, "2007-06-30": 0, "2007-03-31": "", "2006-12-31": 0, "2006-09-30": 0, "2006-06-30": 0, "2006-03-31": "", "2005-12-31": 0, "2005-09-30": 0, "2005-06-30": 0, "2005-03-31": ""}, "Change In Accounts Payable": {"2020-12-31": 0, "2020-09-30": 0, "2020-06-30": 0, "2020-03-31": "", "2019-12-31": -8.264, "2019-09-30": 0, "2019-06-30": 0, "2019-03-31": "", "2018-12-31": 4.789, "2018-09-30": 0, "2018-06-30": 0, "2018-03-31": "", "2017-12-31": -15.487, "2017-09-30": 0, "2017-06-30": 0, "2017-03-31": "", "2016-12-31": 22.442, "2016-09-30": 0, "2016-06-30": 0, "2016-03-31": "", "2015-12-31": 21.46, "2015-09-30": 0, "2015-06-30": 0, "2015-03-31": "", "2014-12-31": 8.526, "2014-09-30": 0, "2014-06-30": 0, "2014-03-31": "", "2013-12-31": -8.103, "2013-09-30": 0, "2013-06-30": 0, "2013-03-31": "", "2012-12-31": 2.795, "2012-09-30": 0, "2012-06-30": 0, "2012-03-31": "", "2011-12-31": 12.875, "2011-09-30": 0, "2011-06-30": 0, "2011-03-31": "", "2010-12-31": -4.247, "2010-09-30": 0, "2010-06-30": 0, "2010-03-31": "", "2009-12-31": -7.531, "2009-09-30": 0, "2009-06-30": 0, "2009-03-31": "", "2008-12-31": 7.658, "2008-09-30": 0, "2008-06-30": 0, "2008-03-31": "", "2007-12-31": -4.345, "2007-09-30": 0, "2007-06-30": 0, "2007-03-31": "", "2006-12-31": 6.719, "2006-09-30": 0, "2006-06-30": 0, "2006-03-31": "", "2005-12-31": 5.662, "2005-09-30": 0, "2005-06-30": 0, "2005-03-31": ""}, "Change In Assets/Liabilities": {"2020-12-31": 0, "2020-09-30": 0, "2020-06-30": 0, "2020-03-31": "", "2019-12-31": 7.708, "2019-09-30": 0, "2019-06-30": 0, "2019-03-31": "", "2018-12-31": 40.559, "2018-09-30": 0, "2018-06-30": 0, "2018-03-31": "", "2017-12-31": 39.816, "2017-09-30": 0, "2017-06-30": 0, "2017-03-31": "", "2016-12-31": 11.115, "2016-09-30": 0, "2016-06-30": 0, "2016-03-31": "", "2015-12-31": 19.498, "2015-09-30": 0, "2015-06-30": 0, "2015-03-31": "", "2014-12-31": 35.541, "2014-09-30": 0, "2014-06-30": 0, "2014-03-31": "", "2013-12-31": 40.681, "2013-09-30": 0, "2013-06-30": 0, "2013-03-31": "", "2012-12-31": 23.452, "2012-09-30": 0, "2012-06-30": 0, "2012-03-31": "", "2011-12-31": 27.348, "2011-09-30": 0, "2011-06-30": 0, "2011-03-31": "", "2010-12-31": 20.156, "2010-09-30": -2.813, "2010-06-30": -8.171, "2010-03-31": "10.98400", "2009-12-31": 7.962, "2009-09-30": -1.51, "2009-06-30": -19.544, "2009-03-31": "5.11500", "2008-12-31": 10.651, "2008-09-30": 6.644, "2008-06-30": -5.6, "2008-03-31": "6.52700", "2007-12-31": 17.249, "2007-09-30": -8.094, "2007-06-30": -17.008, "2007-03-31": "23.13400", "2006-12-31": 11.175, "2006-09-30": 1.79, "2006-06-30": -12.558, "2006-03-31": "19.47400", "2005-12-31": 16.728, "2005-09-30": 0, "2005-06-30": 0, "2005-03-31": ""}, "Total Change In Assets/Liabilities": {"2020-12-31": 0, "2020-09-30": 0, "2020-06-30": 0, "2020-03-31": "", "2019-12-31": 67.683, "2019-09-30": 0, "2019-06-30": 0, "2019-03-31": "", "2018-12-31": 1.011, "2018-09-30": 0, "2018-06-30": 0, "2018-03-31": "", "2017-12-31": -55.12, "2017-09-30": 0, "2017-06-30": 0, "2017-03-31": "", "2016-12-31": 43.565, "2016-09-30": 0, "2016-06-30": 0, "2016-03-31": "", "2015-12-31": 43.797, "2015-09-30": 0, "2015-06-30": 0, "2015-03-31": "", "2014-12-31": -47.134, "2014-09-30": 0, "2014-06-30": 0, "2014-03-31": "", "2013-12-31": -9.512, "2013-09-30": 0, "2013-06-30": 0, "2013-03-31": "", "2012-12-31": 30.101, "2012-09-30": 0, "2012-06-30": 0, "2012-03-31": "", "2011-12-31": 3.033, "2011-09-30": 0, "2011-06-30": 0, "2011-03-31": "", "2010-12-31": -23.873, "2010-09-30": -2.813, "2010-06-30": -8.171, "2010-03-31": "10.98400", "2009-12-31": 6.049, "2009-09-30": -1.51, "2009-06-30": -19.544, "2009-03-31": "5.11500", "2008-12-31": 29.934, "2008-09-30": 6.644, "2008-06-30": -5.6, "2008-03-31": "6.52700", "2007-12-31": 1.217, "2007-09-30": -8.094, "2007-06-30": -17.008, "2007-03-31": "23.13400", "2006-12-31": -1.757, "2006-09-30": 1.79, "2006-06-30": -12.558, "2006-03-31": "19.47400", "2005-12-31": 4.325, "2005-09-30": 0, "2005-06-30": 0, "2005-03-31": ""}, "Cash Flow From Operating Activities": {"2020-12-31": -686.458, "2020-09-30": 170.242, "2020-06-30": 312.198, "2020-03-31": "204.01800", "2019-12-31": 236.373, "2019-09-30": 285.632, "2019-06-30": 255.708, "2019-03-31": "206.17500", "2018-12-31": 224.698, "2018-09-30": 250.727, "2018-06-30": 213.444, "2018-03-31": "211.24700", "2017-12-31": 148.281, "2017-09-30": 149.499, "2017-06-30": 127.705, "2017-03-31": "110.80900", "2016-12-31": 155.455, "2016-09-30": 117.897, "2016-06-30": 123.838, "2016-03-31": "168.39300", "2015-12-31": 181.606, "2015-09-30": 118.049, "2015-06-30": 81.631, "2015-03-31": "172.59400", "2014-12-31": 113.659, "2014-09-30": 96.342, "2014-06-30": 82.105, "2014-03-31": "99.56800", "2013-12-31": 97.28, "2013-09-30": 99.522, "2013-06-30": 90.33, "2013-03-31": "63.53400", "2012-12-31": 105.318, "2012-09-30": 78.316, "2012-06-30": 66.095, "2012-03-31": "78.32700", "2011-12-31": 77.585, "2011-09-30": 81.169, "2011-06-30": 45.373, "2011-03-31": "73.80700", "2010-12-31": 30.357, "2010-09-30": 40.985, "2010-06-30": 34.138, "2010-03-31": "35.04200", "2009-12-31": 38.505, "2009-09-30": 37.269, "2009-06-30": 22.311, "2009-03-31": "32.63100", "2008-12-31": 65.057, "2008-09-30": 50.024, "2008-06-30": 42.795, "2008-03-31": "38.63000", "2007-12-31": 38.12, "2007-09-30": 36.212, "2007-06-30": 26.815, "2007-03-31": "56.58900", "2006-12-31": 35.941, "2006-09-30": 42.477, "2006-06-30": 28.385, "2006-03-31": "47.80700", "2005-12-31": 23.68, "2005-09-30": 32.457, "2005-06-30": 17.144, "2005-03-31": "40.34100"}, "Net Change In Property, Plant, And Equipment": {"2020-12-31": 163.048, "2020-09-30": -45.49, "2020-06-30": -66.89, "2020-03-31": "-50.66800", "2019-12-31": -105.927, "2019-09-30": -138.122, "2019-06-30": -159.126, "2019-03-31": "-70.46400", "2018-12-31": -114.772, "2018-09-30": -174.796, "2018-06-30": -191.53, "2018-03-31": "-100.21100", "2017-12-31": -90.682, "2017-09-30": -98.274, "2017-06-30": -125.76, "2017-03-31": "-55.16900", "2016-12-31": -60.85, "2016-09-30": -54.014, "2016-06-30": -172.933, "2016-03-31": "-119.60300", "2015-12-31": -94.974, "2015-09-30": -121.741, "2015-06-30": -150.6, "2015-03-31": "-70.30200", "2014-12-31": -53.306, "2014-09-30": -92.165, "2014-06-30": -122.56, "2014-03-31": "-77.78300", "2013-12-31": -64.526, "2013-09-30": -72.104, "2013-06-30": -121.607, "2013-03-31": "-26.13400", "2012-12-31": -56.959, "2012-09-30": -97.295, "2012-06-30": -118.156, "2012-03-31": "-88.76500", "2011-12-31": -40.642, "2011-09-30": -66.299, "2011-06-30": -81.178, "2011-03-31": "-57.21300", "2010-12-31": -35.382, "2010-09-30": -23.352, "2010-06-30": -17.91, "2010-03-31": "-27.09900", "2009-12-31": -29.122, "2009-09-30": -50.045, "2009-06-30": -52.051, "2009-03-31": "-77.36700", "2008-12-31": -75.518, "2008-09-30": -41.789, "2008-06-30": -43.602, "2008-03-31": "-17.10700", "2007-12-31": -17.551, "2007-09-30": -28.93, "2007-06-30": -53.939, "2007-03-31": "-81.18000", "2006-12-31": -27.445, "2006-09-30": -39.398, "2006-06-30": -62.235, "2006-03-31": "-64.39400", "2005-12-31": -18.608, "2005-09-30": -33.577, "2005-06-30": -46.49, "2005-03-31": "-38.70000"}, "Net Change In Intangible Assets": {"2020-12-31": 0, "2020-09-30": 0, "2020-06-30": 0, "2020-03-31": "", "2019-12-31": 0, "2019-09-30": 0, "2019-06-30": 0, "2019-03-31": "", "2018-12-31": 0, "2018-09-30": 0, "2018-06-30": 0, "2018-03-31": "", "2017-12-31": 0, "2017-09-30": 0, "2017-06-30": 0, "2017-03-31": "", "2016-12-31": 0, "2016-09-30": 0, "2016-06-30": 0, "2016-03-31": "", "2015-12-31": 0, "2015-09-30": 0, "2015-06-30": 0, "2015-03-31": "", "2014-12-31": 0, "2014-09-30": 0, "2014-06-30": 0, "2014-03-31": "", "2013-12-31": 0, "2013-09-30": 0, "2013-06-30": 0, "2013-03-31": "", "2012-12-31": 0, "2012-09-30": 0, "2012-06-30": 0, "2012-03-31": "", "2011-12-31": 0, "2011-09-30": 0, "2011-06-30": 0, "2011-03-31": "", "2010-12-31": 0, "2010-09-30": 0, "2010-06-30": 0, "2010-03-31": "", "2009-12-31": 0, "2009-09-30": 0, "2009-06-30": 0, "2009-03-31": "", "2008-12-31": 0, "2008-09-30": 0, "2008-06-30": 0, "2008-03-31": "", "2007-12-31": 0, "2007-09-30": 0, "2007-06-30": 0, "2007-03-31": "", "2006-12-31": 0, "2006-09-30": 0, "2006-06-30": 0, "2006-03-31": "", "2005-12-31": 0, "2005-09-30": 0, "2005-06-30": 0, "2005-03-31": ""}, "Net Acquisitions/Divestitures": {"2020-12-31": 0, "2020-09-30": 0, "2020-06-30": 0, "2020-03-31": "", "2019-12-31": 0, "2019-09-30": 0, "2019-06-30": 0, "2019-03-31": "", "2018-12-31": 0, "2018-09-30": 0, "2018-06-30": 0, "2018-03-31": "", "2017-12-31": 0, "2017-09-30": 0, "2017-06-30": 0, "2017-03-31": "", "2016-12-31": 0, "2016-09-30": 0, "2016-06-30": 0, "2016-03-31": "", "2015-12-31": 0, "2015-09-30": 0, "2015-06-30": 0, "2015-03-31": "", "2014-12-31": 0, "2014-09-30": 0, "2014-06-30": 0, "2014-03-31": "", "2013-12-31": 0, "2013-09-30": 0, "2013-06-30": 0, "2013-03-31": "", "2012-12-31": 0, "2012-09-30": 0, "2012-06-30": 0, "2012-03-31": "", "2011-12-31": 0, "2011-09-30": 0, "2011-06-30": 0, "2011-03-31": "", "2010-12-31": 0, "2010-09-30": 0, "2010-06-30": 0, "2010-03-31": "", "2009-12-31": 0, "2009-09-30": 0, "2009-06-30": 0, "2009-03-31": "", "2008-12-31": 0, "2008-09-30": 0, "2008-06-30": -0.138, "2008-03-31": "-7.12900", "2007-12-31": -1.828, "2007-09-30": -6.62, "2007-06-30": -11.983, "2007-03-31": "", "2006-12-31": -3.616, "2006-09-30": -6.949, "2006-06-30": -1.477, "2006-03-31": "-7.37200", "2005-12-31": 0, "2005-09-30": -0.648, "2005-06-30": 0, "2005-03-31": "-22.46500"}, "Net Change In Short-term Investments": {"2020-12-31": 205.301, "2020-09-30": -205.301, "2020-06-30": 0, "2020-03-31": "", "2019-12-31": 0, "2019-09-30": 0, "2019-06-30": 0, "2019-03-31": "", "2018-12-31": 0, "2018-09-30": 0, "2018-06-30": 0, "2018-03-31": "", "2017-12-31": 0, "2017-09-30": 0, "2017-06-30": 0, "2017-03-31": "", "2016-12-31": 0, "2016-09-30": 0, "2016-06-30": 0, "2016-03-31": "", "2015-12-31": 0, "2015-09-30": 0, "2015-06-30": 0, "2015-03-31": "", "2014-12-31": 0, "2014-09-30": 0, "2014-06-30": 0, "2014-03-31": "", "2013-12-31": 0, "2013-09-30": 0, "2013-06-30": 0, "2013-03-31": "", "2012-12-31": 0, "2012-09-30": 0, "2012-06-30": 0, "2012-03-31": "", "2011-12-31": 0, "2011-09-30": 0, "2011-06-30": 0, "2011-03-31": "", "2010-12-31": 0, "2010-09-30": 0, "2010-06-30": 0, "2010-03-31": "", "2009-12-31": 0, "2009-09-30": 0, "2009-06-30": 0, "2009-03-31": "4.86100", "2008-12-31": 4.1, "2008-09-30": -6.896, "2008-06-30": 1.495, "2008-03-31": "20.78500", "2007-12-31": -8.815, "2007-09-30": -0.035, "2007-06-30": 38.745, "2007-03-31": "30.89000", "2006-12-31": -5.619, "2006-09-30": 8.909, "2006-06-30": -88.45, "2006-03-31": "", "2005-12-31": 0, "2005-09-30": 0, "2005-06-30": 0, "2005-03-31": ""}, "Net Change In Long-Term Investments": {"2020-12-31": 0, "2020-09-30": 0, "2020-06-30": 0, "2020-03-31": "", "2019-12-31": 0, "2019-09-30": 0, "2019-06-30": 0, "2019-03-31": "", "2018-12-31": 0, "2018-09-30": 0, "2018-06-30": 0, "2018-03-31": "", "2017-12-31": 0, "2017-09-30": 0, "2017-06-30": 0, "2017-03-31": "", "2016-12-31": 0, "2016-09-30": 0, "2016-06-30": 0, "2016-03-31": "", "2015-12-31": 0, "2015-09-30": 0, "2015-06-30": 0, "2015-03-31": "", "2014-12-31": 0, "2014-09-30": 0, "2014-06-30": 0, "2014-03-31": "", "2013-12-31": 0, "2013-09-30": 0, "2013-06-30": 0, "2013-03-31": "", "2012-12-31": 0, "2012-09-30": 0, "2012-06-30": 0, "2012-03-31": "", "2011-12-31": 0, "2011-09-30": 0, "2011-06-30": 0, "2011-03-31": "", "2010-12-31": 0, "2010-09-30": 0, "2010-06-30": 0, "2010-03-31": "", "2009-12-31": 0, "2009-09-30": 0, "2009-06-30": 0, "2009-03-31": "", "2008-12-31": 0, "2008-09-30": 0, "2008-06-30": 0, "2008-03-31": "", "2007-12-31": 0, "2007-09-30": 0, "2007-06-30": 0, "2007-03-31": "", "2006-12-31": 0, "2006-09-30": 0, "2006-06-30": 0, "2006-03-31": "", "2005-12-31": 0, "2005-09-30": 0, "2005-06-30": 0, "2005-03-31": ""}, "Net Change In Investments - Total": {"2020-12-31": 205.301, "2020-09-30": -205.301, "2020-06-30": 0, "2020-03-31": "", "2019-12-31": 0, "2019-09-30": 0, "2019-06-30": 0, "2019-03-31": "", "2018-12-31": 0, "2018-09-30": 0, "2018-06-30": 0, "2018-03-31": "", "2017-12-31": 0, "2017-09-30": 0, "2017-06-30": 0, "2017-03-31": "", "2016-12-31": 0, "2016-09-30": 0, "2016-06-30": 0, "2016-03-31": "", "2015-12-31": 0, "2015-09-30": 0, "2015-06-30": 0, "2015-03-31": "", "2014-12-31": 0, "2014-09-30": 0, "2014-06-30": 0, "2014-03-31": "", "2013-12-31": 0, "2013-09-30": 0, "2013-06-30": 0, "2013-03-31": "", "2012-12-31": 0, "2012-09-30": 0, "2012-06-30": 0, "2012-03-31": "", "2011-12-31": 0, "2011-09-30": 0, "2011-06-30": 0, "2011-03-31": "", "2010-12-31": 0, "2010-09-30": 0, "2010-06-30": 0, "2010-03-31": "", "2009-12-31": 0, "2009-09-30": 0, "2009-06-30": 0, "2009-03-31": "4.86100", "2008-12-31": 4.1, "2008-09-30": -6.896, "2008-06-30": 1.495, "2008-03-31": "20.78500", "2007-12-31": -8.815, "2007-09-30": -0.035, "2007-06-30": 38.745, "2007-03-31": "30.89000", "2006-12-31": -5.619, "2006-09-30": 8.909, "2006-06-30": -88.45, "2006-03-31": "", "2005-12-31": 0, "2005-09-30": 0, "2005-06-30": 0, "2005-03-31": ""}, "Investing Activities - Other": {"2020-12-31": 0.1, "2020-09-30": -0.1, "2020-06-30": 0, "2020-03-31": "", "2019-12-31": 0, "2019-09-30": 0, "2019-06-30": 0, "2019-03-31": "", "2018-12-31": 0.119, "2018-09-30": 0.799, "2018-06-30": 0, "2018-03-31": "", "2017-12-31": 0, "2017-09-30": 2.139, "2017-06-30": 0, "2017-03-31": "", "2016-12-31": 0, "2016-09-30": 0, "2016-06-30": 0, "2016-03-31": "", "2015-12-31": 0, "2015-09-30": 0, "2015-06-30": 0, "2015-03-31": "", "2014-12-31": 0, "2014-09-30": 0, "2014-06-30": 0, "2014-03-31": "", "2013-12-31": 0, "2013-09-30": 0, "2013-06-30": 0, "2013-03-31": "", "2012-12-31": 0, "2012-09-30": 0, "2012-06-30": 0, "2012-03-31": "", "2011-12-31": 0, "2011-09-30": 0, "2011-06-30": 0, "2011-03-31": "", "2010-12-31": 0, "2010-09-30": 6.45, "2010-06-30": 0, "2010-03-31": "-6.45000", "2009-12-31": 0, "2009-09-30": 0, "2009-06-30": 0, "2009-03-31": "", "2008-12-31": 0, "2008-09-30": 0, "2008-06-30": 0, "2008-03-31": "", "2007-12-31": 0, "2007-09-30": 0, "2007-06-30": 0, "2007-03-31": "", "2006-12-31": 0, "2006-09-30": 0, "2006-06-30": 0, "2006-03-31": "", "2005-12-31": 0, "2005-09-30": 0, "2005-06-30": 0, "2005-03-31": ""}, "Cash Flow From Investing Activities": {"2020-12-31": 368.449, "2020-09-30": -250.891, "2020-06-30": -66.89, "2020-03-31": "-50.66800", "2019-12-31": -105.927, "2019-09-30": -138.122, "2019-06-30": -159.126, "2019-03-31": "-70.46400", "2018-12-31": -114.653, "2018-09-30": -173.997, "2018-06-30": -191.53, "2018-03-31": "-100.21100", "2017-12-31": -90.682, "2017-09-30": -96.135, "2017-06-30": -125.76, "2017-03-31": "-55.16900", "2016-12-31": -60.85, "2016-09-30": -54.014, "2016-06-30": -172.933, "2016-03-31": "-119.60300", "2015-12-31": -94.974, "2015-09-30": -121.741, "2015-06-30": -150.6, "2015-03-31": "-70.30200", "2014-12-31": -53.306, "2014-09-30": -92.165, "2014-06-30": -122.56, "2014-03-31": "-77.78300", "2013-12-31": -64.526, "2013-09-30": -72.104, "2013-06-30": -121.607, "2013-03-31": "-26.13400", "2012-12-31": -56.959, "2012-09-30": -97.295, "2012-06-30": -118.156, "2012-03-31": "-88.76500", "2011-12-31": -40.642, "2011-09-30": -66.299, "2011-06-30": -81.178, "2011-03-31": "-57.21300", "2010-12-31": -35.382, "2010-09-30": -16.902, "2010-06-30": -17.91, "2010-03-31": "-33.54900", "2009-12-31": -29.122, "2009-09-30": -50.045, "2009-06-30": -52.051, "2009-03-31": "-72.50600", "2008-12-31": -71.418, "2008-09-30": -48.685, "2008-06-30": -42.245, "2008-03-31": "-3.45100", "2007-12-31": -28.194, "2007-09-30": -35.585, "2007-06-30": -27.177, "2007-03-31": "-50.29000", "2006-12-31": -36.68, "2006-09-30": -37.438, "2006-06-30": -152.162, "2006-03-31": "-71.76600", "2005-12-31": -18.608, "2005-09-30": -34.225, "2005-06-30": -46.49, "2005-03-31": "-61.16500"}, "Net Long-Term Debt": {"2020-12-31": -99.923, "2020-09-30": 0, "2020-06-30": 99.923, "2020-03-31": "", "2019-12-31": 0, "2019-09-30": 0, "2019-06-30": 0, "2019-03-31": "", "2018-12-31": 0, "2018-09-30": 0, "2018-06-30": 0, "2018-03-31": "-50.00000", "2017-12-31": 0, "2017-09-30": 0, "2017-06-30": 0, "2017-03-31": "", "2016-12-31": 0, "2016-09-30": 0, "2016-06-30": -25.596, "2016-03-31": "-0.89200", "2015-12-31": -0.889, "2015-09-30": -0.967, "2015-06-30": -25.208, "2015-03-31": "-10.71400", "2014-12-31": 0, "2014-09-30": 0, "2014-06-30": -25, "2014-03-31": "-10.71500", "2013-12-31": -2.688, "2013-09-30": 0, "2013-06-30": -25.216, "2013-03-31": "-11.07400", "2012-12-31": -3.024, "2012-09-30": -0.482, "2012-06-30": -25.173, "2012-03-31": "-11.19300", "2011-12-31": -3.355, "2011-09-30": -1.272, "2011-06-30": -23.674, "2011-03-31": "83.92900", "2010-12-31": -0.133, "2010-09-30": -0.201, "2010-06-30": -25.199, "2010-03-31": "-11.14800", "2009-12-31": -0.195, "2009-09-30": -0.192, "2009-06-30": -0.388, "2009-03-31": "-11.19700", "2008-12-31": -0.478, "2008-09-30": -5.627, "2008-06-30": -0.159, "2008-03-31": "-6.66700", "2007-12-31": -0.253, "2007-09-30": -5.261, "2007-06-30": -0.339, "2007-03-31": "-6.87300", "2006-12-31": -0.301, "2006-09-30": -5.736, "2006-06-30": 170.795, "2006-03-31": "-7.65900", "2005-12-31": -1.46, "2005-09-30": -5.679, "2005-06-30": 20.558, "2005-03-31": "39.95400"}, "Net Current Debt": {"2020-12-31": 0, "2020-09-30": 0, "2020-06-30": 0, "2020-03-31": "", "2019-12-31": 0, "2019-09-30": 0, "2019-06-30": 0, "2019-03-31": "", "2018-12-31": 0, "2018-09-30": 0, "2018-06-30": 0, "2018-03-31": "", "2017-12-31": 0, "2017-09-30": 0, "2017-06-30": 0, "2017-03-31": "-9.97500", "2016-12-31": -88.154, "2016-09-30": -25.203, "2016-06-30": 118.606, "2016-03-31": "-7.59100", "2015-12-31": -50.683, "2015-09-30": 40, "2015-06-30": 23, "2015-03-31": "", "2014-12-31": -28.203, "2014-09-30": -15.797, "2014-06-30": 44, "2014-03-31": "", "2013-12-31": -11.996, "2013-09-30": -22.684, "2013-06-30": 34.68, "2013-03-31": "-10.00000", "2012-12-31": -39.38, "2012-09-30": 15.35, "2012-06-30": 34.03, "2012-03-31": "", "2011-12-31": 0, "2011-09-30": 0, "2011-06-30": 0, "2011-03-31": "-66.23000", "2010-12-31": 5.551, "2010-09-30": -23.606, "2010-06-30": 4.285, "2010-03-31": "14.95300", "2009-12-31": -8.658, "2009-09-30": 12.664, "2009-06-30": 30.458, "2009-03-31": "30.58300", "2008-12-31": 0, "2008-09-30": 0, "2008-06-30": 0, "2008-03-31": "", "2007-12-31": -4.322, "2007-09-30": 4.322, "2007-06-30": 0, "2007-03-31": "", "2006-12-31": 0, "2006-09-30": 0, "2006-06-30": -43.174, "2006-03-31": "31.70100", "2005-12-31": -9.027, "2005-09-30": 13.214, "2005-06-30": 7.286, "2005-03-31": "-17.33300"}, "Debt Issuance/Retirement Net - Total": {"2020-12-31": -99.923, "2020-09-30": 0, "2020-06-30": 99.923, "2020-03-31": "", "2019-12-31": 0, "2019-09-30": 0, "2019-06-30": 0, "2019-03-31": "", "2018-12-31": 0, "2018-09-30": 0, "2018-06-30": 0, "2018-03-31": "-50.00000", "2017-12-31": 0, "2017-09-30": 0, "2017-06-30": 0, "2017-03-31": "-9.97500", "2016-12-31": -88.154, "2016-09-30": -25.203, "2016-06-30": 93.01, "2016-03-31": "-8.48300", "2015-12-31": -51.572, "2015-09-30": 39.033, "2015-06-30": -2.208, "2015-03-31": "-10.71400", "2014-12-31": -28.203, "2014-09-30": -15.797, "2014-06-30": 19, "2014-03-31": "-10.71500", "2013-12-31": -14.684, "2013-09-30": -22.684, "2013-06-30": 9.464, "2013-03-31": "-21.07400", "2012-12-31": -42.404, "2012-09-30": 14.868, "2012-06-30": 8.857, "2012-03-31": "-11.19300", "2011-12-31": -3.355, "2011-09-30": -1.272, "2011-06-30": -23.674, "2011-03-31": "17.69900", "2010-12-31": 5.418, "2010-09-30": -23.807, "2010-06-30": -20.914, "2010-03-31": "3.80500", "2009-12-31": -8.853, "2009-09-30": 12.472, "2009-06-30": 30.07, "2009-03-31": "19.38600", "2008-12-31": -0.478, "2008-09-30": -5.627, "2008-06-30": -0.159, "2008-03-31": "-6.66700", "2007-12-31": -4.575, "2007-09-30": -0.939, "2007-06-30": -0.339, "2007-03-31": "-6.87300", "2006-12-31": -0.301, "2006-09-30": -5.736, "2006-06-30": 127.621, "2006-03-31": "24.04200", "2005-12-31": -10.487, "2005-09-30": 7.535, "2005-06-30": 27.844, "2005-03-31": "22.62100"}, "Net Common Equity Issued/Repurchased": {"2020-12-31": 306.791, "2020-09-30": 0, "2020-06-30": -128.497, "2020-03-31": "-178.29400", "2019-12-31": -35.614, "2019-09-30": -40.614, "2019-06-30": -134.136, "2019-03-31": "-30.59600", "2018-12-31": -86.676, "2018-09-30": -29.195, "2018-06-30": -30.095, "2018-03-31": "-17.29900", "2017-12-31": 0, "2017-09-30": -0.878, "2017-06-30": -7.085, "2017-03-31": "-0.05000", "2016-12-31": -11.294, "2016-09-30": -34.339, "2016-06-30": -40.037, "2016-03-31": "-44.64600", "2015-12-31": -35, "2015-09-30": -36.718, "2015-06-30": -29.072, "2015-03-31": "-13.32700", "2014-12-31": -5.532, "2014-09-30": 0, "2014-06-30": 0, "2014-03-31": "", "2013-12-31": 0, "2013-09-30": 0, "2013-06-30": 0, "2013-03-31": "", "2012-12-31": 0, "2012-09-30": 0, "2012-06-30": 0, "2012-03-31": "", "2011-12-31": 0, "2011-09-30": 0, "2011-06-30": 0, "2011-03-31": "48.40000", "2010-12-31": 0, "2010-09-30": 0, "2010-06-30": 0, "2010-03-31": "", "2009-12-31": 0, "2009-09-30": 0, "2009-06-30": 0, "2009-03-31": "", "2008-12-31": 0, "2008-09-30": 0, "2008-06-30": 0, "2008-03-31": "", "2007-12-31": 0, "2007-09-30": 0, "2007-06-30": 0, "2007-03-31": "", "2006-12-31": 0, "2006-09-30": 0, "2006-06-30": 0, "2006-03-31": "", "2005-12-31": 0, "2005-09-30": 0, "2005-06-30": 0, "2005-03-31": ""}, "Net Total Equity Issued/Repurchased": {"2020-12-31": 306.791, "2020-09-30": 0, "2020-06-30": -128.497, "2020-03-31": "-178.29400", "2019-12-31": -35.614, "2019-09-30": -40.614, "2019-06-30": -134.136, "2019-03-31": "-30.59600", "2018-12-31": -86.676, "2018-09-30": -29.195, "2018-06-30": -30.095, "2018-03-31": "-17.29900", "2017-12-31": 0, "2017-09-30": -0.878, "2017-06-30": -7.085, "2017-03-31": "-0.05000", "2016-12-31": -11.294, "2016-09-30": -34.339, "2016-06-30": -40.037, "2016-03-31": "-44.64600", "2015-12-31": -35, "2015-09-30": -36.718, "2015-06-30": -29.072, "2015-03-31": "-13.32700", "2014-12-31": -5.532, "2014-09-30": 0, "2014-06-30": 0, "2014-03-31": "", "2013-12-31": 0, "2013-09-30": 0, "2013-06-30": 0, "2013-03-31": "", "2012-12-31": 0, "2012-09-30": 0, "2012-06-30": 0, "2012-03-31": "", "2011-12-31": 0, "2011-09-30": 0, "2011-06-30": 0, "2011-03-31": "48.40000", "2010-12-31": 0, "2010-09-30": 0, "2010-06-30": 0, "2010-03-31": "", "2009-12-31": 0, "2009-09-30": 0, "2009-06-30": 0, "2009-03-31": "", "2008-12-31": 0, "2008-09-30": 0, "2008-06-30": 0, "2008-03-31": "", "2007-12-31": 0, "2007-09-30": 0, "2007-06-30": 0, "2007-03-31": "", "2006-12-31": 0, "2006-09-30": 0, "2006-06-30": 0, "2006-03-31": "", "2005-12-31": 0, "2005-09-30": 0, "2005-06-30": 0, "2005-03-31": ""}, "Total Common And Preferred Stock Dividends Paid": {"2020-12-31": 53.471, "2020-09-30": -17.579, "2020-06-30": -17.582, "2020-03-31": "-18.31000", "2019-12-31": -13.547, "2019-09-30": -13.57, "2019-06-30": -13.645, "2019-03-31": "-13.79000", "2018-12-31": -10.555, "2018-09-30": -10.638, "2018-06-30": -10.678, "2018-03-31": "-10.69500", "2017-12-31": -8.228, "2017-09-30": -8.228, "2017-06-30": -8.234, "2017-03-31": "-8.23500", "2016-12-31": 0, "2016-09-30": 0, "2016-06-30": 0, "2016-03-31": "", "2015-12-31": 0, "2015-09-30": 0, "2015-06-30": 0, "2015-03-31": "", "2014-12-31": 0, "2014-09-30": 0, "2014-06-30": 0, "2014-03-31": "", "2013-12-31": 0, "2013-09-30": 0, "2013-06-30": 0, "2013-03-31": "", "2012-12-31": 0, "2012-09-30": 0, "2012-06-30": 0, "2012-03-31": "", "2011-12-31": 0, "2011-09-30": 0, "2011-06-30": 0, "2011-03-31": "", "2010-12-31": 0, "2010-09-30": 0, "2010-06-30": 0, "2010-03-31": "", "2009-12-31": 0, "2009-09-30": 0, "2009-06-30": 0, "2009-03-31": "", "2008-12-31": 0, "2008-09-30": 0, "2008-06-30": 0, "2008-03-31": "", "2007-12-31": 0, "2007-09-30": 0, "2007-06-30": 0, "2007-03-31": "", "2006-12-31": 0, "2006-09-30": 0, "2006-06-30": 0, "2006-03-31": "", "2005-12-31": 0, "2005-09-30": 0, "2005-06-30": 0, "2005-03-31": ""}, "Financial Activities - Other": {"2020-12-31": 40.845, "2020-09-30": 0, "2020-06-30": -37.5, "2020-03-31": "-3.34500", "2019-12-31": 0, "2019-09-30": 0, "2019-06-30": -0.468, "2019-03-31": "-0.98000", "2018-12-31": 0, "2018-09-30": 0, "2018-06-30": -0.507, "2018-03-31": "-0.56700", "2017-12-31": 0, "2017-09-30": 0, "2017-06-30": -0.344, "2017-03-31": "", "2016-12-31": 0, "2016-09-30": 0, "2016-06-30": -0.338, "2016-03-31": "", "2015-12-31": 0, "2015-09-30": 0, "2015-06-30": 0, "2015-03-31": "", "2014-12-31": 0, "2014-09-30": 0, "2014-06-30": 0, "2014-03-31": "", "2013-12-31": 0, "2013-09-30": 0, "2013-06-30": 0, "2013-03-31": "", "2012-12-31": 0, "2012-09-30": -0.002, "2012-06-30": 0, "2012-03-31": "", "2011-12-31": 0, "2011-09-30": 0, "2011-06-30": 0, "2011-03-31": "", "2010-12-31": 0, "2010-09-30": -0.002, "2010-06-30": 0, "2010-03-31": "", "2009-12-31": 0, "2009-09-30": 0, "2009-06-30": 0, "2009-03-31": "", "2008-12-31": 0, "2008-09-30": 0, "2008-06-30": 0, "2008-03-31": "", "2007-12-31": 0, "2007-09-30": 0, "2007-06-30": 0, "2007-03-31": "", "2006-12-31": 0, "2006-09-30": -0.612, "2006-06-30": 0, "2006-03-31": "", "2005-12-31": -0.002, "2005-09-30": -0.401, "2005-06-30": 0, "2005-03-31": ""}, "Cash Flow From Financial Activities": {"2020-12-31": 301.184, "2020-09-30": -17.579, "2020-06-30": -83.656, "2020-03-31": "-199.94900", "2019-12-31": -49.161, "2019-09-30": -54.184, "2019-06-30": -148.249, "2019-03-31": "-45.36600", "2018-12-31": -97.231, "2018-09-30": -39.833, "2018-06-30": -41.28, "2018-03-31": "-78.56100", "2017-12-31": -8.228, "2017-09-30": -9.106, "2017-06-30": -15.663, "2017-03-31": "-18.26000", "2016-12-31": -99.448, "2016-09-30": -59.542, "2016-06-30": 52.635, "2016-03-31": "-53.12900", "2015-12-31": -86.572, "2015-09-30": 2.315, "2015-06-30": -31.28, "2015-03-31": "-24.04100", "2014-12-31": -33.735, "2014-09-30": -15.797, "2014-06-30": 19, "2014-03-31": "-10.71500", "2013-12-31": -14.684, "2013-09-30": -22.684, "2013-06-30": 9.464, "2013-03-31": "-21.07400", "2012-12-31": -42.404, "2012-09-30": 14.866, "2012-06-30": 8.857, "2012-03-31": "-11.19300", "2011-12-31": -3.355, "2011-09-30": -1.272, "2011-06-30": -23.674, "2011-03-31": "66.09900", "2010-12-31": 5.418, "2010-09-30": -23.809, "2010-06-30": -20.914, "2010-03-31": "3.80500", "2009-12-31": -8.853, "2009-09-30": 12.472, "2009-06-30": 30.07, "2009-03-31": "19.38600", "2008-12-31": -0.478, "2008-09-30": -5.627, "2008-06-30": -0.159, "2008-03-31": "-6.66700", "2007-12-31": -4.575, "2007-09-30": -0.939, "2007-06-30": -0.339, "2007-03-31": "-6.87300", "2006-12-31": -0.301, "2006-09-30": -6.348, "2006-06-30": 127.621, "2006-03-31": "24.04200", "2005-12-31": -10.489, "2005-09-30": 7.134, "2005-06-30": 27.844, "2005-03-31": "22.62100"}, "Net Cash Flow": {"2020-12-31": -16.825, "2020-09-30": -98.228, "2020-06-30": 161.652, "2020-03-31": "-46.59900", "2019-12-31": 81.285, "2019-09-30": 93.326, "2019-06-30": -51.667, "2019-03-31": "90.34500", "2018-12-31": 12.814, "2018-09-30": 36.897, "2018-06-30": -19.366, "2018-03-31": "32.47500", "2017-12-31": 49.371, "2017-09-30": 44.258, "2017-06-30": -13.718, "2017-03-31": "37.38000", "2016-12-31": -4.843, "2016-09-30": 4.341, "2016-06-30": 3.54, "2016-03-31": "-4.33900", "2015-12-31": 0.06, "2015-09-30": -1.377, "2015-06-30": -100.249, "2015-03-31": "78.25100", "2014-12-31": 26.618, "2014-09-30": -11.62, "2014-06-30": -21.455, "2014-03-31": "11.07000", "2013-12-31": 18.07, "2013-09-30": 4.734, "2013-06-30": -21.813, "2013-03-31": "16.32600", "2012-12-31": 5.955, "2012-09-30": -4.113, "2012-06-30": -43.204, "2012-03-31": "-21.63100", "2011-12-31": 33.588, "2011-09-30": 13.598, "2011-06-30": -59.479, "2011-03-31": "82.69300", "2010-12-31": 0.393, "2010-09-30": 0.274, "2010-06-30": -4.686, "2010-03-31": "5.29800", "2009-12-31": 0.53, "2009-09-30": -0.304, "2009-06-30": 0.33, "2009-03-31": "-20.48900", "2008-12-31": -6.839, "2008-09-30": -4.288, "2008-06-30": 0.391, "2008-03-31": "28.51200", "2007-12-31": 5.351, "2007-09-30": -0.312, "2007-06-30": -0.701, "2007-03-31": "-0.57400", "2006-12-31": -1.04, "2006-09-30": -1.309, "2006-06-30": 3.844, "2006-03-31": "0.08300", "2005-12-31": -5.417, "2005-09-30": 5.366, "2005-06-30": -1.502, "2005-03-31": "1.79700"}, "Stock-Based Compensation": {"2020-12-31": -8.377, "2020-09-30": 4.095, "2020-06-30": 2.209, "2020-03-31": "2.07300", "2019-12-31": 11.354, "2019-09-30": 1.147, "2019-06-30": 2.283, "2019-03-31": "1.93300", "2018-12-31": 1.335, "2018-09-30": 1.284, "2018-06-30": 1.143, "2018-03-31": "1.13200", "2017-12-31": 0.826, "2017-09-30": 0.826, "2017-06-30": 0.88, "2017-03-31": "0.71000", "2016-12-31": 0.466, "2016-09-30": 0.464, "2016-06-30": 0.48, "2016-03-31": "", "2015-12-31": 0, "2015-09-30": 0, "2015-06-30": 0, "2015-03-31": "", "2014-12-31": 0, "2014-09-30": 0, "2014-06-30": 0, "2014-03-31": "", "2013-12-31": 0, "2013-09-30": 0, "2013-06-30": 0, "2013-03-31": "", "2012-12-31": 0, "2012-09-30": 0, "2012-06-30": 0, "2012-03-31": "", "2011-12-31": 0, "2011-09-30": 0, "2011-06-30": 0, "2011-03-31": "", "2010-12-31": 0, "2010-09-30": 0, "2010-06-30": 0, "2010-03-31": "", "2009-12-31": 0, "2009-09-30": 0, "2009-06-30": 0, "2009-03-31": "", "2008-12-31": 0, "2008-09-30": 0, "2008-06-30": 0, "2008-03-31": "", "2007-12-31": 0, "2007-09-30": 0, "2007-06-30": 0, "2007-03-31": "", "2006-12-31": 0, "2006-09-30": 0, "2006-06-30": 0, "2006-03-31": "", "2005-12-31": 0, "2005-09-30": 0, "2005-06-30": 0, "2005-03-31": ""}, "Common Stock Dividends Paid": {"2020-12-31": 53.471, "2020-09-30": -17.579, "2020-06-30": -17.582, "2020-03-31": "-18.31000", "2019-12-31": -13.547, "2019-09-30": -13.57, "2019-06-30": -13.645, "2019-03-31": "-13.79000", "2018-12-31": -10.555, "2018-09-30": -10.638, "2018-06-30": -10.678, "2018-03-31": "-10.69500", "2017-12-31": -8.228, "2017-09-30": -8.228, "2017-06-30": -8.234, "2017-03-31": "-8.23500", "2016-12-31": 0, "2016-09-30": 0, "2016-06-30": 0, "2016-03-31": "", "2015-12-31": 0, "2015-09-30": 0, "2015-06-30": 0, "2015-03-31": "", "2014-12-31": 0, "2014-09-30": 0, "2014-06-30": 0, "2014-03-31": "", "2013-12-31": 0, "2013-09-30": 0, "2013-06-30": 0, "2013-03-31": "", "2012-12-31": 0, "2012-09-30": 0, "2012-06-30": 0, "2012-03-31": "", "2011-12-31": 0, "2011-09-30": 0, "2011-06-30": 0, "2011-03-31": "", "2010-12-31": 0, "2010-09-30": 0, "2010-06-30": 0, "2010-03-31": "", "2009-12-31": 0, "2009-09-30": 0, "2009-06-30": 0, "2009-03-31": "", "2008-12-31": 0, "2008-09-30": 0, "2008-06-30": 0, "2008-03-31": "", "2007-12-31": 0, "2007-09-30": 0, "2007-06-30": 0, "2007-03-31": "", "2006-12-31": 0, "2006-09-30": 0, "2006-06-30": 0, "2006-03-31": "", "2005-12-31": 0, "2005-09-30": 0, "2005-06-30": 0, "2005-03-31": ""}}, "financial ratios": {"Current Ratio": {"2019-12-31": "2.36780", "2018-12-31": "1.97970", "2017-12-31": "1.66540", "2016-12-31": "1.32560", "2015-12-31": "1.33750", "2014-12-31": "1.57950", "2013-12-31": "1.43450", "2012-12-31": "1.22160", "2011-12-31": "1.62030", "2010-12-31": "1.30900", "2009-12-31": "1.17590", "2008-12-31": "1.47150", "2007-12-31": "1.69330", "2006-12-31": "2.10920", "2005-12-31": "1.35290"}, "Long-term Debt / Capital": {"2019-12-31": "0.01440", "2018-12-31": "0.01650", "2017-12-31": "0.01940", "2016-12-31": "0.05370", "2015-12-31": "0.05990", "2014-12-31": "0.07430", "2013-12-31": "0.11220", "2012-12-31": "0.16410", "2011-12-31": "0.21160", "2010-12-31": "0.25930", "2009-12-31": "0.31200", "2008-12-31": "0.30070", "2007-12-31": "0.33950", "2006-12-31": "0.38540", "2005-12-31": "0.24340"}, "Debt/Equity Ratio": {"2019-12-31": "0.01460", "2018-12-31": "0.01680", "2017-12-31": "0.04170", "2016-12-31": "0.05670", "2015-12-31": "0.07940", "2014-12-31": "0.10420", "2013-12-31": "0.15540", "2012-12-31": "0.23430", "2011-12-31": "0.31430", "2010-12-31": "0.40560", "2009-12-31": "0.51520", "2008-12-31": "0.45150", "2007-12-31": "0.53890", "2006-12-31": "0.65750", "2005-12-31": "0.37370"}, "Gross Margin": {"2019-12-31": "97.81860", "2018-12-31": "97.62550", "2017-12-31": "97.47640", "2016-12-31": "97.52460", "2015-12-31": "96.08740", "2014-12-31": "95.36170", "2013-12-31": "95.44690", "2012-12-31": "95.57190", "2011-12-31": "95.56070", "2010-12-31": "96.59090", "2009-12-31": "97.28630", "2008-12-31": "97.20140", "2007-12-31": "96.86850", "2006-12-31": "96.56620", "2005-12-31": "96.70200"}, "Operating Margin": {"2019-12-31": "19.92420", "2018-12-31": "20.20560", "2017-12-31": "17.14910", "2016-12-31": "16.17360", "2015-12-31": "16.76200", "2014-12-31": "15.82940", "2013-12-31": "14.47770", "2012-12-31": "13.36350", "2011-12-31": "12.29500", "2010-12-31": "9.30040", "2009-12-31": "5.65390", "2008-12-31": "8.39360", "2007-12-31": "9.27100", "2006-12-31": "10.19870", "2005-12-31": "9.19400"}, "EBIT Margin": {"2019-12-31": "19.92420", "2018-12-31": "20.20560", "2017-12-31": "17.14910", "2016-12-31": "16.17360", "2015-12-31": "16.76200", "2014-12-31": "15.82940", "2013-12-31": "14.47770", "2012-12-31": "13.36350", "2011-12-31": "12.29500", "2010-12-31": "9.30040", "2009-12-31": "5.65390", "2008-12-31": "8.39360", "2007-12-31": "9.27100", "2006-12-31": "10.19870", "2005-12-31": "9.19400"}, "EBITDA Margin": {"2019-12-31": "26.09780", "2018-12-31": "25.90230", "2017-12-31": "23.27640", "2016-12-31": "22.52040", "2015-12-31": "22.32450", "2014-12-31": "21.08300", "2013-12-31": "19.91360", "2012-12-31": "18.55150", "2011-12-31": "17.06550", "2010-12-31": "14.72660", "2009-12-31": "13.26700", "2008-12-31": "14.05860", "2007-12-31": "14.96920", "2006-12-31": "15.48490", "2005-12-31": "14.46030"}, "Pre-Tax Profit Margin": {"2019-12-31": "20.05180", "2018-12-31": "20.16750", "2017-12-31": "17.14750", "2016-12-31": "15.96470", "2015-12-31": "16.48530", "2014-12-31": "15.51400", "2013-12-31": "14.06050", "2012-12-31": "12.79400", "2011-12-31": "11.56030", "2010-12-31": "8.40150", "2009-12-31": "4.59150", "2008-12-31": "7.32680", "2007-12-31": "8.26200", "2006-12-31": "9.32780", "2005-12-31": "8.50490"}, "Net Profit Margin": {"2019-12-31": "14.97940", "2018-12-31": "14.97810", "2017-12-31": "13.81060", "2016-12-31": "9.88680", "2015-12-31": "10.25050", "2014-12-31": "9.59550", "2013-12-31": "8.81710", "2012-12-31": "7.93840", "2011-12-31": "7.32590", "2010-12-31": "5.10810", "2009-12-31": "2.80090", "2008-12-31": "4.46610", "2007-12-31": "5.12520", "2006-12-31": "5.67200", "2005-12-31": "5.03810"}, "Asset Turnover": {"2019-12-31": "1.02840", "2018-12-31": "1.14060", "2017-12-31": "1.09440", "2016-12-31": "1.10950", "2015-12-31": "1.20510", "2014-12-31": "1.26330", "2013-12-31": "1.20990", "2012-12-31": "1.24650", "2011-12-31": "1.25820", "2010-12-31": "1.19450", "2009-12-31": "1.07390", "2008-12-31": "1.43060", "2007-12-31": "1.42860", "2006-12-31": "1.43400", "2005-12-31": "1.65420"}, "Inventory Turnover Ratio": {"2019-12-31": "", "2018-12-31": "", "2017-12-31": "", "2016-12-31": "", "2015-12-31": "", "2014-12-31": "", "2013-12-31": "", "2012-12-31": "", "2011-12-31": "", "2010-12-31": "", "2009-12-31": "", "2008-12-31": "", "2007-12-31": "", "2006-12-31": "", "2005-12-31": ""}, "Receiveable Turnover": {"2019-12-31": "10.06730", "2018-12-31": "8.63560", "2017-12-31": "8.07660", "2016-12-31": "8.94350", "2015-12-31": "8.61460", "2014-12-31": "8.01350", "2013-12-31": "9.05030", "2012-12-31": "9.68660", "2011-12-31": "8.73620", "2010-12-31": "8.19590", "2009-12-31": "8.83500", "2008-12-31": "10.49380", "2007-12-31": "8.86150", "2006-12-31": "8.82420", "2005-12-31": "8.34440"}, "Days Sales In Receivables": {"2019-12-31": "36.25610", "2018-12-31": "42.26700", "2017-12-31": "45.19210", "2016-12-31": "40.81160", "2015-12-31": "42.37010", "2014-12-31": "45.54810", "2013-12-31": "40.33000", "2012-12-31": "37.68070", "2011-12-31": "41.78040", "2010-12-31": "44.53450", "2009-12-31": "41.31310", "2008-12-31": "34.78230", "2007-12-31": "41.18950", "2006-12-31": "41.36350", "2005-12-31": "43.74180"}, "ROE - Return On Equity": {"2019-12-31": "19.97970", "2018-12-31": "22.59550", "2017-12-31": "20.36910", "2016-12-31": "15.97730", "2015-12-31": "18.08640", "2014-12-31": "17.90510", "2013-12-31": "16.72880", "2012-12-31": "16.51630", "2011-12-31": "16.28340", "2010-12-31": "11.31400", "2009-12-31": "5.88040", "2008-12-31": "12.30490", "2007-12-31": "14.67600", "2006-12-31": "17.37680", "2005-12-31": "15.61600"}, "Return On Tangible Equity": {"2019-12-31": "20.10670", "2018-12-31": "22.76070", "2017-12-31": "20.54470", "2016-12-31": "16.14710", "2015-12-31": "18.29780", "2014-12-31": "18.14150", "2013-12-31": "16.99730", "2012-12-31": "16.83570", "2011-12-31": "16.66200", "2010-12-31": "11.65320", "2009-12-31": "6.08000", "2008-12-31": "12.89520", "2007-12-31": "15.41680", "2006-12-31": "18.10390", "2005-12-31": "15.61600"}, "ROA - Return On Assets": {"2019-12-31": "15.40500", "2018-12-31": "17.08380", "2017-12-31": "15.11440", "2016-12-31": "10.96950", "2015-12-31": "12.35310", "2014-12-31": "12.12190", "2013-12-31": "10.66790", "2012-12-31": "9.89490", "2011-12-31": "9.21770", "2010-12-31": "6.10150", "2009-12-31": "3.00800", "2008-12-31": "6.38910", "2007-12-31": "7.32200", "2006-12-31": "8.13380", "2005-12-31": "8.39760"}, "ROI - Return On Investment": {"2019-12-31": "19.69210", "2018-12-31": "22.22240", "2017-12-31": "19.97430", "2016-12-31": "15.11990", "2015-12-31": "17.00320", "2014-12-31": "16.57390", "2013-12-31": "14.85180", "2012-12-31": "13.80580", "2011-12-31": "12.83840", "2010-12-31": "8.38020", "2009-12-31": "4.04600", "2008-12-31": "8.60460", "2007-12-31": "9.69380", "2006-12-31": "10.67970", "2005-12-31": "11.81450"}, "Book Value Per Share": {"2019-12-31": "25.77320", "2018-12-31": "21.99890", "2017-12-31": "18.42650", "2016-12-31": "14.97390", "2015-12-31": "13.30490", "2014-12-31": "11.56930", "2013-12-31": "9.53270", "2012-12-31": "7.93800", "2011-12-31": "6.62700", "2010-12-31": "5.31370", "2009-12-31": "4.71250", "2008-12-31": "4.43530", "2007-12-31": "3.88960", "2006-12-31": "3.31870", "2005-12-31": "2.74210"}, "Operating Cash Flow Per Share": {"2019-12-31": 0.8415, "2018-12-31": 2.9776, "2017-12-31": -0.1958, "2016-12-31": 0.2095, "2015-12-31": 1.2944, "2014-12-31": 0.3174, "2013-12-31": 0.1749, "2012-12-31": 0.3766, "2011-12-31": 1.0449, "2010-12-31": 0.0779, "2009-12-31": -0.5228, "2008-12-31": 0.3081, "2007-12-31": 0.0248, "2006-12-31": 0.3256, "2005-12-31": 0.9031}, "Free Cash Flow Per Share": {"2019-12-31": 1.6393, "2018-12-31": 1.2451, "2017-12-31": 0.078, "2016-12-31": 0.3604, "2015-12-31": 0.553, "2014-12-31": -0.1581, "2013-12-31": 0.7691, "2012-12-31": -0.5098, "2011-12-31": -0.0387, "2010-12-31": 0.9111, "2009-12-31": -0.7657, "2008-12-31": 0.3365, "2007-12-31": 0.1192, "2006-12-31": -0.12, "2005-12-31": -0.1888}}, "financial ratios, quarterly": {"Current Ratio": {"2020-09-30": "2.53400", "2020-06-30": "1.96000", "2020-03-31": "1.94030", "2019-12-31": "2.36780", "2019-09-30": "2.03340", "2019-06-30": "1.92030", "2019-03-31": "2.18870", "2018-12-31": "1.97970", "2018-09-30": "1.92110", "2018-06-30": "1.76760", "2018-03-31": "1.78240", "2017-12-31": "1.66540", "2017-09-30": "1.44270", "2017-06-30": "1.29090", "2017-03-31": "1.26970", "2016-12-31": "1.32560", "2016-09-30": "1.44680", "2016-06-30": "1.27630", "2016-03-31": "1.10020", "2015-12-31": "1.33750", "2015-09-30": "1.19780", "2015-06-30": "1.41090", "2015-03-31": "1.55400", "2014-12-31": "1.57950", "2014-09-30": "1.37680", "2014-06-30": "1.28500", "2014-03-31": "1.32530", "2013-12-31": "1.43450", "2013-09-30": "1.33950", "2013-06-30": "1.18660", "2013-03-31": "1.27870", "2012-12-31": "1.22160", "2012-09-30": "1.28660", "2012-06-30": "1.23200", "2012-03-31": "1.30500", "2011-12-31": "1.62030", "2011-09-30": "1.44740", "2011-06-30": "1.39430", "2011-03-31": "1.45500", "2010-12-31": "1.30900", "2010-09-30": "0.88860", "2010-06-30": "1.15120", "2010-03-31": "1.13060", "2009-12-31": "1.17590", "2009-09-30": "1.19500", "2009-06-30": "1.18810", "2009-03-31": "1.24880", "2008-12-31": "1.47150", "2008-09-30": "1.65520", "2008-06-30": "1.60420", "2008-03-31": "1.63180", "2007-12-31": "1.69330", "2007-09-30": "1.49640", "2007-06-30": "1.43470", "2007-03-31": "1.53560", "2006-12-31": "2.10920", "2006-09-30": "1.90040", "2006-06-30": "2.00100", "2006-03-31": "1.18870", "2005-12-31": "1.35290", "2005-09-30": "1.35370", "2005-06-30": "1.29800", "2005-03-31": "1.20100"}, "Long-term Debt / Capital": {"2020-09-30": "0.03060", "2020-06-30": "0.03240", "2020-03-31": "", "2019-12-31": "0.01440", "2019-09-30": "0.01520", "2019-06-30": "0.01580", "2019-03-31": "0.01600", "2018-12-31": "0.01650", "2018-09-30": "0.01690", "2018-06-30": "0.01780", "2018-03-31": "0.01870", "2017-12-31": "0.01940", "2017-09-30": "0.02110", "2017-06-30": "0.02210", "2017-03-31": "0.02300", "2016-12-31": "0.05370", "2016-09-30": "0.09720", "2016-06-30": "0.11140", "2016-03-31": "0.05540", "2015-12-31": "0.05990", "2015-09-30": "0.05450", "2015-06-30": "0.06870", "2015-03-31": "0.07250", "2014-12-31": "0.07430", "2014-09-30": "0.09390", "2014-06-30": "0.10820", "2014-03-31": "0.10190", "2013-12-31": "0.11220", "2013-09-30": "0.12400", "2013-06-30": "0.14480", "2013-03-31": "0.14490", "2012-12-31": "0.16410", "2012-09-30": "0.19800", "2012-06-30": "0.19610", "2012-03-31": "0.19800", "2011-12-31": "0.21160", "2011-09-30": "0.21760", "2011-06-30": "0.22600", "2011-03-31": "0.25450", "2010-12-31": "0.25930", "2010-09-30": "0.20620", "2010-06-30": "0.28840", "2010-03-31": "0.31240", "2009-12-31": "0.31200", "2009-09-30": "0.32230", "2009-06-30": "0.31630", "2009-03-31": "0.31600", "2008-12-31": "0.30070", "2008-09-30": "0.30510", "2008-06-30": "0.31470", "2008-03-31": "0.32500", "2007-12-31": "0.33950", "2007-09-30": "0.34930", "2007-06-30": "0.35980", "2007-03-31": "0.37180", "2006-12-31": "0.38540", "2006-09-30": "0.39600", "2006-06-30": "0.41320", "2006-03-31": "0.27510", "2005-12-31": "0.24340", "2005-09-30": "0.26700", "2005-06-30": "0.26170", "2005-03-31": "0.21560"}, "Debt/Equity Ratio": {"2020-09-30": "0.04570", "2020-06-30": "0.04860", "2020-03-31": "0.01490", "2019-12-31": "0.01460", "2019-09-30": "0.01550", "2019-06-30": "0.01610", "2019-03-31": "0.01620", "2018-12-31": "0.01680", "2018-09-30": "0.01720", "2018-06-30": "0.01810", "2018-03-31": "0.01910", "2017-12-31": "0.04170", "2017-09-30": "0.04550", "2017-06-30": "0.04770", "2017-03-31": "0.04980", "2016-12-31": "0.05670", "2016-09-30": "0.10770", "2016-06-30": "0.12540", "2016-03-31": "0.07370", "2015-12-31": "0.07940", "2015-09-30": "0.11250", "2015-06-30": "0.09150", "2015-03-31": "0.09630", "2014-12-31": "0.10420", "2014-09-30": "0.12860", "2014-06-30": "0.14770", "2014-03-31": "0.14140", "2013-12-31": "0.15540", "2013-09-30": "0.17390", "2013-06-30": "0.20340", "2013-03-31": "0.20570", "2012-12-31": "0.23430", "2012-09-30": "0.28670", "2012-06-30": "0.28640", "2012-03-31": "0.29090", "2011-12-31": "0.31430", "2011-09-30": "0.32390", "2011-06-30": "0.34090", "2011-03-31": "0.39120", "2010-12-31": "0.40560", "2010-09-30": "0.41040", "2010-06-30": "0.46350", "2010-03-31": "0.51500", "2009-12-31": "0.51520", "2009-09-30": "0.53820", "2009-06-30": "0.52620", "2009-03-31": "0.48280", "2008-12-31": "0.45150", "2008-09-30": "0.46150", "2008-06-30": "0.49060", "2008-03-31": "0.51430", "2007-12-31": "0.53890", "2007-09-30": "0.56240", "2007-06-30": "0.58930", "2007-03-31": "0.62090", "2006-12-31": "0.65750", "2006-09-30": "0.68760", "2006-06-30": "0.73910", "2006-03-31": "0.42730", "2005-12-31": "0.37370", "2005-09-30": "0.42210", "2005-06-30": "0.41620", "2005-03-31": "0.33930"}, "Gross Margin": {"2020-09-30": "97.59910", "2020-06-30": "97.88190", "2020-03-31": "97.89340", "2019-12-31": "97.87770", "2019-09-30": "97.80030", "2019-06-30": "97.69320", "2019-03-31": "97.91210", "2018-12-31": "97.77400", "2018-09-30": "97.60230", "2018-06-30": "97.48000", "2018-03-31": "97.64980", "2017-12-31": "97.40200", "2017-09-30": "97.39530", "2017-06-30": "97.51640", "2017-03-31": "97.61340", "2016-12-31": "97.52300", "2016-09-30": "97.58410", "2016-06-30": "97.59400", "2016-03-31": "97.38660", "2015-12-31": "96.84810", "2015-09-30": "96.11320", "2015-06-30": "95.70920", "2015-03-31": "95.66990", "2014-12-31": "95.50250", "2014-09-30": "95.34820", "2014-06-30": "95.28340", "2014-03-31": "95.30270", "2013-12-31": "95.34570", "2013-09-30": "95.37680", "2013-06-30": "95.42250", "2013-03-31": "95.66530", "2012-12-31": "94.54150", "2012-09-30": "95.59460", "2012-06-30": "95.50790", "2012-03-31": "96.73510", "2011-12-31": "92.72890", "2011-09-30": "96.63730", "2011-06-30": "96.50640", "2011-03-31": "96.61920", "2010-12-31": "96.57520", "2010-09-30": "96.20540", "2010-06-30": "96.58520", "2010-03-31": "97.09750", "2009-12-31": "97.49390", "2009-09-30": "97.11990", "2009-06-30": "97.24520", "2009-03-31": "97.29350", "2008-12-31": "97.42380", "2008-09-30": "97.17410", "2008-06-30": "97.11040", "2008-03-31": "97.13260", "2007-12-31": "97.02830", "2007-09-30": "96.87610", "2007-06-30": "96.63840", "2007-03-31": "96.93950", "2006-12-31": "96.95730", "2006-09-30": "96.56280", "2006-06-30": "96.18970", "2006-03-31": "96.56900", "2005-12-31": "96.75290", "2005-09-30": "96.90810", "2005-06-30": "96.80870", "2005-03-31": "96.28200"}, "Operating Margin": {"2020-09-30": "25.53890", "2020-06-30": "22.22310", "2020-03-31": "18.55140", "2019-12-31": "18.65460", "2019-09-30": "20.74740", "2019-06-30": "22.10770", "2019-03-31": "18.00860", "2018-12-31": "21.31030", "2018-09-30": "21.58170", "2018-06-30": "21.33350", "2018-03-31": "16.14450", "2017-12-31": "16.09850", "2017-09-30": "18.77180", "2017-06-30": "19.10100", "2017-03-31": "14.33800", "2016-12-31": "15.21270", "2016-09-30": "17.55710", "2016-06-30": "17.66350", "2016-03-31": "14.06580", "2015-12-31": "15.50860", "2015-09-30": "17.94210", "2015-06-30": "18.48700", "2015-03-31": "14.87480", "2014-12-31": "15.57430", "2014-09-30": "16.98020", "2014-06-30": "17.45340", "2014-03-31": "12.90590", "2013-12-31": "12.97030", "2013-09-30": "15.90960", "2013-06-30": "16.52930", "2013-03-31": "12.24780", "2012-12-31": "12.51510", "2012-09-30": "14.70130", "2012-06-30": "15.08590", "2012-03-31": "10.90600", "2011-12-31": "12.50260", "2011-09-30": "13.79120", "2011-06-30": "13.46060", "2011-03-31": "8.97160", "2010-12-31": "9.51670", "2010-09-30": "10.95610", "2010-06-30": "10.86520", "2010-03-31": "5.15270", "2009-12-31": "6.08540", "2009-09-30": "6.18260", "2009-06-30": "6.78550", "2009-03-31": "3.40890", "2008-12-31": "6.78810", "2008-09-30": "10.20430", "2008-06-30": "10.28860", "2008-03-31": "5.66200", "2007-12-31": "8.42690", "2007-09-30": "9.36340", "2007-06-30": "11.30370", "2007-03-31": "7.82770", "2006-12-31": "9.90080", "2006-09-30": "10.86470", "2006-06-30": "11.66890", "2006-03-31": "8.08630", "2005-12-31": "9.22650", "2005-09-30": "10.45860", "2005-06-30": "9.55750", "2005-03-31": "7.27960"}, "EBIT Margin": {"2020-09-30": "25.53890", "2020-06-30": "22.22310", "2020-03-31": "18.55140", "2019-12-31": "18.65460", "2019-09-30": "20.74740", "2019-06-30": "22.10770", "2019-03-31": "18.00860", "2018-12-31": "21.31030", "2018-09-30": "21.58170", "2018-06-30": "21.33350", "2018-03-31": "16.14450", "2017-12-31": "16.09860", "2017-09-30": "18.77180", "2017-06-30": "19.10100", "2017-03-31": "14.33800", "2016-12-31": "15.21270", "2016-09-30": "17.55710", "2016-06-30": "17.66350", "2016-03-31": "14.06580", "2015-12-31": "15.50860", "2015-09-30": "17.94210", "2015-06-30": "18.48700", "2015-03-31": "14.87480", "2014-12-31": "15.57430", "2014-09-30": "16.98020", "2014-06-30": "17.45340", "2014-03-31": "12.90590", "2013-12-31": "12.97030", "2013-09-30": "15.90960", "2013-06-30": "16.52930", "2013-03-31": "12.24780", "2012-12-31": "12.51510", "2012-09-30": "14.70130", "2012-06-30": "15.08590", "2012-03-31": "10.90600", "2011-12-31": "12.50260", "2011-09-30": "13.79120", "2011-06-30": "13.46060", "2011-03-31": "8.97160", "2010-12-31": "9.51670", "2010-09-30": "10.95610", "2010-06-30": "10.86520", "2010-03-31": "5.15270", "2009-12-31": "6.08540", "2009-09-30": "6.18260", "2009-06-30": "6.78550", "2009-03-31": "3.40890", "2008-12-31": "6.78810", "2008-09-30": "10.20430", "2008-06-30": "10.28860", "2008-03-31": "5.66200", "2007-12-31": "8.42690", "2007-09-30": "9.36340", "2007-06-30": "11.30370", "2007-03-31": "7.82770", "2006-12-31": "9.90080", "2006-09-30": "10.86470", "2006-06-30": "11.66890", "2006-03-31": "8.08630", "2005-12-31": "9.22650", "2005-09-30": "10.45860", "2005-06-30": "9.55750", "2005-03-31": "7.27960"}, "EBITDA Margin": {"2020-09-30": "", "2020-06-30": "", "2020-03-31": "", "2019-12-31": "", "2019-09-30": "", "2019-06-30": "", "2019-03-31": "", "2018-12-31": "", "2018-09-30": "", "2018-06-30": "", "2018-03-31": "", "2017-12-31": "", "2017-09-30": "", "2017-06-30": "", "2017-03-31": "", "2016-12-31": "", "2016-09-30": "", "2016-06-30": "", "2016-03-31": "", "2015-12-31": "", "2015-09-30": "", "2015-06-30": "", "2015-03-31": "", "2014-12-31": "", "2014-09-30": "", "2014-06-30": "", "2014-03-31": "", "2013-12-31": "", "2013-09-30": "", "2013-06-30": "", "2013-03-31": "", "2012-12-31": "", "2012-09-30": "", "2012-06-30": "", "2012-03-31": "", "2011-12-31": "", "2011-09-30": "", "2011-06-30": "", "2011-03-31": "", "2010-12-31": "", "2010-09-30": "", "2010-06-30": "", "2010-03-31": "", "2009-12-31": "", "2009-09-30": "", "2009-06-30": "", "2009-03-31": "", "2008-12-31": "", "2008-09-30": "", "2008-06-30": "", "2008-03-31": "", "2007-12-31": "", "2007-09-30": "", "2007-06-30": "", "2007-03-31": "", "2006-12-31": "", "2006-09-30": "", "2006-06-30": "", "2006-03-31": "", "2005-12-31": "", "2005-09-30": "", "2005-06-30": "", "2005-03-31": ""}, "Pre-Tax Profit Margin": {"2020-09-30": "25.35850", "2020-06-30": "22.20520", "2020-03-31": "18.30140", "2019-12-31": "18.78650", "2019-09-30": "20.83000", "2019-06-30": "22.21000", "2019-03-31": "18.20650", "2018-12-31": "21.16480", "2018-09-30": "21.65910", "2018-06-30": "21.42940", "2018-03-31": "15.94410", "2017-12-31": "16.14420", "2017-09-30": "18.84620", "2017-06-30": "19.08410", "2017-03-31": "14.20950", "2016-12-31": "14.92760", "2016-09-30": "17.41310", "2016-06-30": "17.48980", "2016-03-31": "13.82800", "2015-12-31": "15.24110", "2015-09-30": "17.55770", "2015-06-30": "18.28670", "2015-03-31": "14.62560", "2014-12-31": "15.30400", "2014-09-30": "16.65810", "2014-06-30": "17.22140", "2014-03-31": "12.45160", "2013-12-31": "12.67090", "2013-09-30": "15.45170", "2013-06-30": "16.07270", "2013-03-31": "11.79090", "2012-12-31": "11.91510", "2012-09-30": "14.23420", "2012-06-30": "14.44160", "2012-03-31": "10.33850", "2011-12-31": "11.97630", "2011-09-30": "12.76550", "2011-06-30": "12.66680", "2011-03-31": "8.39450", "2010-12-31": "8.79790", "2010-09-30": "10.26190", "2010-06-30": "9.73630", "2010-03-31": "4.03910", "2009-12-31": "4.98390", "2009-09-30": "5.33980", "2009-06-30": "5.65670", "2009-03-31": "2.21890", "2008-12-31": "5.41690", "2008-09-30": "9.20780", "2008-06-30": "9.36960", "2008-03-31": "4.62580", "2007-12-31": "7.10400", "2007-09-30": "8.61250", "2007-06-30": "10.35960", "2007-03-31": "6.80440", "2006-12-31": "8.90150", "2006-09-30": "9.83530", "2006-06-30": "10.88500", "2006-03-31": "7.44090", "2005-12-31": "8.63220", "2005-09-30": "9.70310", "2005-06-30": "8.81800", "2005-03-31": "6.60980"}, "Net Profit Margin": {"2020-09-30": "19.07720", "2020-06-30": "16.49220", "2020-03-31": "13.48810", "2019-12-31": "14.27100", "2019-09-30": "15.65150", "2019-06-30": "16.41160", "2019-03-31": "13.45630", "2018-12-31": "15.52750", "2018-09-30": "16.38980", "2018-06-30": "15.81370", "2018-03-31": "11.81950", "2017-12-31": "22.13510", "2017-09-30": "11.72000", "2017-06-30": "11.71770", "2017-03-31": "8.72460", "2016-12-31": "9.18700", "2016-09-30": "10.93530", "2016-06-30": "10.77370", "2016-03-31": "8.51800", "2015-12-31": "9.83210", "2015-09-30": "10.82370", "2015-06-30": "11.22800", "2015-03-31": "8.98020", "2014-12-31": "9.68990", "2014-09-30": "10.47750", "2014-06-30": "10.50500", "2014-03-31": "7.39780", "2013-12-31": "7.95920", "2013-09-30": "9.75720", "2013-06-30": "9.86860", "2013-03-31": "7.53190", "2012-12-31": "7.31840", "2012-09-30": "9.27210", "2012-06-30": "8.73720", "2012-03-31": "6.25480", "2011-12-31": "7.87590", "2011-09-30": "7.81250", "2011-06-30": "8.20040", "2011-03-31": "5.10390", "2010-12-31": "5.52820", "2010-09-30": "6.15710", "2010-06-30": "5.84200", "2010-03-31": "2.42330", "2009-12-31": "3.11360", "2009-09-30": "3.25160", "2009-06-30": "3.39120", "2009-03-31": "1.34610", "2008-12-31": "3.28970", "2008-09-30": "5.61680", "2008-06-30": "5.71530", "2008-03-31": "2.82180", "2007-12-31": "4.38040", "2007-09-30": "5.50790", "2007-06-30": "6.26750", "2007-03-31": "4.24170", "2006-12-31": "5.58550", "2006-09-30": "5.95520", "2006-06-30": "6.53090", "2006-03-31": "4.46450", "2005-12-31": "5.15020", "2005-09-30": "5.79290", "2005-06-30": "5.26430", "2005-03-31": "3.77370"}, "Asset Turnover": {"2020-09-30": "0.24760", "2020-06-30": "0.21970", "2020-03-31": "0.25090", "2019-12-31": "0.25260", "2019-09-30": "0.26940", "2019-06-30": "0.28220", "2019-03-31": "0.26750", "2018-12-31": "0.28970", "2018-09-30": "0.30330", "2018-06-30": "0.31120", "2018-03-31": "0.29420", "2017-12-31": "0.29040", "2017-09-30": "0.29530", "2017-06-30": "0.29570", "2017-03-31": "0.27470", "2016-12-31": "0.27660", "2016-09-30": "0.29150", "2016-06-30": "0.28400", "2016-03-31": "0.28140", "2015-12-31": "0.29780", "2015-09-30": "0.31500", "2015-06-30": "0.32050", "2015-03-31": "0.29750", "2014-12-31": "0.32670", "2014-09-30": "0.33980", "2014-06-30": "0.33100", "2014-03-31": "0.30530", "2013-12-31": "0.30660", "2013-09-30": "0.32370", "2013-06-30": "0.31830", "2013-03-31": "0.30570", "2012-12-31": "0.31500", "2012-09-30": "0.32110", "2012-06-30": "0.33390", "2012-03-31": "0.31580", "2011-12-31": "0.33470", "2011-09-30": "0.33560", "2011-06-30": "0.34070", "2011-03-31": "0.30540", "2010-12-31": "0.32180", "2010-09-30": "0.32480", "2010-06-30": "0.30610", "2010-03-31": "0.26640", "2009-12-31": "0.26820", "2009-09-30": "0.27470", "2009-06-30": "0.27620", "2009-03-31": "0.26610", "2008-12-31": "0.31240", "2008-09-30": "0.38630", "2008-06-30": "0.39640", "2008-03-31": "0.36530", "2007-12-31": "0.36560", "2007-09-30": "0.37000", "2007-06-30": "0.37590", "2007-03-31": "0.34270", "2006-12-31": "0.35800", "2006-09-30": "0.37930", "2006-06-30": "0.38210", "2006-03-31": "0.41090", "2005-12-31": "0.44450", "2005-09-30": "0.42970", "2005-06-30": "0.43290", "2005-03-31": "0.41820"}, "Inventory Turnover Ratio": {"2020-09-30": "", "2020-06-30": "", "2020-03-31": "", "2019-12-31": "", "2019-09-30": "", "2019-06-30": "", "2019-03-31": "", "2018-12-31": "", "2018-09-30": "", "2018-06-30": "", "2018-03-31": "", "2017-12-31": "", "2017-09-30": "", "2017-06-30": "", "2017-03-31": "", "2016-12-31": "", "2016-09-30": "", "2016-06-30": "", "2016-03-31": "", "2015-12-31": "", "2015-09-30": "", "2015-06-30": "", "2015-03-31": "", "2014-12-31": "", "2014-09-30": "", "2014-06-30": "", "2014-03-31": "", "2013-12-31": "", "2013-09-30": "", "2013-06-30": "", "2013-03-31": "", "2012-12-31": "", "2012-09-30": "", "2012-06-30": "", "2012-03-31": "", "2011-12-31": "", "2011-09-30": "", "2011-06-30": "", "2011-03-31": "", "2010-12-31": "", "2010-09-30": "", "2010-06-30": "", "2010-03-31": "", "2009-12-31": "", "2009-09-30": "", "2009-06-30": "", "2009-03-31": "", "2008-12-31": "", "2008-09-30": "", "2008-06-30": "", "2008-03-31": "", "2007-12-31": "", "2007-09-30": "", "2007-06-30": "", "2007-03-31": "", "2006-12-31": "", "2006-09-30": "", "2006-06-30": "", "2006-03-31": "", "2005-12-31": "", "2005-09-30": "", "2005-06-30": "", "2005-03-31": ""}, "Receiveable Turnover": {"2020-09-30": "2.28580", "2020-06-30": "2.26440", "2020-03-31": "2.30900", "2019-12-31": "2.47250", "2019-09-30": "2.39330", "2019-06-30": "2.31510", "2019-03-31": "2.17600", "2018-12-31": "2.19310", "2018-09-30": "2.19460", "2018-06-30": "2.22600", "2018-03-31": "2.21050", "2017-12-31": "2.14320", "2017-09-30": "2.18580", "2017-06-30": "2.26880", "2017-03-31": "2.23180", "2016-12-31": "2.22950", "2016-09-30": "2.28280", "2016-06-30": "2.30670", "2016-03-31": "2.23820", "2015-12-31": "2.12890", "2015-09-30": "2.17850", "2015-06-30": "2.24310", "2015-03-31": "2.14130", "2014-12-31": "2.07260", "2014-09-30": "2.25680", "2014-06-30": "2.29580", "2014-03-31": "2.14950", "2013-12-31": "2.29380", "2013-09-30": "2.23770", "2013-06-30": "2.17950", "2013-03-31": "2.15090", "2012-12-31": "2.44810", "2012-09-30": "2.16890", "2012-06-30": "2.24360", "2012-03-31": "2.15540", "2011-12-31": "2.32370", "2011-09-30": "2.09800", "2011-06-30": "2.15460", "2011-03-31": "2.12830", "2010-12-31": "2.20790", "2010-09-30": "2.21650", "2010-06-30": "2.22250", "2010-03-31": "2.11270", "2009-12-31": "2.20640", "2009-09-30": "2.03480", "2009-06-30": "2.07210", "2009-03-31": "2.02650", "2008-12-31": "2.29180", "2008-09-30": "2.25820", "2008-06-30": "2.19850", "2008-03-31": "2.18380", "2007-12-31": "2.26780", "2007-09-30": "2.09920", "2007-06-30": "2.20480", "2007-03-31": "2.13370", "2006-12-31": "2.20300", "2006-09-30": "2.14390", "2006-06-30": "2.16870", "2006-03-31": "2.13790", "2005-12-31": "2.24220", "2005-09-30": "2.17320", "2005-06-30": "2.16850", "2005-03-31": "2.10240"}, "Days Sales In Receivables": {"2020-09-30": "39.37300", "2020-06-30": "39.74590", "2020-03-31": "38.97770", "2019-12-31": "36.39980", "2019-09-30": "37.60460", "2019-06-30": "38.87470", "2019-03-31": "41.36120", "2018-12-31": "41.03770", "2018-09-30": "41.01050", "2018-06-30": "40.43080", "2018-03-31": "40.71550", "2017-12-31": "41.99260", "2017-09-30": "41.17450", "2017-06-30": "39.66840", "2017-03-31": "40.32670", "2016-12-31": "40.36810", "2016-09-30": "39.42480", "2016-06-30": "39.01710", "2016-03-31": "40.21060", "2015-12-31": "42.27540", "2015-09-30": "41.31200", "2015-06-30": "40.12340", "2015-03-31": "42.03050", "2014-12-31": "43.42430", "2014-09-30": "39.87880", "2014-06-30": "39.20190", "2014-03-31": "41.87090", "2013-12-31": "39.23650", "2013-09-30": "40.21940", "2013-06-30": "41.29380", "2013-03-31": "41.84220", "2012-12-31": "36.76280", "2012-09-30": "41.49630", "2012-06-30": "40.11410", "2012-03-31": "41.75580", "2011-12-31": "38.73090", "2011-09-30": "42.89770", "2011-06-30": "41.77120", "2011-03-31": "42.28760", "2010-12-31": "40.76230", "2010-09-30": "40.60450", "2010-06-30": "40.49570", "2010-03-31": "42.59970", "2009-12-31": "40.79010", "2009-09-30": "44.23140", "2009-06-30": "43.43370", "2009-03-31": "44.41190", "2008-12-31": "39.26990", "2008-09-30": "39.85520", "2008-06-30": "40.93680", "2008-03-31": "41.21320", "2007-12-31": "39.68520", "2007-09-30": "42.87320", "2007-06-30": "40.81940", "2007-03-31": "42.18000", "2006-12-31": "40.85290", "2006-09-30": "41.97940", "2006-06-30": "41.49890", "2006-03-31": "42.09830", "2005-12-31": "40.13840", "2005-09-30": "41.41440", "2005-06-30": "41.50280", "2005-03-31": "42.80750"}, "ROE - Return On Equity": {"2020-09-30": "6.36640", "2020-06-30": "4.95580", "2020-03-31": "4.41560", "2019-12-31": "4.67500", "2019-09-30": "5.64010", "2019-06-30": "6.22020", "2019-03-31": "4.81250", "2018-12-31": "5.94890", "2018-09-30": "6.62770", "2018-06-30": "6.58460", "2018-03-31": "4.63520", "2017-12-31": "8.66330", "2017-09-30": "4.90240", "2017-06-30": "4.93820", "2017-03-31": "3.44580", "2016-12-31": "3.70100", "2016-09-30": "4.77180", "2016-06-30": "4.67270", "2016-03-31": "3.54560", "2015-12-31": "4.28720", "2015-09-30": "5.12120", "2015-06-30": "5.34920", "2015-03-31": "4.05140", "2014-12-31": "4.67640", "2014-09-30": "5.44920", "2014-06-30": "5.46290", "2014-03-31": "3.59060", "2013-12-31": "3.82730", "2013-09-30": "5.07620", "2013-06-30": "5.17920", "2013-03-31": "3.80240", "2012-12-31": "3.84820", "2012-09-30": "5.17430", "2012-06-30": "5.11330", "2012-03-31": "3.50320", "2011-12-31": "4.65640", "2011-09-30": "4.73050", "2011-06-30": "5.06210", "2011-03-31": "2.92070", "2010-12-31": "3.29860", "2010-09-30": "3.77070", "2010-06-30": "3.45750", "2010-03-31": "1.28200", "2009-12-31": "1.63250", "2009-09-30": "1.79920", "2009-06-30": "1.87180", "2009-03-31": "0.70680", "2008-12-31": "1.97950", "2008-09-30": "4.26980", "2008-06-30": "4.55990", "2008-03-31": "2.07850", "2007-12-31": "3.21010", "2007-09-30": "4.22380", "2007-06-30": "4.96750", "2007-03-31": "3.14730", "2006-12-31": "4.27210", "2006-09-30": "5.02850", "2006-06-30": "5.69040", "2006-03-31": "3.63620", "2005-12-31": "4.25710", "2005-09-30": "4.81750", "2005-06-30": "4.42080", "2005-03-31": "3.10530"}, "Return On Tangible Equity": {"2020-09-30": "6.40570", "2020-06-30": "4.98830", "2020-03-31": "4.44430", "2019-12-31": "4.70470", "2019-09-30": "5.67800", "2019-06-30": "6.26380", "2019-03-31": "4.84650", "2018-12-31": "5.99240", "2018-09-30": "6.67730", "2018-06-30": "6.63670", "2018-03-31": "4.67380", "2017-12-31": "8.73800", "2017-09-30": "4.94860", "2017-06-30": "4.98690", "2017-03-31": "3.48120", "2016-12-31": "3.74030", "2016-09-30": "4.82420", "2016-06-30": "4.72550", "2016-03-31": "3.58670", "2015-12-31": "4.33730", "2015-09-30": "5.18250", "2015-06-30": "5.41500", "2015-03-31": "4.10320", "2014-12-31": "4.73820", "2014-09-30": "5.52440", "2014-06-30": "5.54270", "2014-03-31": "3.64610", "2013-12-31": "3.88880", "2013-09-30": "5.16100", "2013-06-30": "5.27040", "2013-03-31": "3.87300", "2012-12-31": "3.92260", "2012-09-30": "5.27850", "2012-06-30": "5.22190", "2012-03-31": "3.58180", "2011-12-31": "4.76470", "2011-09-30": "4.84600", "2011-06-30": "5.19190", "2011-03-31": "2.99980", "2010-12-31": "3.39750", "2010-09-30": "3.88770", "2010-06-30": "3.56910", "2010-03-31": "1.33630", "2009-12-31": "1.68790", "2009-09-30": "1.87930", "2009-06-30": "1.95750", "2009-03-31": "0.74020", "2008-12-31": "2.07440", "2008-09-30": "4.48090", "2008-06-30": "4.79810", "2008-03-31": "2.19370", "2007-12-31": "3.37220", "2007-09-30": "4.43920", "2007-06-30": "5.23430", "2007-03-31": "3.14730", "2006-12-31": "4.45080", "2006-09-30": "5.02850", "2006-06-30": "5.69040", "2006-03-31": "3.63620", "2005-12-31": "4.25710", "2005-09-30": "4.81750", "2005-06-30": "4.42080", "2005-03-31": "3.10530"}, "ROA - Return On Assets": {"2020-09-30": "4.72350", "2020-06-30": "3.62260", "2020-03-31": "3.38440", "2019-12-31": "3.60460", "2019-09-30": "4.21590", "2019-06-30": "4.63120", "2019-03-31": "3.59940", "2018-12-31": "4.49780", "2018-09-30": "4.97070", "2018-06-30": "4.92110", "2018-03-31": "3.47750", "2017-12-31": "6.42840", "2017-09-30": "3.46100", "2017-06-30": "3.46520", "2017-03-31": "2.39680", "2016-12-31": "2.54100", "2016-09-30": "3.18810", "2016-06-30": "3.05990", "2016-03-31": "2.39660", "2015-12-31": "2.92820", "2015-09-30": "3.40950", "2015-06-30": "3.59850", "2015-03-31": "2.67150", "2014-12-31": "3.16600", "2014-09-30": "3.55990", "2014-06-30": "3.47680", "2014-03-31": "2.25850", "2013-12-31": "2.44070", "2013-09-30": "3.15800", "2013-06-30": "3.14090", "2013-03-31": "2.30260", "2012-12-31": "2.30540", "2012-09-30": "2.97700", "2012-06-30": "2.91720", "2012-03-31": "1.97530", "2011-12-31": "2.63590", "2011-09-30": "2.62230", "2011-06-30": "2.79410", "2011-03-31": "1.55890", "2010-12-31": "1.77890", "2010-09-30": "1.99990", "2010-06-30": "1.78850", "2010-03-31": "0.64550", "2009-12-31": "0.83510", "2009-09-30": "0.89340", "2009-06-30": "0.93680", "2009-03-31": "0.35820", "2008-12-31": "1.02780", "2008-09-30": "2.17000", "2008-06-30": "2.26550", "2008-03-31": "1.03090", "2007-12-31": "1.60160", "2007-09-30": "2.03780", "2007-06-30": "2.35590", "2007-03-31": "1.45360", "2006-12-31": "1.99970", "2006-09-30": "2.25910", "2006-06-30": "2.49540", "2006-03-31": "1.83450", "2005-12-31": "2.28930", "2005-09-30": "2.48950", "2005-06-30": "2.27880", "2005-03-31": "1.65030"}, "ROI - Return On Investment": {"2020-09-30": "6.17190", "2020-06-30": "4.79510", "2020-03-31": "4.41560", "2019-12-31": "4.60770", "2019-09-30": "5.55420", "2019-06-30": "6.12180", "2019-03-31": "4.73550", "2018-12-31": "5.85070", "2018-09-30": "6.51560", "2018-06-30": "6.46740", "2018-03-31": "4.54840", "2017-12-31": "8.49540", "2017-09-30": "4.79890", "2017-06-30": "4.82920", "2017-03-31": "3.36640", "2016-12-31": "3.50240", "2016-09-30": "4.30790", "2016-06-30": "4.15220", "2016-03-31": "3.34920", "2015-12-31": "4.03050", "2015-09-30": "4.84200", "2015-06-30": "4.98170", "2015-03-31": "3.75780", "2014-12-31": "4.32880", "2014-09-30": "4.93740", "2014-06-30": "4.87190", "2014-03-31": "3.22470", "2013-12-31": "3.39790", "2013-09-30": "4.44680", "2013-06-30": "4.42950", "2013-03-31": "3.25140", "2012-12-31": "3.21660", "2012-09-30": "4.15000", "2012-06-30": "4.11070", "2012-03-31": "2.80960", "2011-12-31": "3.67130", "2011-09-30": "3.70110", "2011-06-30": "3.91810", "2011-03-31": "2.17740", "2010-12-31": "2.44320", "2010-09-30": "2.99310", "2010-06-30": "2.46040", "2010-03-31": "0.88160", "2009-12-31": "1.12330", "2009-09-30": "1.21930", "2009-06-30": "1.27980", "2009-03-31": "0.48350", "2008-12-31": "1.38420", "2008-09-30": "2.96700", "2008-06-30": "3.12500", "2008-03-31": "1.40300", "2007-12-31": "2.12030", "2007-09-30": "2.74840", "2007-06-30": "3.18010", "2007-03-31": "1.97720", "2006-12-31": "2.62560", "2006-09-30": "3.03720", "2006-06-30": "3.33900", "2006-03-31": "2.63590", "2005-12-31": "3.22070", "2005-09-30": "3.53110", "2005-06-30": "3.26400", "2005-03-31": "2.43580"}, "Book Value Per Share": {"2020-09-30": "27.02470", "2020-06-30": "25.41840", "2020-03-31": "25.53070", "2019-12-31": "25.77290", "2019-09-30": "24.28130", "2019-06-30": "23.28030", "2019-03-31": "22.78120", "2018-12-31": "21.99890", "2018-09-30": "21.30580", "2018-06-30": "20.15990", "2018-03-31": "19.11070", "2017-12-31": "18.42650", "2017-09-30": "16.89020", "2017-06-30": "16.12690", "2017-03-31": "15.43560", "2016-12-31": "14.97390", "2016-09-30": "14.47890", "2016-06-30": "13.97400", "2016-03-31": "13.55090", "2015-12-31": "13.30490", "2015-09-30": "12.92590", "2015-06-30": "12.47280", "2015-03-31": "11.97520", "2014-12-31": "11.56930", "2014-09-30": "11.06190", "2014-06-30": "10.45910", "2014-03-31": "9.88780", "2013-12-31": "9.53270", "2013-09-30": "9.16790", "2013-06-30": "8.70250", "2013-03-31": "8.25180", "2012-12-31": "7.93800", "2012-09-30": "7.63260", "2012-06-30": "7.23770", "2012-03-31": "6.86760", "2011-12-31": "6.62700", "2011-09-30": "6.31840", "2011-06-30": "6.01950", "2011-03-31": "5.71480", "2010-12-31": "5.31370", "2010-09-30": "5.13840", "2010-06-30": "4.94460", "2010-03-31": "4.77360", "2009-12-31": "4.71250", "2009-09-30": "4.63550", "2009-06-30": "4.55210", "2009-03-31": "4.46690", "2008-12-31": "4.43530", "2008-09-30": "4.34750", "2008-06-30": "4.16190", "2008-03-31": "3.97210", "2007-12-31": "3.88960", "2007-09-30": "3.76470", "2007-06-30": "3.60570", "2007-03-31": "3.42660", "2006-12-31": "3.31870", "2006-09-30": "3.17700", "2006-06-30": "3.01720", "2006-03-31": "2.84550", "2005-12-31": "2.74210", "2005-09-30": "2.62860", "2005-06-30": "2.50270", "2005-03-31": "2.39210"}, "Operating Cash Flow Per Share": {"2020-09-30": 1.4593, "2020-06-30": 2.6585, "2020-03-31": "1.70290", "2019-12-31": 1.9276, "2019-09-30": 2.4119, "2019-06-30": 2.1243, "2019-03-31": "1.69390", "2018-12-31": 1.8234, "2018-09-30": 2.0472, "2018-06-30": 1.7356, "2018-03-31": "1.71000", "2017-12-31": 1.1986, "2017-09-30": 1.2109, "2017-06-30": 1.0331, "2017-03-31": "0.89600", "2016-12-31": 1.2327, "2016-09-30": 0.9652, "2016-06-30": 0.9998, "2016-03-31": "1.33670", "2015-12-31": 1.4136, "2015-09-30": 0.9343, "2015-06-30": 0.6386, "2015-03-31": "1.33840", "2014-12-31": 0.8795, "2014-09-30": 0.7454, "2014-06-30": 0.6352, "2014-03-31": "0.77040", "2013-12-31": 0.7526, "2013-09-30": 0.77, "2013-06-30": 0.6989, "2013-03-31": "0.49160", "2012-12-31": 0.8149, "2012-09-30": 0.6059, "2012-06-30": 0.5114, "2012-03-31": "0.60600", "2011-12-31": 0.6115, "2011-09-30": 0.628, "2011-06-30": 0.339, "2011-03-31": "0.58310", "2010-12-31": 0.2412, "2010-09-30": 0.3257, "2010-06-30": 0.2713, "2010-03-31": "0.27850", "2009-12-31": 0.306, "2009-09-30": 0.2962, "2009-06-30": 0.1773, "2009-03-31": "0.25930", "2008-12-31": 0.517, "2008-09-30": 0.3975, "2008-06-30": 0.3401, "2008-03-31": "0.30700", "2007-12-31": 0.3029, "2007-09-30": 0.2878, "2007-06-30": 0.2131, "2007-03-31": "0.44970", "2006-12-31": 0.2857, "2006-09-30": 0.3375, "2006-06-30": 0.2256, "2006-03-31": "0.37990", "2005-12-31": 0.1881, "2005-09-30": 0.2581, "2005-06-30": 0.1363, "2005-03-31": "0.32060"}, "Free Cash Flow Per Share": {"2020-09-30": 1.07, "2020-06-30": 2.0882, "2020-03-31": "1.28000", "2019-12-31": 1.0652, "2019-09-30": 1.2451, "2019-06-30": 0.8053, "2019-03-31": "1.11500", "2018-12-31": 0.8926, "2018-09-30": 0.62, "2018-06-30": 0.1799, "2018-03-31": "0.89880", "2017-12-31": 0.4657, "2017-09-30": 0.4148, "2017-06-30": 0.0158, "2017-03-31": "0.44990", "2016-12-31": 0.7564, "2016-09-30": 0.5142, "2016-06-30": -0.3897, "2016-03-31": "0.38730", "2015-12-31": 0.6761, "2015-09-30": -0.0274, "2015-06-30": -0.5341, "2015-03-31": "0.79320", "2014-12-31": 0.4669, "2014-09-30": 0.0324, "2014-06-30": -0.3131, "2014-03-31": "0.16860", "2013-12-31": 0.2534, "2013-09-30": 0.2121, "2013-06-30": -0.242, "2013-03-31": "0.28940", "2012-12-31": 0.3742, "2012-09-30": -0.1468, "2012-06-30": -0.4028, "2012-03-31": "-0.08080", "2011-12-31": 0.2872, "2011-09-30": 0.115, "2011-06-30": -0.2797, "2011-03-31": "0.13110", "2010-12-31": -0.0399, "2010-09-30": 0.1401, "2010-06-30": 0.129, "2010-03-31": "0.06310", "2009-12-31": 0.0746, "2009-09-30": -0.1016, "2009-06-30": -0.2363, "2009-03-31": "-0.35550", "2008-12-31": -0.0832, "2008-09-30": 0.0655, "2008-06-30": -0.0064, "2008-03-31": "0.17100", "2007-12-31": 0.1635, "2007-09-30": 0.0579, "2007-06-30": -0.2156, "2007-03-31": "-0.19540", "2006-12-31": 0.0675, "2006-09-30": 0.0245, "2006-06-30": -0.269, "2006-03-31": "-0.13180", "2005-12-31": 0.0403, "2005-09-30": -0.0089, "2005-06-30": -0.2332, "2005-03-31": "0.01300"}}, "revenue": {"Old Dominion Freight Line Annual Revenue (Millions of US $)": {"2020": "$4,015", "2019": "$4,109", "2018": "$4,044", "2017": "$3,358", "2016": "$2,992", "2015": "$2,972", "2014": "$2,788", "2013": "$2,338", "2012": "$2,135", "2011": "$1,904", "2010": "$1,481", "2009": "$1,245", "2008": "$1,538", "2007": "$1,402", "2006": "$1,279", "2005": "$1,061"}, "Old Dominion Freight Line Quarterly Revenue (Millions of US $)": {"2020-12-31": "$1,073", "2020-09-30": "$1,058", "2020-06-30": "$896", "2020-03-31": "$987", "2019-12-31": "$1,009", "2019-09-30": "$1,048", "2019-06-30": "$1,061", "2019-03-31": "$991", "2018-12-31": "$1,027", "2018-09-30": "$1,058", "2018-06-30": "$1,033", "2018-03-31": "$925", "2017-12-31": "$891", "2017-09-30": "$873", "2017-06-30": "$840", "2017-03-31": "$754", "2016-12-31": "$746", "2016-09-30": "$783", "2016-06-30": "$755", "2016-03-31": "$708", "2015-12-31": "$735", "2015-09-30": "$779", "2015-06-30": "$762", "2015-03-31": "$696", "2014-12-31": "$721", "2014-09-30": "$744", "2014-06-30": "$703", "2014-03-31": "$620", "2013-12-31": "$592", "2013-09-30": "$616", "2013-06-30": "$590", "2013-03-31": "$538", "2012-12-31": "$539", "2012-09-30": "$551", "2012-06-30": "$547", "2012-03-31": "$497", "2011-12-31": "$506", "2011-09-30": "$494", "2011-06-30": "$480", "2011-03-31": "$423", "2010-12-31": "$399", "2010-09-30": "$396", "2010-06-30": "$368", "2010-03-31": "$318", "2009-12-31": "$311", "2009-09-30": "$323", "2009-06-30": "$316", "2009-03-31": "$295", "2008-12-31": "$336", "2008-09-30": "$416", "2008-06-30": "$418", "2008-03-31": "$368", "2007-12-31": "$359", "2007-09-30": "$363", "2007-06-30": "$360", "2007-03-31": "$320", "2006-12-31": "$319", "2006-09-30": "$338", "2006-06-30": "$331", "2006-03-31": "$292", "2005-12-31": "$285", "2005-09-30": "$275", "2005-06-30": "$264", "2005-03-31": "$237"}}, "gross-profit": {"Old Dominion Freight Line Annual Gross Profit (Millions of US $)": {"2020": "$3,917", "2019": "$4,019", "2018": "$3,948", "2017": "$3,273", "2016": "$2,917", "2015": "$2,856", "2014": "$2,659", "2013": "$2,231", "2012": "$2,040", "2011": "$1,819", "2010": "$1,431", "2009": "$1,211", "2008": "$1,495", "2007": "$1,358", "2006": "$1,235", "2005": "$1,026"}, "Old Dominion Freight Line Quarterly Gross Profit (Millions of US $)": {"2020-12-31": "$1,041", "2020-09-30": "$1,033", "2020-06-30": "$877", "2020-03-31": "$967", "2019-12-31": "$988", "2019-09-30": "$1,025", "2019-06-30": "$1,036", "2019-03-31": "$970", "2018-12-31": "$1,004", "2018-09-30": "$1,033", "2018-06-30": "$1,007", "2018-03-31": "$903", "2017-12-31": "$868", "2017-09-30": "$850", "2017-06-30": "$819", "2017-03-31": "$736", "2016-12-31": "$727", "2016-09-30": "$764", "2016-06-30": "$737", "2016-03-31": "$689", "2015-12-31": "$711", "2015-09-30": "$749", "2015-06-30": "$729", "2015-03-31": "$666", "2014-12-31": "$689", "2014-09-30": "$709", "2014-06-30": "$670", "2014-03-31": "$591", "2013-12-31": "$565", "2013-09-30": "$588", "2013-06-30": "$563", "2013-03-31": "$515", "2012-12-31": "$510", "2012-09-30": "$526", "2012-06-30": "$523", "2012-03-31": "$481", "2011-12-31": "$470", "2011-09-30": "$478", "2011-06-30": "$463", "2011-03-31": "$408", "2010-12-31": "$385", "2010-09-30": "$381", "2010-06-30": "$356", "2010-03-31": "$309", "2009-12-31": "$303", "2009-09-30": "$313", "2009-06-30": "$307", "2009-03-31": "$287", "2008-12-31": "$327", "2008-09-30": "$404", "2008-06-30": "$406", "2008-03-31": "$358", "2007-12-31": "$348", "2007-09-30": "$352", "2007-06-30": "$348", "2007-03-31": "$310", "2006-12-31": "$310", "2006-09-30": "$326", "2006-06-30": "$318", "2006-03-31": "$282", "2005-12-31": "$276", "2005-09-30": "$267", "2005-06-30": "$256", "2005-03-31": "$228"}}, "operating-income": {"Old Dominion Freight Line Annual Operating Income (Millions of US $)": {"2020": "$907", "2019": "$819", "2018": "$817", "2017": "$576", "2016": "$484", "2015": "$498", "2014": "$441", "2013": "$338", "2012": "$285", "2011": "$234", "2010": "$138", "2009": "$70", "2008": "$129", "2007": "$130", "2006": "$130", "2005": "$98"}, "Old Dominion Freight Line Quarterly Operating Income (Millions of US $)": {"2020-12-31": "$254", "2020-09-30": "$270", "2020-06-30": "$199", "2020-03-31": "$183", "2019-12-31": "$188", "2019-09-30": "$218", "2019-06-30": "$234", "2019-03-31": "$178", "2018-12-31": "$219", "2018-09-30": "$228", "2018-06-30": "$220", "2018-03-31": "$149", "2017-12-31": "$143", "2017-09-30": "$164", "2017-06-30": "$160", "2017-03-31": "$108", "2016-12-31": "$113", "2016-09-30": "$137", "2016-06-30": "$133", "2016-03-31": "$100", "2015-12-31": "$114", "2015-09-30": "$140", "2015-06-30": "$141", "2015-03-31": "$104", "2014-12-31": "$112", "2014-09-30": "$126", "2014-06-30": "$123", "2014-03-31": "$80", "2013-12-31": "$77", "2013-09-30": "$98", "2013-06-30": "$98", "2013-03-31": "$66", "2012-12-31": "$68", "2012-09-30": "$81", "2012-06-30": "$83", "2012-03-31": "$54", "2011-12-31": "$63", "2011-09-30": "$68", "2011-06-30": "$65", "2011-03-31": "$38", "2010-12-31": "$38", "2010-09-30": "$43", "2010-06-30": "$40", "2010-03-31": "$16", "2009-12-31": "$19", "2009-09-30": "$20", "2009-06-30": "$21", "2009-03-31": "$10", "2008-12-31": "$23", "2008-09-30": "$42", "2008-06-30": "$43", "2008-03-31": "$21", "2007-12-31": "$30", "2007-09-30": "$34", "2007-06-30": "$41", "2007-03-31": "$25", "2006-12-31": "$32", "2006-09-30": "$37", "2006-06-30": "$39", "2006-03-31": "$24", "2005-12-31": "$26", "2005-09-30": "$29", "2005-06-30": "$25", "2005-03-31": "$17"}}, "ebitda": {"Old Dominion Freight Line Annual EBITDA (Millions of US $)": {"2019": "$1,072", "2018": "$1,047", "2017": "$782", "2016": "$674", "2015": "$664", "2014": "$588", "2013": "$466", "2012": "$396", "2011": "$325", "2010": "$218", "2009": "$165", "2008": "$216", "2007": "$210", "2006": "$198", "2005": "$153"}, "Old Dominion Freight Line Quarterly EBITDA (Millions of US $)": {"2020-09-30": "$335", "2020-06-30": "$265", "2020-03-31": "$249", "2019-12-31": "$253", "2019-09-30": "$281", "2019-06-30": "$297", "2019-03-31": "$241", "2018-12-31": "$281", "2018-09-30": "$286", "2018-06-30": "$277", "2018-03-31": "$203", "2017-12-31": "$197", "2017-09-30": "$216", "2017-06-30": "$211", "2017-03-31": "$158", "2016-12-31": "$163", "2016-09-30": "$186", "2016-06-30": "$180", "2016-03-31": "$144", "2015-12-31": "$158", "2015-09-30": "$182", "2015-06-30": "$181", "2015-03-31": "$142", "2014-12-31": "$152", "2014-09-30": "$164", "2014-06-30": "$158", "2014-03-31": "$114", "2013-12-31": "$111", "2013-09-30": "$131", "2013-06-30": "$128", "2013-03-31": "$96", "2012-12-31": "$97", "2012-09-30": "$110", "2012-06-30": "$109", "2012-03-31": "$80", "2011-12-31": "$88", "2011-09-30": "$92", "2011-06-30": "$87", "2011-03-31": "$59", "2010-12-31": "$58", "2010-09-30": "$63", "2010-06-30": "$60", "2010-03-31": "$38", "2009-12-31": "$43", "2009-09-30": "$44", "2009-06-30": "$45", "2009-03-31": "$33", "2008-12-31": "$45", "2008-09-30": "$64", "2008-06-30": "$65", "2008-03-31": "$42", "2007-12-31": "$51", "2007-09-30": "$55", "2007-06-30": "$61", "2007-03-31": "$43", "2006-12-31": "$49", "2006-09-30": "$54", "2006-06-30": "$55", "2006-03-31": "$39", "2005-12-31": "$26", "2005-09-30": "$29", "2005-06-30": "$25", "2005-03-31": "$17"}}, "net-income": {"Old Dominion Freight Line Annual Net Income (Millions of US $)": {"2020": "$673", "2019": "$616", "2018": "$606", "2017": "$464", "2016": "$296", "2015": "$305", "2014": "$268", "2013": "$206", "2012": "$169", "2011": "$139", "2010": "$76", "2009": "$35", "2008": "$69", "2007": "$72", "2006": "$73", "2005": "$53"}, "Old Dominion Freight Line Quarterly Net Income (Millions of US $)": {"2020-12-31": "$190", "2020-09-30": "$202", "2020-06-30": "$148", "2020-03-31": "$133", "2019-12-31": "$144", "2019-09-30": "$164", "2019-06-30": "$174", "2019-03-31": "$133", "2018-12-31": "$159", "2018-09-30": "$173", "2018-06-30": "$163", "2018-03-31": "$109", "2017-12-31": "$197", "2017-09-30": "$102", "2017-06-30": "$98", "2017-03-31": "$66", "2016-12-31": "$69", "2016-09-30": "$86", "2016-06-30": "$81", "2016-03-31": "$60", "2015-12-31": "$72", "2015-09-30": "$84", "2015-06-30": "$86", "2015-03-31": "$63", "2014-12-31": "$70", "2014-09-30": "$78", "2014-06-30": "$74", "2014-03-31": "$46", "2013-12-31": "$47", "2013-09-30": "$60", "2013-06-30": "$58", "2013-03-31": "$41", "2012-12-31": "$39", "2012-09-30": "$51", "2012-06-30": "$48", "2012-03-31": "$31", "2011-12-31": "$40", "2011-09-30": "$39", "2011-06-30": "$39", "2011-03-31": "$22", "2010-12-31": "$22", "2010-09-30": "$24", "2010-06-30": "$22", "2010-03-31": "$8", "2009-12-31": "$10", "2009-09-30": "$10", "2009-06-30": "$11", "2009-03-31": "$4", "2008-12-31": "$11", "2008-09-30": "$23", "2008-06-30": "$24", "2008-03-31": "$10", "2007-12-31": "$16", "2007-09-30": "$20", "2007-06-30": "$23", "2007-03-31": "$14", "2006-12-31": "$18", "2006-09-30": "$20", "2006-06-30": "$22", "2006-03-31": "$13", "2005-12-31": "$15", "2005-09-30": "$16", "2005-06-30": "$14", "2005-03-31": "$9"}}, "eps-earnings-per-share-diluted": {"Old Dominion Freight Line Annual EPS": {"2020": "$5.68", "2019": "$5.11", "2018": "$4.92", "2017": "$3.75", "2016": "$2.37", "2015": "$2.38", "2014": "$2.07", "2013": "$1.59", "2012": "$1.31", "2011": "$1.09", "2010": "$0.60", "2009": "$0.28", "2008": "$0.55", "2007": "$0.57", "2006": "$0.58", "2005": "$0.42"}, "Old Dominion Freight Line Quarterly EPS": {"2020-12-31": "$1.61", "2020-09-30": "$1.71", "2020-06-30": "$1.25", "2020-03-31": "$1.11", "2019-12-31": "$1.20", "2019-09-30": "$1.37", "2019-06-30": "$1.44", "2019-03-31": "$1.10", "2018-12-31": "$1.29", "2018-09-30": "$1.41", "2018-06-30": "$1.33", "2018-03-31": "$0.89", "2017-12-31": "$1.60", "2017-09-30": "$0.83", "2017-06-30": "$0.79", "2017-03-31": "$0.53", "2016-12-31": "$0.55", "2016-09-30": "$0.69", "2016-06-30": "$0.65", "2016-03-31": "$0.48", "2015-12-31": "$0.57", "2015-09-30": "$0.66", "2015-06-30": "$0.67", "2015-03-31": "$0.49", "2014-12-31": "$0.54", "2014-09-30": "$0.60", "2014-06-30": "$0.57", "2014-03-31": "$0.35", "2013-12-31": "$0.36", "2013-09-30": "$0.47", "2013-06-30": "$0.45", "2013-03-31": "$0.31", "2012-12-31": "$0.31", "2012-09-30": "$0.39", "2012-06-30": "$0.37", "2012-03-31": "$0.24", "2011-12-31": "$0.31", "2011-09-30": "$0.30", "2011-06-30": "$0.31", "2011-03-31": "$0.17", "2010-12-31": "$0.17", "2010-09-30": "$0.20", "2010-06-30": "$0.17", "2010-03-31": "$0.06", "2009-12-31": "$0.07", "2009-09-30": "$0.08", "2009-06-30": "$0.09", "2009-03-31": "$0.03", "2008-12-31": "$0.09", "2008-09-30": "$0.19", "2008-06-30": "$0.19", "2008-03-31": "$0.08", "2007-12-31": "$0.13", "2007-09-30": "$0.16", "2007-06-30": "$0.18", "2007-03-31": "$0.11", "2006-12-31": "$0.14", "2006-09-30": "$0.16", "2006-06-30": "$0.17", "2006-03-31": "$0.10", "2005-12-31": "$0.12", "2005-09-30": "$0.13", "2005-06-30": "$0.11", "2005-03-31": "$0.07"}}, "shares-outstanding": {"Old Dominion Freight Line Annual Shares Outstanding (Millions of Shares)": {"2020": "118", "2019": "121", "2018": "123", "2017": "124", "2016": "125", "2015": "128", "2014": "129", "2013": "129", "2012": "129", "2011": "129", "2010": "126", "2009": "126", "2008": "126", "2007": "126", "2006": "126", "2005": "126"}, "Old Dominion Freight Line Quarterly Shares Outstanding (Millions of Shares)": {"2020-12-31": "118", "2020-09-30": "118", "2020-06-30": "118", "2020-03-31": "120", "2019-12-31": "121", "2019-09-30": "120", "2019-06-30": "121", "2019-03-31": "122", "2018-12-31": "123", "2018-09-30": "123", "2018-06-30": "123", "2018-03-31": "124", "2017-12-31": "124", "2017-09-30": "124", "2017-06-30": "124", "2017-03-31": "124", "2016-12-31": "125", "2016-09-30": "124", "2016-06-30": "125", "2016-03-31": "126", "2015-12-31": "128", "2015-09-30": "128", "2015-06-30": "129", "2015-03-31": "129", "2014-12-31": "129", "2014-09-30": "129", "2014-06-30": "129", "2014-03-31": "129", "2013-12-31": "129", "2013-09-30": "129", "2013-06-30": "129", "2013-03-31": "129", "2012-12-31": "129", "2012-09-30": "129", "2012-06-30": "129", "2012-03-31": "129", "2011-12-31": "129", "2011-09-30": "129", "2011-06-30": "129", "2011-03-31": "127", "2010-12-31": "126", "2010-09-30": "126", "2010-06-30": "126", "2010-03-31": "126", "2009-12-31": "126", "2009-09-30": "126", "2009-06-30": "126", "2009-03-31": "126", "2008-12-31": "126", "2008-09-30": "126", "2008-06-30": "126", "2008-03-31": "126", "2007-12-31": "126", "2007-09-30": "126", "2007-06-30": "126", "2007-03-31": "126", "2006-12-31": "126", "2006-09-30": "126", "2006-06-30": "126", "2006-03-31": "126", "2005-12-31": "126", "2005-09-30": "126", "2005-06-30": "126", "2005-03-31": "126"}}, "total-assets": {"Old Dominion Freight Line Annual Total Assets (Millions of US $)": {"2019": "$3,996", "2018": "$3,545", "2017": "$3,068", "2016": "$2,696", "2015": "$2,467", "2014": "$2,207", "2013": "$1,932", "2012": "$1,713", "2011": "$1,513", "2010": "$1,240", "2009": "$1,159", "2008": "$1,075", "2007": "$981", "2006": "$892", "2005": "$642"}, "Old Dominion Freight Line Quarterly Total Assets (Millions of US $)": {"2020-09-30": "$4,274", "2020-06-30": "$4,080", "2020-03-31": "$3,935", "2019-12-31": "$3,996", "2019-09-30": "$3,892", "2019-06-30": "$3,759", "2019-03-31": "$3,704", "2018-12-31": "$3,545", "2018-09-30": "$3,489", "2018-06-30": "$3,321", "2018-03-31": "$3,144", "2017-12-31": "$3,068", "2017-09-30": "$2,956", "2017-06-30": "$2,840", "2017-03-31": "$2,745", "2016-12-31": "$2,696", "2016-09-30": "$2,684", "2016-06-30": "$2,660", "2016-03-31": "$2,515", "2015-12-31": "$2,467", "2015-09-30": "$2,474", "2015-06-30": "$2,378", "2015-03-31": "$2,340", "2014-12-31": "$2,207", "2014-09-30": "$2,189", "2014-06-30": "$2,124", "2014-03-31": "$2,032", "2013-12-31": "$1,932", "2013-09-30": "$1,905", "2013-06-30": "$1,855", "2013-03-31": "$1,761", "2012-12-31": "$1,713", "2012-09-30": "$1,715", "2012-06-30": "$1,640", "2012-03-31": "$1,574", "2011-12-31": "$1,513", "2011-09-30": "$1,473", "2011-06-30": "$1,410", "2011-03-31": "$1,384", "2010-12-31": "$1,240", "2010-09-30": "$1,219", "2010-06-30": "$1,203", "2010-03-31": "$1,193", "2009-12-31": "$1,159", "2009-09-30": "$1,175", "2009-06-30": "$1,145", "2009-03-31": "$1,109", "2008-12-31": "$1,075", "2008-09-30": "$1,076", "2008-06-30": "$1,054", "2008-03-31": "$1,008", "2007-12-31": "$981", "2007-09-30": "$982", "2007-06-30": "$957", "2007-03-31": "$934", "2006-12-31": "$892", "2006-09-30": "$890", "2006-06-30": "$866", "2006-03-31": "$710", "2005-12-31": "$642", "2005-09-30": "$640", "2005-06-30": "$611", "2005-03-31": "$566"}}, "cash-on-hand": {"Old Dominion Freight Line Annual Cash on Hand (Millions of US $)": {"2019": "$404", "2018": "$190", "2017": "$127", "2016": "$10", "2015": "$11", "2014": "$35", "2013": "$30", "2012": "$13", "2011": "$76", "2010": "$5", "2009": "$4", "2008": "$29", "2007": "$31", "2006": "$88", "2005": "$1"}, "Old Dominion Freight Line Quarterly Cash on Hand (Millions of US $)": {"2020-09-30": "$626", "2020-06-30": "$519", "2020-03-31": "$357", "2019-12-31": "$404", "2019-09-30": "$322", "2019-06-30": "$229", "2019-03-31": "$281", "2018-12-31": "$190", "2018-09-30": "$177", "2018-06-30": "$141", "2018-03-31": "$160", "2017-12-31": "$127", "2017-09-30": "$78", "2017-06-30": "$34", "2017-03-31": "$48", "2016-12-31": "$10", "2016-09-30": "$15", "2016-06-30": "$11", "2016-03-31": "$7", "2015-12-31": "$11", "2015-09-30": "$11", "2015-06-30": "$13", "2015-03-31": "$113", "2014-12-31": "$35", "2014-09-30": "$8", "2014-06-30": "$20", "2014-03-31": "$41", "2013-12-31": "$30", "2013-09-30": "$12", "2013-06-30": "$7", "2013-03-31": "$29", "2012-12-31": "$13", "2012-09-30": "$7", "2012-06-30": "$11", "2012-03-31": "$54", "2011-12-31": "$76", "2011-09-30": "$42", "2011-06-30": "$29", "2011-03-31": "$88", "2010-12-31": "$5", "2010-09-30": "$5", "2010-06-30": "$5", "2010-03-31": "$9", "2009-12-31": "$4", "2009-09-30": "$4", "2009-06-30": "$4", "2009-03-31": "$4", "2008-12-31": "$29", "2008-09-30": "$40", "2008-06-30": "$37", "2008-03-31": "$38", "2007-12-31": "$31", "2007-09-30": "$17", "2007-06-30": "$17", "2007-03-31": "$56", "2006-12-31": "$88", "2006-09-30": "$83", "2006-06-30": "$93", "2006-03-31": "$1", "2005-12-31": "$1", "2005-09-30": "$6", "2005-06-30": "$1", "2005-03-31": "$3"}}, "long-term-debt": {"Old Dominion Freight Line Annual Long Term Debt (Millions of US $)": {"2019": "$45", "2018": "$45", "2017": "$45", "2016": "$105", "2015": "$107", "2014": "$120", "2013": "$156", "2012": "$201", "2011": "$230", "2010": "$234", "2009": "$269", "2008": "$240", "2007": "$252", "2006": "$262", "2005": "$111"}, "Old Dominion Freight Line Quarterly Long Term Debt (Millions of US $)": {"2020-09-30": "$100", "2020-06-30": "$100", "2020-03-31": "", "2019-12-31": "$45", "2019-09-30": "$45", "2019-06-30": "$45", "2019-03-31": "$45", "2018-12-31": "$45", "2018-09-30": "$45", "2018-06-30": "$45", "2018-03-31": "$45", "2017-12-31": "$45", "2017-09-30": "$45", "2017-06-30": "$45", "2017-03-31": "$45", "2016-12-31": "$105", "2016-09-30": "$193", "2016-06-30": "$218", "2016-03-31": "$100", "2015-12-31": "$107", "2015-09-30": "$95", "2015-06-30": "$118", "2015-03-31": "$121", "2014-12-31": "$120", "2014-09-30": "$148", "2014-06-30": "$164", "2014-03-31": "$145", "2013-12-31": "$156", "2013-09-30": "$168", "2013-06-30": "$190", "2013-03-31": "$181", "2012-12-31": "$201", "2012-09-30": "$243", "2012-06-30": "$228", "2012-03-31": "$219", "2011-12-31": "$230", "2011-09-30": "$227", "2011-06-30": "$227", "2011-03-31": "$252", "2010-12-31": "$234", "2010-09-30": "$168", "2010-06-30": "$252", "2010-03-31": "$273", "2009-12-31": "$269", "2009-09-30": "$277", "2009-06-30": "$265", "2009-03-31": "$260", "2008-12-31": "$240", "2008-09-30": "$240", "2008-06-30": "$240", "2008-03-31": "$241", "2007-12-31": "$252", "2007-09-30": "$254", "2007-06-30": "$255", "2007-03-31": "$255", "2006-12-31": "$262", "2006-09-30": "$262", "2006-06-30": "$267", "2006-03-31": "$136", "2005-12-31": "$111", "2005-09-30": "$121", "2005-06-30": "$112", "2005-03-31": "$83"}}, "total-liabilities": {"Old Dominion Freight Line Annual Total Liabilities (Millions of US $)": {"2019": "$915", "2018": "$865", "2017": "$792", "2016": "$845", "2015": "$782", "2014": "$713", "2013": "$700", "2012": "$687", "2011": "$657", "2010": "$571", "2009": "$566", "2008": "$517", "2007": "$492", "2006": "$475", "2005": "$297"}, "Old Dominion Freight Line Quarterly Total Liabilities (Millions of US $)": {"2020-09-30": "$1,103", "2020-06-30": "$1,098", "2020-03-31": "$919", "2019-12-31": "$915", "2019-09-30": "$983", "2019-06-30": "$960", "2019-03-31": "$934", "2018-12-31": "$865", "2018-09-30": "$872", "2018-06-30": "$839", "2018-03-31": "$785", "2017-12-31": "$792", "2017-09-30": "$869", "2017-06-30": "$847", "2017-03-31": "$836", "2016-12-31": "$845", "2016-09-30": "$891", "2016-06-30": "$918", "2016-03-31": "$815", "2015-12-31": "$782", "2015-09-30": "$827", "2015-06-30": "$778", "2015-03-31": "$797", "2014-12-31": "$713", "2014-09-30": "$759", "2014-06-30": "$772", "2014-03-31": "$754", "2013-12-31": "$700", "2013-09-30": "$720", "2013-06-30": "$730", "2013-03-31": "$695", "2012-12-31": "$687", "2012-09-30": "$728", "2012-06-30": "$704", "2012-03-31": "$687", "2011-12-31": "$657", "2011-09-30": "$657", "2011-06-30": "$631", "2011-03-31": "$645", "2010-12-31": "$571", "2010-09-30": "$572", "2010-06-30": "$581", "2010-03-31": "$592", "2009-12-31": "$566", "2009-09-30": "$591", "2009-06-30": "$572", "2009-03-31": "$547", "2008-12-31": "$517", "2008-09-30": "$529", "2008-06-30": "$530", "2008-03-31": "$508", "2007-12-31": "$492", "2007-09-30": "$508", "2007-06-30": "$503", "2007-03-31": "$502", "2006-12-31": "$475", "2006-09-30": "$490", "2006-06-30": "$486", "2006-03-31": "$352", "2005-12-31": "$297", "2005-09-30": "$309", "2005-06-30": "$296", "2005-03-31": "$265"}}, "total-share-holder-equity": {"Old Dominion Freight Line Annual Share Holder Equity (Millions of US $)": {"2019": "$3,081", "2018": "$2,680", "2017": "$2,277", "2016": "$1,851", "2015": "$1,685", "2014": "$1,494", "2013": "$1,232", "2012": "$1,026", "2011": "$857", "2010": "$669", "2009": "$593", "2008": "$558", "2007": "$489", "2006": "$418", "2005": "$345"}, "Old Dominion Freight Line Quarterly Share Holder Equity (Millions of US $)": {"2020-09-30": "$3,171", "2020-06-30": "$2,982", "2020-03-31": "$3,016", "2019-12-31": "$3,081", "2019-09-30": "$2,910", "2019-06-30": "$2,798", "2019-03-31": "$2,770", "2018-12-31": "$2,680", "2018-09-30": "$2,617", "2018-06-30": "$2,482", "2018-03-31": "$2,359", "2017-12-31": "$2,277", "2017-09-30": "$2,087", "2017-06-30": "$1,993", "2017-03-31": "$1,909", "2016-12-31": "$1,851", "2016-09-30": "$1,793", "2016-06-30": "$1,742", "2016-03-31": "$1,700", "2015-12-31": "$1,685", "2015-09-30": "$1,647", "2015-06-30": "$1,600", "2015-03-31": "$1,543", "2014-12-31": "$1,494", "2014-09-30": "$1,430", "2014-06-30": "$1,352", "2014-03-31": "$1,278", "2013-12-31": "$1,232", "2013-09-30": "$1,185", "2013-06-30": "$1,125", "2013-03-31": "$1,067", "2012-12-31": "$1,026", "2012-09-30": "$986", "2012-06-30": "$935", "2012-03-31": "$888", "2011-12-31": "$857", "2011-09-30": "$817", "2011-06-30": "$778", "2011-03-31": "$739", "2010-12-31": "$669", "2010-09-30": "$647", "2010-06-30": "$622", "2010-03-31": "$601", "2009-12-31": "$593", "2009-09-30": "$583", "2009-06-30": "$573", "2009-03-31": "$562", "2008-12-31": "$558", "2008-09-30": "$547", "2008-06-30": "$524", "2008-03-31": "$500", "2007-12-31": "$489", "2007-09-30": "$474", "2007-06-30": "$454", "2007-03-31": "$431", "2006-12-31": "$418", "2006-09-30": "$400", "2006-06-30": "$380", "2006-03-31": "$358", "2005-12-31": "$345", "2005-09-30": "$331", "2005-06-30": "$315", "2005-03-31": "$301"}}, "profit-margins": {"current": "16.75%"}, "gross margin": {"2020-12-31": "97.61%", "2020-09-30": "97.85%", "2020-06-30": "97.89%", "2020-03-31": "97.83%", "2019-12-31": "97.81%", "2019-09-30": "97.77%", "2019-06-30": "97.73%", "2019-03-31": "97.69%", "2018-12-31": "97.63%", "2018-09-30": "97.54%", "2018-06-30": "97.47%", "2018-03-31": "97.48%", "2017-12-31": "97.47%", "2017-09-30": "97.48%", "2017-06-30": "97.53%", "2017-03-31": "97.56%", "2016-12-31": "97.49%", "2016-09-30": "97.32%", "2016-06-30": "96.94%", "2016-03-31": "96.45%", "2015-12-31": "96.06%", "2015-09-30": "95.77%", "2015-06-30": "95.55%", "2015-03-31": "95.46%", "2014-12-31": "95.37%", "2014-09-30": "95.34%", "2014-06-30": "95.38%", "2014-03-31": "95.41%", "2013-12-31": "95.51%", "2013-09-30": "95.31%", "2013-06-30": "95.31%", "2013-03-31": "95.36%", "2012-12-31": "95.60%", "2012-09-30": "95.19%", "2012-06-30": "95.50%", "2012-03-31": "95.70%", "2011-12-31": "95.59%", "2011-09-30": "96.55%", "2011-06-30": "96.41%", "2011-03-31": "96.47%", "2010-12-31": "96.62%", "2010-09-30": "96.84%", "2010-06-30": "97.05%", "2010-03-31": "97.16%", "2009-12-31": "97.19%", "2009-09-30": "97.17%", "2009-06-30": "97.21%", "2009-03-31": "97.20%", "2008-12-31": "97.20%", "2008-09-30": "97.12%", "2008-06-30": "97.08%", "2008-03-31": "96.97%", "2007-12-31": "96.86%", "2007-09-30": "96.92%", "2007-06-30": "96.78%", "2007-03-31": "96.64%", "2006-12-31": "96.56%", "2006-09-30": "96.47%", "2006-06-30": "96.62%", "2006-03-31": "96.86%", "2005-12-31": "96.80%"}, "operating margin": {"2020-12-31": "22.57%", "2020-09-30": "21.27%", "2020-06-30": "20.00%", "2020-03-31": "20.05%", "2019-12-31": "19.91%", "2019-09-30": "20.57%", "2019-06-30": "20.76%", "2019-03-31": "20.56%", "2018-12-31": "20.18%", "2018-09-30": "18.94%", "2018-06-30": "18.16%", "2018-03-31": "17.46%", "2017-12-31": "17.12%", "2017-09-30": "16.96%", "2017-06-30": "16.59%", "2017-03-31": "16.16%", "2016-12-31": "16.14%", "2016-09-30": "16.24%", "2016-06-30": "16.36%", "2016-03-31": "16.59%", "2015-12-31": "16.79%", "2015-09-30": "16.80%", "2015-06-30": "16.52%", "2015-03-31": "16.24%", "2014-12-31": "15.82%", "2014-09-30": "15.27%", "2014-06-30": "14.93%", "2014-03-31": "14.60%", "2013-12-31": "14.51%", "2013-09-30": "14.45%", "2013-06-30": "14.11%", "2013-03-31": "13.70%", "2012-12-31": "13.40%", "2012-09-30": "13.37%", "2012-06-30": "13.11%", "2012-03-31": "12.65%", "2011-12-31": "12.30%", "2011-09-30": "11.64%", "2011-06-30": "10.84%", "2011-03-31": "10.03%", "2010-12-31": "9.25%", "2010-09-30": "8.47%", "2010-06-30": "7.20%", "2010-03-31": "5.99%", "2009-12-31": "5.62%", "2009-09-30": "5.83%", "2009-06-30": "7.04%", "2009-03-31": "8.05%", "2008-12-31": "8.39%", "2008-09-30": "8.71%", "2008-06-30": "8.49%", "2008-03-31": "8.69%", "2007-12-31": "9.27%", "2007-09-30": "9.69%", "2007-06-30": "10.10%", "2007-03-31": "10.17%", "2006-12-31": "10.31%", "2006-09-30": "10.11%", "2006-06-30": "9.97%", "2006-03-31": "9.32%", "2005-12-31": "9.14%"}, "ebitda margin": {"2020-09-30": "27.90%", "2020-06-30": "26.60%", "2020-03-31": "26.31%", "2019-12-31": "26.09%", "2019-09-30": "26.65%", "2019-06-30": "26.71%", "2019-03-31": "26.41%", "2018-12-31": "25.90%", "2018-09-30": "24.65%", "2018-06-30": "23.99%", "2018-03-31": "23.43%", "2017-12-31": "23.29%", "2017-09-30": "23.28%", "2017-06-30": "22.99%", "2017-03-31": "22.61%", "2016-12-31": "22.49%", "2016-09-30": "22.41%", "2016-06-30": "22.30%", "2016-03-31": "22.29%", "2015-12-31": "22.31%", "2015-09-30": "22.21%", "2015-06-30": "21.86%", "2015-03-31": "21.51%", "2014-12-31": "21.09%", "2014-09-30": "20.57%", "2014-06-30": "20.31%", "2014-03-31": "20.02%", "2013-12-31": "19.95%", "2013-09-30": "19.80%", "2013-06-30": "19.43%", "2013-03-31": "18.94%", "2012-12-31": "18.56%", "2012-09-30": "18.42%", "2012-06-30": "18.05%", "2012-03-31": "17.55%", "2011-12-31": "17.13%", "2011-09-30": "16.48%", "2011-06-30": "15.72%", "2011-03-31": "15.13%", "2010-12-31": "14.79%", "2010-09-30": "14.64%", "2010-06-30": "14.02%", "2010-03-31": "13.41%", "2009-12-31": "13.25%", "2009-09-30": "13.15%", "2009-06-30": "13.72%", "2009-03-31": "14.13%", "2008-12-31": "14.04%", "2008-09-30": "14.22%", "2008-06-30": "14.12%", "2008-03-31": "14.41%", "2007-12-31": "14.98%", "2007-09-30": "15.27%", "2007-06-30": "15.48%", "2007-03-31": "15.37%", "2006-12-31": "15.39%", "2006-09-30": "13.96%", "2006-06-30": "12.60%", "2006-03-31": "10.66%", "2005-12-31": "9.14%"}, "pre tax profit margin": {"2020-12-31": "22.45%", "2020-09-30": "21.22%", "2020-06-30": "20.00%", "2020-03-31": "20.10%", "2019-12-31": "20.05%", "2019-09-30": "20.62%", "2019-06-30": "20.84%", "2019-03-31": "20.61%", "2018-12-31": "20.13%", "2018-09-30": "18.97%", "2018-06-30": "18.19%", "2018-03-31": "17.46%", "2017-12-31": "17.15%", "2017-09-30": "16.90%", "2017-06-30": "16.46%", "2017-03-31": "16.00%", "2016-12-31": "15.94%", "2016-09-30": "16.03%", "2016-06-30": "16.09%", "2016-03-31": "16.29%", "2015-12-31": "16.49%", "2015-09-30": "16.50%", "2015-06-30": "16.25%", "2015-03-31": "15.96%", "2014-12-31": "15.49%", "2014-09-30": "14.93%", "2014-06-30": "14.54%", "2014-03-31": "14.14%", "2013-12-31": "14.04%", "2013-09-30": "13.89%", "2013-06-30": "13.53%", "2013-03-31": "13.06%", "2012-12-31": "12.75%", "2012-09-30": "12.80%", "2012-06-30": "12.43%", "2012-03-31": "11.94%", "2011-12-31": "11.56%", "2011-09-30": "10.80%", "2011-06-30": "10.13%", "2011-03-31": "9.27%", "2010-12-31": "8.44%", "2010-09-30": "7.54%", "2010-06-30": "6.14%", "2010-03-31": "4.97%", "2009-12-31": "4.58%", "2009-09-30": "4.72%", "2009-06-30": "5.94%", "2009-03-31": "6.96%", "2008-12-31": "7.28%", "2008-09-30": "7.62%", "2008-06-30": "7.43%", "2008-03-31": "7.59%", "2007-12-31": "8.20%", "2007-09-30": "8.66%", "2007-06-30": "8.98%", "2007-03-31": "9.10%", "2006-12-31": "9.30%", "2006-09-30": "9.31%", "2006-06-30": "9.30%", "2006-03-31": "8.69%", "2005-12-31": "8.58%"}, "net profit margin": {"2020-12-31": "16.77%", "2020-09-30": "15.87%", "2020-06-30": "14.95%", "2020-03-31": "14.98%", "2019-12-31": "14.97%", "2019-09-30": "15.27%", "2019-06-30": "15.45%", "2019-03-31": "15.28%", "2018-12-31": "14.94%", "2018-09-30": "16.43%", "2018-06-30": "15.34%", "2018-03-31": "14.34%", "2017-12-31": "13.79%", "2017-09-30": "10.43%", "2017-06-30": "10.21%", "2017-03-31": "9.94%", "2016-12-31": "9.89%", "2016-09-30": "10.03%", "2016-06-30": "9.98%", "2016-03-31": "10.12%", "2015-12-31": "10.26%", "2015-09-30": "10.24%", "2015-06-30": "10.16%", "2015-03-31": "9.95%", "2014-12-31": "9.61%", "2014-09-30": "9.21%", "2014-06-30": "8.97%", "2014-03-31": "8.73%", "2013-12-31": "8.82%", "2013-09-30": "8.67%", "2013-06-30": "8.52%", "2013-03-31": "8.23%", "2012-12-31": "7.92%", "2012-09-30": "8.09%", "2012-06-30": "7.73%", "2012-03-31": "7.54%", "2011-12-31": "7.36%", "2011-09-30": "6.79%", "2011-06-30": "6.30%", "2011-03-31": "5.67%", "2010-12-31": "5.13%", "2010-09-30": "4.59%", "2010-06-30": "3.79%", "2010-03-31": "3.08%", "2009-12-31": "2.81%", "2009-09-30": "2.83%", "2009-06-30": "3.60%", "2009-03-31": "4.23%", "2008-12-31": "4.42%", "2008-09-30": "4.68%", "2008-06-30": "4.64%", "2008-03-31": "4.76%", "2007-12-31": "5.21%", "2007-09-30": "5.51%", "2007-06-30": "5.61%", "2007-03-31": "5.66%", "2006-12-31": "5.70%", "2006-09-30": "5.62%", "2006-06-30": "5.58%", "2006-03-31": "5.20%", "2005-12-31": "5.09%"}, "pe ratio": {"current": "37.94", "2021-02-11": "51.12", "2020-12-31": "47.96", "2020-09-30": "34.31", "2020-06-30": "34.37", "2020-03-31": "25.59", "2019-12-31": "24.72", "2019-09-30": "21.69", "2019-06-30": "18.86", "2019-03-31": "18.63", "2018-12-31": "16.58", "2018-09-30": "20.41", "2018-06-30": "21.22", "2018-03-31": "23.65", "2017-12-31": "23.14", "2017-09-30": "26.79", "2017-06-30": "24.41", "2017-03-31": "23.17", "2016-12-31": "23.73", "2016-09-30": "18.87", "2016-06-30": "16.77", "2016-03-31": "19.25", "2015-12-31": "16.29", "2015-09-30": "17.01", "2015-06-30": "19.64", "2015-03-31": "23.06", "2014-12-31": "24.66", "2014-09-30": "24.49", "2014-06-30": "23.75", "2014-03-31": "22.71", "2013-12-31": "21.75", "2013-09-30": "19.60", "2013-06-30": "18.63", "2013-03-31": "18.14", "2012-12-31": "17.19", "2012-09-30": "15.12", "2012-06-30": "15.61", "2012-03-31": "18.12", "2011-12-31": "16.42", "2011-09-30": "13.39", "2011-06-30": "19.33", "2011-03-31": "21.64", "2010-12-31": "23.22", "2010-09-30": "21.95", "2010-06-30": "26.01", "2010-03-31": "31.62", "2009-12-31": "32.16", "2009-09-30": "30.57", "2009-06-30": "24.85", "2009-03-31": "13.77", "2008-12-31": "15.15", "2008-09-30": "14.16", "2008-06-30": "15.72", "2008-03-31": "17.03", "2007-12-31": "11.85", "2007-09-30": "11.92", "2007-06-30": "14.99", "2007-03-31": "14.47", "2006-12-31": "12.15"}, "price sales": {"2021-02-11": "6.14", "2020-12-31": "5.76", "2020-09-30": "5.45", "2020-06-30": "5.14", "2020-03-31": "3.84", "2019-12-31": "3.71", "2019-09-30": "3.32", "2019-06-30": "2.92", "2019-03-31": "2.86", "2018-12-31": "2.49", "2018-09-30": "3.36", "2018-06-30": "3.26", "2018-03-31": "3.40", "2017-12-31": "3.19", "2017-09-30": "2.80", "2017-06-30": "2.49", "2017-03-31": "2.30", "2016-12-31": "2.35", "2016-09-30": "1.90", "2016-06-30": "1.69", "2016-03-31": "1.95", "2015-12-31": "1.67", "2015-09-30": "1.74", "2015-06-30": "1.99", "2015-03-31": "2.29", "2014-12-31": "2.36", "2014-09-30": "2.25", "2014-06-30": "2.13", "2014-03-31": "1.99", "2013-12-31": "1.92", "2013-09-30": "1.71", "2013-06-30": "1.59", "2013-03-31": "1.49", "2012-12-31": "1.36", "2012-09-30": "1.22", "2012-06-30": "1.20", "2012-03-31": "1.36", "2011-12-31": "1.20", "2011-09-30": "0.90", "2011-06-30": "1.22", "2011-03-31": "1.22", "2010-12-31": "1.19", "2010-09-30": "1.00", "2010-06-30": "0.98", "2010-03-31": "0.97", "2009-12-31": "0.91", "2009-09-30": "0.88", "2009-06-30": "0.90", "2009-03-31": "0.59", "2008-12-31": "0.68", "2008-09-30": "0.67", "2008-06-30": "0.73", "2008-03-31": "0.81", "2007-12-31": "0.61", "2007-09-30": "0.65", "2007-06-30": "0.83", "2007-03-31": "0.81", "2006-12-31": "0.69"}, "price book": {"current": "7.60", "2021-02-11": "7.70", "2020-09-30": "6.69", "2020-06-30": "6.66", "2020-03-31": "5.13", "2019-12-31": "4.89", "2019-09-30": "4.65", "2019-06-30": "4.25", "2019-03-31": "4.20", "2018-12-31": "3.71", "2018-09-30": "5.00", "2018-06-30": "4.88", "2018-03-31": "5.07", "2017-12-31": "4.70", "2017-09-30": "4.29", "2017-06-30": "3.89", "2017-03-31": "3.64", "2016-12-31": "3.76", "2016-09-30": "3.11", "2016-06-30": "2.83", "2016-03-31": "3.37", "2015-12-31": "2.91", "2015-09-30": "3.10", "2015-06-30": "3.61", "2015-03-31": "4.24", "2014-12-31": "4.41", "2014-09-30": "4.19", "2014-06-30": "4.00", "2014-03-31": "3.77", "2013-12-31": "3.65", "2013-09-30": "3.29", "2013-06-30": "3.14", "2013-03-31": "3.04", "2012-12-31": "2.83", "2012-09-30": "2.59", "2012-06-30": "2.62", "2012-03-31": "3.04", "2011-12-31": "2.68", "2011-09-30": "2.01", "2011-06-30": "2.71", "2011-03-31": "2.69", "2010-12-31": "2.63", "2010-09-30": "2.16", "2010-06-30": "2.07", "2010-03-31": "2.04", "2009-12-31": "1.90", "2009-09-30": "1.92", "2009-06-30": "2.15", "2009-03-31": "1.53", "2008-12-31": "1.87", "2008-09-30": "1.90", "2008-06-30": "2.10", "2008-03-31": "2.34", "2007-12-31": "1.73", "2007-09-30": "1.86", "2007-06-30": "2.44", "2007-03-31": "2.45", "2006-12-31": "2.12", "2006-09-30": "2.76", "2006-06-30": "3.63", "2006-03-31": "2.76"}, "price fcf": {"2021-02-11": "", "2020-09-30": "$5.50", "2020-06-30": "$5.68", "2020-03-31": "$4.40", "2019-12-31": "$4.23", "2019-09-30": "$4.06", "2019-06-30": "$3.43", "2019-03-31": "$2.81", "2018-12-31": "$2.59", "2018-09-30": "$2.16", "2018-06-30": "$1.96", "2018-03-31": "$1.80", "2017-12-31": "$1.35", "2017-09-30": "$1.64", "2017-06-30": "$1.74", "2017-03-31": "$1.33", "2016-12-31": "$1.27", "2016-09-30": "$1.19", "2016-06-30": "$0.65", "2016-03-31": "$0.50", "2015-12-31": "$0.91", "2015-09-30": "$0.70", "2015-06-30": "$0.76", "2015-03-31": "$0.98", "2014-12-31": "$0.35", "2014-09-30": "$0.14", "2014-06-30": "$0.32", "2014-03-31": "$0.39", "2013-12-31": "$0.51", "2013-09-30": "$0.63", "2013-06-30": "$0.27", "2013-03-31": "$0.11", "2012-12-31": "$-0.26", "2012-09-30": "$-0.34", "2012-06-30": "$-0.08", "2012-03-31": "$0.04", "2011-12-31": "$0.25", "2011-09-30": "$-0.07", "2011-06-30": "$-0.05", "2011-03-31": "$0.36", "2010-12-31": "$0.29", "2010-09-30": "$0.41", "2010-06-30": "$0.17", "2010-03-31": "$-0.20", "2009-12-31": "$-0.62", "2009-09-30": "$-0.78", "2009-06-30": "$-0.61", "2009-03-31": "$-0.38", "2008-12-31": "$0.15", "2008-09-30": "$0.39", "2008-06-30": "$0.39", "2008-03-31": "$0.18", "2007-12-31": "$-0.19", "2007-09-30": "$-0.29", "2007-06-30": "$-0.32", "2007-03-31": "$-0.37", "2006-12-31": "$-0.31"}, "net worth": {"value": "$25.29B"}, "current ratio": {"2020-12-31": "3.33", "2020-09-30": "2.53", "2020-06-30": "1.96", "2020-03-31": "1.94", "2019-12-31": "2.37", "2019-09-30": "2.03", "2019-06-30": "1.92", "2019-03-31": "2.19", "2018-12-31": "1.98", "2018-09-30": "1.92", "2018-06-30": "1.77", "2018-03-31": "1.78", "2017-12-31": "1.67", "2017-09-30": "1.44", "2017-06-30": "1.29", "2017-03-31": "1.27", "2016-12-31": "1.33", "2016-09-30": "1.45", "2016-06-30": "1.28", "2016-03-31": "1.10", "2015-12-31": "1.34", "2015-09-30": "1.20", "2015-06-30": "1.41", "2015-03-31": "1.55", "2014-12-31": "1.58", "2014-09-30": "1.38", "2014-06-30": "1.29", "2014-03-31": "1.33", "2013-12-31": "1.43", "2013-09-30": "1.34", "2013-06-30": "1.19", "2013-03-31": "1.28", "2012-12-31": "1.22", "2012-09-30": "1.29", "2012-06-30": "1.23", "2012-03-31": "1.31", "2011-12-31": "1.62", "2011-09-30": "1.45", "2011-06-30": "1.39", "2011-03-31": "1.46", "2010-12-31": "1.31", "2010-09-30": "0.89", "2010-06-30": "1.15", "2010-03-31": "1.13", "2009-12-31": "1.18", "2009-09-30": "1.20", "2009-06-30": "1.19", "2009-03-31": "1.25", "2008-12-31": "1.47", "2008-09-30": "1.66", "2008-06-30": "1.60", "2008-03-31": "1.63", "2007-12-31": "1.69", "2007-09-30": "1.50", "2007-06-30": "1.44", "2007-03-31": "1.54", "2006-12-31": "2.11", "2006-09-30": "1.90", "2006-06-30": "2.00", "2006-03-31": "1.19", "2005-12-31": "1.35", "2005-09-30": "1.35", "2005-06-30": "1.30", "2005-03-31": "1.20"}, "quick ratio": {"2020-12-31": "0.00", "2020-09-30": "0.00", "2020-06-30": "0.00", "2020-03-31": "0.00", "2019-12-31": "0.00", "2019-09-30": "0.00", "2019-06-30": "0.00", "2019-03-31": "0.00", "2018-12-31": "0.00", "2018-09-30": "0.00", "2018-06-30": "0.00", "2018-03-31": "0.00", "2017-12-31": "0.00", "2017-09-30": "0.00", "2017-06-30": "0.00", "2017-03-31": "0.00", "2016-12-31": "0.00", "2016-09-30": "0.00", "2016-06-30": "0.00", "2016-03-31": "0.00", "2015-12-31": "0.00", "2015-09-30": "0.00", "2015-06-30": "0.00", "2015-03-31": "0.00", "2014-12-31": "0.00", "2014-09-30": "0.00", "2014-06-30": "0.00", "2014-03-31": "0.00", "2013-12-31": "0.00", "2013-09-30": "0.00", "2013-06-30": "0.00", "2013-03-31": "0.00", "2012-12-31": "0.00", "2012-09-30": "0.00", "2012-06-30": "0.00", "2012-03-31": "0.00", "2011-12-31": "0.00", "2011-09-30": "0.00", "2011-06-30": "0.00", "2011-03-31": "0.00", "2010-12-31": "0.00", "2010-09-30": "0.00", "2010-06-30": "0.00", "2010-03-31": "0.00", "2009-12-31": "0.00", "2009-09-30": "0.00", "2009-06-30": "0.00", "2009-03-31": "0.00", "2008-12-31": "0.00", "2008-09-30": "0.00", "2008-06-30": "0.00", "2008-03-31": "0.00", "2007-12-31": "0.00", "2007-09-30": "0.00", "2007-06-30": "0.00", "2007-03-31": "0.00", "2006-12-31": "0.00", "2006-09-30": "0.00", "2006-06-30": "0.00", "2006-03-31": "0.00", "2005-12-31": "0.00", "2005-09-30": "0.00", "2005-06-30": "0.00", "2005-03-31": "0.00"}, "debt equity ratio": {"current": "0.03", "2020-12-31": "0.31", "2020-09-30": "0.35", "2020-06-30": "0.37", "2020-03-31": "0.31", "2019-12-31": "0.30", "2019-09-30": "0.34", "2019-06-30": "0.34", "2019-03-31": "0.34", "2018-12-31": "0.32", "2018-09-30": "0.33", "2018-06-30": "0.34", "2018-03-31": "0.33", "2017-12-31": "0.35", "2017-09-30": "0.42", "2017-06-30": "0.43", "2017-03-31": "0.44", "2016-12-31": "0.46", "2016-09-30": "0.50", "2016-06-30": "0.53", "2016-03-31": "0.48", "2015-12-31": "0.46", "2015-09-30": "0.50", "2015-06-30": "0.49", "2015-03-31": "0.52", "2014-12-31": "0.48", "2014-09-30": "0.53", "2014-06-30": "0.57", "2014-03-31": "0.59", "2013-12-31": "0.57", "2013-09-30": "0.61", "2013-06-30": "0.65", "2013-03-31": "0.65", "2012-12-31": "0.67", "2012-09-30": "0.74", "2012-06-30": "0.75", "2012-03-31": "0.77", "2011-12-31": "0.77", "2011-09-30": "0.80", "2011-06-30": "0.81", "2011-03-31": "0.87", "2010-12-31": "0.85", "2010-09-30": "0.89", "2010-06-30": "0.93", "2010-03-31": "0.99", "2009-12-31": "0.96", "2009-09-30": "1.01", "2009-06-30": "1.00", "2009-03-31": "0.97", "2008-12-31": "0.93", "2008-09-30": "0.97", "2008-06-30": "1.01", "2008-03-31": "1.02", "2007-12-31": "1.00", "2007-09-30": "1.07", "2007-06-30": "1.11", "2007-03-31": "1.17", "2006-12-31": "1.14", "2006-09-30": "1.23", "2006-06-30": "1.28", "2006-03-31": "0.98", "2005-12-31": "0.86", "2005-09-30": "0.94", "2005-06-30": "0.94", "2005-03-31": "0.88"}, "return on equity": {"2020-12-31": "21.54%", "2020-09-30": "20.47%", "2020-06-30": "19.65%", "2020-03-31": "20.84%", "2019-12-31": "21.28%", "2019-09-30": "22.58%", "2019-06-30": "23.53%", "2019-03-31": "23.81%", "2018-12-31": "23.83%", "2018-09-30": "26.38%", "2018-06-30": "24.81%", "2018-03-31": "23.22%", "2017-12-31": "22.41%", "2017-09-30": "17.09%", "2017-06-30": "16.91%", "2017-03-31": "16.56%", "2016-12-31": "16.71%", "2016-09-30": "17.28%", "2016-06-30": "17.54%", "2016-03-31": "18.21%", "2015-12-31": "18.84%", "2015-09-30": "19.29%", "2015-06-30": "19.58%", "2015-03-31": "19.59%", "2014-12-31": "19.30%", "2014-09-30": "18.52%", "2014-06-30": "17.99%", "2014-03-31": "17.51%", "2013-12-31": "17.88%", "2013-09-30": "17.99%", "2013-06-30": "17.98%", "2013-03-31": "17.84%", "2012-12-31": "17.63%", "2012-09-30": "18.55%", "2012-06-30": "18.07%", "2012-03-31": "17.84%", "2011-12-31": "17.55%", "2011-09-30": "16.25%", "2011-06-30": "15.11%", "2011-03-31": "13.45%", "2010-12-31": "11.97%", "2010-09-30": "10.39%", "2010-06-30": "8.34%", "2010-03-31": "6.64%", "2009-12-31": "6.06%", "2009-09-30": "6.33%", "2009-06-30": "8.75%", "2009-03-31": "11.32%", "2008-12-31": "12.78%", "2008-09-30": "14.17%", "2008-06-30": "14.09%", "2008-03-31": "14.40%", "2007-12-31": "15.80%", "2007-09-30": "16.88%", "2007-06-30": "17.62%", "2007-03-31": "18.17%", "2006-12-31": "18.77%", "2006-09-30": "18.88%", "2006-06-30": "18.67%", "2006-03-31": "17.20%", "2005-12-31": "16.72%"}, "return on assets": {"2020-12-31": "16.16%", "2020-09-30": "15.40%", "2020-06-30": "14.81%", "2020-03-31": "15.79%", "2019-12-31": "16.03%", "2019-09-30": "16.91%", "2019-06-30": "17.63%", "2019-03-31": "17.87%", "2018-12-31": "17.90%", "2018-09-30": "19.72%", "2018-06-30": "18.29%", "2018-03-31": "16.86%", "2017-12-31": "15.95%", "2017-09-30": "11.92%", "2017-06-30": "11.64%", "2017-03-31": "11.20%", "2016-12-31": "11.22%", "2016-09-30": "11.58%", "2016-06-30": "11.74%", "2016-03-31": "12.28%", "2015-12-31": "12.63%", "2015-09-30": "12.89%", "2015-06-30": "13.03%", "2015-03-31": "12.87%", "2014-12-31": "12.54%", "2014-09-30": "11.84%", "2014-06-30": "11.36%", "2014-03-31": "10.93%", "2013-12-31": "11.06%", "2013-09-30": "10.95%", "2013-06-30": "10.73%", "2013-03-31": "10.48%", "2012-12-31": "10.18%", "2012-09-30": "10.56%", "2012-06-30": "10.19%", "2012-03-31": "9.98%", "2011-12-31": "9.69%", "2011-09-30": "8.86%", "2011-06-30": "8.15%", "2011-03-31": "7.13%", "2010-12-31": "6.26%", "2010-09-30": "5.36%", "2010-06-30": "4.23%", "2010-03-31": "3.34%", "2009-12-31": "3.05%", "2009-09-30": "3.20%", "2009-06-30": "4.45%", "2009-03-31": "5.75%", "2008-12-31": "6.46%", "2008-09-30": "7.09%", "2008-06-30": "6.96%", "2008-03-31": "7.03%", "2007-12-31": "7.58%", "2007-09-30": "7.97%", "2007-06-30": "8.17%", "2007-03-31": "8.26%", "2006-12-31": "8.70%", "2006-09-30": "9.01%", "2006-06-30": "9.24%", "2006-03-31": "8.91%", "2005-12-31": "8.78%"}, "return on investments": {"2020-12-31": "37.06%", "2020-09-30": "35.45%", "2020-06-30": "34.40%", "2020-03-31": "36.89%", "2019-12-31": "27.87%", "2019-09-30": "29.95%", "2019-06-30": "31.11%", "2019-03-31": "31.50%", "2018-12-31": "31.63%", "2018-09-30": "29.85%", "2018-06-30": "28.81%", "2018-03-31": "27.70%", "2017-12-31": "27.23%", "2017-09-30": "26.98%", "2017-06-30": "26.11%", "2017-03-31": "25.00%", "2016-12-31": "25.08%", "2016-09-30": "25.68%", "2016-06-30": "26.71%", "2016-03-31": "28.08%", "2015-12-31": "28.86%", "2015-09-30": "29.50%", "2015-06-30": "29.39%", "2015-03-31": "29.19%", "2014-12-31": "28.77%", "2014-09-30": "27.50%", "2014-06-30": "26.62%", "2014-03-31": "25.77%", "2013-12-31": "25.57%", "2013-09-30": "25.67%", "2013-06-30": "24.95%", "2013-03-31": "24.49%", "2012-12-31": "24.20%", "2012-09-30": "24.50%", "2012-06-30": "24.36%", "2012-03-31": "23.57%", "2011-12-31": "22.69%", "2011-09-30": "21.20%", "2011-06-30": "19.82%", "2011-03-31": "17.75%", "2010-12-31": "15.81%", "2010-09-30": "13.78%", "2010-06-30": "10.95%", "2010-03-31": "8.85%", "2009-12-31": "8.28%", "2009-09-30": "8.92%", "2009-06-30": "11.83%", "2009-03-31": "14.88%", "2008-12-31": "16.70%", "2008-09-30": "17.94%", "2008-06-30": "17.22%", "2008-03-31": "17.27%", "2007-12-31": "18.16%", "2007-09-30": "18.84%", "2007-06-30": "19.73%", "2007-03-31": "19.89%", "2006-12-31": "21.26%", "2006-09-30": "22.31%", "2006-06-30": "23.05%", "2006-03-31": "22.77%", "2005-12-31": "22.60%"}, "return on tangible equity": {"2020-09-30": "20.60%", "2020-06-30": "19.78%", "2020-03-31": "20.98%", "2019-12-31": "21.43%", "2019-09-30": "22.74%", "2019-06-30": "23.69%", "2019-03-31": "23.99%", "2018-12-31": "24.02%", "2018-09-30": "26.59%", "2018-06-30": "25.02%", "2018-03-31": "23.43%", "2017-12-31": "22.62%", "2017-09-30": "17.26%", "2017-06-30": "17.08%", "2017-03-31": "16.74%", "2016-12-31": "16.89%", "2016-09-30": "17.48%", "2016-06-30": "17.74%", "2016-03-31": "18.43%", "2015-12-31": "19.07%", "2015-09-30": "19.53%", "2015-06-30": "19.84%", "2015-03-31": "19.86%", "2014-12-31": "19.58%", "2014-09-30": "18.80%", "2014-06-30": "18.27%", "2014-03-31": "17.80%", "2013-12-31": "18.19%", "2013-09-30": "18.32%", "2013-06-30": "18.32%", "2013-03-31": "18.19%", "2012-12-31": "17.99%", "2012-09-30": "18.95%", "2012-06-30": "18.49%", "2012-03-31": "18.28%", "2011-12-31": "17.99%", "2011-09-30": "16.69%", "2011-06-30": "15.54%", "2011-03-31": "13.86%", "2010-12-31": "12.38%", "2010-09-30": "10.76%", "2010-06-30": "8.65%", "2010-03-31": "6.91%", "2009-12-31": "6.31%", "2009-09-30": "6.62%", "2009-06-30": "9.16%", "2009-03-31": "11.87%", "2008-12-31": "13.43%", "2008-09-30": "14.91%", "2008-06-30": "14.82%", "2008-03-31": "15.15%", "2007-12-31": "16.41%", "2007-09-30": "17.50%", "2007-06-30": "18.04%", "2007-03-31": "18.36%", "2006-12-31": "18.97%", "2006-09-30": "18.88%", "2006-06-30": "18.67%", "2006-03-31": "17.20%", "2005-12-31": "16.72%"}, "dividend yield history": {"last payout": "$0.60", "last yield": "0.28%"}}