{"ticker": "OKE", "price": {"title": "ONEOK Historical Annual Stock Price Data", "value": 44.28, "historical": {"2021": {"Average Stock Price": "42.1507", "Year Open": "37.5000", "Year High": "44.7600", "Year Low": "37.5000", "Year Close": "44.2800", "Annual % Change": "15.37%"}, "2020": {"Average Stock Price": "38.5334", "Year Open": "75.7100", "Year High": "77.5200", "Year Low": "15.3700", "Year Close": "38.3800", "Annual % Change": "-49.28%"}, "2019": {"Average Stock Price": "68.6554", "Year Open": "54.4100", "Year High": "76.5000", "Year Low": "54.2800", "Year Close": "75.6700", "Annual % Change": "40.26%"}, "2018": {"Average Stock Price": "63.1317", "Year Open": "54.6500", "Year High": "71.4000", "Year Low": "50.7900", "Year Close": "53.9500", "Annual % Change": "0.94%"}, "2017": {"Average Stock Price": "53.5334", "Year Open": "58.7500", "Year High": "58.8300", "Year Low": "47.4100", "Year Close": "53.4500", "Annual % Change": "-6.90%"}, "2016": {"Average Stock Price": "41.1667", "Year Open": "25.3500", "Year High": "59.0300", "Year Low": "19.6200", "Year Close": "57.4100", "Annual % Change": "132.81%"}, "2015": {"Average Stock Price": "39.0439", "Year Open": "49.9200", "Year High": "51.0700", "Year Low": "18.9300", "Year Close": "24.6600", "Annual % Change": "-50.47%"}, "2014": {"Average Stock Price": "61.6896", "Year Open": "61.1800", "Year High": "70.9800", "Year Low": "44.3000", "Year Close": "49.7900", "Annual % Change": "-19.93%"}, "2013": {"Average Stock Price": "50.0473", "Year Open": "44.1100", "Year High": "62.1800", "Year Low": "40.0000", "Year Close": "62.1800", "Annual % Change": "45.45%"}, "2012": {"Average Stock Price": "43.5465", "Year Open": "43.7100", "Year High": "49.3900", "Year Low": "39.4900", "Year Close": "42.7500", "Annual % Change": "-1.37%"}, "2011": {"Average Stock Price": "34.7332", "Year Open": "28.2150", "Year High": "43.3500", "Year Low": "27.6900", "Year Close": "43.3450", "Annual % Change": "56.28%"}, "2010": {"Average Stock Price": "23.4546", "Year Open": "22.7900", "Year High": "27.8450", "Year Low": "20.3100", "Year Close": "27.7350", "Annual % Change": "24.46%"}, "2009": {"Average Stock Price": "15.7627", "Year Open": "15.3000", "Year High": "22.2850", "Year Low": "9.0950", "Year Close": "22.2850", "Annual % Change": "53.06%"}, "2008": {"Average Stock Price": "20.8289", "Year Open": "22.3600", "Year High": "25.3150", "Year Low": "11.5850", "Year Close": "14.5600", "Annual % Change": "-34.96%"}, "2007": {"Average Stock Price": "23.6344", "Year Open": "21.5450", "Year High": "27.4300", "Year Low": "20.0600", "Year Close": "22.3850", "Annual % Change": "3.83%"}, "2006": {"Average Stock Price": "17.6609", "Year Open": "13.6600", "Year High": "22.1300", "Year Low": "13.2800", "Year Close": "21.5600", "Annual % Change": "61.92%"}, "2005": {"Average Stock Price": "15.2078", "Year Open": "13.9350", "Year High": "17.8600", "Year Low": "13.3150", "Year Close": "13.3150", "Annual % Change": "-6.30%"}, "2004": {"Average Stock Price": "11.7909", "Year Open": "11.0350", "Year High": "14.4500", "Year Low": "9.9000", "Year Close": "14.2100", "Annual % Change": "28.71%"}, "2003": {"Average Stock Price": "9.8214", "Year Open": "9.7450", "Year High": "11.1100", "Year Low": "8.2200", "Year Close": "11.0400", "Annual % Change": "15.00%"}, "2002": {"Average Stock Price": "9.6723", "Year Open": "8.7900", "Year High": "11.3850", "Year Low": "7.6050", "Year Close": "9.6000", "Annual % Change": "7.62%"}, "2001": {"Average Stock Price": "9.7476", "Year Open": "11.5775", "Year High": "12.0775", "Year Low": "7.2100", "Year Close": "8.9200", "Annual % Change": "-25.87%"}, "2000": {"Average Stock Price": "7.7767", "Year Open": "6.2025", "Year High": "12.6400", "Year Low": "5.4375", "Year Close": "12.0325", "Annual % Change": "91.52%"}, "1999": {"Average Stock Price": "7.3580", "Year Open": "8.8900", "Year High": "8.9525", "Year Low": "6.1875", "Year Close": "6.2825", "Annual % Change": "-30.45%"}, "1998": {"Average Stock Price": "9.1327", "Year Open": "9.9225", "Year High": "10.8900", "Year Low": "7.4700", "Year Close": "9.0325", "Annual % Change": "-10.53%"}, "1997": {"Average Stock Price": "8.0194", "Year Open": "7.4375", "Year High": "10.0950", "Year Low": "6.5000", "Year Close": "10.0950", "Annual % Change": "34.60%"}, "1996": {"Average Stock Price": "6.3399", "Year Open": "5.8425", "Year High": "7.5000", "Year Low": "5.1550", "Year Close": "7.5000", "Annual % Change": "31.12%"}, "1995": {"Average Stock Price": "5.2267", "Year Open": "4.4700", "Year High": "6.1575", "Year Low": "4.2825", "Year Close": "5.7200", "Annual % Change": "27.96%"}, "1994": {"Average Stock Price": "4.3989", "Year Open": "4.6875", "Year High": "5.0325", "Year Low": "3.9375", "Year Close": "4.4700", "Annual % Change": "-5.30%"}, "1993": {"Average Stock Price": "5.4034", "Year Open": "4.6250", "Year High": "6.5000", "Year Low": "4.4700", "Year Close": "4.7200", "Annual % Change": "2.72%"}, "1992": {"Average Stock Price": "4.1191", "Year Open": "4.1250", "Year High": "4.6875", "Year Low": "3.5625", "Year Close": "4.5950", "Annual % Change": "8.89%"}, "1991": {"Average Stock Price": "3.5702", "Year Open": "3.5950", "Year High": "4.2200", "Year Low": "3.2200", "Year Close": "4.2200", "Annual % Change": "14.44%"}, "1990": {"Average Stock Price": "3.5991", "Year Open": "4.0000", "Year High": "4.0625", "Year Low": "3.0000", "Year Close": "3.6875", "Annual % Change": "-7.44%"}, "1989": {"Average Stock Price": "3.2630", "Year Open": "2.3438", "Year High": "4.2025", "Year Low": "2.3438", "Year Close": "3.9838", "Annual % Change": "68.89%"}, "1988": {"Average Stock Price": "1.9943", "Year Open": "2.2650", "Year High": "2.4688", "Year Low": "1.2188", "Year Close": "2.3588", "Annual % Change": "12.66%"}, "1987": {"Average Stock Price": "4.1206", "Year Open": "4.2813", "Year High": "5.4063", "Year Low": "1.9688", "Year Close": "2.0938", "Annual % Change": "-50.00%"}, "1986": {"Average Stock Price": "3.9192", "Year Open": "4.0000", "Year High": "4.4375", "Year Low": "3.4375", "Year Close": "4.1875", "Annual % Change": "5.11%"}}}, "market cap": {"value": "$19.27B"}, "income statement": {"Revenue": {"2019-12-31": "10164.37000", "2018-12-31": "12593.20000", "2017-12-31": "12173.91000", "2016-12-31": "8920.93400", "2015-12-31": "7763.20600", "2014-12-31": "12195.09000", "2013-12-31": "11871.88000", "2012-12-31": "10184.12000", "2011-12-31": "14805.79000", "2010-12-31": "12678.79000", "2009-12-31": "10805.75000", "2008-12-31": "16157.43000", "2007-12-31": "13477.41000", "2006-12-31": "11920.33000", "2005-12-31": "12676.23000"}, "Cost Of Goods Sold": {"2019-12-31": "6788.04000", "2018-12-31": "9422.70800", "2017-12-31": "9538.04500", "2016-12-31": "6496.12400", "2015-12-31": "5641.05200", "2014-12-31": "10088.55000", "2013-12-31": "10222.21000", "2012-12-31": "8540.31900", "2011-12-31": "12425.43000", "2010-12-31": "10616.62000", "2009-12-31": "8807.80200", "2008-12-31": "14221.91000", "2007-12-31": "11667.31000", "2006-12-31": "10198.34000", "2005-12-31": "11338.08000"}, "Gross Profit": {"2019-12-31": "3376.32700", "2018-12-31": "3170.48800", "2017-12-31": "2635.86200", "2016-12-31": "2424.81000", "2015-12-31": "2122.15400", "2014-12-31": "2106.54300", "2013-12-31": "1649.66600", "2012-12-31": "1643.80200", "2011-12-31": "2380.35900", "2010-12-31": "2062.17000", "2009-12-31": "1997.95100", "2008-12-31": "1935.52600", "2007-12-31": "1810.10800", "2006-12-31": "1721.98400", "2005-12-31": "1338.15400"}, "Research And Development Expenses": {"2019-12-31": "", "2018-12-31": "", "2017-12-31": "", "2016-12-31": "", "2015-12-31": "", "2014-12-31": "", "2013-12-31": "", "2012-12-31": "", "2011-12-31": "", "2010-12-31": "", "2009-12-31": "", "2008-12-31": "", "2007-12-31": "", "2006-12-31": "", "2005-12-31": ""}, "SG&A Expenses": {"2019-12-31": "982.86400", "2018-12-31": "907.06800", "2017-12-31": "822.71000", "2016-12-31": "747.08200", "2015-12-31": "693.33100", "2014-12-31": "674.88700", "2013-12-31": "541.58600", "2012-12-31": "491.72500", "2011-12-31": "908.32300", "2010-12-31": "830.91300", "2009-12-31": "830.96000", "2008-12-31": "776.91200", "2007-12-31": "761.51000", "2006-12-31": "740.76700", "2005-12-31": "619.99500"}, "Other Operating Income Or Expenses": {"2019-12-31": "-2.57500", "2018-12-31": "0.60100", "2017-12-31": "-15.04600", "2016-12-31": "9.63500", "2015-12-31": "-78.04400", "2014-12-31": "6.59900", "2013-12-31": "11.88100", "2012-12-31": "6.73600", "2011-12-31": "-0.96300", "2010-12-31": "18.61900", "2009-12-31": "4.80600", "2008-12-31": "2.31600", "2007-12-31": "1.90900", "2006-12-31": "116.52800", "2005-12-31": "269.04000"}, "Operating Expenses": {"2019-12-31": "8250.01500", "2018-12-31": "10757.73000", "2017-12-31": "10782.14000", "2016-12-31": "7625.15600", "2015-12-31": "6767.04700", "2014-12-31": "11051.52000", "2013-12-31": "10991.26000", "2012-12-31": "9230.64300", "2011-12-31": "13646.88000", "2010-12-31": "11736.14000", "2009-12-31": "9922.87900", "2008-12-31": "15240.43000", "2007-12-31": "12654.87000", "2006-12-31": "11058.12000", "2005-12-31": "11872.42000"}, "Operating Income": {"2019-12-31": "1914.35300", "2018-12-31": "1835.46500", "2017-12-31": "1391.77100", "2016-12-31": "1295.77700", "2015-12-31": "996.15920", "2014-12-31": "1143.57100", "2013-12-31": "880.61820", "2012-12-31": "953.47850", "2011-12-31": "1158.91300", "2010-12-31": "942.65230", "2009-12-31": "882.87400", "2008-12-31": "917.00390", "2007-12-31": "822.54390", "2006-12-31": "862.20310", "2005-12-31": "803.80570"}, "Total Non-Operating Income/Expense": {"2019-12-31": "-263.36200", "2018-12-31": "-317.52900", "2017-12-31": "-350.97000", "2016-12-31": "-337.82200", "2015-12-31": "-474.28300", "2014-12-31": "-323.69800", "2013-12-31": "-125.44800", "2012-12-31": "-94.97300", "2011-12-31": "-175.35100", "2010-12-31": "-188.87400", "2009-12-31": "-196.20900", "2008-12-31": "-122.46600", "2007-12-31": "-139.82600", "2006-12-31": "-361.76100", "2005-12-31": "-158.13600"}, "Pre-Tax Income": {"2019-12-31": "1650.99100", "2018-12-31": "1517.93500", "2017-12-31": "1040.80100", "2016-12-31": "957.95600", "2015-12-31": "521.87600", "2014-12-31": "819.87300", "2013-12-31": "755.17000", "2012-12-31": "858.50600", "2011-12-31": "983.56200", "2010-12-31": "753.77800", "2009-12-31": "686.66500", "2008-12-31": "794.53800", "2007-12-31": "682.71700", "2006-12-31": "500.44100", "2005-12-31": "645.66900"}, "Income Taxes": {"2019-12-31": "372.41400", "2018-12-31": "362.90300", "2017-12-31": "447.28200", "2016-12-31": "212.40600", "2015-12-31": "136.60000", "2014-12-31": "151.15800", "2013-12-31": "166.08000", "2012-12-31": "180.75800", "2011-12-31": "226.04800", "2010-12-31": "213.72000", "2009-12-31": "203.00800", "2008-12-31": "194.07100", "2007-12-31": "184.59700", "2006-12-31": "193.76400", "2005-12-31": "242.52100"}, "Income After Taxes": {"2019-12-31": "1278.57700", "2018-12-31": "1155.03200", "2017-12-31": "593.51900", "2016-12-31": "745.55000", "2015-12-31": "385.27600", "2014-12-31": "668.71500", "2013-12-31": "589.09000", "2012-12-31": "677.74800", "2011-12-31": "757.51400", "2010-12-31": "540.05800", "2009-12-31": "483.65700", "2008-12-31": "600.46700", "2007-12-31": "498.12000", "2006-12-31": "306.67700", "2005-12-31": "403.14800"}, "Other Income": {"2019-12-31": "", "2018-12-31": "", "2017-12-31": "", "2016-12-31": "", "2015-12-31": "", "2014-12-31": "", "2013-12-31": "", "2012-12-31": "", "2011-12-31": "", "2010-12-31": "", "2009-12-31": "", "2008-12-31": "", "2007-12-31": "", "2006-12-31": "", "2005-12-31": ""}, "Income From Continuous Operations": {"2019-12-31": "1278.57700", "2018-12-31": "1155.03200", "2017-12-31": "593.51900", "2016-12-31": "745.55000", "2015-12-31": "385.27600", "2014-12-31": "668.71500", "2013-12-31": "589.09000", "2012-12-31": "677.74800", "2011-12-31": "757.51400", "2010-12-31": "540.05800", "2009-12-31": "483.65700", "2008-12-31": "600.46700", "2007-12-31": "498.12000", "2006-12-31": "306.67700", "2005-12-31": "403.14800"}, "Income From Discontinued Operations": {"2019-12-31": "", "2018-12-31": "", "2017-12-31": "", "2016-12-31": "-2.05100", "2015-12-31": "-6.08100", "2014-12-31": "-5.60700", "2013-12-31": "-12.12900", "2012-12-31": "65.78200", "2011-12-31": "2.23000", "2010-12-31": "1.27200", "2009-12-31": "7.54700", "2008-12-31": "", "2007-12-31": "", "2006-12-31": "-0.36500", "2005-12-31": "143.39700"}, "Net Income": {"2019-12-31": "1277.47700", "2018-12-31": "1150.60300", "2017-12-31": "387.07400", "2016-12-31": "352.03900", "2015-12-31": "244.97700", "2014-12-31": "314.10700", "2013-12-31": "266.53300", "2012-12-31": "360.61900", "2011-12-31": "360.59400", "2010-12-31": "334.63200", "2009-12-31": "305.45100", "2008-12-31": "311.90900", "2007-12-31": "304.92100", "2006-12-31": "306.31200", "2005-12-31": "546.54500"}, "EBITDA": {"2019-12-31": "2390.88700", "2018-12-31": "2264.02200", "2017-12-31": "1798.10500", "2016-12-31": "1687.36200", "2015-12-31": "1350.77900", "2014-12-31": "1449.60900", "2013-12-31": "1264.99500", "2012-12-31": "1299.58500", "2011-12-31": "1471.20100", "2010-12-31": "1249.96900", "2009-12-31": "1171.86500", "2008-12-31": "1160.93100", "2007-12-31": "1050.50800", "2006-12-31": "1097.74600", "2005-12-31": "987.19960"}, "EBIT": {"2019-12-31": "1914.35300", "2018-12-31": "1835.46500", "2017-12-31": "1391.77100", "2016-12-31": "1295.77700", "2015-12-31": "996.15920", "2014-12-31": "1143.57100", "2013-12-31": "880.61820", "2012-12-31": "953.47850", "2011-12-31": "1158.91300", "2010-12-31": "942.65230", "2009-12-31": "882.87400", "2008-12-31": "917.00390", "2007-12-31": "822.54390", "2006-12-31": "862.20310", "2005-12-31": "803.80570"}, "Basic Shares Outstanding": {"2019-12-31": "413.56000", "2018-12-31": "411.48500", "2017-12-31": "297.47700", "2016-12-31": "211.12800", "2015-12-31": "210.20800", "2014-12-31": "209.39100", "2013-12-31": "206.04400", "2012-12-31": "206.14000", "2011-12-31": "209.34400", "2010-12-31": "212.73600", "2009-12-31": "210.72400", "2008-12-31": "208.73800", "2007-12-31": "214.69200", "2006-12-31": "224.01200", "2005-12-31": "201.07200"}, "Shares Outstanding": {"2019-12-31": "415.44400", "2018-12-31": "414.19500", "2017-12-31": "299.78000", "2016-12-31": "212.38300", "2015-12-31": "210.54100", "2014-12-31": "210.42700", "2013-12-31": "209.69500", "2012-12-31": "210.71000", "2011-12-31": "214.49800", "2010-12-31": "215.57000", "2009-12-31": "212.64000", "2008-12-31": "211.52000", "2007-12-31": "218.59600", "2006-12-31": "228.95400", "2005-12-31": "216.01200"}, "Basic EPS": {"2019-12-31": "3.09000", "2018-12-31": "2.80000", "2017-12-31": "1.30000", "2016-12-31": "1.67000", "2015-12-31": "1.17000", "2014-12-31": "1.50000", "2013-12-31": "1.29000", "2012-12-31": "1.75000", "2011-12-31": "1.72000", "2010-12-31": "1.57000", "2009-12-31": "1.45000", "2008-12-31": "1.49500", "2007-12-31": "1.42000", "2006-12-31": "1.37000", "2005-12-31": "2.72000"}, "EPS - Earnings Per Share": {"2019-12-31": "3.07000", "2018-12-31": "2.78000", "2017-12-31": "1.29000", "2016-12-31": "1.66000", "2015-12-31": "1.16000", "2014-12-31": "1.49000", "2013-12-31": "1.27000", "2012-12-31": "1.71000", "2011-12-31": "1.68000", "2010-12-31": "1.55000", "2009-12-31": "1.43500", "2008-12-31": "1.47500", "2007-12-31": "1.39500", "2006-12-31": "1.34000", "2005-12-31": "2.53000"}}, "income statement, quarterly": {"Revenue": {"2020-09-30": "2174.26400", "2020-06-30": "1660.72900", "2020-03-31": "2136.67200", "2019-12-31": "2663.60600", "2019-09-30": "2263.22800", "2019-06-30": "2457.57500", "2019-03-31": "2779.95800", "2018-12-31": "3136.70000", "2018-09-30": "3393.89000", "2018-06-30": "2960.52900", "2018-03-31": "3102.07700", "2017-12-31": "3792.15800", "2017-09-30": "2906.36600", "2017-06-30": "2725.77200", "2017-03-31": "2749.61100", "2016-12-31": "2654.46000", "2016-09-30": "2357.90700", "2016-06-30": "2134.10700", "2016-03-31": "1774.45900", "2015-12-31": "1930.90200", "2015-09-30": "1898.94600", "2015-06-30": "2128.05200", "2015-03-31": "1805.30600", "2014-12-31": "2844.76800", "2014-09-30": "3120.14500", "2014-06-30": "3066.88200", "2014-03-31": "3163.29600", "2013-12-31": "3449.55900", "2013-09-30": "3135.38100", "2013-06-30": "2768.98400", "2013-03-31": "2517.95500", "2012-12-31": "1211.48600", "2012-09-30": "3028.77500", "2012-06-30": "2529.26000", "2012-03-31": "3414.60000", "2011-12-31": "4071.03800", "2011-09-30": "3529.35900", "2011-06-30": "3444.79800", "2011-03-31": "3760.60000", "2010-12-31": "3004.99000", "2010-09-30": "2942.70300", "2010-06-30": "2807.13100", "2010-03-31": "3923.96700", "2009-12-31": "3423.56300", "2009-09-30": "2364.73600", "2009-06-30": "2227.62700", "2009-03-31": "2789.82700", "2008-12-31": "2843.24400", "2008-09-30": "4239.24600", "2008-06-30": "4172.86600", "2008-03-31": "4902.07600", "2007-12-31": "3984.96800", "2007-09-30": "2809.99700", "2007-06-30": "2876.24100", "2007-03-31": "3806.20800", "2006-12-31": "3073.65200", "2006-09-30": "2644.83500", "2006-06-30": "2431.90600", "2006-03-31": "3847.70400", "2005-12-31": "4696.19300", "2005-09-30": "3192.20700", "2005-06-30": "2080.79000", "2005-03-31": "2707.04000"}, "Cost Of Goods Sold": {"2020-09-30": "1265.67400", "2020-06-30": "940.45800", "2020-03-31": "1276.92800", "2019-12-31": "1791.34100", "2019-09-30": "1414.52800", "2019-06-30": "1625.79400", "2019-03-31": "1956.37700", "2018-12-31": "2318.09900", "2018-09-30": "2560.76500", "2018-06-30": "2175.81800", "2018-03-31": "2368.02600", "2017-12-31": "3073.76400", "2017-09-30": "2229.41600", "2017-06-30": "2091.02200", "2017-03-31": "2143.84300", "2016-12-31": "2021.47000", "2016-09-30": "1751.59300", "2016-06-30": "1527.32300", "2016-03-31": "1195.73800", "2015-12-31": "1333.28600", "2015-09-30": "1360.80900", "2015-06-30": "1603.09300", "2015-03-31": "1343.86400", "2014-12-31": "2281.27200", "2014-09-30": "2583.20400", "2014-06-30": "2571.40200", "2014-03-31": "2652.66900", "2013-12-31": "3007.98000", "2013-09-30": "2711.15900", "2013-06-30": "2356.22600", "2013-03-31": "2146.84800", "2012-12-31": "1314.20600", "2012-09-30": "2474.80300", "2012-06-30": "1980.29800", "2012-03-31": "2771.01300", "2011-12-31": "3372.01100", "2011-09-30": "2996.73500", "2011-06-30": "2925.96500", "2011-03-31": "3130.72300", "2010-12-31": "2471.58600", "2010-09-30": "2491.33300", "2010-06-30": "2349.05400", "2010-03-31": "3304.64800", "2009-12-31": "2861.30300", "2009-09-30": "1912.88200", "2009-06-30": "1795.20100", "2009-03-31": "2238.41600", "2008-12-31": "2369.48400", "2008-09-30": "3784.22000", "2008-06-30": "3752.03800", "2008-03-31": "4316.16400", "2007-12-31": "3447.56900", "2007-09-30": "2469.83700", "2007-06-30": "2508.54200", "2007-03-31": "3241.35800", "2006-12-31": "2602.64900", "2006-09-30": "2295.06500", "2006-06-30": "2033.69200", "2006-03-31": "3346.41900", "2005-12-31": "4287.73300", "2005-09-30": "2862.88800", "2005-06-30": "1850.81200", "2005-03-31": "2336.64300"}, "Gross Profit": {"2020-09-30": "908.59000", "2020-06-30": "720.27100", "2020-03-31": "859.74410", "2019-12-31": "872.26510", "2019-09-30": "848.70010", "2019-06-30": "831.78100", "2019-03-31": "823.58110", "2018-12-31": "818.60130", "2018-09-30": "833.12500", "2018-06-30": "784.71090", "2018-03-31": "734.05100", "2017-12-31": "718.39400", "2017-09-30": "676.95000", "2017-06-30": "634.75000", "2017-03-31": "605.76810", "2016-12-31": "632.99020", "2016-09-30": "606.31400", "2016-06-30": "606.78390", "2016-03-31": "578.72090", "2015-12-31": "597.61610", "2015-09-30": "538.13710", "2015-06-30": "524.95900", "2015-03-31": "461.44200", "2014-12-31": "563.49510", "2014-09-30": "536.94090", "2014-06-30": "495.48000", "2014-03-31": "510.62700", "2013-12-31": "441.57930", "2013-09-30": "424.22220", "2013-06-30": "412.75780", "2013-03-31": "371.10720", "2012-12-31": "-102.72000", "2012-09-30": "553.97190", "2012-06-30": "548.96200", "2012-03-31": "643.58720", "2011-12-31": "699.02610", "2011-09-30": "532.62380", "2011-06-30": "518.83300", "2011-03-31": "629.87720", "2010-12-31": "533.40360", "2010-09-30": "451.36990", "2010-06-30": "458.07710", "2010-03-31": "619.31910", "2009-12-31": "562.26000", "2009-09-30": "451.85410", "2009-06-30": "432.42590", "2009-03-31": "551.41090", "2008-12-31": "473.75980", "2008-09-30": "455.02610", "2008-06-30": "420.82810", "2008-03-31": "585.91210", "2007-12-31": "537.39890", "2007-09-30": "340.16020", "2007-06-30": "367.69900", "2007-03-31": "564.85010", "2006-12-31": "471.00320", "2006-09-30": "349.77000", "2006-06-30": "398.21400", "2006-03-31": "501.28520", "2005-12-31": "408.46000", "2005-09-30": "329.31910", "2005-06-30": "229.97800", "2005-03-31": "370.39700"}, "Research And Development Expenses": {"2020-09-30": "", "2020-06-30": "", "2020-03-31": "", "2019-12-31": "", "2019-09-30": "", "2019-06-30": "", "2019-03-31": "", "2018-12-31": "", "2018-09-30": "", "2018-06-30": "", "2018-03-31": "", "2017-12-31": "", "2017-09-30": "", "2017-06-30": "", "2017-03-31": "", "2016-12-31": "", "2016-09-30": "", "2016-06-30": "", "2016-03-31": "", "2015-12-31": "", "2015-09-30": "", "2015-06-30": "", "2015-03-31": "", "2014-12-31": "", "2014-09-30": "", "2014-06-30": "", "2014-03-31": "", "2013-12-31": "", "2013-09-30": "", "2013-06-30": "", "2013-03-31": "", "2012-12-31": "", "2012-09-30": "", "2012-06-30": "", "2012-03-31": "", "2011-12-31": "", "2011-09-30": "", "2011-06-30": "", "2011-03-31": "", "2010-12-31": "", "2010-09-30": "", "2010-06-30": "", "2010-03-31": "", "2009-12-31": "", "2009-09-30": "", "2009-06-30": "", "2009-03-31": "", "2008-12-31": "", "2008-09-30": "", "2008-06-30": "", "2008-03-31": "", "2007-12-31": "", "2007-09-30": "", "2007-06-30": "", "2007-03-31": "", "2006-12-31": "", "2006-09-30": "", "2006-06-30": "", "2006-03-31": "", "2005-12-31": "", "2005-09-30": "", "2005-06-30": "", "2005-03-31": ""}, "SG&A Expenses": {"2020-09-30": "204.92900", "2020-06-30": "224.46400", "2020-03-31": "207.04000", "2019-12-31": "259.27500", "2019-09-30": "245.13500", "2019-06-30": "237.71300", "2019-03-31": "240.74100", "2018-12-31": "236.34000", "2018-09-30": "230.37100", "2018-06-30": "230.15300", "2018-03-31": "210.20400", "2017-12-31": "214.08300", "2017-09-30": "204.33400", "2017-06-30": "215.08800", "2017-03-31": "189.20500", "2016-12-31": "194.07700", "2016-09-30": "184.15100", "2016-06-30": "191.83900", "2016-03-31": "177.01500", "2015-12-31": "184.78600", "2015-09-30": "164.17700", "2015-06-30": "165.35000", "2015-03-31": "179.01800", "2014-12-31": "181.25900", "2014-09-30": "172.49500", "2014-06-30": "172.02200", "2014-03-31": "149.11100", "2013-12-31": "143.68500", "2013-09-30": "131.00100", "2013-06-30": "125.76500", "2013-03-31": "141.13500", "2012-12-31": "-192.80100", "2012-09-30": "229.20500", "2012-06-30": "231.26300", "2012-03-31": "224.05800", "2011-12-31": "255.77200", "2011-09-30": "207.26100", "2011-06-30": "223.60900", "2011-03-31": "221.68100", "2010-12-31": "220.62900", "2010-09-30": "203.35800", "2010-06-30": "203.58100", "2010-03-31": "203.34500", "2009-12-31": "229.30110", "2009-09-30": "204.57800", "2009-06-30": "210.13500", "2009-03-31": "186.94600", "2008-12-31": "191.57000", "2008-09-30": "203.90800", "2008-06-30": "188.11100", "2008-03-31": "193.32300", "2007-12-31": "222.18200", "2007-09-30": "181.08500", "2007-06-30": "175.94100", "2007-03-31": "182.30200", "2006-12-31": "211.76300", "2006-09-30": "174.76600", "2006-06-30": "176.63700", "2006-03-31": "175.88900", "2005-12-31": "173.94800", "2005-09-30": "171.12200", "2005-06-30": "134.12300", "2005-03-31": "140.80200"}, "Other Operating Income Or Expenses": {"2020-09-30": "0.01700", "2020-06-30": "0.33900", "2020-03-31": "0.20400", "2019-12-31": "0.30700", "2019-09-30": "0.01600", "2019-06-30": "-2.95800", "2019-03-31": "0.06000", "2018-12-31": "0.25300", "2018-09-30": "0.16300", "2018-06-30": "0.09600", "2018-03-31": "0.08900", "2017-12-31": "0.02000", "2017-09-30": "-15.69600", "2017-06-30": "0.63700", "2017-03-31": "-0.00700", "2016-12-31": "0.09800", "2016-09-30": "5.74400", "2016-06-30": "-0.41300", "2016-03-31": "4.20600", "2015-12-31": "-77.43400", "2015-09-30": "-0.72600", "2015-06-30": "0.12200", "2015-03-31": "-0.00600", "2014-12-31": "5.06600", "2014-09-30": "1.53400", "2014-06-30": "-0.01600", "2014-03-31": "0.01500", "2013-12-31": "11.54000", "2013-09-30": "0.02100", "2013-06-30": "0.27900", "2013-03-31": "0.04100", "2012-12-31": "6.13300", "2012-09-30": "-0.42000", "2012-06-30": "0.96600", "2012-03-31": "0.05700", "2011-12-31": "-0.17200", "2011-09-30": "-0.06900", "2011-06-30": "-0.21200", "2011-03-31": "-0.51000", "2010-12-31": "3.55200", "2010-09-30": "16.12600", "2010-06-30": "-0.27300", "2010-03-31": "-0.78600", "2009-12-31": "1.56000", "2009-09-30": "-1.18000", "2009-06-30": "3.76200", "2009-03-31": "0.66400", "2008-12-31": "0.99700", "2008-09-30": "1.31000", "2008-06-30": "-0.00400", "2008-03-31": "0.01300", "2007-12-31": "0.01600", "2007-09-30": "0.05900", "2007-06-30": "-0.36900", "2007-03-31": "2.20300", "2006-12-31": "0.10000", "2006-09-30": "0.03600", "2006-06-30": "115.08700", "2006-03-31": "1.30500", "2005-12-31": "", "2005-09-30": "", "2005-06-30": "", "2005-03-31": ""}, "Operating Expenses": {"2020-09-30": "1623.83100", "2020-06-30": "1304.99900", "2020-03-31": "2220.14100", "2019-12-31": "2176.29300", "2019-09-30": "1781.07700", "2019-06-30": "1981.42900", "2019-03-31": "2311.21600", "2018-12-31": "2664.83400", "2018-09-30": "2898.35600", "2018-06-30": "2512.16300", "2018-03-31": "2682.37800", "2017-12-31": "3391.59700", "2017-09-30": "2551.74400", "2017-06-30": "2406.32200", "2017-03-31": "2432.47400", "2016-12-31": "2314.75900", "2016-09-30": "2028.55000", "2016-06-30": "1818.82200", "2016-03-31": "1463.02500", "2015-12-31": "1688.88500", "2015-09-30": "1614.01100", "2015-06-30": "1855.30800", "2015-03-31": "1608.84300", "2014-12-31": "2538.02000", "2014-09-30": "2828.75300", "2014-06-30": "2815.56700", "2014-03-31": "2869.17900", "2013-12-31": "3203.45200", "2013-09-30": "2903.98900", "2013-06-30": "2540.59500", "2013-03-31": "2343.22500", "2012-12-31": "1060.92100", "2012-09-30": "2785.86200", "2012-06-30": "2295.18100", "2012-03-31": "3088.67800", "2011-12-31": "3706.01300", "2011-09-30": "3280.01800", "2011-06-30": "3228.57900", "2011-03-31": "3432.27100", "2010-12-31": "2765.28700", "2010-09-30": "2755.79900", "2010-06-30": "2628.41800", "2010-03-31": "3586.63500", "2009-12-31": "3162.27400", "2009-09-30": "2190.95800", "2009-06-30": "2072.82300", "2009-03-31": "2496.82400", "2008-12-31": "2624.55500", "2008-09-30": "4047.06700", "2008-06-30": "3999.85400", "2008-03-31": "4568.95300", "2007-12-31": "3729.24100", "2007-09-30": "2707.22700", "2007-06-30": "2740.49600", "2007-03-31": "3477.90700", "2006-12-31": "2870.96600", "2006-09-30": "2525.26400", "2006-06-30": "2162.33700", "2006-03-31": "3577.32800", "2005-12-31": "4241.01300", "2005-09-30": "3082.14100", "2005-06-30": "2028.60800", "2005-03-31": "2520.66200"}, "Operating Income": {"2020-09-30": "550.43300", "2020-06-30": "355.73000", "2020-03-31": "-83.46880", "2019-12-31": "487.31350", "2019-09-30": "482.15100", "2019-06-30": "476.14600", "2019-03-31": "468.74220", "2018-12-31": "471.86620", "2018-09-30": "495.53390", "2018-06-30": "448.36570", "2018-03-31": "419.69920", "2017-12-31": "400.56130", "2017-09-30": "354.62180", "2017-06-30": "319.45020", "2017-03-31": "317.13700", "2016-12-31": "339.70120", "2016-09-30": "329.35680", "2016-06-30": "315.28500", "2016-03-31": "311.43400", "2015-12-31": "242.01670", "2015-09-30": "284.93520", "2015-06-30": "272.74400", "2015-03-31": "196.46300", "2014-12-31": "306.74760", "2014-09-30": "291.39210", "2014-06-30": "251.31490", "2014-03-31": "294.11670", "2013-12-31": "246.10720", "2013-09-30": "231.39210", "2013-06-30": "228.38890", "2013-03-31": "174.73020", "2012-12-31": "150.56450", "2012-09-30": "242.91280", "2012-06-30": "234.07910", "2012-03-31": "325.92190", "2011-12-31": "365.02440", "2011-09-30": "249.34080", "2011-06-30": "216.21920", "2011-03-31": "328.32910", "2010-12-31": "239.70290", "2010-09-30": "186.90380", "2010-06-30": "178.71310", "2010-03-31": "337.33230", "2009-12-31": "261.28910", "2009-09-30": "173.77810", "2009-06-30": "154.80400", "2009-03-31": "293.00290", "2008-12-31": "218.68950", "2008-09-30": "192.17900", "2008-06-30": "173.01250", "2008-03-31": "333.12300", "2007-12-31": "255.72710", "2007-09-30": "102.77030", "2007-06-30": "135.74490", "2007-03-31": "328.30100", "2006-12-31": "202.68630", "2006-09-30": "119.57100", "2006-06-30": "269.56910", "2006-03-31": "270.37600", "2005-12-31": "455.18020", "2005-09-30": "110.06590", "2005-06-30": "52.18210", "2005-03-31": "186.37790"}, "Total Non-Operating Income/Expense": {"2020-09-30": "-131.56200", "2020-06-30": "-178.26900", "2020-03-31": "-113.78300", "2019-12-31": "-68.88300", "2019-09-30": "-75.63100", "2019-06-30": "-65.24800", "2019-03-31": "-53.60000", "2018-12-31": "-82.35900", "2018-09-30": "-78.63500", "2018-06-30": "-78.65600", "2018-03-31": "-77.87900", "2017-12-31": "-84.38100", "2017-09-30": "-90.96300", "2017-06-30": "-99.61500", "2017-03-31": "-76.01100", "2016-12-31": "-90.07100", "2016-09-30": "-79.55300", "2016-06-30": "-82.74100", "2016-03-31": "-85.45700", "2015-12-31": "-255.64400", "2015-09-30": "-81.93900", "2015-06-30": "-73.50200", "2015-03-31": "-63.19800", "2014-12-31": "-49.97800", "2014-09-30": "-139.08200", "2014-06-30": "-60.24200", "2014-03-31": "-74.39600", "2013-12-31": "-39.72900", "2013-09-30": "-28.60700", "2013-06-30": "-31.68900", "2013-03-31": "-25.42300", "2012-12-31": "17.73000", "2012-09-30": "-35.34100", "2012-06-30": "-44.72900", "2012-03-31": "-32.63300", "2011-12-31": "-29.48700", "2011-09-30": "-54.15400", "2011-06-30": "-45.98600", "2011-03-31": "-45.72400", "2010-12-31": "-37.64400", "2010-09-30": "-36.63800", "2010-06-30": "-61.29100", "2010-03-31": "-53.30100", "2009-12-31": "-65.60800", "2009-09-30": "-37.39000", "2009-06-30": "-43.19600", "2009-03-31": "-50.01500", "2008-12-31": "-50.27100", "2008-09-30": "-14.76100", "2008-06-30": "-29.47600", "2008-03-31": "-27.95800", "2007-12-31": "-39.21500", "2007-09-30": "-35.72000", "2007-06-30": "-32.63000", "2007-03-31": "-32.26100", "2006-12-31": "-44.46700", "2006-09-30": "-31.15100", "2006-06-30": "-39.41900", "2006-03-31": "-24.72400", "2005-12-31": "-74.85400", "2005-09-30": "-37.71600", "2005-06-30": "-23.99200", "2005-03-31": "-21.57400"}, "Pre-Tax Income": {"2020-09-30": "418.87100", "2020-06-30": "177.46100", "2020-03-31": "-197.25200", "2019-12-31": "418.43090", "2019-09-30": "406.52000", "2019-06-30": "410.89800", "2019-03-31": "415.14200", "2018-12-31": "389.50620", "2018-09-30": "416.89900", "2018-06-30": "369.71000", "2018-03-31": "341.82000", "2017-12-31": "316.18100", "2017-09-30": "263.65900", "2017-06-30": "219.83500", "2017-03-31": "241.12600", "2016-12-31": "249.63100", "2016-09-30": "249.80400", "2016-06-30": "232.54400", "2016-03-31": "225.97700", "2015-12-31": "-13.62700", "2015-09-30": "202.99600", "2015-06-30": "199.24200", "2015-03-31": "133.26500", "2014-12-31": "256.76900", "2014-09-30": "152.31000", "2014-06-30": "191.07300", "2014-03-31": "219.72100", "2013-12-31": "206.37800", "2013-09-30": "202.78500", "2013-06-30": "196.70000", "2013-03-31": "149.30700", "2012-12-31": "168.29500", "2012-09-30": "207.57200", "2012-06-30": "189.35000", "2012-03-31": "293.28900", "2011-12-31": "335.53700", "2011-09-30": "195.18700", "2011-06-30": "170.23300", "2011-03-31": "282.60500", "2010-12-31": "202.05900", "2010-09-30": "150.26600", "2010-06-30": "117.42200", "2010-03-31": "284.03100", "2009-12-31": "195.68100", "2009-09-30": "136.38800", "2009-06-30": "111.60800", "2009-03-31": "242.98800", "2008-12-31": "168.41900", "2008-09-30": "177.41800", "2008-06-30": "143.53600", "2008-03-31": "305.16500", "2007-12-31": "216.51200", "2007-09-30": "67.05000", "2007-06-30": "103.11500", "2007-03-31": "296.04000", "2006-12-31": "158.21900", "2006-09-30": "88.42000", "2006-06-30": "230.15000", "2006-03-31": "245.65200", "2005-12-31": "380.32500", "2005-09-30": "72.35000", "2005-06-30": "28.19000", "2005-03-31": "164.80400"}, "Income Taxes": {"2020-09-30": "106.55500", "2020-06-30": "43.14000", "2020-03-31": "-55.39500", "2019-12-31": "98.18000", "2019-09-30": "97.36500", "2019-06-30": "98.93500", "2019-03-31": "77.93400", "2018-12-31": "96.61800", "2018-09-30": "102.98300", "2018-06-30": "87.53100", "2018-03-31": "75.77100", "2017-12-31": "251.36900", "2017-09-30": "97.12800", "2017-06-30": "43.84400", "2017-03-31": "54.94100", "2016-12-31": "54.87000", "2016-09-30": "55.01200", "2016-06-30": "52.45800", "2016-03-31": "50.06600", "2015-12-31": "12.65200", "2015-09-30": "38.29800", "2015-06-30": "48.22200", "2015-03-31": "37.42800", "2014-12-31": "56.00300", "2014-09-30": "37.85800", "2014-06-30": "42.31300", "2014-03-31": "14.98400", "2013-12-31": "39.39200", "2013-09-30": "44.96100", "2013-06-30": "42.92300", "2013-03-31": "38.80400", "2012-12-31": "23.92300", "2012-09-30": "42.58400", "2012-06-30": "40.41200", "2012-03-31": "73.83900", "2011-12-31": "71.79600", "2011-09-30": "34.02800", "2011-06-30": "35.90400", "2011-03-31": "84.32000", "2010-12-31": "55.39600", "2010-09-30": "29.96500", "2010-06-30": "31.04800", "2010-03-31": "97.31100", "2009-12-31": "59.23100", "2009-09-30": "34.08000", "2009-06-30": "30.25800", "2009-03-31": "79.43900", "2008-12-31": "47.09800", "2008-09-30": "24.03100", "2008-06-30": "30.57400", "2008-03-31": "92.36800", "2007-12-31": "55.40200", "2007-09-30": "8.13800", "2007-06-30": "23.21000", "2007-03-31": "97.84700", "2006-12-31": "46.25900", "2006-09-30": "15.72600", "2006-06-30": "51.63800", "2006-03-31": "80.14100", "2005-12-31": "140.64300", "2005-09-30": "27.73600", "2005-06-30": "11.11600", "2005-03-31": "63.02600"}, "Income After Taxes": {"2020-09-30": "312.31600", "2020-06-30": "134.32100", "2020-03-31": "-141.85700", "2019-12-31": "320.25090", "2019-09-30": "309.15500", "2019-06-30": "311.96300", "2019-03-31": "337.20800", "2018-12-31": "292.88800", "2018-09-30": "313.91600", "2018-06-30": "282.17900", "2018-03-31": "266.04900", "2017-12-31": "64.81200", "2017-09-30": "166.53100", "2017-06-30": "175.99100", "2017-03-31": "186.18500", "2016-12-31": "194.76100", "2016-09-30": "194.79200", "2016-06-30": "180.08600", "2016-03-31": "175.91100", "2015-12-31": "-26.27900", "2015-09-30": "164.69800", "2015-06-30": "151.02000", "2015-03-31": "95.83700", "2014-12-31": "200.76590", "2014-09-30": "114.45200", "2014-06-30": "148.76000", "2014-03-31": "204.73700", "2013-12-31": "166.98590", "2013-09-30": "157.82400", "2013-06-30": "153.77700", "2013-03-31": "110.50300", "2012-12-31": "144.37200", "2012-09-30": "164.98800", "2012-06-30": "148.93800", "2012-03-31": "219.45000", "2011-12-31": "263.74100", "2011-09-30": "161.15900", "2011-06-30": "134.32900", "2011-03-31": "198.28500", "2010-12-31": "146.66300", "2010-09-30": "120.30100", "2010-06-30": "86.37400", "2010-03-31": "186.72000", "2009-12-31": "136.45000", "2009-09-30": "102.30800", "2009-06-30": "81.35000", "2009-03-31": "163.54900", "2008-12-31": "121.32100", "2008-09-30": "153.38700", "2008-06-30": "112.96200", "2008-03-31": "212.79700", "2007-12-31": "161.11000", "2007-09-30": "58.91200", "2007-06-30": "79.90500", "2007-03-31": "198.19300", "2006-12-31": "111.96000", "2006-09-30": "72.69400", "2006-06-30": "178.51200", "2006-03-31": "165.51100", "2005-12-31": "239.68200", "2005-09-30": "44.61400", "2005-06-30": "17.07400", "2005-03-31": "101.77800"}, "Other Income": {"2020-09-30": "", "2020-06-30": "", "2020-03-31": "", "2019-12-31": "", "2019-09-30": "", "2019-06-30": "", "2019-03-31": "", "2018-12-31": "", "2018-09-30": "", "2018-06-30": "", "2018-03-31": "", "2017-12-31": "", "2017-09-30": "", "2017-06-30": "", "2017-03-31": "", "2016-12-31": "", "2016-09-30": "", "2016-06-30": "", "2016-03-31": "", "2015-12-31": "", "2015-09-30": "", "2015-06-30": "", "2015-03-31": "", "2014-12-31": "", "2014-09-30": "", "2014-06-30": "", "2014-03-31": "", "2013-12-31": "", "2013-09-30": "", "2013-06-30": "", "2013-03-31": "", "2012-12-31": "", "2012-09-30": "", "2012-06-30": "", "2012-03-31": "", "2011-12-31": "", "2011-09-30": "", "2011-06-30": "", "2011-03-31": "", "2010-12-31": "", "2010-09-30": "", "2010-06-30": "", "2010-03-31": "", "2009-12-31": "", "2009-09-30": "", "2009-06-30": "", "2009-03-31": "", "2008-12-31": "", "2008-09-30": "", "2008-06-30": "", "2008-03-31": "", "2007-12-31": "", "2007-09-30": "", "2007-06-30": "", "2007-03-31": "", "2006-12-31": "", "2006-09-30": "", "2006-06-30": "", "2006-03-31": "", "2005-12-31": "", "2005-09-30": "", "2005-06-30": "", "2005-03-31": ""}, "Income From Continuous Operations": {"2020-09-30": "312.31600", "2020-06-30": "134.32100", "2020-03-31": "-141.85700", "2019-12-31": "320.25090", "2019-09-30": "309.15500", "2019-06-30": "311.96300", "2019-03-31": "337.20800", "2018-12-31": "292.88800", "2018-09-30": "313.91600", "2018-06-30": "282.17900", "2018-03-31": "266.04900", "2017-12-31": "64.81200", "2017-09-30": "166.53100", "2017-06-30": "175.99100", "2017-03-31": "186.18500", "2016-12-31": "194.76100", "2016-09-30": "194.79200", "2016-06-30": "180.08600", "2016-03-31": "175.91100", "2015-12-31": "-26.27900", "2015-09-30": "164.69800", "2015-06-30": "151.02000", "2015-03-31": "95.83700", "2014-12-31": "200.76600", "2014-09-30": "114.45200", "2014-06-30": "148.76000", "2014-03-31": "204.73700", "2013-12-31": "166.98600", "2013-09-30": "157.82400", "2013-06-30": "153.77700", "2013-03-31": "110.50300", "2012-12-31": "144.37200", "2012-09-30": "164.98800", "2012-06-30": "148.93800", "2012-03-31": "219.45000", "2011-12-31": "263.74100", "2011-09-30": "161.15900", "2011-06-30": "134.32900", "2011-03-31": "198.28500", "2010-12-31": "146.66300", "2010-09-30": "120.30100", "2010-06-30": "86.37400", "2010-03-31": "186.72000", "2009-12-31": "136.45000", "2009-09-30": "102.30800", "2009-06-30": "81.35000", "2009-03-31": "163.54900", "2008-12-31": "121.32100", "2008-09-30": "153.38700", "2008-06-30": "112.96200", "2008-03-31": "212.79700", "2007-12-31": "102.92400", "2007-09-30": "13.91400", "2007-06-30": "35.20300", "2007-03-31": "152.88000", "2006-12-31": "74.58000", "2006-09-30": "24.41300", "2006-06-30": "77.94500", "2006-03-31": "129.73900", "2005-12-31": "239.68200", "2005-09-30": "44.61400", "2005-06-30": "17.07400", "2005-03-31": "101.77800"}, "Income From Discontinued Operations": {"2020-09-30": "", "2020-06-30": "", "2020-03-31": "", "2019-12-31": "", "2019-09-30": "", "2019-06-30": "", "2019-03-31": "", "2018-12-31": "", "2018-09-30": "", "2018-06-30": "", "2018-03-31": "", "2017-12-31": "", "2017-09-30": "", "2017-06-30": "", "2017-03-31": "", "2016-12-31": "-0.29600", "2016-09-30": "-0.57600", "2016-06-30": "-0.22700", "2016-03-31": "-0.95200", "2015-12-31": "-1.93700", "2015-09-30": "-3.86000", "2015-06-30": "-0.14000", "2015-03-31": "-0.14400", "2014-12-31": "0.79900", "2014-09-30": "-0.17100", "2014-06-30": "-8.00900", "2014-03-31": "1.77400", "2013-12-31": "17.07700", "2013-09-30": "-10.12600", "2013-06-30": "-74.28200", "2013-03-31": "55.20200", "2012-12-31": "51.50300", "2012-09-30": "", "2012-06-30": "0.26700", "2012-03-31": "14.01200", "2011-12-31": "1.01100", "2011-09-30": "-0.27900", "2011-06-30": "0.43700", "2011-03-31": "1.06100", "2010-12-31": "", "2010-09-30": "", "2010-06-30": "", "2010-03-31": "", "2009-12-31": "", "2009-09-30": "", "2009-06-30": "", "2009-03-31": "", "2008-12-31": "", "2008-09-30": "", "2008-06-30": "", "2008-03-31": "", "2007-12-31": "", "2007-09-30": "", "2007-06-30": "", "2007-03-31": "", "2006-12-31": "0.04500", "2006-09-30": "-0.01300", "2006-06-30": "-0.15000", "2006-03-31": "-0.24700", "2005-12-31": "-2.04000", "2005-09-30": "131.77300", "2005-06-30": "7.77800", "2005-03-31": "5.88600"}, "Net Income": {"2020-09-30": "312.04100", "2020-06-30": "134.04600", "2020-03-31": "-142.13200", "2019-12-31": "319.97600", "2019-09-30": "308.88000", "2019-06-30": "311.68800", "2019-03-31": "336.93300", "2018-12-31": "292.61300", "2018-09-30": "312.98400", "2018-06-30": "280.77300", "2018-03-31": "264.23300", "2017-12-31": "62.77100", "2017-09-30": "165.46600", "2017-06-30": "71.47600", "2017-03-31": "87.36100", "2016-12-31": "90.50500", "2016-09-30": "92.14400", "2016-06-30": "85.94400", "2016-03-31": "83.44600", "2015-12-31": "25.51500", "2015-09-30": "82.15700", "2015-06-30": "76.50500", "2015-03-31": "60.80000", "2014-12-31": "94.54400", "2014-09-30": "64.45800", "2014-06-30": "61.59000", "2014-03-31": "93.51500", "2013-12-31": "90.73700", "2013-09-30": "62.35600", "2013-06-30": "0.91900", "2013-03-31": "112.52100", "2012-12-31": "111.54200", "2012-09-30": "65.21900", "2012-06-30": "60.99300", "2012-03-31": "122.86500", "2011-12-31": "115.00100", "2011-09-30": "60.32100", "2011-06-30": "55.14200", "2011-03-31": "130.13000", "2010-12-31": "83.07400", "2010-09-30": "55.29500", "2010-06-30": "41.72400", "2010-03-31": "154.53900", "2009-12-31": "93.44500", "2009-09-30": "48.04200", "2009-06-30": "41.67900", "2009-03-31": "122.28500", "2008-12-31": "68.17400", "2008-09-30": "58.03300", "2008-06-30": "41.86500", "2008-03-31": "143.83700", "2007-12-31": "102.92400", "2007-09-30": "13.91400", "2007-06-30": "35.20300", "2007-03-31": "152.88000", "2006-12-31": "74.62500", "2006-09-30": "24.40000", "2006-06-30": "77.79500", "2006-03-31": "129.49200", "2005-12-31": "237.64200", "2005-09-30": "176.38700", "2005-06-30": "24.85200", "2005-03-31": "107.66400"}, "EBITDA": {"2020-09-30": "703.67800", "2020-06-30": "-145.60810", "2020-03-31": "690.63830", "2019-12-31": "613.29650", "2019-09-30": "603.58100", "2019-06-30": "591.11000", "2019-03-31": "582.90020", "2018-12-31": "582.51530", "2018-09-30": "602.91690", "2018-06-30": "554.65370", "2018-03-31": "523.93620", "2017-12-31": "484.09030", "2017-09-30": "477.15980", "2017-06-30": "420.29920", "2017-03-31": "416.55600", "2016-12-31": "439.01120", "2016-09-30": "427.90680", "2016-06-30": "414.53200", "2016-03-31": "405.91200", "2015-12-31": "335.39570", "2015-09-30": "373.23420", "2015-06-30": "359.73100", "2015-03-31": "282.41800", "2014-12-31": "387.30260", "2014-09-30": "365.98010", "2014-06-30": "323.44200", "2014-03-31": "372.88470", "2013-12-31": "354.14120", "2013-09-30": "325.65910", "2013-06-30": "320.24390", "2013-03-31": "264.95120", "2012-12-31": "236.97950", "2012-09-30": "324.34680", "2012-06-30": "318.66510", "2012-03-31": "419.59390", "2011-12-31": "443.11140", "2011-09-30": "325.32680", "2011-06-30": "295.04320", "2011-03-31": "407.72010", "2010-12-31": "316.41990", "2010-09-30": "264.13680", "2010-06-30": "254.22410", "2010-03-31": "415.18830", "2009-12-31": "334.58710", "2009-09-30": "246.09610", "2009-06-30": "226.05290", "2009-03-31": "365.12890", "2008-12-31": "283.18740", "2008-09-30": "252.42790", "2008-06-30": "232.71350", "2008-03-31": "392.60210", "2007-12-31": "315.23310", "2007-09-30": "159.13420", "2007-06-30": "191.38890", "2007-03-31": "384.75100", "2006-12-31": "259.34030", "2006-09-30": "175.04010", "2006-06-30": "336.66410", "2006-03-31": "326.70100", "2005-12-31": "503.55420", "2005-09-30": "158.19690", "2005-06-30": "95.85410", "2005-03-31": "229.59490"}, "EBIT": {"2020-09-30": "550.43300", "2020-06-30": "355.73000", "2020-03-31": "-83.46880", "2019-12-31": "487.31340", "2019-09-30": "482.15100", "2019-06-30": "476.14600", "2019-03-31": "468.74220", "2018-12-31": "471.86600", "2018-09-30": "495.53390", "2018-06-30": "448.36570", "2018-03-31": "419.69920", "2017-12-31": "400.56150", "2017-09-30": "354.62180", "2017-06-30": "319.45020", "2017-03-31": "317.13700", "2016-12-31": "339.70150", "2016-09-30": "329.35680", "2016-06-30": "315.28500", "2016-03-31": "311.43400", "2015-12-31": "242.01700", "2015-09-30": "284.93520", "2015-06-30": "272.74400", "2015-03-31": "196.46300", "2014-12-31": "306.74760", "2014-09-30": "291.39210", "2014-06-30": "251.31490", "2014-03-31": "294.11670", "2013-12-31": "246.10690", "2013-09-30": "231.39210", "2013-06-30": "228.38890", "2013-03-31": "174.73020", "2012-12-31": "150.56470", "2012-09-30": "242.91280", "2012-06-30": "234.07910", "2012-03-31": "325.92190", "2011-12-31": "365.02390", "2011-09-30": "249.34080", "2011-06-30": "216.21920", "2011-03-31": "328.32910", "2010-12-31": "239.70310", "2010-09-30": "186.90380", "2010-06-30": "178.71310", "2010-03-31": "337.33230", "2009-12-31": "261.28910", "2009-09-30": "173.77810", "2009-06-30": "154.80400", "2009-03-31": "293.00290", "2008-12-31": "218.68950", "2008-09-30": "192.17900", "2008-06-30": "173.01250", "2008-03-31": "333.12300", "2007-12-31": "255.72710", "2007-09-30": "102.77030", "2007-06-30": "135.74490", "2007-03-31": "328.30100", "2006-12-31": "202.68630", "2006-09-30": "119.57100", "2006-06-30": "269.56910", "2006-03-31": "270.37600", "2005-12-31": "455.17970", "2005-09-30": "110.06590", "2005-06-30": "52.18210", "2005-03-31": "186.37790"}, "Basic Shares Outstanding": {"2020-09-30": "445.10300", "2020-06-30": "419.72200", "2020-03-31": "414.28200", "2019-12-31": "413.56000", "2019-09-30": "413.81600", "2019-06-30": "413.60600", "2019-03-31": "412.90800", "2018-12-31": "411.48500", "2018-09-30": "412.11700", "2018-06-30": "411.94600", "2018-03-31": "409.67600", "2017-12-31": "297.47700", "2017-09-30": "380.90700", "2017-06-30": "211.78500", "2017-03-31": "211.61900", "2016-12-31": "211.12800", "2016-09-30": "211.30900", "2016-06-30": "211.07500", "2016-03-31": "210.78100", "2015-12-31": "210.20800", "2015-09-30": "210.29600", "2015-06-30": "210.20400", "2015-03-31": "209.87400", "2014-12-31": "209.39100", "2014-09-30": "209.48900", "2014-06-30": "209.40300", "2014-03-31": "209.13000", "2013-12-31": "206.04400", "2013-09-30": "206.23500", "2013-06-30": "206.14300", "2013-03-31": "205.47900", "2012-12-31": "206.14000", "2012-09-30": "205.00500", "2012-06-30": "207.29200", "2012-03-31": "207.61700", "2011-12-31": "209.34400", "2011-09-30": "206.60600", "2011-06-30": "210.67400", "2011-03-31": "214.04000", "2010-12-31": "212.73600", "2010-09-30": "212.88600", "2010-06-30": "212.71200", "2010-03-31": "212.26400", "2009-12-31": "210.72400", "2009-09-30": "210.84000", "2009-06-30": "210.67000", "2009-03-31": "210.32400", "2008-12-31": "208.73800", "2008-09-30": "208.89200", "2008-06-30": "208.68000", "2008-03-31": "208.34000", "2007-12-31": "207.52600", "2007-09-30": "207.76400", "2007-06-30": "221.75800", "2007-03-31": "221.73600", "2006-12-31": "220.51400", "2006-09-30": "226.40000", "2006-06-30": "234.84600", "2006-03-31": "214.28600", "2005-12-31": "201.07200", "2005-09-30": "199.78800", "2005-06-30": "202.28600", "2005-03-31": "207.33200"}, "Shares Outstanding": {"2020-09-30": "445.51000", "2020-06-30": "420.11600", "2020-03-31": "415.34800", "2019-12-31": "415.44400", "2019-09-30": "415.57800", "2019-06-30": "415.04900", "2019-03-31": "415.23300", "2018-12-31": "414.19500", "2018-09-30": "414.84700", "2018-06-30": "414.64100", "2018-03-31": "412.17300", "2017-12-31": "299.78000", "2017-09-30": "383.41900", "2017-06-30": "214.01200", "2017-03-31": "213.60200", "2016-12-31": "212.38300", "2016-09-30": "212.87000", "2016-06-30": "212.61800", "2016-03-31": "211.07100", "2015-12-31": "210.54100", "2015-09-30": "210.52400", "2015-06-30": "210.47700", "2015-03-31": "210.46700", "2014-12-31": "210.42700", "2014-09-30": "210.75900", "2014-06-30": "210.51600", "2014-03-31": "210.16600", "2013-12-31": "209.69500", "2013-09-30": "209.89300", "2013-06-30": "208.87400", "2013-03-31": "209.45800", "2012-12-31": "210.71000", "2012-09-30": "209.96000", "2012-06-30": "211.78400", "2012-03-31": "211.85200", "2011-12-31": "214.49800", "2011-09-30": "211.94000", "2011-06-30": "216.06000", "2011-03-31": "218.35800", "2010-12-31": "215.57000", "2010-09-30": "215.30200", "2010-06-30": "215.67600", "2010-03-31": "214.82000", "2009-12-31": "212.64000", "2009-09-30": "212.97600", "2009-06-30": "211.90000", "2009-03-31": "211.46600", "2008-12-31": "211.52000", "2008-09-30": "211.27200", "2008-06-30": "212.14400", "2008-03-31": "211.64200", "2007-12-31": "211.11000", "2007-09-30": "211.86200", "2007-06-30": "225.97200", "2007-03-31": "225.44800", "2006-12-31": "225.41000", "2006-09-30": "229.84000", "2006-06-30": "238.05200", "2006-03-31": "221.51200", "2005-12-31": "216.01200", "2005-09-30": "217.20400", "2005-06-30": "218.12400", "2005-03-31": "222.00200"}, "Basic EPS": {"2020-09-30": "0.70000", "2020-06-30": "0.32000", "2020-03-31": "-0.34000", "2019-12-31": "0.77000", "2019-09-30": "0.75000", "2019-06-30": "0.75000", "2019-03-31": "0.82000", "2018-12-31": "0.71000", "2018-09-30": "0.76000", "2018-06-30": "0.68000", "2018-03-31": "0.65000", "2017-12-31": "0.12000", "2017-09-30": "0.43000", "2017-06-30": "0.34000", "2017-03-31": "0.41000", "2016-12-31": "0.42000", "2016-09-30": "0.44000", "2016-06-30": "0.41000", "2016-03-31": "0.40000", "2015-12-31": "0.13000", "2015-09-30": "0.39000", "2015-06-30": "0.36000", "2015-03-31": "0.29000", "2014-12-31": "0.45000", "2014-09-30": "0.31000", "2014-06-30": "0.29000", "2014-03-31": "0.45000", "2013-12-31": "0.44000", "2013-09-30": "0.30000", "2013-06-30": "0.00000", "2013-03-31": "0.55000", "2012-12-31": "0.55000", "2012-09-30": "0.32000", "2012-06-30": "0.29000", "2012-03-31": "0.59000", "2011-12-31": "0.56000", "2011-09-30": "0.29000", "2011-06-30": "0.26000", "2011-03-31": "0.61000", "2010-12-31": "0.38500", "2010-09-30": "0.26000", "2010-06-30": "0.19500", "2010-03-31": "0.73000", "2009-12-31": "0.44000", "2009-09-30": "0.23000", "2009-06-30": "0.20000", "2009-03-31": "0.58000", "2008-12-31": "0.32500", "2008-09-30": "0.28000", "2008-06-30": "0.20000", "2008-03-31": "0.69000", "2007-12-31": "0.49500", "2007-09-30": "0.06500", "2007-06-30": "0.16000", "2007-03-31": "0.69000", "2006-12-31": "0.34000", "2006-09-30": "0.11000", "2006-06-30": "0.33000", "2006-03-31": "0.60500", "2005-12-31": "1.19000", "2005-09-30": "0.88500", "2005-06-30": "0.12500", "2005-03-31": "0.52000"}, "EPS - Earnings Per Share": {"2020-09-30": "0.70000", "2020-06-30": "0.32000", "2020-03-31": "-0.34000", "2019-12-31": "0.77000", "2019-09-30": "0.74000", "2019-06-30": "0.75000", "2019-03-31": "0.81000", "2018-12-31": "0.71000", "2018-09-30": "0.75000", "2018-06-30": "0.68000", "2018-03-31": "0.64000", "2017-12-31": "0.12000", "2017-09-30": "0.43000", "2017-06-30": "0.33000", "2017-03-31": "0.41000", "2016-12-31": "0.43000", "2016-09-30": "0.43000", "2016-06-30": "0.40000", "2016-03-31": "0.40000", "2015-12-31": "0.12000", "2015-09-30": "0.39000", "2015-06-30": "0.36000", "2015-03-31": "0.29000", "2014-12-31": "0.44000", "2014-09-30": "0.31000", "2014-06-30": "0.29000", "2014-03-31": "0.45000", "2013-12-31": "0.43000", "2013-09-30": "0.30000", "2013-06-30": "0.00000", "2013-03-31": "0.54000", "2012-12-31": "0.53000", "2012-09-30": "0.31000", "2012-06-30": "0.29000", "2012-03-31": "0.58000", "2011-12-31": "0.55500", "2011-09-30": "0.28000", "2011-06-30": "0.25000", "2011-03-31": "0.59500", "2010-12-31": "0.38000", "2010-09-30": "0.25500", "2010-06-30": "0.19500", "2010-03-31": "0.72000", "2009-12-31": "0.43500", "2009-09-30": "0.22500", "2009-06-30": "0.19500", "2009-03-31": "0.58000", "2008-12-31": "0.32500", "2008-09-30": "0.27500", "2008-06-30": "0.19500", "2008-03-31": "0.68000", "2007-12-31": "0.49000", "2007-09-30": "0.06500", "2007-06-30": "0.15500", "2007-03-31": "0.68000", "2006-12-31": "0.33000", "2006-09-30": "0.10500", "2006-06-30": "0.32500", "2006-03-31": "0.58500", "2005-12-31": "1.12000", "2005-09-30": "0.81000", "2005-06-30": "0.11500", "2005-03-31": "0.48500"}}, "balance sheet": {"Cash On Hand": {"2019-12-31": "20.95800", "2018-12-31": "11.97500", "2017-12-31": "37.19300", "2016-12-31": "248.87500", "2015-12-31": "97.61900", "2014-12-31": "172.81200", "2013-12-31": "145.56500", "2012-12-31": "583.61800", "2011-12-31": "65.95300", "2010-12-31": "30.34100", "2009-12-31": "29.39900", "2008-12-31": "510.05800", "2007-12-31": "19.10500", "2006-12-31": "99.39300", "2005-12-31": "158.52300"}, "Receivables": {"2019-12-31": "835.12100", "2018-12-31": "818.95800", "2017-12-31": "1202.95100", "2016-12-31": "872.43000", "2015-12-31": "593.97900", "2014-12-31": "745.49400", "2013-12-31": "1109.51000", "2012-12-31": "1349.37100", "2011-12-31": "1339.93300", "2010-12-31": "1283.89100", "2009-12-31": "1437.99400", "2008-12-31": "1265.30000", "2007-12-31": "1723.21200", "2006-12-31": "1348.49000", "2005-12-31": "1961.20800"}, "Inventory": {"2019-12-31": "506.67500", "2018-12-31": "437.84100", "2017-12-31": "432.59400", "2016-12-31": "200.94600", "2015-12-31": "204.78000", "2014-12-31": "189.96700", "2013-12-31": "188.28600", "2012-12-31": "517.01400", "2011-12-31": "549.91500", "2010-12-31": "706.91200", "2009-12-31": "583.12700", "2008-12-31": "858.96600", "2007-12-31": "841.36200", "2006-12-31": "925.19400", "2005-12-31": "911.39300"}, "Pre-Paid Expenses": {"2019-12-31": "", "2018-12-31": "", "2017-12-31": "", "2016-12-31": "", "2015-12-31": "", "2014-12-31": "", "2013-12-31": "", "2012-12-31": "", "2011-12-31": "", "2010-12-31": "", "2009-12-31": "", "2008-12-31": "", "2007-12-31": "", "2006-12-31": "", "2005-12-31": ""}, "Other Current Assets": {"2019-12-31": "107.58000", "2018-12-31": "129.85800", "2017-12-31": "91.72000", "2016-12-31": "106.88200", "2015-12-31": "78.62700", "2014-12-31": "182.25400", "2013-12-31": "213.49100", "2012-12-31": "314.65700", "2011-12-31": "288.87500", "2010-12-31": "299.06600", "2009-12-31": "537.94400", "2008-12-31": "743.27800", "2007-12-31": "367.79600", "2006-12-31": "751.88400", "2005-12-31": "767.26400"}, "Total Current Assets": {"2019-12-31": "1470.33400", "2018-12-31": "1398.63200", "2017-12-31": "1764.45800", "2016-12-31": "1429.68400", "2015-12-31": "975.21000", "2014-12-31": "1307.24400", "2013-12-31": "2404.72400", "2012-12-31": "2764.66000", "2011-12-31": "2318.81200", "2010-12-31": "2379.73500", "2009-12-31": "2588.46400", "2008-12-31": "3377.60200", "2007-12-31": "2951.47500", "2006-12-31": "3124.96100", "2005-12-31": "3798.38800"}, "Property, Plant, And Equipment": {"2019-12-31": "18348.69000", "2018-12-31": "14766.65000", "2017-12-31": "12698.13000", "2016-12-31": "12571.40000", "2015-12-31": "12373.99000", "2014-12-31": "11662.44000", "2013-12-31": "9231.95400", "2012-12-31": "10114.34000", "2011-12-31": "8444.33300", "2010-12-31": "7312.94800", "2009-12-31": "7793.65800", "2008-12-31": "7263.76900", "2007-12-31": "5845.18100", "2006-12-31": "4844.92100", "2005-12-31": "3994.22700"}, "Long-Term Investments": {"2019-12-31": "861.84400", "2018-12-31": "969.15000", "2017-12-31": "1003.15600", "2016-12-31": "958.80700", "2015-12-31": "948.22100", "2014-12-31": "1132.65300", "2013-12-31": "1229.83800", "2012-12-31": "1221.40500", "2011-12-31": "1223.39800", "2010-12-31": "1188.12400", "2009-12-31": "765.16300", "2008-12-31": "755.49200", "2007-12-31": "756.26000", "2006-12-31": "748.87900", "2005-12-31": "245.00900"}, "Goodwill And Intangible Assets": {"2019-12-31": "957.83300", "2018-12-31": "967.14200", "2017-12-31": "993.46000", "2016-12-31": "1005.35900", "2015-12-31": "1017.25800", "2014-12-31": "1014.74000", "2013-12-31": "1024.56200", "2012-12-31": "996.20600", "2011-12-31": "1014.12700", "2010-12-31": "1022.89400", "2009-12-31": "1030.56000", "2008-12-31": "1038.22600", "2007-12-31": "1043.77300", "2006-12-31": "1051.44000", "2005-12-31": "683.21100"}, "Other Long-Term Assets": {"2019-12-31": "173.42500", "2018-12-31": "130.09600", "2017-12-31": "180.83000", "2016-12-31": "162.99800", "2015-12-31": "112.59800", "2014-12-31": "124.67900", "2013-12-31": "224.35300", "2012-12-31": "758.66400", "2011-12-31": "695.96500", "2010-12-31": "595.47400", "2009-12-31": "649.83800", "2008-12-31": "690.97300", "2007-12-31": "465.34500", "2006-12-31": "620.88100", "2005-12-31": "527.00200"}, "Total Long-Term Assets": {"2019-12-31": "20341.79000", "2018-12-31": "16833.04000", "2017-12-31": "15081.48000", "2016-12-31": "14709.07000", "2015-12-31": "14470.90000", "2014-12-31": "13954.53000", "2013-12-31": "15336.76000", "2012-12-31": "13090.62000", "2011-12-31": "11377.82000", "2010-12-31": "10119.44000", "2009-12-31": "10239.22000", "2008-12-31": "9748.46000", "2007-12-31": "8110.56000", "2006-12-31": "7266.12100", "2005-12-31": "5513.36000"}, "Total Assets": {"2019-12-31": "21812.12000", "2018-12-31": "18231.67000", "2017-12-31": "16845.94000", "2016-12-31": "16138.75000", "2015-12-31": "15446.11000", "2014-12-31": "15261.77000", "2013-12-31": "17741.48000", "2012-12-31": "15855.28000", "2011-12-31": "13696.63000", "2010-12-31": "12499.17000", "2009-12-31": "12827.68000", "2008-12-31": "13126.06000", "2007-12-31": "11062.03000", "2006-12-31": "10391.08000", "2005-12-31": "9311.74800"}, "Total Current Liabilities": {"2019-12-31": "2020.29800", "2018-12-31": "2108.43600", "2017-12-31": "2667.33500", "2016-12-31": "2836.70100", "2015-12-31": "1638.26600", "2014-12-31": "2392.34500", "2013-12-31": "2730.33000", "2012-12-31": "2812.99400", "2011-12-31": "3246.17500", "2010-12-31": "3151.43100", "2009-12-31": "3338.91200", "2008-12-31": "4193.76400", "2007-12-31": "2881.66700", "2006-12-31": "1950.53800", "2005-12-31": "4187.93600"}, "Long Term Debt": {"2019-12-31": "12479.76000", "2018-12-31": "8873.33400", "2017-12-31": "8091.62900", "2016-12-31": "7919.99600", "2015-12-31": "8323.58200", "2014-12-31": "7150.14200", "2013-12-31": "7753.65700", "2012-12-31": "6515.37200", "2011-12-31": "4529.55100", "2010-12-31": "3686.54200", "2009-12-31": "4334.20400", "2008-12-31": "4112.58100", "2007-12-31": "4215.04600", "2006-12-31": "4030.85500", "2005-12-31": "2024.07000"}, "Other Non-Current Liabilities": {"2019-12-31": "", "2018-12-31": "", "2017-12-31": "", "2016-12-31": "", "2015-12-31": "", "2014-12-31": "", "2013-12-31": "", "2012-12-31": "", "2011-12-31": "", "2010-12-31": "", "2009-12-31": "8.92600", "2008-12-31": "46.31100", "2007-12-31": "26.86100", "2006-12-31": "137.31200", "2005-12-31": "348.52900"}, "Total Long Term Liabilities": {"2019-12-31": "13565.87000", "2018-12-31": "9543.69200", "2017-12-31": "8493.25000", "2016-12-31": "9873.13500", "2015-12-31": "10041.51000", "2014-12-31": "8863.54500", "2013-12-31": "10165.97000", "2012-12-31": "8809.83100", "2011-12-31": "6650.72800", "2010-12-31": "5426.90300", "2009-12-31": "6043.30900", "2008-12-31": "5764.75900", "2007-12-31": "6211.05900", "2006-12-31": "6224.58600", "2005-12-31": "3329.05500"}, "Total Liabilities": {"2019-12-31": "15586.17000", "2018-12-31": "11652.13000", "2017-12-31": "11160.58000", "2016-12-31": "12709.83000", "2015-12-31": "11679.77000", "2014-12-31": "11255.89000", "2013-12-31": "12896.30000", "2012-12-31": "11622.83000", "2011-12-31": "9896.90300", "2010-12-31": "8578.33400", "2009-12-31": "9382.22100", "2008-12-31": "9958.52300", "2007-12-31": "9092.72600", "2006-12-31": "8175.12400", "2005-12-31": "7516.99100"}, "Common Stock Net": {"2019-12-31": "4.45000", "2018-12-31": "4.45000", "2017-12-31": "4.23200", "2016-12-31": "2.45800", "2015-12-31": "2.45800", "2014-12-31": "2.45800", "2013-12-31": "2.45800", "2012-12-31": "2.45800", "2011-12-31": "2.45800", "2010-12-31": "1.22800", "2009-12-31": "1.22400", "2008-12-31": "1.21600", "2007-12-31": "1.21100", "2006-12-31": "1.20300", "2005-12-31": "1.08000"}, "Retained Earnings (Accumulated Deficit)": {"2019-12-31": "", "2018-12-31": "", "2017-12-31": "", "2016-12-31": "", "2015-12-31": "", "2014-12-31": "138.12800", "2013-12-31": "2020.81500", "2012-12-31": "2059.02400", "2011-12-31": "1960.37400", "2010-12-31": "1826.80000", "2009-12-31": "1685.71000", "2008-12-31": "1553.03300", "2007-12-31": "1411.49200", "2006-12-31": "1256.75900", "2005-12-31": "1085.84500"}, "Comprehensive Income": {"2019-12-31": "-374.00000", "2018-12-31": "-188.23900", "2017-12-31": "-188.53000", "2016-12-31": "-154.35000", "2015-12-31": "-127.24200", "2014-12-31": "-136.35300", "2013-12-31": "-121.98700", "2012-12-31": "-216.79800", "2011-12-31": "-206.12100", "2010-12-31": "-108.80200", "2009-12-31": "-118.61300", "2008-12-31": "-70.61600", "2007-12-31": "-7.06900", "2006-12-31": "39.53200", "2005-12-31": "-56.99100"}, "Other Share Holders Equity": {"2019-12-31": "", "2018-12-31": "", "2017-12-31": "", "2016-12-31": "", "2015-12-31": "", "2014-12-31": "", "2013-12-31": "", "2012-12-31": "", "2011-12-31": "", "2010-12-31": "", "2009-12-31": "", "2008-12-31": "", "2007-12-31": "", "2006-12-31": "", "2005-12-31": ""}, "Share Holder Equity": {"2019-12-31": "6225.95100", "2018-12-31": "6579.54300", "2017-12-31": "5685.35200", "2016-12-31": "3428.91500", "2015-12-31": "3766.33600", "2014-12-31": "4005.88300", "2013-12-31": "4845.18000", "2012-12-31": "4232.45000", "2011-12-31": "3799.73200", "2010-12-31": "3920.84100", "2009-12-31": "3445.46200", "2008-12-31": "3167.53900", "2007-12-31": "1969.30800", "2006-12-31": "2215.95800", "2005-12-31": "1794.75700"}, "Total Liabilities And Share Holders Equity": {"2019-12-31": "21812.12000", "2018-12-31": "18231.67000", "2017-12-31": "16845.94000", "2016-12-31": "16138.75000", "2015-12-31": "15446.11000", "2014-12-31": "15261.77000", "2013-12-31": "17741.48000", "2012-12-31": "15855.28000", "2011-12-31": "13696.63000", "2010-12-31": "12499.17000", "2009-12-31": "12827.68000", "2008-12-31": "13126.06000", "2007-12-31": "11062.03000", "2006-12-31": "10391.08000", "2005-12-31": "9311.74800"}}, "balance sheet, quarterly": {"Cash On Hand": {"2020-09-30": "447.12900", "2020-06-30": "945.73200", "2020-03-31": "531.63000", "2019-12-31": "20.95800", "2019-09-30": "673.30900", "2019-06-30": "273.39700", "2019-03-31": "27.81400", "2018-12-31": "11.97500", "2018-09-30": "84.46400", "2018-06-30": "15.29500", "2018-03-31": "17.47400", "2017-12-31": "37.19300", "2017-09-30": "11.67600", "2017-06-30": "332.37100", "2017-03-31": "310.80800", "2016-12-31": "248.87500", "2016-09-30": "237.41000", "2016-06-30": "180.85400", "2016-03-31": "137.21900", "2015-12-31": "97.61900", "2015-09-30": "38.37100", "2015-06-30": "226.19300", "2015-03-31": "239.41100", "2014-12-31": "172.81200", "2014-09-30": "151.40300", "2014-06-30": "358.56000", "2014-03-31": "210.22700", "2013-12-31": "145.56500", "2013-09-30": "779.52400", "2013-06-30": "33.68100", "2013-03-31": "143.94700", "2012-12-31": "583.61800", "2012-09-30": "978.82500", "2012-06-30": "114.92000", "2012-03-31": "781.19200", "2011-12-31": "65.95300", "2011-09-30": "148.40700", "2011-06-30": "477.57300", "2011-03-31": "870.08600", "2010-12-31": "30.34100", "2010-09-30": "50.48300", "2010-06-30": "103.25100", "2010-03-31": "167.43300", "2009-12-31": "29.39900", "2009-09-30": "52.18000", "2009-06-30": "47.03800", "2009-03-31": "179.10800", "2008-12-31": "510.05800", "2008-09-30": "72.94400", "2008-06-30": "98.74400", "2008-03-31": "268.74000", "2007-12-31": "19.10500", "2007-09-30": "833.74500", "2007-06-30": "329.32500", "2007-03-31": "763.54000", "2006-12-31": "99.39300", "2006-09-30": "409.04700", "2006-06-30": "645.34900", "2006-03-31": "36.80000", "2005-12-31": "158.52300", "2005-09-30": "173.78100", "2005-06-30": "93.41000", "2005-03-31": "106.30100"}, "Receivables": {"2020-09-30": "717.85200", "2020-06-30": "608.92300", "2020-03-31": "497.55600", "2019-12-31": "835.12100", "2019-09-30": "718.70800", "2019-06-30": "669.28900", "2019-03-31": "812.86900", "2018-12-31": "818.95800", "2018-09-30": "1085.07500", "2018-06-30": "934.66400", "2018-03-31": "844.21800", "2017-12-31": "1202.95100", "2017-09-30": "939.59500", "2017-06-30": "749.34500", "2017-03-31": "734.84400", "2016-12-31": "872.43000", "2016-09-30": "737.22400", "2016-06-30": "672.05900", "2016-03-31": "521.43600", "2015-12-31": "593.97900", "2015-09-30": "586.15700", "2015-06-30": "684.89900", "2015-03-31": "628.06400", "2014-12-31": "745.49400", "2014-09-30": "971.28500", "2014-06-30": "1097.00800", "2014-03-31": "883.67300", "2013-12-31": "1109.51000", "2013-09-30": "1166.99400", "2013-06-30": "1158.73800", "2013-03-31": "1261.80400", "2012-12-31": "1349.37100", "2012-09-30": "984.72400", "2012-06-30": "793.84200", "2012-03-31": "1154.95100", "2011-12-31": "1339.93300", "2011-09-30": "1141.13200", "2011-06-30": "1125.33800", "2011-03-31": "1280.12500", "2010-12-31": "1283.89100", "2010-09-30": "858.81900", "2010-06-30": "904.32500", "2010-03-31": "1202.29300", "2009-12-31": "1437.99400", "2009-09-30": "726.71900", "2009-06-30": "771.19600", "2009-03-31": "1014.14200", "2008-12-31": "1265.30000", "2008-09-30": "1066.60600", "2008-06-30": "1507.63900", "2008-03-31": "1723.57200", "2007-12-31": "1723.21200", "2007-09-30": "923.44500", "2007-06-30": "1028.96800", "2007-03-31": "1286.44400", "2006-12-31": "1348.49000", "2006-09-30": "944.73200", "2006-06-30": "971.85500", "2006-03-31": "1501.65100", "2005-12-31": "1961.20800", "2005-09-30": "1471.98600", "2005-06-30": "930.07400", "2005-03-31": "1262.96000"}, "Inventory": {"2020-09-30": "459.52700", "2020-06-30": "515.25500", "2020-03-31": "386.11200", "2019-12-31": "506.67500", "2019-09-30": "476.47800", "2019-06-30": "362.46700", "2019-03-31": "406.95400", "2018-12-31": "437.84100", "2018-09-30": "554.86700", "2018-06-30": "399.60700", "2018-03-31": "283.99300", "2017-12-31": "432.59400", "2017-09-30": "391.63200", "2017-06-30": "275.30500", "2017-03-31": "193.33900", "2016-12-31": "200.94600", "2016-09-30": "299.47000", "2016-06-30": "331.07300", "2016-03-31": "239.21900", "2015-12-31": "204.78000", "2015-09-30": "204.91200", "2015-06-30": "150.13700", "2015-03-31": "218.69100", "2014-12-31": "189.96700", "2014-09-30": "338.34500", "2014-06-30": "335.11600", "2014-03-31": "231.23700", "2013-12-31": "188.28600", "2013-09-30": "664.21300", "2013-06-30": "434.99600", "2013-03-31": "302.47300", "2012-12-31": "517.01400", "2012-09-30": "644.71900", "2012-06-30": "561.80200", "2012-03-31": "299.13000", "2011-12-31": "549.91500", "2011-09-30": "658.05900", "2011-06-30": "574.17300", "2011-03-31": "407.67100", "2010-12-31": "706.91200", "2010-09-30": "703.67700", "2010-06-30": "572.94100", "2010-03-31": "397.25400", "2009-12-31": "583.12700", "2009-09-30": "657.40300", "2009-06-30": "564.53000", "2009-03-31": "443.24400", "2008-12-31": "858.96600", "2008-09-30": "1120.07700", "2008-06-30": "902.12900", "2008-03-31": "329.30700", "2007-12-31": "841.36200", "2007-09-30": "971.78800", "2007-06-30": "787.65000", "2007-03-31": "499.05800", "2006-12-31": "925.19400", "2006-09-30": "1028.00700", "2006-06-30": "905.09800", "2006-03-31": "625.02900", "2005-12-31": "911.39300", "2005-09-30": "902.66700", "2005-06-30": "573.05100", "2005-03-31": "323.37700"}, "Pre-Paid Expenses": {"2020-09-30": "", "2020-06-30": "", "2020-03-31": "", "2019-12-31": "", "2019-09-30": "", "2019-06-30": "", "2019-03-31": "", "2018-12-31": "", "2018-09-30": "", "2018-06-30": "", "2018-03-31": "", "2017-12-31": "", "2017-09-30": "", "2017-06-30": "", "2017-03-31": "", "2016-12-31": "", "2016-09-30": "", "2016-06-30": "", "2016-03-31": "", "2015-12-31": "", "2015-09-30": "", "2015-06-30": "", "2015-03-31": "", "2014-12-31": "", "2014-09-30": "", "2014-06-30": "", "2014-03-31": "", "2013-12-31": "", "2013-09-30": "", "2013-06-30": "", "2013-03-31": "", "2012-12-31": "", "2012-09-30": "", "2012-06-30": "", "2012-03-31": "", "2011-12-31": "", "2011-09-30": "", "2011-06-30": "", "2011-03-31": "", "2010-12-31": "", "2010-09-30": "", "2010-06-30": "", "2010-03-31": "", "2009-12-31": "", "2009-09-30": "", "2009-06-30": "", "2009-03-31": "", "2008-12-31": "", "2008-09-30": "", "2008-06-30": "", "2008-03-31": "", "2007-12-31": "", "2007-09-30": "", "2007-06-30": "", "2007-03-31": "", "2006-12-31": "", "2006-09-30": "", "2006-06-30": "", "2006-03-31": "", "2005-12-31": "", "2005-09-30": "", "2005-06-30": "", "2005-03-31": ""}, "Other Current Assets": {"2020-09-30": "96.85400", "2020-06-30": "109.94900", "2020-03-31": "72.98400", "2019-12-31": "107.58000", "2019-09-30": "99.09000", "2019-06-30": "96.01700", "2019-03-31": "95.14200", "2018-12-31": "129.85800", "2018-09-30": "83.50200", "2018-06-30": "84.12100", "2018-03-31": "145.06000", "2017-12-31": "91.72000", "2017-09-30": "175.96200", "2017-06-30": "90.79000", "2017-03-31": "139.45600", "2016-12-31": "106.88200", "2016-09-30": "94.52900", "2016-06-30": "96.50000", "2016-03-31": "92.76600", "2015-12-31": "78.62700", "2015-09-30": "106.73100", "2015-06-30": "187.21300", "2015-03-31": "215.09200", "2014-12-31": "182.25400", "2014-09-30": "193.67400", "2014-06-30": "211.61500", "2014-03-31": "185.06800", "2013-12-31": "213.49100", "2013-09-30": "271.29300", "2013-06-30": "262.17400", "2013-03-31": "241.43900", "2012-12-31": "314.65700", "2012-09-30": "347.76200", "2012-06-30": "336.75500", "2012-03-31": "374.00200", "2011-12-31": "288.87500", "2011-09-30": "364.44500", "2011-06-30": "352.17700", "2011-03-31": "237.89200", "2010-12-31": "299.06600", "2010-09-30": "375.79700", "2010-06-30": "297.73800", "2010-03-31": "341.74800", "2009-12-31": "537.94400", "2009-09-30": "420.66000", "2009-06-30": "411.15100", "2009-03-31": "402.23500", "2008-12-31": "743.27800", "2008-09-30": "761.02300", "2008-06-30": "760.01500", "2008-03-31": "421.04500", "2007-12-31": "367.79600", "2007-09-30": "549.27800", "2007-06-30": "445.22600", "2007-03-31": "531.30600", "2006-12-31": "751.88400", "2006-09-30": "695.11200", "2006-06-30": "702.02500", "2006-03-31": "647.71600", "2005-12-31": "767.26400", "2005-09-30": "1797.85700", "2005-06-30": "406.07200", "2005-03-31": "470.06100"}, "Total Current Assets": {"2020-09-30": "1721.36200", "2020-06-30": "2179.85900", "2020-03-31": "1488.28200", "2019-12-31": "1470.33400", "2019-09-30": "1967.58500", "2019-06-30": "1401.17000", "2019-03-31": "1342.77900", "2018-12-31": "1398.63200", "2018-09-30": "1807.90800", "2018-06-30": "1433.68700", "2018-03-31": "1290.74500", "2017-12-31": "1764.45800", "2017-09-30": "1518.86500", "2017-06-30": "1447.81100", "2017-03-31": "1378.44700", "2016-12-31": "1429.68400", "2016-09-30": "1369.29100", "2016-06-30": "1281.18800", "2016-03-31": "991.02100", "2015-12-31": "975.21000", "2015-09-30": "952.79000", "2015-06-30": "1263.79600", "2015-03-31": "1321.94900", "2014-12-31": "1307.24400", "2014-09-30": "1712.78700", "2014-06-30": "2059.65500", "2014-03-31": "1656.32700", "2013-12-31": "2404.72400", "2013-09-30": "2882.02400", "2013-06-30": "1889.58900", "2013-03-31": "1949.66300", "2012-12-31": "2764.66000", "2012-09-30": "2956.03000", "2012-06-30": "1807.31900", "2012-03-31": "2609.27500", "2011-12-31": "2318.81200", "2011-09-30": "2312.04300", "2011-06-30": "2529.26100", "2011-03-31": "2795.77400", "2010-12-31": "2379.73500", "2010-09-30": "1988.77600", "2010-06-30": "1878.25500", "2010-03-31": "2108.72800", "2009-12-31": "2588.46400", "2009-09-30": "1856.96200", "2009-06-30": "1793.91500", "2009-03-31": "2038.72900", "2008-12-31": "3377.60200", "2008-09-30": "3020.65000", "2008-06-30": "3268.52700", "2008-03-31": "2742.66400", "2007-12-31": "2951.47500", "2007-09-30": "3278.25600", "2007-06-30": "2591.16900", "2007-03-31": "3080.34800", "2006-12-31": "3124.96100", "2006-09-30": "3076.89800", "2006-06-30": "3224.32700", "2006-03-31": "2811.19600", "2005-12-31": "3798.38800", "2005-09-30": "4482.95900", "2005-06-30": "2020.77900", "2005-03-31": "2181.24600"}, "Property, Plant, And Equipment": {"2020-09-30": "19029.31000", "2020-06-30": "18981.17000", "2020-03-31": "18629.49000", "2019-12-31": "18348.69000", "2019-09-30": "17362.86000", "2019-06-30": "16336.24000", "2019-03-31": "15518.03000", "2018-12-31": "14766.65000", "2018-09-30": "13960.53000", "2018-06-30": "13303.92000", "2018-03-31": "12878.19000", "2017-12-31": "12698.13000", "2017-09-30": "12578.61000", "2017-06-30": "12546.99000", "2017-03-31": "12553.58000", "2016-12-31": "12571.40000", "2016-09-30": "12526.75000", "2016-06-30": "12484.62000", "2016-03-31": "12437.13000", "2015-12-31": "12373.99000", "2015-09-30": "12278.59000", "2015-06-30": "12075.85000", "2015-03-31": "11891.32000", "2014-12-31": "11662.44000", "2014-09-30": "10242.12000", "2014-06-30": "9870.66400", "2014-03-31": "9510.79400", "2013-12-31": "9231.95400", "2013-09-30": "11770.80000", "2013-06-30": "10979.49000", "2013-03-31": "10521.22000", "2012-12-31": "10114.34000", "2012-09-30": "9490.38200", "2012-06-30": "9098.05300", "2012-03-31": "8701.03600", "2011-12-31": "8444.33300", "2011-09-30": "8019.31300", "2011-06-30": "7712.57400", "2011-03-31": "7438.89300", "2010-12-31": "7312.94800", "2010-09-30": "7138.97200", "2010-06-30": "7847.34000", "2010-03-31": "7794.40400", "2009-12-31": "7793.65800", "2009-09-30": "7698.59600", "2009-06-30": "7590.86000", "2009-03-31": "7436.65500", "2008-12-31": "7263.76900", "2008-09-30": "6893.17100", "2008-06-30": "6476.58100", "2008-03-31": "6206.26700", "2007-12-31": "5845.18100", "2007-09-30": "5247.99300", "2007-06-30": "5044.35100", "2007-03-31": "4901.59600", "2006-12-31": "4844.92100", "2006-09-30": "4767.42700", "2006-06-30": "4710.50400", "2006-03-31": "5929.86100", "2005-12-31": "3994.22700", "2005-09-30": "4199.05800", "2005-06-30": "3811.40700", "2005-03-31": "3792.04700"}, "Long-Term Investments": {"2020-09-30": "790.37300", "2020-06-30": "790.03500", "2020-03-31": "810.47900", "2019-12-31": "861.84400", "2019-09-30": "870.51100", "2019-06-30": "881.08400", "2019-03-31": "950.92400", "2018-12-31": "969.15000", "2018-09-30": "981.59200", "2018-06-30": "986.97900", "2018-03-31": "997.38000", "2017-12-31": "1003.15600", "2017-09-30": "1013.70200", "2017-06-30": "944.56200", "2017-03-31": "956.38800", "2016-12-31": "958.80700", "2016-09-30": "943.39000", "2016-06-30": "913.81300", "2016-03-31": "929.20900", "2015-12-31": "948.22100", "2015-09-30": "1137.05900", "2015-06-30": "1146.40700", "2015-03-31": "1124.20400", "2014-12-31": "1132.65300", "2014-09-30": "1128.50900", "2014-06-30": "1212.40800", "2014-03-31": "1229.05400", "2013-12-31": "1229.83800", "2013-09-30": "1201.87300", "2013-06-30": "1208.78700", "2013-03-31": "1220.12900", "2012-12-31": "1221.40500", "2012-09-30": "1218.28200", "2012-06-30": "1210.26800", "2012-03-31": "1219.63500", "2011-12-31": "1223.39800", "2011-09-30": "1224.39700", "2011-06-30": "1177.21900", "2011-03-31": "1186.58800", "2010-12-31": "1188.12400", "2010-09-30": "1194.08700", "2010-06-30": "757.23200", "2010-03-31": "762.43500", "2009-12-31": "765.16300", "2009-09-30": "774.34700", "2009-06-30": "735.39400", "2009-03-31": "747.99000", "2008-12-31": "755.49200", "2008-09-30": "756.44900", "2008-06-30": "752.95200", "2008-03-31": "754.30400", "2007-12-31": "756.26000", "2007-09-30": "741.31000", "2007-06-30": "741.85100", "2007-03-31": "746.38300", "2006-12-31": "748.87900", "2006-09-30": "755.77200", "2006-06-30": "1127.46000", "2006-03-31": "822.69500", "2005-12-31": "245.00900", "2005-09-30": "391.93900", "2005-06-30": "266.31100", "2005-03-31": "258.05400"}, "Goodwill And Intangible Assets": {"2020-09-30": "776.33000", "2020-06-30": "778.93700", "2020-03-31": "781.54400", "2019-12-31": "957.83300", "2019-09-30": "960.80800", "2019-06-30": "963.78300", "2019-03-31": "964.16700", "2018-12-31": "967.14200", "2018-09-30": "970.11700", "2018-06-30": "987.51000", "2018-03-31": "990.48500", "2017-12-31": "993.46000", "2017-09-30": "996.43500", "2017-06-30": "999.40900", "2017-03-31": "1002.38400", "2016-12-31": "1005.35900", "2016-09-30": "1008.33400", "2016-06-30": "1011.30900", "2016-03-31": "1014.28400", "2015-12-31": "1017.25800", "2015-09-30": "1020.23300", "2015-06-30": "1023.20900", "2015-03-31": "1011.76500", "2014-12-31": "1014.74000", "2014-09-30": "1017.71500", "2014-06-30": "1018.67900", "2014-03-31": "1021.62000", "2013-12-31": "1024.56200", "2013-09-30": "990.45600", "2013-06-30": "992.37300", "2013-03-31": "994.28900", "2012-12-31": "996.20600", "2012-09-30": "998.12200", "2012-06-30": "1000.03900", "2012-03-31": "1001.95600", "2011-12-31": "1014.12700", "2011-09-30": "1016.04400", "2011-06-30": "1020.86500", "2011-03-31": "1020.97700", "2010-12-31": "1022.89400", "2010-09-30": "1024.81000", "2010-06-30": "1026.72600", "2010-03-31": "1028.64300", "2009-12-31": "1030.56000", "2009-09-30": "1032.47600", "2009-06-30": "1034.39300", "2009-03-31": "1036.30900", "2008-12-31": "1038.22600", "2008-09-30": "1040.14200", "2008-06-30": "1042.05900", "2008-03-31": "1041.85700", "2007-12-31": "1043.77300", "2007-09-30": "1045.69000", "2007-06-30": "1047.60600", "2007-03-31": "1049.52300", "2006-12-31": "1051.44000", "2006-09-30": "1025.42000", "2006-06-30": "1027.33600", "2006-03-31": "991.26400", "2005-12-31": "683.21100", "2005-09-30": "720.77910", "2005-06-30": "225.18800", "2005-03-31": "225.18800"}, "Other Long-Term Assets": {"2020-09-30": "463.49600", "2020-06-30": "262.46300", "2020-03-31": "259.64300", "2019-12-31": "173.42500", "2019-09-30": "174.14700", "2019-06-30": "169.31800", "2019-03-31": "158.42300", "2018-12-31": "130.09600", "2018-09-30": "191.17000", "2018-06-30": "170.12400", "2018-03-31": "159.42800", "2017-12-31": "180.83000", "2017-09-30": "182.26500", "2017-06-30": "170.78500", "2017-03-31": "176.75500", "2016-12-31": "162.99800", "2016-09-30": "121.52900", "2016-06-30": "118.98000", "2016-03-31": "112.61400", "2015-12-31": "112.59800", "2015-09-30": "115.71600", "2015-06-30": "129.70000", "2015-03-31": "167.72400", "2014-12-31": "124.67900", "2014-09-30": "184.93500", "2014-06-30": "193.03200", "2014-03-31": "202.62600", "2013-12-31": "224.35300", "2013-09-30": "765.19400", "2013-06-30": "772.04000", "2013-03-31": "760.92000", "2012-12-31": "758.66400", "2012-09-30": "701.49100", "2012-06-30": "701.51200", "2012-03-31": "720.17400", "2011-12-31": "695.96500", "2011-09-30": "599.32700", "2011-06-30": "596.41400", "2011-03-31": "597.36400", "2010-12-31": "595.47400", "2010-09-30": "583.10800", "2010-06-30": "610.35800", "2010-03-31": "634.98200", "2009-12-31": "649.83800", "2009-09-30": "667.08900", "2009-06-30": "679.16100", "2009-03-31": "680.28100", "2008-12-31": "690.97300", "2008-09-30": "511.65100", "2008-06-30": "628.95290", "2008-03-31": "494.74200", "2007-12-31": "465.34500", "2007-09-30": "609.13500", "2007-06-30": "563.55300", "2007-03-31": "571.06100", "2006-12-31": "620.88100", "2006-09-30": "500.10400", "2006-06-30": "22.86900", "2006-03-31": "113.41500", "2005-12-31": "527.00200", "2005-09-30": "195.94100", "2005-06-30": "58.87700", "2005-03-31": "69.32100"}, "Total Long-Term Assets": {"2020-09-30": "21059.51000", "2020-06-30": "20812.61000", "2020-03-31": "20481.16000", "2019-12-31": "20341.79000", "2019-09-30": "19368.32000", "2019-06-30": "18350.43000", "2019-03-31": "17591.55000", "2018-12-31": "16833.04000", "2018-09-30": "16103.41000", "2018-06-30": "15480.03000", "2018-03-31": "15141.60000", "2017-12-31": "15081.48000", "2017-09-30": "15245.98000", "2017-06-30": "15225.11000", "2017-03-31": "14689.11000", "2016-12-31": "14709.07000", "2016-09-30": "14612.74000", "2016-06-30": "14541.71000", "2016-03-31": "14510.13000", "2015-12-31": "14470.90000", "2015-09-30": "14555.51000", "2015-06-30": "14387.38000", "2015-03-31": "14211.12000", "2014-12-31": "13954.53000", "2014-09-30": "12599.41000", "2014-06-30": "12324.88000", "2014-03-31": "11996.81000", "2013-12-31": "15336.76000", "2013-09-30": "14728.32000", "2013-06-30": "13952.69000", "2013-03-31": "13496.56000", "2012-12-31": "13090.62000", "2012-09-30": "12408.28000", "2012-06-30": "12009.87000", "2012-03-31": "11642.80000", "2011-12-31": "11377.82000", "2011-09-30": "10859.08000", "2011-06-30": "10507.07000", "2011-03-31": "10243.82000", "2010-12-31": "10119.44000", "2010-09-30": "9940.97800", "2010-06-30": "10241.66000", "2010-03-31": "10220.46000", "2009-12-31": "10239.22000", "2009-09-30": "10172.51000", "2009-06-30": "10039.81000", "2009-03-31": "9901.23400", "2008-12-31": "9748.46000", "2008-09-30": "9201.41300", "2008-06-30": "8900.54500", "2008-03-31": "8497.17000", "2007-12-31": "8110.56000", "2007-09-30": "7644.12800", "2007-06-30": "7397.36100", "2007-03-31": "7268.56300", "2006-12-31": "7266.12100", "2006-09-30": "7111.62000", "2006-06-30": "6951.77700", "2006-03-31": "7920.23600", "2005-12-31": "5513.36000", "2005-09-30": "5879.49700", "2005-06-30": "4676.09100", "2005-03-31": "4668.67300"}, "Total Assets": {"2020-09-30": "22780.88000", "2020-06-30": "22992.47000", "2020-03-31": "21969.44000", "2019-12-31": "21812.12000", "2019-09-30": "21335.91000", "2019-06-30": "19751.59000", "2019-03-31": "18934.32000", "2018-12-31": "18231.67000", "2018-09-30": "17911.31000", "2018-06-30": "16913.72000", "2018-03-31": "16432.35000", "2017-12-31": "16845.94000", "2017-09-30": "16764.84000", "2017-06-30": "16672.92000", "2017-03-31": "16067.56000", "2016-12-31": "16138.75000", "2016-09-30": "15982.04000", "2016-06-30": "15822.90000", "2016-03-31": "15501.15000", "2015-12-31": "15446.11000", "2015-09-30": "15508.30000", "2015-06-30": "15651.18000", "2015-03-31": "15533.07000", "2014-12-31": "15261.77000", "2014-09-30": "14312.20000", "2014-06-30": "14384.54000", "2014-03-31": "13653.13000", "2013-12-31": "17741.48000", "2013-09-30": "17610.34000", "2013-06-30": "15842.27000", "2013-03-31": "15446.22000", "2012-12-31": "15855.28000", "2012-09-30": "15364.31000", "2012-06-30": "13817.19000", "2012-03-31": "14252.08000", "2011-12-31": "13696.63000", "2011-09-30": "13171.12000", "2011-06-30": "13036.33000", "2011-03-31": "13039.60000", "2010-12-31": "12499.17000", "2010-09-30": "11929.75000", "2010-06-30": "12119.91000", "2010-03-31": "12329.19000", "2009-12-31": "12827.68000", "2009-09-30": "12029.47000", "2009-06-30": "11833.72000", "2009-03-31": "11939.96000", "2008-12-31": "13126.06000", "2008-09-30": "12222.06000", "2008-06-30": "12169.07000", "2008-03-31": "11239.83000", "2007-12-31": "11062.03000", "2007-09-30": "10922.38000", "2007-06-30": "9988.53000", "2007-03-31": "10348.91000", "2006-12-31": "10391.08000", "2006-09-30": "10188.52000", "2006-06-30": "10176.10000", "2006-03-31": "10731.43000", "2005-12-31": "9311.74800", "2005-09-30": "10362.46000", "2005-06-30": "6696.87000", "2005-03-31": "6849.91900"}, "Total Current Liabilities": {"2020-09-30": "1094.14200", "2020-06-30": "1273.10200", "2020-03-31": "1091.39200", "2019-12-31": "2020.29800", "2019-09-30": "1567.15200", "2019-06-30": "1737.37300", "2019-03-31": "1689.66900", "2018-12-31": "2108.43600", "2018-09-30": "2450.20600", "2018-06-30": "2572.08100", "2018-03-31": "2050.83800", "2017-12-31": "2667.33500", "2017-09-30": "2741.08000", "2017-06-30": "2860.51900", "2017-03-31": "2731.97400", "2016-12-31": "2836.70100", "2016-09-30": "2341.96400", "2016-06-30": "2188.42100", "2016-03-31": "1764.46000", "2015-12-31": "1638.26600", "2015-09-30": "1960.82100", "2015-06-30": "2606.56200", "2015-03-31": "2548.72000", "2014-12-31": "2392.34500", "2014-09-30": "1781.90100", "2014-06-30": "1851.17100", "2014-03-31": "1891.72400", "2013-12-31": "2730.33000", "2013-09-30": "2621.71000", "2013-06-30": "2648.77900", "2013-03-31": "2337.02500", "2012-12-31": "2812.99400", "2012-09-30": "2439.11300", "2012-06-30": "2256.67700", "2012-03-31": "2600.32300", "2011-12-31": "3246.17500", "2011-09-30": "2976.76400", "2011-06-30": "2840.61700", "2011-03-31": "2301.64800", "2010-12-31": "3151.43100", "2010-09-30": "2596.94100", "2010-06-30": "2875.60800", "2010-03-31": "2671.51600", "2009-12-31": "3338.91200", "2009-09-30": "2644.46100", "2009-06-30": "2437.04300", "2009-03-31": "2447.51000", "2008-12-31": "4193.76400", "2008-09-30": "3617.46900", "2008-06-30": "3729.59800", "2008-03-31": "2879.00700", "2007-12-31": "2881.66700", "2007-09-30": "2505.34700", "2007-06-30": "2299.89200", "2007-03-31": "2343.83200", "2006-12-31": "1950.53800", "2006-09-30": "2123.34400", "2006-06-30": "3322.02300", "2006-03-31": "3077.70700", "2005-12-31": "4187.93600", "2005-09-30": "5087.76000", "2005-06-30": "1773.15200", "2005-03-31": "2637.50200"}, "Long Term Debt": {"2020-09-30": "14249.34000", "2020-06-30": "14276.23000", "2020-03-31": "14146.65000", "2019-12-31": "12479.76000", "2019-09-30": "12479.45000", "2019-06-30": "10754.09000", "2019-03-31": "10004.34000", "2018-12-31": "8873.33400", "2018-09-30": "8325.70800", "2018-06-30": "7091.24600", "2018-03-31": "7091.75100", "2017-12-31": "8091.62900", "2017-09-30": "8092.00000", "2017-06-30": "7835.60600", "2017-03-31": "7919.82600", "2016-12-31": "7919.99600", "2016-09-30": "8320.14400", "2016-06-30": "8320.27700", "2016-03-31": "8320.45100", "2015-12-31": "8323.58200", "2015-09-30": "7773.75600", "2015-06-30": "7291.40000", "2015-03-31": "7339.76600", "2014-12-31": "7150.14200", "2014-09-30": "7194.95700", "2014-06-30": "7196.98800", "2014-03-31": "7199.02900", "2013-12-31": "7753.65700", "2013-09-30": "7757.15900", "2013-06-30": "6511.35900", "2013-03-31": "6513.32700", "2012-12-31": "6515.37200", "2012-09-30": "6517.46400", "2012-06-30": "5224.62300", "2012-03-31": "5225.84900", "2011-12-31": "4529.55100", "2011-09-30": "4532.05300", "2011-06-30": "4622.61600", "2011-03-31": "4976.45800", "2010-12-31": "3686.54200", "2010-09-30": "3692.04300", "2010-06-30": "3697.58500", "2010-03-31": "4103.33300", "2009-12-31": "4334.20400", "2009-09-30": "4340.21100", "2009-06-30": "4346.28500", "2009-03-31": "4602.75600", "2008-12-31": "4112.58100", "2008-09-30": "4102.25000", "2008-06-30": "4104.99400", "2008-03-31": "4118.39400", "2007-12-31": "4215.04600", "2007-09-30": "4210.54100", "2007-06-30": "3608.84000", "2007-03-31": "3627.04300", "2006-12-31": "4030.85500", "2006-09-30": "4036.12700", "2006-06-30": "2630.32000", "2006-03-31": "3104.05400", "2005-12-31": "2024.07000", "2005-09-30": "2104.43300", "2005-06-30": "2418.33000", "2005-03-31": "1612.15700"}, "Other Non-Current Liabilities": {"2020-09-30": "", "2020-06-30": "", "2020-03-31": "", "2019-12-31": "", "2019-09-30": "", "2019-06-30": "", "2019-03-31": "", "2018-12-31": "", "2018-09-30": "", "2018-06-30": "", "2018-03-31": "", "2017-12-31": "", "2017-09-30": "", "2017-06-30": "", "2017-03-31": "", "2016-12-31": "", "2016-09-30": "", "2016-06-30": "", "2016-03-31": "", "2015-12-31": "", "2015-09-30": "", "2015-06-30": "", "2015-03-31": "", "2014-12-31": "", "2014-09-30": "", "2014-06-30": "", "2014-03-31": "", "2013-12-31": "", "2013-09-30": "", "2013-06-30": "", "2013-03-31": "", "2012-12-31": "", "2012-09-30": "", "2012-06-30": "", "2012-03-31": "", "2011-12-31": "", "2011-09-30": "1.13500", "2011-06-30": "2.40600", "2011-03-31": "6.15400", "2010-12-31": "", "2010-09-30": "2.04500", "2010-06-30": "5.08100", "2010-03-31": "13.11500", "2009-12-31": "8.92600", "2009-09-30": "12.99500", "2009-06-30": "8.30100", "2009-03-31": "16.89200", "2008-12-31": "46.31100", "2008-09-30": "59.79600", "2008-06-30": "127.42800", "2008-03-31": "64.25600", "2007-12-31": "26.86100", "2007-09-30": "169.58500", "2007-06-30": "78.02800", "2007-03-31": "57.07100", "2006-12-31": "137.31200", "2006-09-30": "154.01900", "2006-06-30": "149.59600", "2006-03-31": "218.13800", "2005-12-31": "348.52900", "2005-09-30": "873.99700", "2005-06-30": "64.86400", "2005-03-31": "89.46700"}, "Total Long Term Liabilities": {"2020-09-30": "15540.62000", "2020-06-30": "15478.71000", "2020-03-31": "15317.41000", "2019-12-31": "13565.87000", "2019-09-30": "13549.85000", "2019-06-30": "11666.08000", "2019-03-31": "10802.65000", "2018-12-31": "9543.69200", "2018-09-30": "8808.35100", "2018-06-30": "7503.15600", "2018-03-31": "7512.25700", "2017-12-31": "8493.25000", "2017-09-30": "8507.37800", "2017-06-30": "8247.17300", "2017-03-31": "9866.07100", "2016-12-31": "9873.13500", "2016-09-30": "10199.86000", "2016-06-30": "10142.30000", "2016-03-31": "10091.18000", "2015-12-31": "10041.51000", "2015-09-30": "9510.17200", "2015-06-30": "9045.25900", "2015-03-31": "9091.06500", "2014-12-31": "8863.54500", "2014-09-30": "8770.90000", "2014-06-30": "8740.03600", "2014-03-31": "8633.70200", "2013-12-31": "10165.97000", "2013-09-30": "10297.99000", "2013-06-30": "9019.13900", "2013-03-31": "8905.06200", "2012-12-31": "8809.83100", "2012-09-30": "8749.63500", "2012-06-30": "7354.52600", "2012-03-31": "7272.29800", "2011-12-31": "6650.72800", "2011-09-30": "6512.30000", "2011-06-30": "6498.01200", "2011-03-31": "6780.93000", "2010-12-31": "5426.90300", "2010-09-30": "5437.41700", "2010-06-30": "5373.72900", "2010-03-31": "5778.03500", "2009-12-31": "6043.30900", "2009-09-30": "5985.23400", "2009-06-30": "5983.81400", "2009-03-31": "6251.32100", "2008-12-31": "5764.75900", "2008-09-30": "6546.57900", "2008-06-30": "6456.17600", "2008-03-31": "6354.03500", "2007-12-31": "6211.05900", "2007-09-30": "6541.52900", "2007-06-30": "5827.05300", "2007-03-31": "5794.30300", "2006-12-31": "6224.58600", "2006-09-30": "5909.57700", "2006-06-30": "4488.08900", "2006-03-31": "5298.67500", "2005-12-31": "3329.05500", "2005-09-30": "3889.20100", "2005-06-30": "3425.34800", "2005-03-31": "2640.28400"}, "Total Liabilities": {"2020-09-30": "16634.76000", "2020-06-30": "16751.81000", "2020-03-31": "16408.80000", "2019-12-31": "15586.17000", "2019-09-30": "15117.00000", "2019-06-30": "13403.46000", "2019-03-31": "12492.32000", "2018-12-31": "11652.13000", "2018-09-30": "11258.56000", "2018-06-30": "10075.24000", "2018-03-31": "9563.09500", "2017-12-31": "11160.58000", "2017-09-30": "11248.46000", "2017-06-30": "11107.69000", "2017-03-31": "12598.04000", "2016-12-31": "12709.83000", "2016-09-30": "12541.83000", "2016-06-30": "12330.72000", "2016-03-31": "11855.64000", "2015-12-31": "11679.77000", "2015-09-30": "11470.99000", "2015-06-30": "11651.82000", "2015-03-31": "11639.79000", "2014-12-31": "11255.89000", "2014-09-30": "10552.80000", "2014-06-30": "10591.21000", "2014-03-31": "10525.43000", "2013-12-31": "12896.30000", "2013-09-30": "12919.70000", "2013-06-30": "11667.92000", "2013-03-31": "11242.09000", "2012-12-31": "11622.83000", "2012-09-30": "11188.75000", "2012-06-30": "9611.20300", "2012-03-31": "9872.62500", "2011-12-31": "9896.90300", "2011-09-30": "9489.06400", "2011-06-30": "9338.62900", "2011-03-31": "9082.57800", "2010-12-31": "8578.33400", "2010-09-30": "8034.35800", "2010-06-30": "8249.33700", "2010-03-31": "8449.55100", "2009-12-31": "9382.22100", "2009-09-30": "8629.69500", "2009-06-30": "8420.86600", "2009-03-31": "8698.83100", "2008-12-31": "9958.52300", "2008-09-30": "10164.05000", "2008-06-30": "10185.78000", "2008-03-31": "9233.04200", "2007-12-31": "9092.72600", "2007-09-30": "9046.87600", "2007-06-30": "8126.94500", "2007-03-31": "8138.13500", "2006-12-31": "8175.12400", "2006-09-30": "8032.92100", "2006-06-30": "7810.11200", "2006-03-31": "8376.38200", "2005-12-31": "7516.99100", "2005-09-30": "8976.96100", "2005-06-30": "5198.50000", "2005-03-31": "5277.78600"}, "Common Stock Net": {"2020-09-30": "4.74900", "2020-06-30": "4.74900", "2020-03-31": "4.45000", "2019-12-31": "4.45000", "2019-09-30": "4.45000", "2019-06-30": "4.45000", "2019-03-31": "4.45000", "2018-12-31": "4.45000", "2018-09-30": "4.45000", "2018-06-30": "4.45000", "2018-03-31": "4.45000", "2017-12-31": "4.23200", "2017-09-30": "4.15900", "2017-06-30": "4.14700", "2017-03-31": "2.45800", "2016-12-31": "2.45800", "2016-09-30": "2.45800", "2016-06-30": "2.45800", "2016-03-31": "2.45800", "2015-12-31": "2.45800", "2015-09-30": "2.45800", "2015-06-30": "2.45800", "2015-03-31": "2.45800", "2014-12-31": "2.45800", "2014-09-30": "2.45800", "2014-06-30": "2.45800", "2014-03-31": "2.45800", "2013-12-31": "2.45800", "2013-09-30": "2.45800", "2013-06-30": "2.45800", "2013-03-31": "2.45800", "2012-12-31": "2.45800", "2012-09-30": "2.45800", "2012-06-30": "2.45800", "2012-03-31": "1.22900", "2011-12-31": "2.45800", "2011-09-30": "1.22900", "2011-06-30": "1.22900", "2011-03-31": "1.22800", "2010-12-31": "1.22800", "2010-09-30": "1.22700", "2010-06-30": "1.22700", "2010-03-31": "1.22500", "2009-12-31": "1.22400", "2009-09-30": "1.22300", "2009-06-30": "1.22200", "2009-03-31": "1.22100", "2008-12-31": "1.21600", "2008-09-30": "1.21600", "2008-06-30": "1.21500", "2008-03-31": "1.21400", "2007-12-31": "1.21100", "2007-09-30": "1.21000", "2007-06-30": "1.21000", "2007-03-31": "1.20600", "2006-12-31": "1.20300", "2006-09-30": "1.19800", "2006-06-30": "1.19700", "2006-03-31": "1.19400", "2005-12-31": "1.08000", "2005-09-30": "1.07900", "2005-06-30": "1.07600", "2005-03-31": "1.07400"}, "Retained Earnings (Accumulated Deficit)": {"2020-09-30": "", "2020-06-30": "-7.53600", "2020-03-31": "-141.85700", "2019-12-31": "", "2019-09-30": "", "2019-06-30": "", "2019-03-31": "", "2018-12-31": "", "2018-09-30": "", "2018-06-30": "", "2018-03-31": "", "2017-12-31": "", "2017-09-30": "", "2017-06-30": "", "2017-03-31": "30.88700", "2016-12-31": "", "2016-09-30": "", "2016-06-30": "", "2016-03-31": "", "2015-12-31": "", "2015-09-30": "", "2015-06-30": "23.11900", "2015-03-31": "72.97600", "2014-12-31": "138.12800", "2014-09-30": "170.24900", "2014-06-30": "225.42300", "2014-03-31": "280.24200", "2013-12-31": "2020.81500", "2013-09-30": "2008.47100", "2013-06-30": "2024.48200", "2013-03-31": "2097.76400", "2012-12-31": "2059.02400", "2012-09-30": "2015.00800", "2012-06-30": "2017.46000", "2012-03-31": "2019.86400", "2011-12-31": "1960.37400", "2011-09-30": "1903.05600", "2011-06-30": "1900.71600", "2011-03-31": "1901.27900", "2010-12-31": "1826.80000", "2010-09-30": "1794.84200", "2010-06-30": "1788.50100", "2010-03-31": "1793.54800", "2009-12-31": "1685.71000", "2009-09-30": "1636.57200", "2009-06-30": "1632.79500", "2009-03-31": "1633.23800", "2008-12-31": "1553.03300", "2008-09-30": "1534.24100", "2008-06-30": "1517.98200", "2008-03-31": "1515.79300", "2007-12-31": "1411.49200", "2007-09-30": "1345.91400", "2007-06-30": "1369.39800", "2007-03-31": "1371.94800", "2006-12-31": "1256.75900", "2006-09-30": "1217.40400", "2006-06-30": "1230.62100", "2006-03-31": "1188.04600", "2005-12-31": "1085.84500", "2005-09-30": "856.02900", "2005-06-30": "699.11000", "2005-03-31": "730.93300"}, "Comprehensive Income": {"2020-09-30": "-530.61800", "2020-06-30": "-524.90300", "2020-03-31": "-499.38600", "2019-12-31": "-374.00000", "2019-09-30": "-421.10400", "2019-06-30": "-336.39600", "2019-03-31": "-269.52400", "2018-12-31": "-188.23900", "2018-09-30": "-158.13800", "2018-06-30": "-178.58900", "2018-03-31": "-174.69200", "2017-12-31": "-188.53000", "2017-09-30": "-181.77100", "2017-06-30": "-176.08500", "2017-03-31": "-139.06200", "2016-12-31": "-154.35000", "2016-09-30": "-154.35100", "2016-06-30": "-159.24600", "2016-03-31": "-134.61400", "2015-12-31": "-127.24200", "2015-09-30": "-136.11200", "2015-06-30": "-135.33400", "2015-03-31": "-139.89200", "2014-12-31": "-136.35300", "2014-09-30": "-107.65600", "2014-06-30": "-113.12700", "2014-03-31": "-109.91300", "2013-12-31": "-121.98700", "2013-09-30": "-219.49200", "2013-06-30": "-211.97000", "2013-03-31": "-223.15300", "2012-12-31": "-216.79800", "2012-09-30": "-240.47600", "2012-06-30": "-205.64000", "2012-03-31": "-178.84500", "2011-12-31": "-206.12100", "2011-09-30": "-174.57300", "2011-06-30": "-131.26600", "2011-03-31": "-135.13700", "2010-12-31": "-108.80200", "2010-09-30": "-90.26800", "2010-06-30": "-103.48600", "2010-03-31": "-105.56400", "2009-12-31": "-118.61300", "2009-09-30": "-118.54000", "2009-06-30": "-82.96000", "2009-03-31": "-56.15200", "2008-12-31": "-70.61600", "2008-09-30": "-68.76300", "2008-06-30": "-113.39600", "2008-03-31": "-75.17700", "2007-12-31": "-7.06900", "2007-09-30": "-27.72400", "2007-06-30": "-57.70900", "2007-03-31": "-65.37300", "2006-12-31": "39.53200", "2006-09-30": "33.25100", "2006-06-30": "-43.70100", "2006-03-31": "-0.50500", "2005-12-31": "-56.99100", "2005-09-30": "-266.09900", "2005-06-30": "-67.96300", "2005-03-31": "-67.03100"}, "Other Share Holders Equity": {"2020-09-30": "", "2020-06-30": "", "2020-03-31": "", "2019-12-31": "", "2019-09-30": "", "2019-06-30": "", "2019-03-31": "", "2018-12-31": "", "2018-09-30": "", "2018-06-30": "", "2018-03-31": "", "2017-12-31": "", "2017-09-30": "", "2017-06-30": "", "2017-03-31": "", "2016-12-31": "", "2016-09-30": "", "2016-06-30": "", "2016-03-31": "", "2015-12-31": "", "2015-09-30": "", "2015-06-30": "", "2015-03-31": "", "2014-12-31": "", "2014-09-30": "", "2014-06-30": "", "2014-03-31": "", "2013-12-31": "", "2013-09-30": "", "2013-06-30": "", "2013-03-31": "", "2012-12-31": "", "2012-09-30": "", "2012-06-30": "", "2012-03-31": "", "2011-12-31": "", "2011-09-30": "", "2011-06-30": "", "2011-03-31": "", "2010-12-31": "", "2010-09-30": "", "2010-06-30": "", "2010-03-31": "", "2009-12-31": "", "2009-09-30": "", "2009-06-30": "", "2009-03-31": "", "2008-12-31": "", "2008-09-30": "", "2008-06-30": "", "2008-03-31": "", "2007-12-31": "", "2007-09-30": "", "2007-06-30": "", "2007-03-31": "", "2006-12-31": "", "2006-09-30": "", "2006-06-30": "", "2006-03-31": "", "2005-12-31": "", "2005-09-30": "", "2005-06-30": "", "2005-03-31": ""}, "Share Holder Equity": {"2020-09-30": "6146.11200", "2020-06-30": "6240.65200", "2020-03-31": "5560.64100", "2019-12-31": "6225.95100", "2019-09-30": "6218.90600", "2019-06-30": "6348.13600", "2019-03-31": "6442.00600", "2018-12-31": "6579.54300", "2018-09-30": "6652.75800", "2018-06-30": "6838.48300", "2018-03-31": "6869.25200", "2017-12-31": "5685.35200", "2017-09-30": "5516.38300", "2017-06-30": "5565.23100", "2017-03-31": "3469.51300", "2016-12-31": "3428.91500", "2016-09-30": "3440.21400", "2016-06-30": "3492.17700", "2016-03-31": "3645.50700", "2015-12-31": "3766.33600", "2015-09-30": "4037.30500", "2015-06-30": "3999.35900", "2015-03-31": "3893.28800", "2014-12-31": "4005.88300", "2014-09-30": "3759.39500", "2014-06-30": "3793.33100", "2014-03-31": "3127.70700", "2013-12-31": "4845.18000", "2013-09-30": "4690.64600", "2013-06-30": "4174.35600", "2013-03-31": "4204.13300", "2012-12-31": "4232.45000", "2012-09-30": "4175.55900", "2012-06-30": "4205.98800", "2012-03-31": "4379.45500", "2011-12-31": "3799.73200", "2011-09-30": "3682.06000", "2011-06-30": "3697.70400", "2011-03-31": "3957.01800", "2010-12-31": "3920.84100", "2010-09-30": "3895.39500", "2010-06-30": "3870.57400", "2010-03-31": "3879.64100", "2009-12-31": "3445.46200", "2009-09-30": "3399.77500", "2009-06-30": "3412.86600", "2009-03-31": "3241.13300", "2008-12-31": "3167.53900", "2008-09-30": "2058.01500", "2008-06-30": "1983.29800", "2008-03-31": "2006.79200", "2007-12-31": "1969.30800", "2007-09-30": "1875.50800", "2007-06-30": "1861.58500", "2007-03-31": "2210.77600", "2006-12-31": "2215.95800", "2006-09-30": "2155.59700", "2006-06-30": "2365.99200", "2006-03-31": "2355.05000", "2005-12-31": "1794.75700", "2005-09-30": "1385.49400", "2005-06-30": "1498.37000", "2005-03-31": "1572.13300"}, "Total Liabilities And Share Holders Equity": {"2020-09-30": "22780.88000", "2020-06-30": "22992.47000", "2020-03-31": "21969.44000", "2019-12-31": "21812.12000", "2019-09-30": "21335.91000", "2019-06-30": "19751.59000", "2019-03-31": "18934.32000", "2018-12-31": "18231.67000", "2018-09-30": "17911.31000", "2018-06-30": "16913.72000", "2018-03-31": "16432.35000", "2017-12-31": "16845.94000", "2017-09-30": "16764.84000", "2017-06-30": "16672.92000", "2017-03-31": "16067.56000", "2016-12-31": "16138.75000", "2016-09-30": "15982.04000", "2016-06-30": "15822.90000", "2016-03-31": "15501.15000", "2015-12-31": "15446.11000", "2015-09-30": "15508.30000", "2015-06-30": "15651.18000", "2015-03-31": "15533.07000", "2014-12-31": "15261.77000", "2014-09-30": "14312.20000", "2014-06-30": "14384.54000", "2014-03-31": "13653.13000", "2013-12-31": "17741.48000", "2013-09-30": "17610.34000", "2013-06-30": "15842.27000", "2013-03-31": "15446.22000", "2012-12-31": "15855.28000", "2012-09-30": "15364.31000", "2012-06-30": "13817.19000", "2012-03-31": "14252.08000", "2011-12-31": "13696.63000", "2011-09-30": "13171.12000", "2011-06-30": "13036.33000", "2011-03-31": "13039.60000", "2010-12-31": "12499.17000", "2010-09-30": "11929.75000", "2010-06-30": "12119.91000", "2010-03-31": "12329.19000", "2009-12-31": "12827.68000", "2009-09-30": "12029.47000", "2009-06-30": "11833.73000", "2009-03-31": "11939.96000", "2008-12-31": "13126.06000", "2008-09-30": "12222.06000", "2008-06-30": "12169.07000", "2008-03-31": "11239.83000", "2007-12-31": "11062.03000", "2007-09-30": "10922.38000", "2007-06-30": "9988.53000", "2007-03-31": "10348.91000", "2006-12-31": "10391.08000", "2006-09-30": "10188.52000", "2006-06-30": "10176.10000", "2006-03-31": "10731.43000", "2005-12-31": "9311.74800", "2005-09-30": "10362.46000", "2005-06-30": "6696.87000", "2005-03-31": "6849.91900"}}, "cash flow statement": {"Net Income/Loss": {"2019-12-31": "1278.57700", "2018-12-31": "1155.03200", "2017-12-31": "593.51900", "2016-12-31": "743.49900", "2015-12-31": "379.19500", "2014-12-31": "663.10800", "2013-12-31": "576.96100", "2012-12-31": "743.53000", "2011-12-31": "759.74400", "2010-12-31": "541.33000", "2009-12-31": "491.20400", "2008-12-31": "600.46700", "2007-12-31": "498.12000", "2006-12-31": "306.31200", "2005-12-31": "546.54500"}, "Total Depreciation And Amortization - Cash Flow": {"2019-12-31": "476.53500", "2018-12-31": "428.55700", "2017-12-31": "406.33500", "2016-12-31": "391.58500", "2015-12-31": "354.62000", "2014-12-31": "306.03800", "2013-12-31": "384.37700", "2012-12-31": "346.10700", "2011-12-31": "312.28800", "2010-12-31": "307.31700", "2009-12-31": "288.99100", "2008-12-31": "243.92700", "2007-12-31": "227.96400", "2006-12-31": "235.54300", "2005-12-31": "183.39400"}, "Other Non-Cash Items": {"2019-12-31": "355.56300", "2018-12-31": "396.72500", "2017-12-31": "508.16100", "2016-12-31": "258.98300", "2015-12-31": "422.13700", "2014-12-31": "256.42000", "2013-12-31": "340.65600", "2012-12-31": "257.58900", "2011-12-31": "325.71100", "2010-12-31": "146.26900", "2009-12-31": "194.05800", "2008-12-31": "146.58100", "2007-12-31": "99.93400", "2006-12-31": "271.75000", "2005-12-31": "-319.48600"}, "Total Non-Cash Items": {"2019-12-31": "832.09800", "2018-12-31": "825.28200", "2017-12-31": "914.49600", "2016-12-31": "650.56810", "2015-12-31": "776.75700", "2014-12-31": "562.45800", "2013-12-31": "725.03300", "2012-12-31": "603.69600", "2011-12-31": "637.99900", "2010-12-31": "453.58600", "2009-12-31": "483.04900", "2008-12-31": "390.50800", "2007-12-31": "327.89800", "2006-12-31": "507.29300", "2005-12-31": "-136.09200"}, "Change In Accounts Receivable": {"2019-12-31": "-19.68800", "2018-12-31": "383.99300", "2017-12-31": "-330.52100", "2016-12-31": "-285.80600", "2015-12-31": "157.05100", "2014-12-31": "381.51300", "2013-12-31": "-189.80900", "2012-12-31": "-14.77400", "2011-12-31": "-55.86100", "2010-12-31": "92.46900", "2009-12-31": "-181.42600", "2008-12-31": "433.85900", "2007-12-31": "-378.87600", "2006-12-31": "649.41500", "2005-12-31": "-733.36700"}, "Change In Inventories": {"2019-12-31": "-8.25900", "2018-12-31": "38.45600", "2017-12-31": "-202.25900", "2016-12-31": "-11.95000", "2015-12-31": "6.05000", "2014-12-31": "160.86000", "2013-12-31": "99.93700", "2012-12-31": "33.34300", "2011-12-31": "65.84500", "2010-12-31": "-164.72200", "2009-12-31": "266.67400", "2008-12-31": "-370.66200", "2007-12-31": "88.93700", "2006-12-31": "-13.80100", "2005-12-31": "-320.63200"}, "Change In Accounts Payable": {"2019-12-31": "-62.94600", "2018-12-31": "-320.13200", "2017-12-31": "261.30500", "2016-12-31": "287.63200", "2015-12-31": "-205.14300", "2014-12-31": "-417.99300", "2013-12-31": "165.07600", "2012-12-31": "-30.98100", "2011-12-31": "102.62100", "2010-12-31": "-43.88300", "2009-12-31": "154.03900", "2008-12-31": "-340.58400", "2007-12-31": "343.14400", "2006-12-31": "-425.71500", "2005-12-31": "518.40600"}, "Change In Assets/Liabilities": {"2019-12-31": "-102.37600", "2018-12-31": "78.02000", "2017-12-31": "56.07700", "2016-12-31": "-14.19400", "2015-12-31": "-115.24800", "2014-12-31": "-59.98500", "2013-12-31": "-98.40800", "2012-12-31": "-350.81900", "2011-12-31": "-154.18200", "2010-12-31": "-44.73800", "2009-12-31": "239.15400", "2008-12-31": "-237.91100", "2007-12-31": "141.43600", "2006-12-31": "-175.55700", "2005-12-31": "-45.23700"}, "Total Change In Assets/Liabilities": {"2019-12-31": "-163.89600", "2018-12-31": "206.40500", "2017-12-31": "-192.60300", "2016-12-31": "-40.84700", "2015-12-31": "-133.12400", "2014-12-31": "60.04400", "2013-12-31": "-7.22700", "2012-12-31": "-363.23100", "2011-12-31": "-41.57700", "2010-12-31": "-160.87400", "2009-12-31": "478.44100", "2008-12-31": "-515.29800", "2007-12-31": "203.64200", "2006-12-31": "59.67090", "2005-12-31": "-580.83000"}, "Cash Flow From Operating Activities": {"2019-12-31": "1946.77900", "2018-12-31": "2186.71900", "2017-12-31": "1315.41200", "2016-12-31": "1353.22000", "2015-12-31": "1022.82800", "2014-12-31": "1285.61000", "2013-12-31": "1294.76700", "2012-12-31": "983.99500", "2011-12-31": "1356.16600", "2010-12-31": "834.04200", "2009-12-31": "1452.69400", "2008-12-31": "475.67700", "2007-12-31": "1029.66000", "2006-12-31": "873.27600", "2005-12-31": "-170.37700"}, "Net Change In Property, Plant, And Equipment": {"2019-12-31": "-3848.34900", "2018-12-31": "-2141.47500", "2017-12-31": "-512.39300", "2016-12-31": "-599.21400", "2015-12-31": "-1184.48700", "2014-12-31": "-1771.33300", "2013-12-31": "-2242.96800", "2012-12-31": "-1853.91300", "2011-12-31": "-1334.77900", "2010-12-31": "-153.84000", "2009-12-31": "-780.26300", "2008-12-31": "-1470.50600", "2007-12-31": "-879.68100", "2006-12-31": "-77.34200", "2005-12-31": "305.94100"}, "Net Change In Intangible Assets": {"2019-12-31": "", "2018-12-31": "", "2017-12-31": "", "2016-12-31": "", "2015-12-31": "", "2014-12-31": "", "2013-12-31": "", "2012-12-31": "", "2011-12-31": "", "2010-12-31": "", "2009-12-31": "", "2008-12-31": "", "2007-12-31": "", "2006-12-31": "", "2005-12-31": ""}, "Net Acquisitions/Divestitures": {"2019-12-31": "", "2018-12-31": "", "2017-12-31": "", "2016-12-31": "", "2015-12-31": "", "2014-12-31": "-814.93400", "2013-12-31": "-394.88900", "2012-12-31": "32.94600", "2011-12-31": "", "2010-12-31": "", "2009-12-31": "", "2008-12-31": "", "2007-12-31": "-299.56000", "2006-12-31": "-95.89200", "2005-12-31": "-808.62800"}, "Net Change In Short-term Investments": {"2019-12-31": "", "2018-12-31": "", "2017-12-31": "", "2016-12-31": "", "2015-12-31": "", "2014-12-31": "", "2013-12-31": "", "2012-12-31": "", "2011-12-31": "", "2010-12-31": "", "2009-12-31": "", "2008-12-31": "", "2007-12-31": "27.45700", "2006-12-31": "-58.43800", "2005-12-31": "6.20900"}, "Net Change In Long-Term Investments": {"2019-12-31": "", "2018-12-31": "", "2017-12-31": "", "2016-12-31": "", "2015-12-31": "", "2014-12-31": "", "2013-12-31": "", "2012-12-31": "", "2011-12-31": "", "2010-12-31": "", "2009-12-31": "", "2008-12-31": "", "2007-12-31": "", "2006-12-31": "", "2005-12-31": ""}, "Net Change In Investments - Total": {"2019-12-31": "", "2018-12-31": "", "2017-12-31": "", "2016-12-31": "", "2015-12-31": "", "2014-12-31": "", "2013-12-31": "", "2012-12-31": "", "2011-12-31": "", "2010-12-31": "", "2009-12-31": "", "2008-12-31": "", "2007-12-31": "27.45700", "2006-12-31": "-58.43800", "2005-12-31": "6.20900"}, "Investing Activities - Other": {"2019-12-31": "79.59100", "2018-12-31": "26.58700", "2017-12-31": "-55.24000", "2016-12-31": "-16.23100", "2015-12-31": "-6.23200", "2014-12-31": "20.04400", "2013-12-31": "-4.17400", "2012-12-31": "6.76800", "2011-12-31": "-36.84700", "2010-12-31": "19.48400", "2009-12-31": "-7.53100", "2008-12-31": "16.20500", "2007-12-31": "", "2006-12-31": "-5.56500", "2005-12-31": "-29.59200"}, "Cash Flow From Investing Activities": {"2019-12-31": "-3768.75800", "2018-12-31": "-2114.88800", "2017-12-31": "-567.63300", "2016-12-31": "-615.44500", "2015-12-31": "-1190.71900", "2014-12-31": "-2566.22300", "2013-12-31": "-2642.03100", "2012-12-31": "-1814.19900", "2011-12-31": "-1371.62600", "2010-12-31": "-134.35600", "2009-12-31": "-787.79400", "2008-12-31": "-1454.30100", "2007-12-31": "-1151.78400", "2006-12-31": "-237.23700", "2005-12-31": "-526.07000"}, "Net Long-Term Debt": {"2019-12-31": "3128.08700", "2018-12-31": "863.12290", "2017-12-31": "195.72000", "2016-12-31": "-108.04000", "2015-12-31": "1283.75300", "2014-12-31": "642.31500", "2013-12-31": "1239.95400", "2012-12-31": "1633.22900", "2011-12-31": "567.88790", "2010-12-31": "-262.71500", "2009-12-31": "383.35000", "2008-12-31": "-416.04000", "2007-12-31": "584.55800", "2006-12-31": "1352.96900", "2005-12-31": "162.50400"}, "Net Current Debt": {"2019-12-31": "220.00000", "2018-12-31": "-614.67300", "2017-12-31": "-495.60400", "2016-12-31": "563.93700", "2015-12-31": "-508.95600", "2014-12-31": "490.83400", "2013-12-31": "-252.70800", "2012-12-31": "-24.81200", "2011-12-31": "285.12700", "2010-12-31": "-325.01500", "2009-12-31": "-1388.13000", "2008-12-31": "2067.40000", "2007-12-31": "196.60000", "2006-12-31": "-1742.00000", "2005-12-31": "897.50000"}, "Debt Issuance/Retirement Net - Total": {"2019-12-31": "3348.08700", "2018-12-31": "248.45000", "2017-12-31": "-299.88400", "2016-12-31": "455.89700", "2015-12-31": "774.79690", "2014-12-31": "1133.14900", "2013-12-31": "987.24600", "2012-12-31": "1608.41700", "2011-12-31": "853.01500", "2010-12-31": "-587.73000", "2009-12-31": "-1004.78000", "2008-12-31": "1651.36000", "2007-12-31": "781.15800", "2006-12-31": "-389.03100", "2005-12-31": "1060.00400"}, "Net Common Equity Issued/Repurchased": {"2019-12-31": "29.04000", "2018-12-31": "1203.98100", "2017-12-31": "471.35800", "2016-12-31": "21.97100", "2015-12-31": "20.66900", "2014-12-31": "19.15000", "2013-12-31": "20.60200", "2012-12-31": "-134.03100", "2011-12-31": "-282.20200", "2010-12-31": "20.90500", "2009-12-31": "17.06300", "2008-12-31": "16.46600", "2007-12-31": "-369.48300", "2006-12-31": "-270.61500", "2005-12-31": "-228.40200"}, "Net Total Equity Issued/Repurchased": {"2019-12-31": "29.04000", "2018-12-31": "1203.98100", "2017-12-31": "471.35800", "2016-12-31": "21.97100", "2015-12-31": "20.66900", "2014-12-31": "19.15000", "2013-12-31": "20.60200", "2012-12-31": "-134.03100", "2011-12-31": "-282.20200", "2010-12-31": "20.90500", "2009-12-31": "17.06300", "2008-12-31": "16.46600", "2007-12-31": "-369.48300", "2006-12-31": "-270.61500", "2005-12-31": "-228.40200"}, "Total Common And Preferred Stock Dividends Paid": {"2019-12-31": "-1457.62800", "2018-12-31": "-1335.05800", "2017-12-31": "-829.41400", "2016-12-31": "-517.60100", "2015-12-31": "-509.19700", "2014-12-31": "-443.81700", "2013-12-31": "-304.74200", "2012-12-31": "-261.96900", "2011-12-31": "-227.02000", "2010-12-31": "-193.54200", "2009-12-31": "-172.77400", "2008-12-31": "-162.78500", "2007-12-31": "-150.18800", "2006-12-31": "-135.45100", "2005-12-31": "-110.15700"}, "Financial Activities - Other": {"2019-12-31": "-88.53700", "2018-12-31": "-214.42200", "2017-12-31": "-301.52100", "2016-12-31": "-546.78600", "2015-12-31": "-193.52800", "2014-12-31": "596.01700", "2013-12-31": "209.85300", "2012-12-31": "126.59300", "2011-12-31": "-284.55500", "2010-12-31": "62.31600", "2009-12-31": "14.93200", "2008-12-31": "-35.46400", "2007-12-31": "-188.52600", "2006-12-31": "176.32100", "2005-12-31": "-26.54100"}, "Cash Flow From Financial Activities": {"2019-12-31": "1830.96200", "2018-12-31": "-97.04900", "2017-12-31": "-959.46100", "2016-12-31": "-586.51900", "2015-12-31": "92.74100", "2014-12-31": "1304.49900", "2013-12-31": "912.95900", "2012-12-31": "1339.01000", "2011-12-31": "59.23800", "2010-12-31": "-698.05100", "2009-12-31": "-1145.55900", "2008-12-31": "1469.57700", "2007-12-31": "72.96100", "2006-12-31": "-618.77600", "2005-12-31": "694.90400"}, "Net Cash Flow": {"2019-12-31": "8.98300", "2018-12-31": "-25.21800", "2017-12-31": "-211.68200", "2016-12-31": "151.25600", "2015-12-31": "-75.19300", "2014-12-31": "27.24700", "2013-12-31": "-431.45700", "2012-12-31": "520.33800", "2011-12-31": "35.61200", "2010-12-31": "-0.57600", "2009-12-31": "-465.10100", "2008-12-31": "490.95300", "2007-12-31": "-49.16300", "2006-12-31": "60.35300", "2005-12-31": "-1.54300"}, "Stock-Based Compensation": {"2019-12-31": "37.14700", "2018-12-31": "31.66400", "2017-12-31": "26.26200", "2016-12-31": "40.56300", "2015-12-31": "16.43500", "2014-12-31": "26.22600", "2013-12-31": "46.19400", "2012-12-31": "36.69200", "2011-12-31": "66.37100", "2010-12-31": "24.37200", "2009-12-31": "23.14800", "2008-12-31": "30.79100", "2007-12-31": "20.90900", "2006-12-31": "16.49900", "2005-12-31": "11.84200"}, "Common Stock Dividends Paid": {"2019-12-31": "-1457.62800", "2018-12-31": "-1335.05800", "2017-12-31": "-829.41400", "2016-12-31": "-517.60100", "2015-12-31": "-509.19700", "2014-12-31": "-443.81700", "2013-12-31": "-304.74200", "2012-12-31": "-261.96900", "2011-12-31": "-227.02000", "2010-12-31": "-193.54200", "2009-12-31": "-172.77400", "2008-12-31": "-162.78500", "2007-12-31": "-150.18800", "2006-12-31": "-135.45100", "2005-12-31": "-110.15700"}}, "cash flow statement, quarterly": {"Net Income/Loss": {"2020-09-30": 312.316, "2020-06-30": 134.321, "2020-03-31": "-141.85700", "2019-12-31": 320.251, "2019-09-30": 309.155, "2019-06-30": 311.963, "2019-03-31": "337.20800", "2018-12-31": 292.888, "2018-09-30": 313.916, "2018-06-30": 282.179, "2018-03-31": "266.04900", "2017-12-31": 64.812, "2017-09-30": 166.531, "2017-06-30": 175.991, "2017-03-31": "186.18500", "2016-12-31": 194.465, "2016-09-30": 194.216, "2016-06-30": 179.859, "2016-03-31": "174.95900", "2015-12-31": -28.216, "2015-09-30": 160.838, "2015-06-30": 150.88, "2015-03-31": "95.69300", "2014-12-31": 201.565, "2014-09-30": 114.281, "2014-06-30": 140.751, "2014-03-31": "206.51100", "2013-12-31": 184.063, "2013-09-30": 147.698, "2013-06-30": 79.495, "2013-03-31": "165.70500", "2012-12-31": 195.875, "2012-09-30": 164.988, "2012-06-30": 149.205, "2012-03-31": "233.46200", "2011-12-31": 264.752, "2011-09-30": 160.88, "2011-06-30": 134.766, "2011-03-31": "199.34600", "2010-12-31": 147.935, "2010-09-30": 120.301, "2010-06-30": 86.374, "2010-03-31": "186.72000", "2009-12-31": 143.997, "2009-09-30": 102.308, "2009-06-30": 81.35, "2009-03-31": "163.54900", "2008-12-31": 121.321, "2008-09-30": 153.387, "2008-06-30": 112.962, "2008-03-31": "212.79700", "2007-12-31": 296.123, "2007-09-30": 13.914, "2007-06-30": 35.203, "2007-03-31": "152.88000", "2006-12-31": 74.625, "2006-09-30": 24.4, "2006-06-30": 77.795, "2006-03-31": "129.49200", "2005-12-31": 237.642, "2005-09-30": 176.387, "2005-06-30": 24.852, "2005-03-31": "107.66400"}, "Total Depreciation And Amortization - Cash Flow": {"2020-09-30": 153.245, "2020-06-30": -501.3381, "2020-03-31": "774.10710", "2019-12-31": 125.983, "2019-09-30": 121.43, "2019-06-30": 114.964, "2019-03-31": "114.15800", "2018-12-31": 110.649, "2018-09-30": 107.383, "2018-06-30": 106.288, "2018-03-31": "104.23700", "2017-12-31": 83.529, "2017-09-30": 122.538, "2017-06-30": 100.849, "2017-03-31": "99.41900", "2016-12-31": 99.31, "2016-09-30": 98.55, "2016-06-30": 99.247, "2016-03-31": "94.47800", "2015-12-31": 93.379, "2015-09-30": 88.299, "2015-06-30": 86.987, "2015-03-31": "85.95500", "2014-12-31": 80.555, "2014-09-30": 74.588, "2014-06-30": 72.127, "2014-03-31": "78.76800", "2013-12-31": 108.034, "2013-09-30": 94.267, "2013-06-30": 91.855, "2013-03-31": "90.22100", "2012-12-31": 86.415, "2012-09-30": 81.434, "2012-06-30": 84.586, "2012-03-31": "93.67200", "2011-12-31": 78.087, "2011-09-30": 75.986, "2011-06-30": 78.824, "2011-03-31": "79.39100", "2010-12-31": 76.717, "2010-09-30": 77.233, "2010-06-30": 75.511, "2010-03-31": "77.85600", "2009-12-31": 73.298, "2009-09-30": 72.318, "2009-06-30": 71.249, "2009-03-31": "72.12600", "2008-12-31": 64.498, "2008-09-30": 60.249, "2008-06-30": 59.701, "2008-03-31": "59.47900", "2007-12-31": 59.506, "2007-09-30": 56.364, "2007-06-30": 55.644, "2007-03-31": "56.45000", "2006-12-31": 56.654, "2006-09-30": 55.469, "2006-06-30": 67.095, "2006-03-31": "56.32500", "2005-12-31": 48.374, "2005-09-30": 48.131, "2005-06-30": 43.672, "2005-03-31": "43.21700"}, "Other Non-Cash Items": {"2020-09-30": 114.953, "2020-06-30": 693.349, "2020-03-31": "-89.37900", "2019-12-31": 98.411, "2019-09-30": 97.135, "2019-06-30": 97.712, "2019-03-31": "62.30500", "2018-12-31": 105.077, "2018-09-30": 112.395, "2018-06-30": 104.964, "2018-03-31": "74.28900", "2017-12-31": 283.918, "2017-09-30": 106.905, "2017-06-30": 63.102, "2017-03-31": "54.23600", "2016-12-31": 73.857, "2016-09-30": 47.276, "2016-06-30": 75.393, "2016-03-31": "62.45700", "2015-12-31": 275.916, "2015-09-30": 47.308, "2015-06-30": 54.487, "2015-03-31": "44.42600", "2014-12-31": 58.925, "2014-09-30": 118.665, "2014-06-30": 62.138, "2014-03-31": "16.69200", "2013-12-31": 93.339, "2013-09-30": 60.315, "2013-06-30": 115.854, "2013-03-31": "71.14800", "2012-12-31": 42.501, "2012-09-30": 70.098, "2012-06-30": 72.093, "2012-03-31": "72.89700", "2011-12-31": 94.061, "2011-09-30": 101.022, "2011-06-30": 75.456, "2011-03-31": "55.17200", "2010-12-31": 48.579, "2010-09-30": 43.457, "2010-06-30": 28.925, "2010-03-31": "25.30800", "2009-12-31": 133.5, "2009-09-30": 31.983, "2009-06-30": 7.302, "2009-03-31": "21.27300", "2008-12-31": 80.836, "2008-09-30": 4.66, "2008-06-30": 33.958, "2008-03-31": "27.12700", "2007-12-31": -135.61, "2007-09-30": 75.582, "2007-06-30": -340.461, "2007-03-31": "500.42300", "2006-12-31": 143.771, "2006-09-30": 63.123, "2006-06-30": -22.993, "2006-03-31": "87.84900", "2005-12-31": -279.774, "2005-09-30": -66.801, "2005-06-30": 4.558, "2005-03-31": "22.53100"}, "Total Non-Cash Items": {"2020-09-30": 268.198, "2020-06-30": 192.0109, "2020-03-31": "684.72810", "2019-12-31": 224.3939, "2019-09-30": 218.5651, "2019-06-30": 212.676, "2019-03-31": "176.46300", "2018-12-31": 215.726, "2018-09-30": 219.778, "2018-06-30": 211.252, "2018-03-31": "178.52600", "2017-12-31": 367.4469, "2017-09-30": 229.4431, "2017-06-30": 163.951, "2017-03-31": "153.65500", "2016-12-31": 173.1671, "2016-09-30": 145.826, "2016-06-30": 174.64, "2016-03-31": "156.93500", "2015-12-31": 369.295, "2015-09-30": 135.607, "2015-06-30": 141.474, "2015-03-31": "130.38100", "2014-12-31": 139.48, "2014-09-30": 193.253, "2014-06-30": 134.265, "2014-03-31": "95.46000", "2013-12-31": 201.373, "2013-09-30": 154.582, "2013-06-30": 207.709, "2013-03-31": "161.36900", "2012-12-31": 128.916, "2012-09-30": 151.532, "2012-06-30": 156.679, "2012-03-31": "166.56900", "2011-12-31": 172.148, "2011-09-30": 177.008, "2011-06-30": 154.28, "2011-03-31": "134.56300", "2010-12-31": 125.296, "2010-09-30": 120.69, "2010-06-30": 104.436, "2010-03-31": "103.16400", "2009-12-31": 206.798, "2009-09-30": 104.301, "2009-06-30": 78.551, "2009-03-31": "93.39900", "2008-12-31": 145.334, "2008-09-30": 64.909, "2008-06-30": 93.659, "2008-03-31": "86.60600", "2007-12-31": -76.104, "2007-09-30": 131.946, "2007-06-30": -284.817, "2007-03-31": "556.87300", "2006-12-31": 200.425, "2006-09-30": 118.592, "2006-06-30": 44.102, "2006-03-31": "144.17400", "2005-12-31": -231.4, "2005-09-30": -18.67, "2005-06-30": 48.23, "2005-03-31": "65.74800"}, "Change In Accounts Receivable": {"2020-09-30": -108.929, "2020-06-30": -113.812, "2020-03-31": "334.37000", "2019-12-31": -119.938, "2019-09-30": -49.419, "2019-06-30": 143.58, "2019-03-31": "6.08900", "2018-12-31": 266.117, "2018-09-30": -150.411, "2018-06-30": -90.446, "2018-03-31": "358.73300", "2017-12-31": -297.297, "2017-09-30": -156.309, "2017-06-30": -14.501, "2017-03-31": "137.58600", "2016-12-31": -140.376, "2016-09-30": -59.995, "2016-06-30": -153.761, "2016-03-31": "68.32600", "2015-12-31": -0.691, "2015-09-30": 98.622, "2015-06-30": -75.18, "2015-03-31": "134.30000", "2014-12-31": 224.958, "2014-09-30": 139.051, "2014-06-30": -95.276, "2014-03-31": "112.78000", "2013-12-31": -372.186, "2013-09-30": -8.256, "2013-06-30": 99.68, "2013-03-31": "90.95300", "2012-12-31": -365.124, "2012-09-30": -190.703, "2012-06-30": 360.64, "2012-03-31": "180.41300", "2011-12-31": -250.492, "2011-09-30": -14.481, "2011-06-30": 155.702, "2011-03-31": "53.41000", "2010-12-31": -474.672, "2010-09-30": 35.604, "2010-06-30": 295.615, "2010-03-31": "235.92200", "2009-12-31": -714.376, "2009-09-30": 40.509, "2009-06-30": 240.461, "2009-03-31": "251.98000", "2008-12-31": -200.502, "2008-09-30": 440.215, "2008-06-30": 201.211, "2008-03-31": "-7.06500", "2007-12-31": -791.347, "2007-09-30": 101.25, "2007-06-30": 251.149, "2007-03-31": "60.07200", "2006-12-31": -646.311, "2006-09-30": 25.478, "2006-06-30": 601.017, "2006-03-31": "669.23100", "2005-12-31": -738.706, "2005-09-30": -489.023, "2005-06-30": 330.937, "2005-03-31": "163.42500"}, "Change In Inventories": {"2020-09-30": -98.694, "2020-06-30": -70.842, "2020-03-31": "173.88500", "2019-12-31": -21.381, "2019-09-30": -98.595, "2019-06-30": 58.273, "2019-03-31": "53.44400", "2018-12-31": 129.626, "2018-09-30": -140.517, "2018-06-30": -100.478, "2018-03-31": "149.82500", "2017-12-31": -28.027, "2017-09-30": -114.133, "2017-06-30": -6.794, "2017-03-31": "-53.30500", "2016-12-31": 77.735, "2016-09-30": 28.177, "2016-06-30": -89.871, "2016-03-31": "-27.99100", "2015-12-31": 14.224, "2015-09-30": 7.829, "2015-06-30": 68.554, "2015-03-31": "-84.55700", "2014-12-31": 204.211, "2014-09-30": -3.229, "2014-06-30": -103.966, "2014-03-31": "63.84400", "2013-12-31": 247.136, "2013-09-30": -229.217, "2013-06-30": -132.523, "2013-03-31": "214.54100", "2012-12-31": 127.705, "2012-09-30": -82.917, "2012-06-30": -262.672, "2012-03-31": "251.22700", "2011-12-31": 38.87, "2011-09-30": -107.785, "2011-06-30": -166.502, "2011-03-31": "301.26200", "2010-12-31": -5.849, "2010-09-30": -160.491, "2010-06-30": -175.687, "2010-03-31": "177.30500", "2009-12-31": 74.276, "2009-09-30": -92.873, "2009-06-30": -119.145, "2009-03-31": "404.41600", "2008-12-31": 111.698, "2008-09-30": -397.277, "2008-06-30": -573.297, "2008-03-31": "488.21400", "2007-12-31": 135.531, "2007-09-30": -184.138, "2007-06-30": 137.544, "2007-03-31": "", "2006-12-31": 107.23, "2006-09-30": -123.172, "2006-06-30": -277.913, "2006-03-31": "280.05400", "2005-12-31": -35.979, "2005-09-30": -327, "2005-06-30": -249.779, "2005-03-31": "292.12600"}, "Change In Accounts Payable": {"2020-09-30": 42.032, "2020-06-30": 109.86, "2020-03-31": "-350.70100", "2019-12-31": 99.86, "2019-09-30": 105.251, "2019-06-30": -205.588, "2019-03-31": "-62.46900", "2018-12-31": -278.295, "2018-09-30": 240.735, "2018-06-30": 78.436, "2018-03-31": "-361.00800", "2017-12-31": 179.131, "2017-09-30": 216.508, "2017-06-30": -11.491, "2017-03-31": "-122.84300", "2016-12-31": 149.434, "2016-09-30": 34.222, "2016-06-30": 168.064, "2016-03-31": "-64.08800", "2015-12-31": -13.601, "2015-09-30": -55.423, "2015-06-30": -10.221, "2015-03-31": "-125.89800", "2014-12-31": -306.807, "2014-09-30": -107.76, "2014-06-30": -31.243, "2014-03-31": "27.81700", "2013-12-31": 82.333, "2013-09-30": 146.697, "2013-06-30": 39.736, "2013-03-31": "-103.69000", "2012-12-31": 125.502, "2012-09-30": 247.523, "2012-06-30": -227.332, "2012-03-31": "-176.67400", "2011-12-31": 103.022, "2011-09-30": 19.798, "2011-06-30": 57.644, "2011-03-31": "-77.84300", "2010-12-31": 319.402, "2010-09-30": 44.228, "2010-06-30": -138.526, "2010-03-31": "-268.98700", "2009-12-31": 501.413, "2009-09-30": -23.01, "2009-06-30": -13.112, "2009-03-31": "-311.25200", "2008-12-31": -129.816, "2008-09-30": -472.298, "2008-06-30": 141.735, "2008-03-31": "119.79500", "2007-12-31": 440.398, "2007-09-30": -108.912, "2007-06-30": 14.678, "2007-03-31": "-3.02000", "2006-12-31": 353.71, "2006-09-30": 61.62, "2006-06-30": -476.1, "2006-03-31": "-364.94500", "2005-12-31": 302.398, "2005-09-30": 466.34, "2005-06-30": -214.119, "2005-03-31": "-36.21300"}, "Change In Assets/Liabilities": {"2020-09-30": 28.657, "2020-06-30": -33.385, "2020-03-31": "-208.78600", "2019-12-31": 48.061, "2019-09-30": -81.266, "2019-06-30": 40.148, "2019-03-31": "-109.31900", "2018-12-31": -5.423, "2018-09-30": 53.541, "2018-06-30": 88.922, "2018-03-31": "-59.02000", "2017-12-31": 70.555, "2017-09-30": -48.935, "2017-06-30": 44.282, "2017-03-31": "-9.82500", "2016-12-31": -31.61, "2016-09-30": 63.613, "2016-06-30": 6.864, "2016-03-31": "-53.06100", "2015-12-31": -33.849, "2015-09-30": 20.313, "2015-06-30": 7.819, "2015-03-31": "-109.53100", "2014-12-31": -50.375, "2014-09-30": 5.026, "2014-06-30": 1.393, "2014-03-31": "-16.02900", "2013-12-31": -40.596, "2013-09-30": -24.961, "2013-06-30": 38.817, "2013-03-31": "-71.66800", "2012-12-31": 8.262, "2012-09-30": -180.174, "2012-06-30": 50.005, "2012-03-31": "-228.91200", "2011-12-31": -1.753, "2011-09-30": -81.4, "2011-06-30": -108.072, "2011-03-31": "37.04300", "2010-12-31": -38.101, "2010-09-30": 8.572, "2010-06-30": -139.802, "2010-03-31": "124.59300", "2009-12-31": -30.351, "2009-09-30": 63.85, "2009-06-30": 55.512, "2009-03-31": "150.14300", "2008-12-31": -2.02, "2008-09-30": 105.921, "2008-06-30": -261.687, "2008-03-31": "-80.12500", "2007-12-31": 108.589, "2007-09-30": -13.74, "2007-06-30": -11.145, "2007-03-31": "57.73200", "2006-12-31": -82.273, "2006-09-30": -51.455, "2006-06-30": 18.527, "2006-03-31": "-60.35600", "2005-12-31": 52.795, "2005-09-30": 11.793, "2005-06-30": -36.671, "2005-03-31": "-73.15400"}, "Total Change In Assets/Liabilities": {"2020-09-30": -213.804, "2020-06-30": -12.635, "2020-03-31": "-120.15000", "2019-12-31": 75.289, "2019-09-30": -168.826, "2019-06-30": 89.706, "2019-03-31": "-160.06500", "2018-12-31": 161.655, "2018-09-30": -20.214, "2018-06-30": 14.218, "2018-03-31": "50.74600", "2017-12-31": -52.843, "2017-09-30": -102.869, "2017-06-30": 33.859, "2017-03-31": "-70.75000", "2016-12-31": 63.56, "2016-09-30": 50.38, "2016-06-30": -53.56, "2016-03-31": "-101.22700", "2015-12-31": -13.328, "2015-09-30": 64.712, "2015-06-30": 2.296, "2015-03-31": "-186.80400", "2014-12-31": 74.026, "2014-09-30": 26.698, "2014-06-30": -229.092, "2014-03-31": "188.41200", "2013-12-31": -112.215, "2013-09-30": -69.015, "2013-06-30": 29.579, "2013-03-31": "144.42400", "2012-12-31": -103.655, "2012-09-30": -206.271, "2012-06-30": -79.359, "2012-03-31": "26.05400", "2011-12-31": -110.353, "2011-09-30": -183.868, "2011-06-30": -61.228, "2011-03-31": "313.87200", "2010-12-31": -199.22, "2010-09-30": -72.087, "2010-06-30": -158.4, "2010-03-31": "268.83300", "2009-12-31": -169.038, "2009-09-30": -11.5241, "2009-06-30": 125.0931, "2009-03-31": "533.91000", "2008-12-31": -269.376, "2008-09-30": -274.703, "2008-06-30": -542.3309, "2008-03-31": "571.11190", "2007-12-31": -140.316, "2007-09-30": -163.052, "2007-06-30": 347.47, "2007-03-31": "159.54000", "2006-12-31": -242.3151, "2006-09-30": -87.529, "2006-06-30": -134.469, "2006-03-31": "523.98400", "2005-12-31": -419.492, "2005-09-30": -337.89, "2005-06-30": -169.632, "2005-03-31": "346.18400"}, "Cash Flow From Operating Activities": {"2020-09-30": 366.71, "2020-06-30": 313.697, "2020-03-31": "422.72100", "2019-12-31": 619.934, "2019-09-30": 358.894, "2019-06-30": 614.345, "2019-03-31": "353.60600", "2018-12-31": 670.269, "2018-09-30": 513.48, "2018-06-30": 507.649, "2018-03-31": "495.32100", "2017-12-31": 379.416, "2017-09-30": 293.105, "2017-06-30": 373.801, "2017-03-31": "269.09000", "2016-12-31": 431.192, "2016-09-30": 390.422, "2016-06-30": 300.939, "2016-03-31": "230.66700", "2015-12-31": 327.751, "2015-09-30": 361.157, "2015-06-30": 294.65, "2015-03-31": "39.27000", "2014-12-31": 415.071, "2014-09-30": 334.232, "2014-06-30": 45.924, "2014-03-31": "490.38300", "2013-12-31": 273.221, "2013-09-30": 233.265, "2013-06-30": 316.783, "2013-03-31": "471.49800", "2012-12-31": 221.136, "2012-09-30": 110.249, "2012-06-30": 226.525, "2012-03-31": "426.08500", "2011-12-31": 326.547, "2011-09-30": 154.02, "2011-06-30": 227.818, "2011-03-31": "647.78100", "2010-12-31": 74.011, "2010-09-30": 168.904, "2010-06-30": 32.41, "2010-03-31": "558.71700", "2009-12-31": 181.757, "2009-09-30": 195.085, "2009-06-30": 284.994, "2009-03-31": "790.85800", "2008-12-31": -2.721, "2008-09-30": -56.407, "2008-06-30": -335.71, "2008-03-31": "870.51500", "2007-12-31": 79.703, "2007-09-30": -17.192, "2007-06-30": 97.856, "2007-03-31": "869.29300", "2006-12-31": 32.735, "2006-09-30": 55.463, "2006-06-30": -12.572, "2006-03-31": "797.65000", "2005-12-31": -413.25, "2005-09-30": -180.173, "2005-06-30": -96.55, "2005-03-31": "519.59600"}, "Net Change In Property, Plant, And Equipment": {"2020-09-30": -380.042, "2020-06-30": -594.282, "2020-03-31": "-949.67900", "2019-12-31": -1109.011, "2019-09-30": -1019.174, "2019-06-30": -830.459, "2019-03-31": "-889.70500", "2018-12-31": -832.873, "2018-09-30": -693.907, "2018-06-30": -350.469, "2018-03-31": "-264.22600", "2017-12-31": -183.872, "2017-09-30": -134.507, "2017-06-30": -81.573, "2017-03-31": "-112.44100", "2016-12-31": -126.785, "2016-09-30": -157.407, "2016-06-30": -133.469, "2016-03-31": "-181.55300", "2015-12-31": -257.342, "2015-09-30": -298.388, "2015-06-30": -285.028, "2015-03-31": "-343.72900", "2014-12-31": -569.335, "2014-09-30": -380.116, "2014-06-30": -392.45, "2014-03-31": "-429.43200", "2013-12-31": -646.833, "2013-09-30": -539.135, "2013-06-30": -558.531, "2013-03-31": "-498.46900", "2012-12-31": -616.923, "2012-09-30": -458.121, "2012-06-30": -430.953, "2012-03-31": "-347.91600", "2011-12-31": -473.42, "2011-09-30": -338.3751, "2011-06-30": -328.8449, "2011-03-31": "-194.13900", "2010-12-31": -222.291, "2010-09-30": 247.784, "2010-06-30": -111.623, "2010-03-31": "-67.71000", "2009-12-31": -176.013, "2009-09-30": -206.679, "2009-06-30": -155.627, "2009-03-31": "-241.94400", "2008-12-31": -439.217, "2008-09-30": -391.442, "2008-06-30": -300.477, "2008-03-31": "-339.37000", "2007-12-31": -356.183, "2007-09-30": -245.827, "2007-06-30": -179.243, "2007-03-31": "-98.42800", "2006-12-31": -132.212, "2006-09-30": -111.339, "2006-06-30": 220.761, "2006-03-31": "-54.55200", "2005-12-31": 468.351, "2005-09-30": -39.389, "2005-06-30": -64.709, "2005-03-31": "-58.31200"}, "Net Change In Intangible Assets": {"2020-09-30": 0, "2020-06-30": 0, "2020-03-31": "", "2019-12-31": 0, "2019-09-30": 0, "2019-06-30": 0, "2019-03-31": "", "2018-12-31": 0, "2018-09-30": 0, "2018-06-30": 0, "2018-03-31": "", "2017-12-31": 0, "2017-09-30": 0, "2017-06-30": 0, "2017-03-31": "", "2016-12-31": 0, "2016-09-30": 0, "2016-06-30": 0, "2016-03-31": "", "2015-12-31": 0, "2015-09-30": 0, "2015-06-30": 0, "2015-03-31": "", "2014-12-31": 0, "2014-09-30": 0, "2014-06-30": 0, "2014-03-31": "", "2013-12-31": 0, "2013-09-30": 0, "2013-06-30": 0, "2013-03-31": "", "2012-12-31": 0, "2012-09-30": 0, "2012-06-30": 0, "2012-03-31": "", "2011-12-31": 0, "2011-09-30": 0, "2011-06-30": 0, "2011-03-31": "", "2010-12-31": 0, "2010-09-30": 0, "2010-06-30": 0, "2010-03-31": "", "2009-12-31": 0, "2009-09-30": 0, "2009-06-30": 0, "2009-03-31": "", "2008-12-31": 0, "2008-09-30": 0, "2008-06-30": 0, "2008-03-31": "", "2007-12-31": 0, "2007-09-30": 0, "2007-06-30": 0, "2007-03-31": "", "2006-12-31": 0, "2006-09-30": 0, "2006-06-30": 0, "2006-03-31": "", "2005-12-31": 0, "2005-09-30": 0, "2005-06-30": 0, "2005-03-31": ""}, "Net Acquisitions/Divestitures": {"2020-09-30": 0, "2020-06-30": 0, "2020-03-31": "", "2019-12-31": 0, "2019-09-30": 0, "2019-06-30": 0, "2019-03-31": "", "2018-12-31": 0, "2018-09-30": 0, "2018-06-30": 0, "2018-03-31": "", "2017-12-31": 0, "2017-09-30": 0, "2017-06-30": 0, "2017-03-31": "", "2016-12-31": 0, "2016-09-30": 0, "2016-06-30": 0, "2016-03-31": "", "2015-12-31": 0, "2015-09-30": 0, "2015-06-30": 0, "2015-03-31": "", "2014-12-31": -800.934, "2014-09-30": 0, "2014-06-30": 0, "2014-03-31": "-14.00000", "2013-12-31": -90, "2013-09-30": -304.889, "2013-06-30": 0, "2013-03-31": "", "2012-12-31": 0, "2012-09-30": 0.938, "2012-06-30": 0, "2012-03-31": "32.00800", "2011-12-31": 0, "2011-09-30": 0, "2011-06-30": 0, "2011-03-31": "", "2010-12-31": 0, "2010-09-30": 0, "2010-06-30": 0, "2010-03-31": "", "2009-12-31": 0, "2009-09-30": 0, "2009-06-30": 0, "2009-03-31": "", "2008-12-31": -2.45, "2008-09-30": 0, "2008-06-30": 0, "2008-03-31": "2.45000", "2007-12-31": -299.56, "2007-09-30": 0, "2007-06-30": 0, "2007-03-31": "", "2006-12-31": 32.593, "2006-09-30": 0, "2006-06-30": -128.485, "2006-03-31": "", "2005-12-31": -110.27, "2005-09-30": -698.358, "2005-06-30": 0, "2005-03-31": ""}, "Net Change In Short-term Investments": {"2020-09-30": 0, "2020-06-30": 0, "2020-03-31": "", "2019-12-31": 0, "2019-09-30": 0, "2019-06-30": 0, "2019-03-31": "", "2018-12-31": 0, "2018-09-30": 0, "2018-06-30": 0, "2018-03-31": "", "2017-12-31": 0, "2017-09-30": 0, "2017-06-30": 0, "2017-03-31": "", "2016-12-31": 0, "2016-09-30": 0, "2016-06-30": 0, "2016-03-31": "", "2015-12-31": 0, "2015-09-30": 0, "2015-06-30": 0, "2015-03-31": "", "2014-12-31": 0, "2014-09-30": 0, "2014-06-30": 0, "2014-03-31": "", "2013-12-31": 0, "2013-09-30": 0, "2013-06-30": 0, "2013-03-31": "", "2012-12-31": 0, "2012-09-30": 0, "2012-06-30": 0, "2012-03-31": "", "2011-12-31": 0, "2011-09-30": 0, "2011-06-30": 0, "2011-03-31": "", "2010-12-31": 0, "2010-09-30": 0, "2010-06-30": 0, "2010-03-31": "", "2009-12-31": 0, "2009-09-30": -17.393, "2009-06-30": 14.031, "2009-03-31": "3.36200", "2008-12-31": -3.063, "2008-09-30": -3.417, "2008-06-30": 3.169, "2008-03-31": "3.31100", "2007-12-31": 1.878, "2007-09-30": 28.144, "2007-06-30": 504.481, "2007-03-31": "-507.04600", "2006-12-31": 131.019, "2006-09-30": 333.851, "2006-06-30": -496.892, "2006-03-31": "-26.41600", "2005-12-31": 27.009, "2005-09-30": 9.979, "2005-06-30": -6.974, "2005-03-31": "-23.80500"}, "Net Change In Long-Term Investments": {"2020-09-30": 0, "2020-06-30": 0, "2020-03-31": "", "2019-12-31": 0, "2019-09-30": 0, "2019-06-30": 0, "2019-03-31": "", "2018-12-31": 0, "2018-09-30": 0, "2018-06-30": 0, "2018-03-31": "", "2017-12-31": 0, "2017-09-30": 0, "2017-06-30": 0, "2017-03-31": "", "2016-12-31": 0, "2016-09-30": 0, "2016-06-30": 0, "2016-03-31": "", "2015-12-31": 0, "2015-09-30": 0, "2015-06-30": 0, "2015-03-31": "", "2014-12-31": 0, "2014-09-30": 0, "2014-06-30": 0, "2014-03-31": "", "2013-12-31": 0, "2013-09-30": 0, "2013-06-30": 0, "2013-03-31": "", "2012-12-31": 0, "2012-09-30": 0, "2012-06-30": 0, "2012-03-31": "", "2011-12-31": 0, "2011-09-30": 0, "2011-06-30": 0, "2011-03-31": "", "2010-12-31": 0, "2010-09-30": 0, "2010-06-30": 0, "2010-03-31": "", "2009-12-31": 0, "2009-09-30": 0, "2009-06-30": 0, "2009-03-31": "", "2008-12-31": -9.792, "2008-09-30": 0, "2008-06-30": 9.792, "2008-03-31": "", "2007-12-31": 0, "2007-09-30": 0, "2007-06-30": 0, "2007-03-31": "", "2006-12-31": 0, "2006-09-30": 0, "2006-06-30": 0, "2006-03-31": "", "2005-12-31": 0, "2005-09-30": 0, "2005-06-30": 0, "2005-03-31": ""}, "Net Change In Investments - Total": {"2020-09-30": 0, "2020-06-30": 0, "2020-03-31": "", "2019-12-31": 0, "2019-09-30": 0, "2019-06-30": 0, "2019-03-31": "", "2018-12-31": 0, "2018-09-30": 0, "2018-06-30": 0, "2018-03-31": "", "2017-12-31": 0, "2017-09-30": 0, "2017-06-30": 0, "2017-03-31": "", "2016-12-31": 0, "2016-09-30": 0, "2016-06-30": 0, "2016-03-31": "", "2015-12-31": 0, "2015-09-30": 0, "2015-06-30": 0, "2015-03-31": "", "2014-12-31": 0, "2014-09-30": 0, "2014-06-30": 0, "2014-03-31": "", "2013-12-31": 0, "2013-09-30": 0, "2013-06-30": 0, "2013-03-31": "", "2012-12-31": 0, "2012-09-30": 0, "2012-06-30": 0, "2012-03-31": "", "2011-12-31": 0, "2011-09-30": 0, "2011-06-30": 0, "2011-03-31": "", "2010-12-31": 0, "2010-09-30": 0, "2010-06-30": 0, "2010-03-31": "", "2009-12-31": 0, "2009-09-30": -17.393, "2009-06-30": 14.031, "2009-03-31": "3.36200", "2008-12-31": -12.855, "2008-09-30": -3.417, "2008-06-30": 12.961, "2008-03-31": "3.31100", "2007-12-31": 1.878, "2007-09-30": 28.144, "2007-06-30": 504.481, "2007-03-31": "-507.04600", "2006-12-31": 131.019, "2006-09-30": 333.851, "2006-06-30": -496.892, "2006-03-31": "-26.41600", "2005-12-31": 27.009, "2005-09-30": 9.979, "2005-06-30": -6.974, "2005-03-31": "-23.80500"}, "Investing Activities - Other": {"2020-09-30": -46.943, "2020-06-30": 4.188, "2020-03-31": "-15.11300", "2019-12-31": -11.873, "2019-09-30": 3.361, "2019-06-30": 63.227, "2019-03-31": "24.87600", "2018-12-31": 7.805, "2018-09-30": 5.488, "2018-06-30": 4.72, "2018-03-31": "8.57400", "2017-12-31": 10.836, "2017-09-30": -76.359, "2017-06-30": 7.305, "2017-03-31": "2.97800", "2016-12-31": -4.072, "2016-09-30": -28.702, "2016-06-30": 4.937, "2016-03-31": "11.60600", "2015-12-31": 8.804, "2015-09-30": 11.979, "2015-06-30": -36.969, "2015-03-31": "9.95400", "2014-12-31": -3.818, "2014-09-30": 8.476, "2014-06-30": 11.288, "2014-03-31": "4.09800", "2013-12-31": -24.507, "2013-09-30": 6.933, "2013-06-30": 9.738, "2013-03-31": "3.66200", "2012-12-31": 1.308, "2012-09-30": -2.95, "2012-06-30": 6.901, "2012-03-31": "1.50900", "2011-12-31": -1.319, "2011-09-30": -49.623, "2011-06-30": 9.441, "2011-03-31": "4.65400", "2010-12-31": 8.487, "2010-09-30": 1.549, "2010-06-30": 8.114, "2010-03-31": "1.33400", "2009-12-31": 9.778, "2009-09-30": -17.309, "2009-06-30": 0, "2009-03-31": "", "2008-12-31": 16.205, "2008-09-30": 0, "2008-06-30": 0, "2008-03-31": "", "2007-12-31": 0, "2007-09-30": 0, "2007-06-30": 0, "2007-03-31": "", "2006-12-31": -1.88, "2006-09-30": -1.309, "2006-06-30": -3.478, "2006-03-31": "1.10200", "2005-12-31": -25.726, "2005-09-30": -1.651, "2005-06-30": -1.648, "2005-03-31": "-0.56700"}, "Cash Flow From Investing Activities": {"2020-09-30": -426.985, "2020-06-30": -590.094, "2020-03-31": "-964.79200", "2019-12-31": -1120.884, "2019-09-30": -1015.813, "2019-06-30": -767.232, "2019-03-31": "-864.82900", "2018-12-31": -825.068, "2018-09-30": -688.419, "2018-06-30": -345.749, "2018-03-31": "-255.65200", "2017-12-31": -173.036, "2017-09-30": -210.866, "2017-06-30": -74.268, "2017-03-31": "-109.46300", "2016-12-31": -130.857, "2016-09-30": -186.109, "2016-06-30": -128.532, "2016-03-31": "-169.94700", "2015-12-31": -248.538, "2015-09-30": -286.409, "2015-06-30": -321.997, "2015-03-31": "-333.77500", "2014-12-31": -1374.087, "2014-09-30": -371.64, "2014-06-30": -381.162, "2014-03-31": "-439.33400", "2013-12-31": -761.34, "2013-09-30": -837.091, "2013-06-30": -548.793, "2013-03-31": "-494.80700", "2012-12-31": -615.615, "2012-09-30": -460.133, "2012-06-30": -424.052, "2012-03-31": "-314.39900", "2011-12-31": -474.739, "2011-09-30": -387.998, "2011-06-30": -319.404, "2011-03-31": "-189.48500", "2010-12-31": -213.804, "2010-09-30": 249.333, "2010-06-30": -103.509, "2010-03-31": "-66.37600", "2009-12-31": -166.235, "2009-09-30": -241.381, "2009-06-30": -141.596, "2009-03-31": "-238.58200", "2008-12-31": -438.317, "2008-09-30": -394.859, "2008-06-30": -287.516, "2008-03-31": "-333.60900", "2007-12-31": -653.865, "2007-09-30": -217.683, "2007-06-30": 325.238, "2007-03-31": "-605.47400", "2006-12-31": 29.52, "2006-09-30": 221.203, "2006-06-30": -408.094, "2006-03-31": "-79.86600", "2005-12-31": 359.364, "2005-09-30": -729.419, "2005-06-30": -73.331, "2005-03-31": "-82.68400"}, "Net Long-Term Debt": {"2020-09-30": -1433.48, "2020-06-30": 1548.945, "2020-03-31": "1695.83200", "2019-12-31": -1.912, "2019-09-30": 937.217, "2019-06-30": 1251.913, "2019-03-31": "940.86900", "2018-12-31": 548.0879, "2018-09-30": 315.035, "2018-06-30": 501.913, "2018-03-31": "-501.91300", "2017-12-31": -1.483, "2017-09-30": 197.203, "2017-06-30": 1.951, "2017-03-31": "-1.95100", "2016-12-31": -451.923, "2016-09-30": -1.966, "2016-06-30": -2.003, "2016-03-31": "347.85200", "2015-12-31": -1.958, "2015-09-30": 490.69, "2015-06-30": -1.927, "2015-03-31": "796.94800", "2014-12-31": -1.911, "2014-09-30": -1.913, "2014-06-30": -1.922, "2014-03-31": "648.06100", "2013-12-31": -2.066, "2013-09-30": 1245.908, "2013-06-30": -1.913, "2013-03-31": "-1.97500", "2012-12-31": -2.213, "2012-09-30": 1291.958, "2012-06-30": -353.091, "2012-03-31": "696.57500", "2011-12-31": -3.157, "2011-09-30": -93.0891, "2011-06-30": -403.179, "2011-03-31": "1067.31300", "2010-12-31": -3.067, "2010-09-30": -3.105, "2010-06-30": -253.21, "2010-03-31": "-3.33300", "2009-12-31": -3.469, "2009-09-30": -3.536, "2009-06-30": -3.933, "2009-03-31": "394.28800", "2008-12-31": -3.821, "2008-09-30": -3.43, "2008-06-30": -3.285, "2008-03-31": "-405.50400", "2007-12-31": -3.185, "2007-09-30": 591.63, "2007-06-30": -3.367, "2007-03-31": "-0.52000", "2006-12-31": -3.145, "2006-09-30": 1388.069, "2006-06-30": 0.286, "2006-03-31": "-32.24100", "2005-12-31": -300.48, "2005-09-30": -0.352, "2005-06-30": 798.66, "2005-03-31": "-335.32400"}, "Net Current Debt": {"2020-09-30": 1406.119, "2020-06-30": -1406.119, "2020-03-31": "-220.00000", "2019-12-31": 220, "2019-09-30": 503.825, "2019-06-30": -503.825, "2019-03-31": "", "2018-12-31": -120, "2018-09-30": 467.825, "2018-06-30": -347.825, "2018-03-31": "-614.67300", "2017-12-31": -317.577, "2017-09-30": -338.259, "2017-06-30": -20.22, "2017-03-31": "180.45200", "2016-12-31": 416.777, "2016-09-30": 117.193, "2016-06-30": 131.74, "2016-03-31": "-101.77300", "2015-12-31": 259.068, "2015-09-30": -583.212, "2015-06-30": 45.009, "2015-03-31": "-229.82100", "2014-12-31": 1055.296, "2014-09-30": 0, "2014-06-30": -125, "2014-03-31": "-439.46200", "2013-12-31": 2.133, "2013-09-30": -271.671, "2013-06-30": 282.75, "2013-03-31": "-265.92000", "2012-12-31": 140.423, "2012-09-30": 80.816, "2012-06-30": 176.174, "2012-03-31": "-422.22500", "2011-12-31": 191.982, "2011-09-30": 123.367, "2011-06-30": 526.633, "2011-03-31": "-556.85500", "2010-12-31": 230.47, "2010-09-30": -353.615, "2010-06-30": 370, "2010-03-31": "-571.87000", "2009-12-31": 57.87, "2009-09-30": 134.09, "2009-06-30": -296.79, "2009-03-31": "-1283.30000", "2008-12-31": 947.786, "2008-09-30": 520.721, "2008-06-30": 535.893, "2008-03-31": "63.00000", "2007-12-31": -162.4, "2007-09-30": 260, "2007-06-30": 105, "2007-03-31": "-6.00000", "2006-12-31": 1.5, "2006-09-30": -1359.5, "2006-06-30": 624.5, "2006-03-31": "-1008.50000", "2005-12-31": 339, "2005-09-30": 1091, "2005-06-30": -577, "2005-03-31": "44.50000"}, "Debt Issuance/Retirement Net - Total": {"2020-09-30": -27.361, "2020-06-30": 142.826, "2020-03-31": "1475.83200", "2019-12-31": 218.088, "2019-09-30": 1441.042, "2019-06-30": 748.088, "2019-03-31": "940.86900", "2018-12-31": 428.088, "2018-09-30": 782.86, "2018-06-30": 154.088, "2018-03-31": "-1116.58600", "2017-12-31": -319.06, "2017-09-30": -141.056, "2017-06-30": -18.269, "2017-03-31": "178.50100", "2016-12-31": -35.146, "2016-09-30": 115.227, "2016-06-30": 129.737, "2016-03-31": "246.07900", "2015-12-31": 257.1099, "2015-09-30": -92.522, "2015-06-30": 43.082, "2015-03-31": "567.12700", "2014-12-31": 1053.385, "2014-09-30": -1.9131, "2014-06-30": -126.9219, "2014-03-31": "208.59900", "2013-12-31": 0.067, "2013-09-30": 974.237, "2013-06-30": 280.837, "2013-03-31": "-267.89500", "2012-12-31": 138.21, "2012-09-30": 1372.774, "2012-06-30": -176.917, "2012-03-31": "274.35000", "2011-12-31": 188.8251, "2011-09-30": 30.2779, "2011-06-30": 123.454, "2011-03-31": "510.45800", "2010-12-31": 227.403, "2010-09-30": -356.72, "2010-06-30": 116.79, "2010-03-31": "-575.20300", "2009-12-31": 54.401, "2009-09-30": 130.554, "2009-06-30": -300.723, "2009-03-31": "-889.01200", "2008-12-31": 943.965, "2008-09-30": 517.291, "2008-06-30": 532.608, "2008-03-31": "-342.50400", "2007-12-31": -165.585, "2007-09-30": 851.63, "2007-06-30": 101.633, "2007-03-31": "-6.52000", "2006-12-31": -1.645, "2006-09-30": 28.569, "2006-06-30": 624.786, "2006-03-31": "-1040.74100", "2005-12-31": 38.52, "2005-09-30": 1090.648, "2005-06-30": 221.66, "2005-03-31": "-290.82400"}, "Net Common Equity Issued/Repurchased": {"2020-09-30": 5.23, "2020-06-30": 954.423, "2020-03-31": "", "2019-12-31": 9.707, "2019-09-30": 5.175, "2019-06-30": 14.158, "2019-03-31": "", "2018-12-31": 8.853, "2018-09-30": 8.41, "2018-06-30": 4.601, "2018-03-31": "1182.11700", "2017-12-31": 425.509, "2017-09-30": 35.004, "2017-06-30": 7.123, "2017-03-31": "3.72200", "2016-12-31": 7.023, "2016-09-30": 3.847, "2016-06-30": 7.137, "2016-03-31": "3.96400", "2015-12-31": 6.83, "2015-09-30": 3.541, "2015-06-30": 6.502, "2015-03-31": "3.79600", "2014-12-31": 6.242, "2014-09-30": 3.742, "2014-06-30": 6.146, "2014-03-31": "3.02000", "2013-12-31": 12.064, "2013-09-30": 2.536, "2013-06-30": 3.171, "2013-03-31": "2.83100", "2012-12-31": 8.901, "2012-09-30": 2.477, "2012-06-30": -147.637, "2012-03-31": "2.22800", "2011-12-31": 10.764, "2011-09-30": 2.219, "2011-06-30": -300.209, "2011-03-31": "5.02400", "2010-12-31": 11.553, "2010-09-30": 1.473, "2010-06-30": 3.221, "2010-03-31": "4.65800", "2009-12-31": 10.576, "2009-09-30": 2.395, "2009-06-30": 1.83, "2009-03-31": "2.26200", "2008-12-31": 9.246, "2008-09-30": 1.463, "2008-06-30": 4.239, "2008-03-31": "1.51800", "2007-12-31": 9.267, "2007-09-30": 2.321, "2007-06-30": -363.684, "2007-03-31": "-17.38700", "2006-12-31": 2.146, "2006-09-30": -276.122, "2006-06-30": 3.436, "2006-03-31": "-0.07500", "2005-12-31": -42.923, "2005-09-30": -80.829, "2005-06-30": -44.243, "2005-03-31": "-60.40700"}, "Net Total Equity Issued/Repurchased": {"2020-09-30": 5.23, "2020-06-30": 954.423, "2020-03-31": "", "2019-12-31": 9.707, "2019-09-30": 5.175, "2019-06-30": 14.158, "2019-03-31": "", "2018-12-31": 8.853, "2018-09-30": 8.41, "2018-06-30": 4.601, "2018-03-31": "1182.11700", "2017-12-31": 425.509, "2017-09-30": 35.004, "2017-06-30": 7.123, "2017-03-31": "3.72200", "2016-12-31": 7.023, "2016-09-30": 3.847, "2016-06-30": 7.137, "2016-03-31": "3.96400", "2015-12-31": 6.83, "2015-09-30": 3.541, "2015-06-30": 6.502, "2015-03-31": "3.79600", "2014-12-31": 6.242, "2014-09-30": 3.742, "2014-06-30": 6.146, "2014-03-31": "3.02000", "2013-12-31": 12.064, "2013-09-30": 2.536, "2013-06-30": 3.171, "2013-03-31": "2.83100", "2012-12-31": 8.901, "2012-09-30": 2.477, "2012-06-30": -147.637, "2012-03-31": "2.22800", "2011-12-31": 10.764, "2011-09-30": 2.219, "2011-06-30": -300.209, "2011-03-31": "5.02400", "2010-12-31": 11.553, "2010-09-30": 1.473, "2010-06-30": 3.221, "2010-03-31": "4.65800", "2009-12-31": 10.576, "2009-09-30": 2.395, "2009-06-30": 1.83, "2009-03-31": "2.26200", "2008-12-31": 9.246, "2008-09-30": 1.463, "2008-06-30": 4.239, "2008-03-31": "1.51800", "2007-12-31": 9.267, "2007-09-30": 2.321, "2007-06-30": -363.684, "2007-03-31": "-17.38700", "2006-12-31": 2.146, "2006-09-30": -276.122, "2006-06-30": 3.436, "2006-03-31": "-0.07500", "2005-12-31": -42.923, "2005-09-30": -80.829, "2005-06-30": -44.243, "2005-03-31": "-60.40700"}, "Total Common And Preferred Stock Dividends Paid": {"2020-09-30": -415.614, "2020-06-30": -387.294, "2020-03-31": "-386.66700", "2019-12-31": -378.249, "2019-09-30": -367.845, "2019-06-30": -357.331, "2019-03-31": "-354.20300", "2018-12-31": -351.99, "2018-09-30": -339.575, "2018-06-30": -327.085, "2018-03-31": "-316.40800", "2017-12-31": -285.969, "2017-09-30": -283.687, "2017-06-30": -129.916, "2017-03-31": "-129.84200", "2016-12-31": -129.498, "2016-09-30": -129.595, "2016-06-30": -129.273, "2016-03-31": "-129.23500", "2015-12-31": -128.699, "2015-09-30": -128.082, "2015-06-30": -126.363, "2015-03-31": "-126.05300", "2014-12-31": -122.766, "2014-09-30": -121.367, "2014-06-30": -116.409, "2014-03-31": "-83.27500", "2013-12-31": -78.393, "2013-09-30": -78.367, "2013-06-30": -74.201, "2013-03-31": "-73.78100", "2012-12-31": -67.526, "2012-09-30": -67.671, "2012-06-30": -63.397, "2012-03-31": "-63.37500", "2011-12-31": -57.683, "2011-09-30": -57.981, "2011-06-30": -55.705, "2011-03-31": "-55.65100", "2010-12-31": -51.116, "2010-09-30": -48.954, "2010-06-30": -46.771, "2010-03-31": "-46.70100", "2009-12-31": -44.307, "2009-09-30": -44.265, "2009-06-30": -42.122, "2009-03-31": "-42.08000", "2008-12-31": -41.799, "2008-09-30": -41.774, "2008-06-30": -39.676, "2008-03-31": "-39.53600", "2007-12-31": -37.346, "2007-09-30": -37.398, "2007-06-30": -37.753, "2007-03-31": "-37.69100", "2006-12-31": -35.27, "2006-09-30": -37.617, "2006-06-30": -35.22, "2006-03-31": "-27.34400", "2005-12-31": -27.323, "2005-09-30": -28.258, "2005-06-30": -28.555, "2005-03-31": "-26.02100"}, "Financial Activities - Other": {"2020-09-30": -0.583, "2020-06-30": -19.456, "2020-03-31": "-36.42200", "2019-12-31": -0.947, "2019-09-30": -21.541, "2019-06-30": -6.445, "2019-03-31": "-59.60400", "2018-12-31": -2.641, "2018-09-30": -207.587, "2018-06-30": 4.317, "2018-03-31": "-8.51100", "2017-12-31": -1.343, "2017-09-30": -13.195, "2017-06-30": -136.908, "2017-03-31": "-150.07500", "2016-12-31": -131.477, "2016-09-30": -137.28, "2016-06-30": -136.09, "2016-03-31": "-141.93900", "2015-12-31": -155.215, "2015-09-30": -45.073, "2015-06-30": 90.679, "2015-03-31": "-83.91900", "2014-12-31": 43.366, "2014-09-30": -50.109, "2014-06-30": 721.239, "2014-03-31": "-118.47900", "2013-12-31": -75.83, "2013-09-30": 451.263, "2013-06-30": -88.063, "2013-03-31": "-77.51700", "2012-12-31": -80.313, "2012-09-30": -93.791, "2012-06-30": -80.794, "2012-03-31": "381.49100", "2011-12-31": -67.309, "2011-09-30": -69.704, "2011-06-30": -68.467, "2011-03-31": "-79.07500", "2010-12-31": -67.496, "2010-09-30": -66.804, "2010-06-30": -66.323, "2010-03-31": "262.93900", "2009-12-31": -58.973, "2009-09-30": -37.246, "2009-06-30": 167.902, "2009-03-31": "-56.75100", "2008-12-31": -33.26, "2008-09-30": -51.514, "2008-06-30": -43.941, "2008-03-31": "93.25100", "2007-12-31": -46.814, "2007-09-30": -51.221, "2007-06-30": -45.512, "2007-03-31": "-44.97900", "2006-12-31": -44.399, "2006-09-30": -55.138, "2006-06-30": -45.983, "2006-03-31": "321.84100", "2005-12-31": 7.367, "2005-09-30": -2.412, "2005-06-30": 2.127, "2005-03-31": "-33.62300"}, "Cash Flow From Financial Activities": {"2020-09-30": -438.328, "2020-06-30": 690.499, "2020-03-31": "1052.74300", "2019-12-31": -151.401, "2019-09-30": 1056.831, "2019-06-30": 398.47, "2019-03-31": "527.06200", "2018-12-31": 82.31, "2018-09-30": 244.108, "2018-06-30": -164.079, "2018-03-31": "-259.38800", "2017-12-31": -180.863, "2017-09-30": -402.934, "2017-06-30": -277.97, "2017-03-31": "-97.69400", "2016-12-31": -289.098, "2016-09-30": -147.801, "2016-06-30": -128.489, "2016-03-31": "-21.13100", "2015-12-31": -19.974, "2015-09-30": -262.136, "2015-06-30": 13.9, "2015-03-31": "360.95100", "2014-12-31": 980.227, "2014-09-30": -169.647, "2014-06-30": 484.054, "2014-03-31": "9.86500", "2013-12-31": -142.092, "2013-09-30": 1349.669, "2013-06-30": 121.744, "2013-03-31": "-416.36200", "2012-12-31": -0.728, "2012-09-30": 1213.789, "2012-06-30": -468.745, "2012-03-31": "594.69400", "2011-12-31": 74.597, "2011-09-30": -95.188, "2011-06-30": -300.927, "2011-03-31": "380.75600", "2010-12-31": 120.344, "2010-09-30": -471.005, "2010-06-30": 6.917, "2010-03-31": "-354.30700", "2009-12-31": -38.303, "2009-09-30": 51.438, "2009-06-30": -173.113, "2009-03-31": "-985.58100", "2008-12-31": 878.152, "2008-09-30": 425.466, "2008-06-30": 453.23, "2008-03-31": "-287.27100", "2007-12-31": -240.478, "2007-09-30": 765.332, "2007-06-30": -345.316, "2007-03-31": "-106.57700", "2006-12-31": -79.168, "2006-09-30": -340.308, "2006-06-30": 547.019, "2006-03-31": "-746.31900", "2005-12-31": -24.359, "2005-09-30": 979.149, "2005-06-30": 150.989, "2005-03-31": "-410.87500"}, "Net Cash Flow": {"2020-09-30": -498.603, "2020-06-30": 414.102, "2020-03-31": "510.67200", "2019-12-31": -652.351, "2019-09-30": 399.912, "2019-06-30": 245.583, "2019-03-31": "15.83900", "2018-12-31": -72.489, "2018-09-30": 69.169, "2018-06-30": -2.179, "2018-03-31": "-19.71900", "2017-12-31": 25.517, "2017-09-30": -320.695, "2017-06-30": 21.563, "2017-03-31": "61.93300", "2016-12-31": 11.465, "2016-09-30": 56.556, "2016-06-30": 43.635, "2016-03-31": "39.60000", "2015-12-31": 59.248, "2015-09-30": -187.822, "2015-06-30": -13.218, "2015-03-31": "66.59900", "2014-12-31": 21.409, "2014-09-30": -207.157, "2014-06-30": 148.333, "2014-03-31": "64.66200", "2013-12-31": -628.721, "2013-09-30": 746.954, "2013-06-30": -107.647, "2013-03-31": "-442.04300", "2012-12-31": -392.534, "2012-09-30": 863.905, "2012-06-30": -666.272, "2012-03-31": "715.23900", "2011-12-31": -83.659, "2011-09-30": -322.567, "2011-06-30": -404.393, "2011-03-31": "846.23100", "2010-12-31": -21.66, "2010-09-30": -52.768, "2010-06-30": -64.182, "2010-03-31": "138.03400", "2009-12-31": -7.223, "2009-09-30": 5.142, "2009-06-30": -29.715, "2009-03-31": "-433.30500", "2008-12-31": 437.114, "2008-09-30": -25.8, "2008-06-30": -169.996, "2008-03-31": "249.63500", "2007-12-31": -814.64, "2007-09-30": 530.457, "2007-06-30": 77.778, "2007-03-31": "157.24200", "2006-12-31": -16.913, "2006-09-30": -63.642, "2006-06-30": 126.353, "2006-03-31": "14.55500", "2005-12-31": -78.245, "2005-09-30": 69.557, "2005-06-30": -18.892, "2005-03-31": "26.03700"}, "Stock-Based Compensation": {"2020-09-30": 0, "2020-06-30": 0, "2020-03-31": "", "2019-12-31": 37.147, "2019-09-30": 0, "2019-06-30": 0, "2019-03-31": "", "2018-12-31": 7.701, "2018-09-30": 7.892, "2018-06-30": 8.868, "2018-03-31": "7.20300", "2017-12-31": 6.574, "2017-09-30": 6.211, "2017-06-30": 7.57, "2017-03-31": "5.90700", "2016-12-31": 9.451, "2016-09-30": 7.918, "2016-06-30": 14.962, "2016-03-31": "8.23200", "2015-12-31": 2.703, "2015-09-30": 5.848, "2015-06-30": 2.241, "2015-03-31": "5.64300", "2014-12-31": 2.867, "2014-09-30": 6.071, "2014-06-30": 12.838, "2014-03-31": "4.45000", "2013-12-31": 18.56, "2013-09-30": 8.616, "2013-06-30": 2.262, "2013-03-31": "16.75600", "2012-12-31": 0.722, "2012-09-30": 19.042, "2012-06-30": 11.92, "2012-03-31": "5.00800", "2011-12-31": 27.074, "2011-09-30": 9.682, "2011-06-30": 21.713, "2011-03-31": "7.90200", "2010-12-31": 8.423, "2010-09-30": 5.744, "2010-06-30": 5.639, "2010-03-31": "4.56600", "2009-12-31": 7.915, "2009-09-30": 6.682, "2009-06-30": 4.378, "2009-03-31": "4.17300", "2008-12-31": 4.015, "2008-09-30": 12.36, "2008-06-30": 6.434, "2008-03-31": "7.98200", "2007-12-31": -1.539, "2007-09-30": 4.957, "2007-06-30": 8.85, "2007-03-31": "8.64100", "2006-12-31": 3.447, "2006-09-30": 4.557, "2006-06-30": 6.985, "2006-03-31": "1.51000", "2005-12-31": 1.939, "2005-09-30": 3.92, "2005-06-30": 3.35, "2005-03-31": "2.63300"}, "Common Stock Dividends Paid": {"2020-09-30": -415.614, "2020-06-30": -387.294, "2020-03-31": "-386.66700", "2019-12-31": -378.249, "2019-09-30": -367.845, "2019-06-30": -357.331, "2019-03-31": "-354.20300", "2018-12-31": -351.99, "2018-09-30": -339.575, "2018-06-30": -327.085, "2018-03-31": "-316.40800", "2017-12-31": -285.969, "2017-09-30": -283.687, "2017-06-30": -129.916, "2017-03-31": "-129.84200", "2016-12-31": -129.498, "2016-09-30": -129.595, "2016-06-30": -129.273, "2016-03-31": "-129.23500", "2015-12-31": -128.699, "2015-09-30": -128.082, "2015-06-30": -126.363, "2015-03-31": "-126.05300", "2014-12-31": -122.766, "2014-09-30": -121.367, "2014-06-30": -116.409, "2014-03-31": "-83.27500", "2013-12-31": -78.393, "2013-09-30": -78.367, "2013-06-30": -74.201, "2013-03-31": "-73.78100", "2012-12-31": -67.526, "2012-09-30": -67.671, "2012-06-30": -63.397, "2012-03-31": "-63.37500", "2011-12-31": -57.683, "2011-09-30": -57.981, "2011-06-30": -55.705, "2011-03-31": "-55.65100", "2010-12-31": -51.116, "2010-09-30": -48.954, "2010-06-30": -46.771, "2010-03-31": "-46.70100", "2009-12-31": -44.307, "2009-09-30": -44.265, "2009-06-30": -42.122, "2009-03-31": "-42.08000", "2008-12-31": -41.799, "2008-09-30": -41.774, "2008-06-30": -39.676, "2008-03-31": "-39.53600", "2007-12-31": -37.346, "2007-09-30": -37.398, "2007-06-30": -37.753, "2007-03-31": "-37.69100", "2006-12-31": -35.27, "2006-09-30": -37.617, "2006-06-30": -35.22, "2006-03-31": "-27.34400", "2005-12-31": -27.323, "2005-09-30": -28.258, "2005-06-30": -28.555, "2005-03-31": "-26.02100"}}, "financial ratios": {"Current Ratio": {"2019-12-31": "0.72780", "2018-12-31": "0.66340", "2017-12-31": "0.66150", "2016-12-31": "0.50400", "2015-12-31": "0.59530", "2014-12-31": "0.54640", "2013-12-31": "0.88070", "2012-12-31": "0.98280", "2011-12-31": "0.71430", "2010-12-31": "0.75510", "2009-12-31": "0.77520", "2008-12-31": "0.80540", "2007-12-31": "1.02420", "2006-12-31": "1.60210", "2005-12-31": "0.90700"}, "Long-term Debt / Capital": {"2019-12-31": "0.66720", "2018-12-31": "0.57420", "2017-12-31": "0.58730", "2016-12-31": "0.69790", "2015-12-31": "0.68850", "2014-12-31": "0.64090", "2013-12-31": "0.61540", "2012-12-31": "0.60620", "2011-12-31": "0.54380", "2010-12-31": "0.48460", "2009-12-31": "0.55710", "2008-12-31": "0.56490", "2007-12-31": "0.68160", "2006-12-31": "0.64530", "2005-12-31": "0.53000"}, "Debt/Equity Ratio": {"2019-12-31": "2.04100", "2018-12-31": "1.42580", "2017-12-31": "1.60750", "2016-12-31": "2.75330", "2015-12-31": "2.38440", "2014-12-31": "2.05100", "2013-12-31": "1.71900", "2012-12-31": "1.73500", "2011-12-31": "1.50960", "2010-12-31": "1.24630", "2009-12-31": "1.59170", "2008-12-31": "2.05230", "2007-12-31": "2.45680", "2006-12-31": "1.82990", "2005-12-31": "1.99030"}, "Gross Margin": {"2019-12-31": "33.21730", "2018-12-31": "25.17620", "2017-12-31": "21.65170", "2016-12-31": "27.18110", "2015-12-31": "27.33610", "2014-12-31": "17.27370", "2013-12-31": "13.89560", "2012-12-31": "16.14080", "2011-12-31": "16.07720", "2010-12-31": "16.26470", "2009-12-31": "18.48970", "2008-12-31": "11.97920", "2007-12-31": "13.43070", "2006-12-31": "14.44580", "2005-12-31": "10.55640"}, "Operating Margin": {"2019-12-31": "18.83400", "2018-12-31": "14.57510", "2017-12-31": "11.43240", "2016-12-31": "14.52510", "2015-12-31": "12.83180", "2014-12-31": "9.37730", "2013-12-31": "7.41770", "2012-12-31": "9.36240", "2011-12-31": "7.82740", "2010-12-31": "7.43490", "2009-12-31": "8.17040", "2008-12-31": "5.67540", "2007-12-31": "6.10310", "2006-12-31": "7.23310", "2005-12-31": "6.34100"}, "EBIT Margin": {"2019-12-31": "18.83400", "2018-12-31": "14.57510", "2017-12-31": "11.43240", "2016-12-31": "14.52510", "2015-12-31": "12.83180", "2014-12-31": "9.37730", "2013-12-31": "7.41770", "2012-12-31": "9.36240", "2011-12-31": "7.82740", "2010-12-31": "7.43490", "2009-12-31": "8.17040", "2008-12-31": "5.67540", "2007-12-31": "6.10310", "2006-12-31": "7.23310", "2005-12-31": "6.34100"}, "EBITDA Margin": {"2019-12-31": "23.52230", "2018-12-31": "17.97810", "2017-12-31": "14.77020", "2016-12-31": "18.91460", "2015-12-31": "17.39980", "2014-12-31": "11.88680", "2013-12-31": "10.65540", "2012-12-31": "12.76090", "2011-12-31": "9.93670", "2010-12-31": "9.85870", "2009-12-31": "10.84480", "2008-12-31": "7.18510", "2007-12-31": "7.79460", "2006-12-31": "9.20900", "2005-12-31": "7.78780"}, "Pre-Tax Profit Margin": {"2019-12-31": "16.24290", "2018-12-31": "12.05360", "2017-12-31": "8.54940", "2016-12-31": "10.73830", "2015-12-31": "6.72240", "2014-12-31": "6.72300", "2013-12-31": "6.36100", "2012-12-31": "8.42980", "2011-12-31": "6.64310", "2010-12-31": "5.94520", "2009-12-31": "6.35460", "2008-12-31": "4.91750", "2007-12-31": "5.06560", "2006-12-31": "4.19820", "2005-12-31": "5.09350"}, "Net Profit Margin": {"2019-12-31": "12.56820", "2018-12-31": "9.13670", "2017-12-31": "3.17950", "2016-12-31": "3.94620", "2015-12-31": "3.15560", "2014-12-31": "2.57570", "2013-12-31": "2.24510", "2012-12-31": "3.54100", "2011-12-31": "2.43550", "2010-12-31": "2.63930", "2009-12-31": "2.82670", "2008-12-31": "1.93040", "2007-12-31": "2.26250", "2006-12-31": "2.56970", "2005-12-31": "4.31160"}, "Asset Turnover": {"2019-12-31": "0.46600", "2018-12-31": "0.69070", "2017-12-31": "0.72270", "2016-12-31": "0.55280", "2015-12-31": "0.50260", "2014-12-31": "0.79910", "2013-12-31": "0.66920", "2012-12-31": "0.64230", "2011-12-31": "1.08100", "2010-12-31": "1.01440", "2009-12-31": "0.84240", "2008-12-31": "1.23090", "2007-12-31": "1.21830", "2006-12-31": "1.14720", "2005-12-31": "1.36130"}, "Inventory Turnover Ratio": {"2019-12-31": "13.39720", "2018-12-31": "21.52080", "2017-12-31": "22.04850", "2016-12-31": "32.32770", "2015-12-31": "27.54690", "2014-12-31": "53.10680", "2013-12-31": "54.29090", "2012-12-31": "16.51860", "2011-12-31": "22.59520", "2010-12-31": "15.01830", "2009-12-31": "15.10440", "2008-12-31": "16.55700", "2007-12-31": "13.86720", "2006-12-31": "11.02290", "2005-12-31": "12.44040"}, "Receiveable Turnover": {"2019-12-31": "12.17110", "2018-12-31": "15.37710", "2017-12-31": "10.12000", "2016-12-31": "10.22540", "2015-12-31": "13.06980", "2014-12-31": "16.35840", "2013-12-31": "10.70010", "2012-12-31": "7.54730", "2011-12-31": "11.04970", "2010-12-31": "9.87530", "2009-12-31": "7.51450", "2008-12-31": "12.76960", "2007-12-31": "7.82110", "2006-12-31": "8.83980", "2005-12-31": "6.46350"}, "Days Sales In Receivables": {"2019-12-31": "29.98900", "2018-12-31": "23.73660", "2017-12-31": "36.06710", "2016-12-31": "35.69550", "2015-12-31": "27.92690", "2014-12-31": "22.31270", "2013-12-31": "34.11180", "2012-12-31": "48.36160", "2011-12-31": "33.03270", "2010-12-31": "36.96100", "2009-12-31": "48.57300", "2008-12-31": "28.58340", "2007-12-31": "46.66860", "2006-12-31": "41.29070", "2005-12-31": "56.47110"}, "ROE - Return On Equity": {"2019-12-31": "20.53630", "2018-12-31": "17.55490", "2017-12-31": "10.43940", "2016-12-31": "21.74300", "2015-12-31": "10.22950", "2014-12-31": "16.69330", "2013-12-31": "12.15830", "2012-12-31": "16.01310", "2011-12-31": "19.93600", "2010-12-31": "13.77400", "2009-12-31": "14.03750", "2008-12-31": "18.95690", "2007-12-31": "25.29420", "2006-12-31": "13.83950", "2005-12-31": "22.46250"}, "Return On Tangible Equity": {"2019-12-31": "24.27010", "2018-12-31": "20.58000", "2017-12-31": "12.64990", "2016-12-31": "30.76260", "2015-12-31": "14.01470", "2014-12-31": "22.35650", "2013-12-31": "15.41870", "2012-12-31": "20.94250", "2011-12-31": "27.19390", "2010-12-31": "18.63590", "2009-12-31": "20.02800", "2008-12-31": "28.20010", "2007-12-31": "53.81960", "2006-12-31": "26.33510", "2005-12-31": "36.26910"}, "ROA - Return On Assets": {"2019-12-31": "5.86180", "2018-12-31": "6.33530", "2017-12-31": "3.52320", "2016-12-31": "4.61960", "2015-12-31": "2.49430", "2014-12-31": "4.38160", "2013-12-31": "3.32040", "2012-12-31": "4.27460", "2011-12-31": "5.53070", "2010-12-31": "4.32070", "2009-12-31": "3.77040", "2008-12-31": "4.57460", "2007-12-31": "4.50300", "2006-12-31": "2.95130", "2005-12-31": "4.32950"}, "ROI - Return On Investment": {"2019-12-31": "6.83520", "2018-12-31": "7.47450", "2017-12-31": "4.30800", "2016-12-31": "6.56940", "2015-12-31": "3.18680", "2014-12-31": "5.99420", "2013-12-31": "4.67570", "2012-12-31": "6.30590", "2011-12-31": "9.09460", "2010-12-31": "7.09910", "2009-12-31": "6.21690", "2008-12-31": "8.24800", "2007-12-31": "8.05450", "2006-12-31": "4.90930", "2005-12-31": "10.55690"}, "Book Value Per Share": {"2019-12-31": "15.06620", "2018-12-31": "15.98790", "2017-12-31": "14.62640", "2016-12-31": "16.27530", "2015-12-31": "17.95790", "2014-12-31": "19.22930", "2013-12-31": "23.44980", "2012-12-31": "20.65270", "2011-12-31": "18.39980", "2010-12-31": "18.35330", "2009-12-31": "16.26650", "2008-12-31": "15.10580", "2007-12-31": "9.46900", "2006-12-31": "10.01080", "2005-12-31": "9.18930"}, "Operating Cash Flow Per Share": {"2019-12-31": -0.5934, "2018-12-31": 0.8915, "2017-12-31": -1.9837, "2016-12-31": 1.5135, "2015-12-31": -1.2514, "2014-12-31": -0.065, "2013-12-31": 1.5046, "2012-12-31": -1.6526, "2011-12-31": 2.4535, "2010-12-31": -2.9627, "2009-12-31": 4.5828, "2008-12-31": -2.4614, "2007-12-31": 0.8961, "2006-12-31": 4.6029, "2005-12-31": -0.7887}, "Free Cash Flow Per Share": {"2019-12-31": -4.6864, "2018-12-31": -2.5695, "2017-12-31": -0.8715, "2016-12-31": 4.318, "2015-12-31": 1.5405, "2014-12-31": 2.2135, "2013-12-31": -0.3933, "2012-12-31": -4.2282, "2011-12-31": -3.0557, "2010-12-31": -0.0069, "2009-12-31": 7.8655, "2008-12-31": -5.3893, "2007-12-31": -2.7903, "2006-12-31": 2.8488, "2005-12-31": 0.6276}}, "financial ratios, quarterly": {"Current Ratio": {"2020-09-30": "1.57330", "2020-06-30": "1.71220", "2020-03-31": "1.36370", "2019-12-31": "0.72780", "2019-09-30": "1.25550", "2019-06-30": "0.80650", "2019-03-31": "0.79470", "2018-12-31": "0.66340", "2018-09-30": "0.73790", "2018-06-30": "0.55740", "2018-03-31": "0.62940", "2017-12-31": "0.66150", "2017-09-30": "0.55410", "2017-06-30": "0.50610", "2017-03-31": "0.50460", "2016-12-31": "0.50400", "2016-09-30": "0.58470", "2016-06-30": "0.58540", "2016-03-31": "0.56170", "2015-12-31": "0.59530", "2015-09-30": "0.48590", "2015-06-30": "0.48490", "2015-03-31": "0.51870", "2014-12-31": "0.54640", "2014-09-30": "0.96120", "2014-06-30": "1.11260", "2014-03-31": "0.87560", "2013-12-31": "0.88070", "2013-09-30": "1.09930", "2013-06-30": "0.71340", "2013-03-31": "0.83430", "2012-12-31": "0.98280", "2012-09-30": "1.21190", "2012-06-30": "0.80090", "2012-03-31": "1.00340", "2011-12-31": "0.71430", "2011-09-30": "0.77670", "2011-06-30": "0.89040", "2011-03-31": "1.21470", "2010-12-31": "0.75510", "2010-09-30": "0.76580", "2010-06-30": "0.65320", "2010-03-31": "0.78930", "2009-12-31": "0.77520", "2009-09-30": "0.70220", "2009-06-30": "0.73610", "2009-03-31": "0.83300", "2008-12-31": "0.80540", "2008-09-30": "0.83500", "2008-06-30": "0.87640", "2008-03-31": "0.95260", "2007-12-31": "1.02420", "2007-09-30": "1.30850", "2007-06-30": "1.12660", "2007-03-31": "1.31420", "2006-12-31": "1.60210", "2006-09-30": "1.44910", "2006-06-30": "0.97060", "2006-03-31": "0.91340", "2005-12-31": "0.90700", "2005-09-30": "0.88110", "2005-06-30": "1.13970", "2005-03-31": "0.82700"}, "Long-term Debt / Capital": {"2020-09-30": "0.69870", "2020-06-30": "0.69580", "2020-03-31": "0.71780", "2019-12-31": "0.66720", "2019-09-30": "0.66740", "2019-06-30": "0.62880", "2019-03-31": "0.60830", "2018-12-31": "0.57420", "2018-09-30": "0.55580", "2018-06-30": "0.50910", "2018-03-31": "0.50800", "2017-12-31": "0.58730", "2017-09-30": "0.59460", "2017-06-30": "0.58470", "2017-03-31": "0.69540", "2016-12-31": "0.69790", "2016-09-30": "0.70750", "2016-06-30": "0.70440", "2016-03-31": "0.69530", "2015-12-31": "0.68850", "2015-09-30": "0.65820", "2015-06-30": "0.64580", "2015-03-31": "0.65340", "2014-12-31": "0.64090", "2014-09-30": "0.65680", "2014-06-30": "0.65480", "2014-03-31": "0.69710", "2013-12-31": "0.61540", "2013-09-30": "0.62320", "2013-06-30": "0.60940", "2013-03-31": "0.60770", "2012-12-31": "0.60620", "2012-09-30": "0.60950", "2012-06-30": "0.55400", "2012-03-31": "0.54410", "2011-12-31": "0.54380", "2011-09-30": "0.55170", "2011-06-30": "0.55560", "2011-03-31": "0.55710", "2010-12-31": "0.48460", "2010-09-30": "0.48660", "2010-06-30": "0.48860", "2010-03-31": "0.51400", "2009-12-31": "0.55710", "2009-09-30": "0.56080", "2009-06-30": "0.56010", "2009-03-31": "0.58680", "2008-12-31": "0.56490", "2008-09-30": "0.66590", "2008-06-30": "0.67420", "2008-03-31": "0.67240", "2007-12-31": "0.68160", "2007-09-30": "0.69180", "2007-06-30": "0.65970", "2007-03-31": "0.62130", "2006-12-31": "0.64530", "2006-09-30": "0.65190", "2006-06-30": "0.52650", "2006-03-31": "0.56860", "2005-12-31": "0.53000", "2005-09-30": "0.60300", "2005-06-30": "0.61740", "2005-03-31": "0.50630"}, "Debt/Equity Ratio": {"2020-09-30": "2.31970", "2020-06-30": "2.28880", "2020-03-31": "2.54540", "2019-12-31": "2.04100", "2019-09-30": "2.00790", "2019-06-30": "1.74250", "2019-03-31": "1.60070", "2018-12-31": "1.42580", "2018-09-30": "1.34580", "2018-06-30": "1.19620", "2018-03-31": "1.16820", "2017-12-31": "1.60750", "2017-09-30": "1.71430", "2017-06-30": "1.72580", "2017-03-31": "2.77310", "2016-12-31": "2.75330", "2016-09-30": "2.75400", "2016-06-30": "2.67950", "2016-03-31": "2.53070", "2015-12-31": "2.38440", "2015-09-30": "2.16030", "2015-06-30": "2.20600", "2015-03-31": "2.26700", "2014-12-31": "2.05100", "2014-09-30": "1.91670", "2014-06-30": "1.90010", "2014-03-31": "2.34510", "2013-12-31": "1.71900", "2013-09-30": "1.77590", "2013-06-30": "1.76220", "2013-03-31": "1.68300", "2012-12-31": "1.73500", "2012-09-30": "1.72560", "2012-06-30": "1.38680", "2012-03-31": "1.37230", "2011-12-31": "1.50960", "2011-09-30": "1.50660", "2011-06-30": "1.49210", "2011-03-31": "1.36330", "2010-12-31": "1.24630", "2010-09-30": "1.19670", "2010-06-30": "1.29720", "2010-03-31": "1.26470", "2009-12-31": "1.59170", "2009-09-30": "1.59790", "2009-06-30": "1.55420", "2009-03-31": "1.73020", "2008-12-31": "2.05230", "2008-09-30": "2.69320", "2008-06-30": "2.53350", "2008-03-31": "2.24350", "2007-12-31": "2.45680", "2007-09-30": "2.66380", "2007-06-30": "2.22090", "2007-03-31": "1.83080", "2006-12-31": "1.82990", "2006-09-30": "1.88290", "2006-06-30": "1.69600", "2006-03-31": "1.63720", "2005-12-31": "1.99030", "2005-09-30": "2.60810", "2005-06-30": "1.69280", "2005-03-31": "1.46760"}, "Gross Margin": {"2020-09-30": "41.78840", "2020-06-30": "43.37080", "2020-03-31": "40.23750", "2019-12-31": "32.74750", "2019-09-30": "37.49950", "2019-06-30": "33.84560", "2019-03-31": "29.62570", "2018-12-31": "26.09750", "2018-09-30": "24.54780", "2018-06-30": "26.50580", "2018-03-31": "23.66320", "2017-12-31": "18.94420", "2017-09-30": "23.29200", "2017-06-30": "23.28700", "2017-03-31": "22.03100", "2016-12-31": "23.84630", "2016-09-30": "25.71410", "2016-06-30": "28.43270", "2016-03-31": "32.61390", "2015-12-31": "30.95010", "2015-09-30": "28.33870", "2015-06-30": "24.66850", "2015-03-31": "25.56030", "2014-12-31": "19.80810", "2014-09-30": "17.20890", "2014-06-30": "16.15580", "2014-03-31": "16.14230", "2013-12-31": "12.80110", "2013-09-30": "13.53020", "2013-06-30": "14.90650", "2013-03-31": "14.73840", "2012-12-31": "-8.47880", "2012-09-30": "18.29030", "2012-06-30": "21.70450", "2012-03-31": "18.84810", "2011-12-31": "17.17070", "2011-09-30": "15.09120", "2011-06-30": "15.06140", "2011-03-31": "16.74940", "2010-12-31": "17.75060", "2010-09-30": "15.33860", "2010-06-30": "16.31830", "2010-03-31": "15.78300", "2009-12-31": "16.42330", "2009-09-30": "19.10800", "2009-06-30": "19.41200", "2009-03-31": "19.76510", "2008-12-31": "16.66270", "2008-09-30": "10.73370", "2008-06-30": "10.08490", "2008-03-31": "11.95230", "2007-12-31": "13.48570", "2007-09-30": "12.10540", "2007-06-30": "12.78400", "2007-03-31": "14.84020", "2006-12-31": "15.32390", "2006-09-30": "13.22460", "2006-06-30": "16.37460", "2006-03-31": "13.02820", "2005-12-31": "8.69770", "2005-09-30": "10.31640", "2005-06-30": "11.05240", "2005-03-31": "13.68270"}, "Operating Margin": {"2020-09-30": "25.31580", "2020-06-30": "21.42010", "2020-03-31": "-3.90650", "2019-12-31": "18.29530", "2019-09-30": "21.30370", "2019-06-30": "19.37460", "2019-03-31": "16.86150", "2018-12-31": "15.04340", "2018-09-30": "14.60080", "2018-06-30": "15.14480", "2018-03-31": "13.52960", "2017-12-31": "10.56290", "2017-09-30": "12.20160", "2017-06-30": "11.71960", "2017-03-31": "11.53390", "2016-12-31": "12.79740", "2016-09-30": "13.96820", "2016-06-30": "14.77360", "2016-03-31": "17.55090", "2015-12-31": "12.53390", "2015-09-30": "15.00490", "2015-06-30": "12.81660", "2015-03-31": "10.88250", "2014-12-31": "10.78290", "2014-09-30": "9.33910", "2014-06-30": "8.19450", "2014-03-31": "9.29780", "2013-12-31": "7.13450", "2013-09-30": "7.38000", "2013-06-30": "8.24810", "2013-03-31": "6.93940", "2012-12-31": "12.42810", "2012-09-30": "8.02020", "2012-06-30": "9.25480", "2012-03-31": "9.54500", "2011-12-31": "8.96640", "2011-09-30": "7.06480", "2011-06-30": "6.27670", "2011-03-31": "8.73080", "2010-12-31": "7.97680", "2010-09-30": "6.35140", "2010-06-30": "6.36640", "2010-03-31": "8.59670", "2009-12-31": "7.63210", "2009-09-30": "7.34870", "2009-06-30": "6.94930", "2009-03-31": "10.50260", "2008-12-31": "7.69150", "2008-09-30": "4.53330", "2008-06-30": "4.14610", "2008-03-31": "6.79560", "2007-12-31": "6.41730", "2007-09-30": "3.65730", "2007-06-30": "4.71950", "2007-03-31": "8.62540", "2006-12-31": "6.59430", "2006-09-30": "4.52090", "2006-06-30": "11.08470", "2006-03-31": "7.02690", "2005-12-31": "9.69250", "2005-09-30": "3.44800", "2005-06-30": "2.50780", "2005-03-31": "6.88490"}, "EBIT Margin": {"2020-09-30": "25.31580", "2020-06-30": "21.42010", "2020-03-31": "-3.90650", "2019-12-31": "18.29530", "2019-09-30": "21.30370", "2019-06-30": "19.37460", "2019-03-31": "16.86150", "2018-12-31": "15.04340", "2018-09-30": "14.60080", "2018-06-30": "15.14480", "2018-03-31": "13.52960", "2017-12-31": "10.56290", "2017-09-30": "12.20160", "2017-06-30": "11.71960", "2017-03-31": "11.53390", "2016-12-31": "12.79740", "2016-09-30": "13.96820", "2016-06-30": "14.77360", "2016-03-31": "17.55090", "2015-12-31": "12.53390", "2015-09-30": "15.00490", "2015-06-30": "12.81660", "2015-03-31": "10.88250", "2014-12-31": "10.78290", "2014-09-30": "9.33910", "2014-06-30": "8.19450", "2014-03-31": "9.29780", "2013-12-31": "7.13440", "2013-09-30": "7.38000", "2013-06-30": "8.24810", "2013-03-31": "6.93940", "2012-12-31": "12.42810", "2012-09-30": "8.02020", "2012-06-30": "9.25480", "2012-03-31": "9.54500", "2011-12-31": "8.96640", "2011-09-30": "7.06480", "2011-06-30": "6.27670", "2011-03-31": "8.73080", "2010-12-31": "7.97680", "2010-09-30": "6.35140", "2010-06-30": "6.36640", "2010-03-31": "8.59670", "2009-12-31": "7.63210", "2009-09-30": "7.34870", "2009-06-30": "6.94930", "2009-03-31": "10.50260", "2008-12-31": "7.69150", "2008-09-30": "4.53330", "2008-06-30": "4.14610", "2008-03-31": "6.79560", "2007-12-31": "6.41730", "2007-09-30": "3.65730", "2007-06-30": "4.71950", "2007-03-31": "8.62540", "2006-12-31": "6.59430", "2006-09-30": "4.52090", "2006-06-30": "11.08470", "2006-03-31": "7.02690", "2005-12-31": "9.69250", "2005-09-30": "3.44800", "2005-06-30": "2.50780", "2005-03-31": "6.88490"}, "EBITDA Margin": {"2020-09-30": "", "2020-06-30": "", "2020-03-31": "", "2019-12-31": "", "2019-09-30": "", "2019-06-30": "", "2019-03-31": "", "2018-12-31": "", "2018-09-30": "", "2018-06-30": "", "2018-03-31": "", "2017-12-31": "", "2017-09-30": "", "2017-06-30": "", "2017-03-31": "", "2016-12-31": "", "2016-09-30": "", "2016-06-30": "", "2016-03-31": "", "2015-12-31": "", "2015-09-30": "", "2015-06-30": "", "2015-03-31": "", "2014-12-31": "", "2014-09-30": "", "2014-06-30": "", "2014-03-31": "", "2013-12-31": "", "2013-09-30": "", "2013-06-30": "", "2013-03-31": "", "2012-12-31": "", "2012-09-30": "", "2012-06-30": "", "2012-03-31": "", "2011-12-31": "", "2011-09-30": "", "2011-06-30": "", "2011-03-31": "", "2010-12-31": "", "2010-09-30": "", "2010-06-30": "", "2010-03-31": "", "2009-12-31": "", "2009-09-30": "", "2009-06-30": "", "2009-03-31": "", "2008-12-31": "", "2008-09-30": "", "2008-06-30": "", "2008-03-31": "", "2007-12-31": "", "2007-09-30": "", "2007-06-30": "", "2007-03-31": "", "2006-12-31": "", "2006-09-30": "", "2006-06-30": "", "2006-03-31": "", "2005-12-31": "", "2005-09-30": "", "2005-06-30": "", "2005-03-31": ""}, "Pre-Tax Profit Margin": {"2020-09-30": "19.26500", "2020-06-30": "10.68570", "2020-03-31": "-9.23170", "2019-12-31": "15.70920", "2019-09-30": "17.96200", "2019-06-30": "16.71970", "2019-03-31": "14.93340", "2018-12-31": "12.41770", "2018-09-30": "12.28380", "2018-06-30": "12.48800", "2018-03-31": "11.01910", "2017-12-31": "8.33780", "2017-09-30": "9.07180", "2017-06-30": "8.06510", "2017-03-31": "8.76950", "2016-12-31": "9.40420", "2016-09-30": "10.59430", "2016-06-30": "10.89660", "2016-03-31": "12.73500", "2015-12-31": "-0.70570", "2015-09-30": "10.68990", "2015-06-30": "9.36260", "2015-03-31": "7.38190", "2014-12-31": "9.02600", "2014-09-30": "4.88150", "2014-06-30": "6.23020", "2014-03-31": "6.94600", "2013-12-31": "5.98270", "2013-09-30": "6.46760", "2013-06-30": "7.10370", "2013-03-31": "5.92970", "2012-12-31": "13.89160", "2012-09-30": "6.85330", "2012-06-30": "7.48640", "2012-03-31": "8.58930", "2011-12-31": "8.24210", "2011-09-30": "5.53040", "2011-06-30": "4.94170", "2011-03-31": "7.51490", "2010-12-31": "6.72410", "2010-09-30": "5.10640", "2010-06-30": "4.18300", "2010-03-31": "7.23840", "2009-12-31": "5.71570", "2009-09-30": "5.76760", "2009-06-30": "5.01020", "2009-03-31": "8.70980", "2008-12-31": "5.92350", "2008-09-30": "4.18510", "2008-06-30": "3.43970", "2008-03-31": "6.22520", "2007-12-31": "5.43320", "2007-09-30": "2.38610", "2007-06-30": "3.58510", "2007-03-31": "7.77780", "2006-12-31": "5.14760", "2006-09-30": "3.34310", "2006-06-30": "9.46380", "2006-03-31": "6.38440", "2005-12-31": "8.09860", "2005-09-30": "2.26650", "2005-06-30": "1.35480", "2005-03-31": "6.08800"}, "Net Profit Margin": {"2020-09-30": "14.35160", "2020-06-30": "8.07150", "2020-03-31": "-6.65200", "2019-12-31": "12.01290", "2019-09-30": "13.64780", "2019-06-30": "12.68280", "2019-03-31": "12.12010", "2018-12-31": "9.32870", "2018-09-30": "9.22200", "2018-06-30": "9.48390", "2018-03-31": "8.51790", "2017-12-31": "1.65530", "2017-09-30": "5.69320", "2017-06-30": "2.62220", "2017-03-31": "3.17720", "2016-12-31": "3.40950", "2016-09-30": "3.90790", "2016-06-30": "4.02720", "2016-03-31": "4.70260", "2015-12-31": "1.32140", "2015-09-30": "4.32650", "2015-06-30": "3.59510", "2015-03-31": "3.36790", "2014-12-31": "3.32340", "2014-09-30": "2.06590", "2014-06-30": "2.00820", "2014-03-31": "2.95630", "2013-12-31": "2.63040", "2013-09-30": "1.98880", "2013-06-30": "0.03320", "2013-03-31": "4.46870", "2012-12-31": "9.20700", "2012-09-30": "2.15330", "2012-06-30": "2.41150", "2012-03-31": "3.59820", "2011-12-31": "2.82490", "2011-09-30": "1.70910", "2011-06-30": "1.60070", "2011-03-31": "3.46040", "2010-12-31": "2.76450", "2010-09-30": "1.87910", "2010-06-30": "1.48640", "2010-03-31": "3.93830", "2009-12-31": "2.72950", "2009-09-30": "2.03160", "2009-06-30": "1.87100", "2009-03-31": "4.38320", "2008-12-31": "2.39780", "2008-09-30": "1.36890", "2008-06-30": "1.00330", "2008-03-31": "2.93420", "2007-12-31": "2.58280", "2007-09-30": "0.49520", "2007-06-30": "1.22390", "2007-03-31": "4.01660", "2006-12-31": "2.42790", "2006-09-30": "0.92260", "2006-06-30": "3.19890", "2006-03-31": "3.36540", "2005-12-31": "5.06030", "2005-09-30": "5.52560", "2005-06-30": "1.19440", "2005-03-31": "3.97720"}, "Asset Turnover": {"2020-09-30": "0.09540", "2020-06-30": "0.07220", "2020-03-31": "0.09730", "2019-12-31": "0.12210", "2019-09-30": "0.10610", "2019-06-30": "0.12440", "2019-03-31": "0.14680", "2018-12-31": "0.17200", "2018-09-30": "0.18950", "2018-06-30": "0.17500", "2018-03-31": "0.18880", "2017-12-31": "0.22510", "2017-09-30": "0.17340", "2017-06-30": "0.16350", "2017-03-31": "0.17110", "2016-12-31": "0.16450", "2016-09-30": "0.14750", "2016-06-30": "0.13490", "2016-03-31": "0.11450", "2015-12-31": "0.12500", "2015-09-30": "0.12240", "2015-06-30": "0.13600", "2015-03-31": "0.11620", "2014-12-31": "0.18640", "2014-09-30": "0.21800", "2014-06-30": "0.21320", "2014-03-31": "0.23170", "2013-12-31": "0.19440", "2013-09-30": "0.17800", "2013-06-30": "0.17480", "2013-03-31": "0.16300", "2012-12-31": "0.07640", "2012-09-30": "0.19710", "2012-06-30": "0.18310", "2012-03-31": "0.23960", "2011-12-31": "0.29720", "2011-09-30": "0.26800", "2011-06-30": "0.26420", "2011-03-31": "0.28840", "2010-12-31": "0.24040", "2010-09-30": "0.24670", "2010-06-30": "0.23160", "2010-03-31": "0.31830", "2009-12-31": "0.26690", "2009-09-30": "0.19660", "2009-06-30": "0.18820", "2009-03-31": "0.23370", "2008-12-31": "0.21660", "2008-09-30": "0.34690", "2008-06-30": "0.34290", "2008-03-31": "0.43610", "2007-12-31": "0.36020", "2007-09-30": "0.25730", "2007-06-30": "0.28800", "2007-03-31": "0.36780", "2006-12-31": "0.29580", "2006-09-30": "0.25960", "2006-06-30": "0.23900", "2006-03-31": "0.35850", "2005-12-31": "0.50430", "2005-09-30": "0.30810", "2005-06-30": "0.31070", "2005-03-31": "0.39520"}, "Inventory Turnover Ratio": {"2020-09-30": "2.75430", "2020-06-30": "1.82520", "2020-03-31": "3.30710", "2019-12-31": "3.53550", "2019-09-30": "2.96870", "2019-06-30": "4.48540", "2019-03-31": "4.80740", "2018-12-31": "5.29440", "2018-09-30": "4.61510", "2018-06-30": "5.44490", "2018-03-31": "8.33830", "2017-12-31": "7.10540", "2017-09-30": "5.69260", "2017-06-30": "7.59530", "2017-03-31": "11.08850", "2016-12-31": "10.05980", "2016-09-30": "5.84900", "2016-06-30": "4.61330", "2016-03-31": "4.99850", "2015-12-31": "6.51080", "2015-09-30": "6.64090", "2015-06-30": "10.67750", "2015-03-31": "6.14500", "2014-12-31": "12.00880", "2014-09-30": "7.63480", "2014-06-30": "7.67320", "2014-03-31": "11.47170", "2013-12-31": "15.97560", "2013-09-30": "4.08180", "2013-06-30": "5.41670", "2013-03-31": "7.09770", "2012-12-31": "2.54190", "2012-09-30": "3.83860", "2012-06-30": "3.52490", "2012-03-31": "9.26360", "2011-12-31": "6.13190", "2011-09-30": "4.55390", "2011-06-30": "5.09600", "2011-03-31": "7.67950", "2010-12-31": "3.49630", "2010-09-30": "3.54050", "2010-06-30": "4.10000", "2010-03-31": "8.31870", "2009-12-31": "4.90680", "2009-09-30": "2.90980", "2009-06-30": "3.18000", "2009-03-31": "5.05010", "2008-12-31": "2.75850", "2008-09-30": "3.37850", "2008-06-30": "4.15910", "2008-03-31": "13.10680", "2007-12-31": "4.09760", "2007-09-30": "2.54150", "2007-06-30": "3.18480", "2007-03-31": "6.49500", "2006-12-31": "2.81310", "2006-09-30": "2.23250", "2006-06-30": "2.24690", "2006-03-31": "5.35400", "2005-12-31": "4.70460", "2005-09-30": "3.17160", "2005-06-30": "3.22980", "2005-03-31": "7.22580"}, "Receiveable Turnover": {"2020-09-30": "3.02880", "2020-06-30": "2.72730", "2020-03-31": "4.29430", "2019-12-31": "3.18950", "2019-09-30": "3.14900", "2019-06-30": "3.67190", "2019-03-31": "3.41990", "2018-12-31": "3.83010", "2018-09-30": "3.12780", "2018-06-30": "3.16750", "2018-03-31": "3.67450", "2017-12-31": "3.15240", "2017-09-30": "3.09320", "2017-06-30": "3.63750", "2017-03-31": "3.74180", "2016-12-31": "3.04260", "2016-09-30": "3.19840", "2016-06-30": "3.17550", "2016-03-31": "3.40300", "2015-12-31": "3.25080", "2015-09-30": "3.23970", "2015-06-30": "3.10710", "2015-03-31": "2.87440", "2014-12-31": "3.81600", "2014-09-30": "3.21240", "2014-06-30": "2.79570", "2014-03-31": "3.57970", "2013-12-31": "3.10910", "2013-09-30": "2.68670", "2013-06-30": "2.38970", "2013-03-31": "1.99550", "2012-12-31": "0.89780", "2012-09-30": "3.07580", "2012-06-30": "3.18610", "2012-03-31": "2.95650", "2011-12-31": "3.03820", "2011-09-30": "3.09290", "2011-06-30": "3.06110", "2011-03-31": "2.93770", "2010-12-31": "2.34050", "2010-09-30": "3.42650", "2010-06-30": "3.10410", "2010-03-31": "3.26370", "2009-12-31": "2.38080", "2009-09-30": "3.25400", "2009-06-30": "2.88850", "2009-03-31": "2.75090", "2008-12-31": "2.24710", "2008-09-30": "3.97450", "2008-06-30": "2.76780", "2008-03-31": "2.84410", "2007-12-31": "2.31250", "2007-09-30": "3.04300", "2007-06-30": "2.79530", "2007-03-31": "2.95870", "2006-12-31": "2.27930", "2006-09-30": "2.79960", "2006-06-30": "2.50230", "2006-03-31": "2.56230", "2005-12-31": "2.39450", "2005-09-30": "2.16860", "2005-06-30": "2.23720", "2005-03-31": "2.14340"}, "Days Sales In Receivables": {"2020-09-30": "29.71430", "2020-06-30": "32.99940", "2020-03-31": "20.95780", "2019-12-31": "28.21770", "2019-09-30": "28.58030", "2019-06-30": "24.51040", "2019-03-31": "26.31630", "2018-12-31": "23.49800", "2018-09-30": "28.77430", "2018-06-30": "28.41380", "2018-03-31": "24.49310", "2017-12-31": "28.54990", "2017-09-30": "29.09600", "2017-06-30": "24.74200", "2017-03-31": "24.05280", "2016-12-31": "29.57990", "2016-09-30": "28.13940", "2016-06-30": "28.34220", "2016-03-31": "26.44710", "2015-12-31": "27.68560", "2015-09-30": "27.78070", "2015-06-30": "28.96590", "2015-03-31": "31.31090", "2014-12-31": "23.58520", "2014-09-30": "28.01650", "2014-06-30": "32.19250", "2014-03-31": "25.14170", "2013-12-31": "28.94740", "2013-09-30": "33.49820", "2013-06-30": "37.66230", "2013-03-31": "45.10100", "2012-12-31": "100.24330", "2012-09-30": "29.26110", "2012-06-30": "28.24770", "2012-03-31": "30.44150", "2011-12-31": "29.62240", "2011-09-30": "29.09930", "2011-06-30": "29.40100", "2011-03-31": "30.63640", "2010-12-31": "38.45280", "2010-09-30": "26.26620", "2010-06-30": "28.99380", "2010-03-31": "27.57580", "2009-12-31": "37.80260", "2009-09-30": "27.65840", "2009-06-30": "31.15770", "2009-03-31": "32.71630", "2008-12-31": "40.05180", "2008-09-30": "22.64430", "2008-06-30": "32.51660", "2008-03-31": "31.64400", "2007-12-31": "38.91850", "2007-09-30": "29.57660", "2007-06-30": "32.19730", "2007-03-31": "30.41870", "2006-12-31": "39.48530", "2006-09-30": "32.14790", "2006-06-30": "35.96640", "2006-03-31": "35.12450", "2005-12-31": "37.58550", "2005-09-30": "41.50070", "2005-06-30": "40.22830", "2005-03-31": "41.98920"}, "ROE - Return On Equity": {"2020-09-30": "5.08150", "2020-06-30": "2.15240", "2020-03-31": "-2.55110", "2019-12-31": "5.14380", "2019-09-30": "4.97120", "2019-06-30": "4.91420", "2019-03-31": "5.23450", "2018-12-31": "4.45150", "2018-09-30": "4.71860", "2018-06-30": "4.12630", "2018-03-31": "3.87300", "2017-12-31": "1.14000", "2017-09-30": "3.01880", "2017-06-30": "3.16230", "2017-03-31": "5.36630", "2016-12-31": "5.68000", "2016-09-30": "5.66220", "2016-06-30": "5.15680", "2016-03-31": "4.82540", "2015-12-31": "-0.69770", "2015-09-30": "4.07940", "2015-06-30": "3.77610", "2015-03-31": "2.46160", "2014-12-31": "5.01180", "2014-09-30": "3.04440", "2014-06-30": "3.92160", "2014-03-31": "6.54590", "2013-12-31": "3.44640", "2013-09-30": "3.36470", "2013-06-30": "3.68380", "2013-03-31": "2.62840", "2012-12-31": "3.41110", "2012-09-30": "3.95130", "2012-06-30": "3.54110", "2012-03-31": "5.01090", "2011-12-31": "6.94100", "2011-09-30": "4.37690", "2011-06-30": "3.63280", "2011-03-31": "5.01100", "2010-12-31": "3.74060", "2010-09-30": "3.08830", "2010-06-30": "2.23160", "2010-03-31": "4.81280", "2009-12-31": "3.96030", "2009-09-30": "3.00930", "2009-06-30": "2.38360", "2009-03-31": "5.04600", "2008-12-31": "3.83010", "2008-09-30": "7.45320", "2008-06-30": "5.69570", "2008-03-31": "10.60380", "2007-12-31": "5.22640", "2007-09-30": "0.74190", "2007-06-30": "1.89100", "2007-03-31": "6.91520", "2006-12-31": "3.36560", "2006-09-30": "1.13250", "2006-06-30": "3.29440", "2006-03-31": "5.50900", "2005-12-31": "13.35460", "2005-09-30": "3.22010", "2005-06-30": "1.13950", "2005-03-31": "6.47390"}, "Return On Tangible Equity": {"2020-09-30": "5.81620", "2020-06-30": "2.45930", "2020-03-31": "-2.96830", "2019-12-31": "6.07900", "2019-09-30": "5.87960", "2019-06-30": "5.79390", "2019-03-31": "6.15590", "2018-12-31": "5.21860", "2018-09-30": "5.52410", "2018-06-30": "4.82280", "2018-03-31": "4.52560", "2017-12-31": "1.38140", "2017-09-30": "3.68440", "2017-06-30": "3.85450", "2017-03-31": "7.54660", "2016-12-31": "8.03620", "2016-09-30": "8.01000", "2016-06-30": "7.25900", "2016-03-31": "6.68550", "2015-12-31": "-0.95590", "2015-09-30": "5.45890", "2015-06-30": "5.07430", "2015-03-31": "3.32590", "2014-12-31": "6.71200", "2014-09-30": "4.17450", "2014-06-30": "5.36140", "2014-03-31": "9.72120", "2013-12-31": "4.37070", "2013-09-30": "4.26530", "2013-06-30": "4.83270", "2013-03-31": "3.44260", "2012-12-31": "4.46110", "2012-09-30": "5.19250", "2012-06-30": "4.64570", "2012-03-31": "6.49740", "2011-12-31": "9.46800", "2011-09-30": "6.04490", "2011-06-30": "5.01820", "2011-03-31": "6.75350", "2010-12-31": "5.06090", "2010-09-30": "4.19080", "2010-06-30": "3.03720", "2010-03-31": "6.54930", "2009-12-31": "5.65030", "2009-09-30": "4.32170", "2009-06-30": "3.42030", "2009-03-31": "7.41780", "2008-12-31": "5.69770", "2008-09-30": "15.06940", "2008-06-30": "12.00150", "2008-03-31": "22.05300", "2007-12-31": "11.12050", "2007-09-30": "1.67680", "2007-06-30": "4.32480", "2007-03-31": "13.16510", "2006-12-31": "6.40440", "2006-09-30": "2.16010", "2006-06-30": "5.82260", "2006-03-31": "9.51320", "2005-12-31": "21.56290", "2005-09-30": "6.71170", "2005-06-30": "1.34100", "2005-03-31": "7.55620"}, "ROA - Return On Assets": {"2020-09-30": "1.37100", "2020-06-30": "0.58420", "2020-03-31": "-0.64570", "2019-12-31": "1.46820", "2019-09-30": "1.44900", "2019-06-30": "1.57940", "2019-03-31": "1.78090", "2018-12-31": "1.60650", "2018-09-30": "1.75260", "2018-06-30": "1.66830", "2018-03-31": "1.61910", "2017-12-31": "0.38470", "2017-09-30": "0.99330", "2017-06-30": "1.05560", "2017-03-31": "1.15880", "2016-12-31": "1.20680", "2016-09-30": "1.21880", "2016-06-30": "1.13810", "2016-03-31": "1.13480", "2015-12-31": "-0.17010", "2015-09-30": "1.06200", "2015-06-30": "0.96490", "2015-03-31": "0.61700", "2014-12-31": "1.31550", "2014-09-30": "0.79970", "2014-06-30": "1.03420", "2014-03-31": "1.49960", "2013-12-31": "0.94120", "2013-09-30": "0.89620", "2013-06-30": "0.97070", "2013-03-31": "0.71540", "2012-12-31": "0.91060", "2012-09-30": "1.07380", "2012-06-30": "1.07790", "2012-03-31": "1.53980", "2011-12-31": "1.92560", "2011-09-30": "1.22360", "2011-06-30": "1.03040", "2011-03-31": "1.52060", "2010-12-31": "1.17340", "2010-09-30": "1.00840", "2010-06-30": "0.71270", "2010-03-31": "1.51450", "2009-12-31": "1.06370", "2009-09-30": "0.85050", "2009-06-30": "0.68740", "2009-03-31": "1.36980", "2008-12-31": "0.92430", "2008-09-30": "1.25500", "2008-06-30": "0.92830", "2008-03-31": "1.89320", "2007-12-31": "0.93040", "2007-09-30": "0.12740", "2007-06-30": "0.35240", "2007-03-31": "1.47730", "2006-12-31": "0.71770", "2006-09-30": "0.23960", "2006-06-30": "0.76600", "2006-03-31": "1.20900", "2005-12-31": "2.57400", "2005-09-30": "0.43050", "2005-06-30": "0.25500", "2005-03-31": "1.48580"}, "ROI - Return On Investment": {"2020-09-30": "1.53130", "2020-06-30": "0.65470", "2020-03-31": "-0.71980", "2019-12-31": "1.71200", "2019-09-30": "1.65340", "2019-06-30": "1.82410", "2019-03-31": "2.05040", "2018-12-31": "1.89540", "2018-09-30": "2.09580", "2018-06-30": "2.02570", "2018-03-31": "1.90570", "2017-12-31": "0.47040", "2017-09-30": "1.22370", "2017-06-30": "1.31330", "2017-03-31": "1.63470", "2016-12-31": "1.71610", "2016-09-30": "1.65630", "2016-06-30": "1.52450", "2016-03-31": "1.47010", "2015-12-31": "-0.21740", "2015-09-30": "1.39440", "2015-06-30": "1.33760", "2015-03-31": "0.85320", "2014-12-31": "1.79960", "2014-09-30": "1.04480", "2014-06-30": "1.35360", "2014-03-31": "1.98260", "2013-12-31": "1.32540", "2013-09-30": "1.26790", "2013-06-30": "1.43910", "2013-03-31": "1.03110", "2012-12-31": "1.34330", "2012-09-30": "1.54300", "2012-06-30": "1.57930", "2012-03-31": "2.28470", "2011-12-31": "3.16640", "2011-09-30": "1.96200", "2011-06-30": "1.61450", "2011-03-31": "2.21960", "2010-12-31": "1.92790", "2010-09-30": "1.58550", "2010-06-30": "1.14130", "2010-03-31": "2.33900", "2009-12-31": "1.75390", "2009-09-30": "1.32180", "2009-06-30": "1.04840", "2009-03-31": "2.08510", "2008-12-31": "1.66650", "2008-09-30": "2.48990", "2008-06-30": "1.85540", "2008-03-31": "3.47410", "2007-12-31": "1.66430", "2007-09-30": "0.22860", "2007-06-30": "0.64350", "2007-03-31": "2.61880", "2006-12-31": "1.19390", "2006-09-30": "0.39430", "2006-06-30": "1.56010", "2006-03-31": "2.37660", "2005-12-31": "6.27630", "2005-09-30": "1.27840", "2005-06-30": "0.43590", "2005-03-31": "3.19630"}, "Book Value Per Share": {"2020-09-30": "13.83040", "2020-06-30": "14.04930", "2020-03-31": "13.43530", "2019-12-31": "15.06620", "2019-09-30": "15.05510", "2019-06-30": "15.37210", "2019-03-31": "15.60740", "2018-12-31": "15.98790", "2018-09-30": "16.17260", "2018-06-30": "16.63160", "2018-03-31": "16.71050", "2017-12-31": "14.62640", "2017-09-30": "14.46790", "2017-06-30": "14.64520", "2017-03-31": "14.11460", "2016-12-31": "16.27530", "2016-09-30": "16.34170", "2016-06-30": "16.59630", "2016-03-31": "17.35140", "2015-12-31": "17.95790", "2015-09-30": "19.29210", "2015-06-30": "19.13780", "2015-03-31": "18.64960", "2014-12-31": "19.22930", "2014-09-30": "18.05730", "2014-06-30": "18.23720", "2014-03-31": "15.04680", "2013-12-31": "23.44980", "2013-09-30": "22.74000", "2013-06-30": "20.24510", "2013-03-31": "20.39960", "2012-12-31": "20.65270", "2012-09-30": "20.40850", "2012-06-30": "20.51280", "2012-03-31": "21.07090", "2011-12-31": "18.39980", "2011-09-30": "17.87700", "2011-06-30": "17.85880", "2011-03-31": "18.47240", "2010-12-31": "18.35330", "2010-09-30": "18.29390", "2010-06-30": "18.18620", "2010-03-31": "18.25130", "2009-12-31": "16.26650", "2009-09-30": "16.11800", "2009-06-30": "16.19440", "2009-03-31": "15.39100", "2008-12-31": "15.10580", "2008-09-30": "9.84990", "2008-06-30": "9.49590", "2008-03-31": "9.62470", "2007-12-31": "9.46900", "2007-09-30": "9.03980", "2007-06-30": "8.96350", "2007-03-31": "9.96010", "2006-12-31": "10.01080", "2006-09-30": "9.78300", "2006-06-30": "10.06610", "2006-03-31": "10.04000", "2005-12-31": "9.18930", "2005-09-30": "7.01620", "2005-06-30": "7.42940", "2005-03-31": "7.68850"}, "Operating Cash Flow Per Share": {"2020-09-30": 0.7232, "2020-06-30": 0.7351, "2020-03-31": "1.01780", "2019-12-31": 1.4932, "2019-09-30": 0.8607, "2019-06-30": 1.4805, "2019-03-31": "0.85160", "2018-12-31": 1.624, "2018-09-30": 1.2365, "2018-06-30": 1.2172, "2018-03-31": "1.20170", "2017-12-31": 1.9467, "2017-09-30": -0.5628, "2017-06-30": 1.7442, "2017-03-31": "1.25980", "2016-12-31": 2.0402, "2016-09-30": 1.8311, "2016-06-30": 1.4075, "2016-03-31": "1.09280", "2015-12-31": 1.5564, "2015-09-30": 1.7152, "2015-06-30": 1.3999, "2015-03-31": "0.18660", "2014-12-31": 1.979, "2014-09-30": 1.5829, "2014-06-30": 0.2143, "2014-03-31": "2.33330", "2013-12-31": 1.3075, "2013-09-30": 1.093, "2013-06-30": 1.523, "2013-03-31": "2.25100", "2012-12-31": 1.0365, "2012-09-30": 0.5519, "2012-06-30": 1.0703, "2012-03-31": "2.01120", "2011-12-31": 1.4644, "2011-09-30": 0.8055, "2011-06-30": 1.086, "2011-03-31": "2.96660", "2010-12-31": 0.3389, "2010-09-30": 0.7893, "2010-06-30": 0.1399, "2010-03-31": "2.60090", "2009-12-31": 0.8642, "2009-09-30": 0.8903, "2009-06-30": 1.3373, "2009-03-31": "3.73990", "2008-12-31": -0.0155, "2008-09-30": -0.2566, "2008-06-30": -1.5921, "2008-03-31": "4.11310", "2007-12-31": 0.3936, "2007-09-30": 0.2038, "2007-06-30": 0.4242, "2007-03-31": "3.85580", "2006-12-31": 0.2171, "2006-09-30": 0.3592, "2006-06-30": -0.303, "2006-03-31": "3.60090", "2005-12-31": -1.9069, "2005-09-30": -0.8213, "2005-06-30": -0.401, "2005-03-31": "2.34050"}, "Free Cash Flow Per Share": {"2020-09-30": 0.0796, "2020-06-30": -0.6535, "2020-03-31": "-1.26870", "2019-12-31": -1.1783, "2019-09-30": -1.5866, "2019-06-30": -0.5212, "2019-03-31": "-1.29110", "2018-12-31": -0.3918, "2018-09-30": -0.4354, "2018-06-30": 0.3757, "2018-03-31": "0.56070", "2017-12-31": 1.0943, "2017-09-30": -0.513, "2017-06-30": 1.364, "2017-03-31": "0.73340", "2016-12-31": 1.4381, "2016-09-30": 1.0934, "2016-06-30": 0.786, "2016-03-31": "0.23270", "2015-12-31": 0.3345, "2015-09-30": 0.2985, "2015-06-30": 0.0458, "2015-03-31": "-1.44660", "2014-12-31": -0.7356, "2014-09-30": -0.2162, "2014-06-30": -1.6465, "2014-03-31": "0.29000", "2013-12-31": -1.7843, "2013-09-30": -1.451, "2013-06-30": -1.1577, "2013-03-31": "-0.12880", "2012-12-31": -1.8703, "2012-09-30": -1.662, "2012-06-30": -0.9652, "2012-03-31": "0.36900", "2011-12-31": -0.6942, "2011-09-30": -0.8381, "2011-06-30": -0.4455, "2011-03-31": "2.07750", "2010-12-31": -0.6926, "2010-09-30": 1.9387, "2010-06-30": -0.3764, "2010-03-31": "2.28570", "2009-12-31": 0.032, "2009-09-30": -0.0706, "2009-06-30": 0.6051, "2009-03-31": "2.59580", "2008-12-31": -2.0862, "2008-09-30": -2.1219, "2008-06-30": -3.0047, "2008-03-31": "2.50960", "2007-12-31": -1.3025, "2007-09-30": -1.0383, "2007-06-30": -0.3681, "2007-03-31": "3.41930", "2006-12-31": -0.3647, "2006-09-30": -0.1003, "2006-06-30": 0.6414, "2006-03-31": "3.35470", "2005-12-31": 0.2572, "2005-09-30": -1.0051, "2005-06-30": -0.7023, "2005-03-31": "2.07780"}}, "revenue": {"ONEOK Annual Revenue (Millions of US $)": {"2019": "$10,164", "2018": "$12,593", "2017": "$12,174", "2016": "$8,921", "2015": "$7,763", "2014": "$12,195", "2013": "$11,872", "2012": "$10,184", "2011": "$14,806", "2010": "$12,679", "2009": "$10,806", "2008": "$16,157", "2007": "$13,477", "2006": "$11,920", "2005": "$12,676"}, "ONEOK Quarterly Revenue (Millions of US $)": {"2020-09-30": "$2,174", "2020-06-30": "$1,661", "2020-03-31": "$2,137", "2019-12-31": "$2,664", "2019-09-30": "$2,263", "2019-06-30": "$2,458", "2019-03-31": "$2,780", "2018-12-31": "$3,137", "2018-09-30": "$3,394", "2018-06-30": "$2,961", "2018-03-31": "$3,102", "2017-12-31": "$3,792", "2017-09-30": "$2,906", "2017-06-30": "$2,726", "2017-03-31": "$2,750", "2016-12-31": "$2,654", "2016-09-30": "$2,358", "2016-06-30": "$2,134", "2016-03-31": "$1,774", "2015-12-31": "$1,931", "2015-09-30": "$1,899", "2015-06-30": "$2,128", "2015-03-31": "$1,805", "2014-12-31": "$2,845", "2014-09-30": "$3,120", "2014-06-30": "$3,067", "2014-03-31": "$3,163", "2013-12-31": "$3,450", "2013-09-30": "$3,135", "2013-06-30": "$2,769", "2013-03-31": "$2,518", "2012-12-31": "$1,211", "2012-09-30": "$3,029", "2012-06-30": "$2,529", "2012-03-31": "$3,415", "2011-12-31": "$4,071", "2011-09-30": "$3,529", "2011-06-30": "$3,445", "2011-03-31": "$3,761", "2010-12-31": "$3,005", "2010-09-30": "$2,943", "2010-06-30": "$2,807", "2010-03-31": "$3,924", "2009-12-31": "$3,424", "2009-09-30": "$2,365", "2009-06-30": "$2,228", "2009-03-31": "$2,790", "2008-12-31": "$2,843", "2008-09-30": "$4,239", "2008-06-30": "$4,173", "2008-03-31": "$4,902", "2007-12-31": "$3,985", "2007-09-30": "$2,810", "2007-06-30": "$2,876", "2007-03-31": "$3,806", "2006-12-31": "$3,074", "2006-09-30": "$2,645", "2006-06-30": "$2,432", "2006-03-31": "$3,848", "2005-12-31": "$4,696", "2005-09-30": "$3,192", "2005-06-30": "$2,081", "2005-03-31": "$2,707"}}, "gross-profit": {"ONEOK Annual Gross Profit (Millions of US $)": {"2019": "$3,376", "2018": "$3,170", "2017": "$2,636", "2016": "$2,425", "2015": "$2,122", "2014": "$2,107", "2013": "$1,650", "2012": "$1,644", "2011": "$2,380", "2010": "$2,062", "2009": "$1,998", "2008": "$1,936", "2007": "$1,810", "2006": "$1,722", "2005": "$1,338"}, "ONEOK Quarterly Gross Profit (Millions of US $)": {"2020-09-30": "$909", "2020-06-30": "$720", "2020-03-31": "$860", "2019-12-31": "$872", "2019-09-30": "$849", "2019-06-30": "$832", "2019-03-31": "$824", "2018-12-31": "$819", "2018-09-30": "$833", "2018-06-30": "$785", "2018-03-31": "$734", "2017-12-31": "$718", "2017-09-30": "$677", "2017-06-30": "$635", "2017-03-31": "$606", "2016-12-31": "$633", "2016-09-30": "$606", "2016-06-30": "$607", "2016-03-31": "$579", "2015-12-31": "$598", "2015-09-30": "$538", "2015-06-30": "$525", "2015-03-31": "$461", "2014-12-31": "$563", "2014-09-30": "$537", "2014-06-30": "$495", "2014-03-31": "$511", "2013-12-31": "$442", "2013-09-30": "$424", "2013-06-30": "$413", "2013-03-31": "$371", "2012-12-31": "$-103", "2012-09-30": "$554", "2012-06-30": "$549", "2012-03-31": "$644", "2011-12-31": "$699", "2011-09-30": "$533", "2011-06-30": "$519", "2011-03-31": "$630", "2010-12-31": "$533", "2010-09-30": "$451", "2010-06-30": "$458", "2010-03-31": "$619", "2009-12-31": "$562", "2009-09-30": "$452", "2009-06-30": "$432", "2009-03-31": "$551", "2008-12-31": "$474", "2008-09-30": "$455", "2008-06-30": "$421", "2008-03-31": "$586", "2007-12-31": "$537", "2007-09-30": "$340", "2007-06-30": "$368", "2007-03-31": "$565", "2006-12-31": "$471", "2006-09-30": "$350", "2006-06-30": "$398", "2006-03-31": "$501", "2005-12-31": "$408", "2005-09-30": "$329", "2005-06-30": "$230", "2005-03-31": "$370"}}, "operating-income": {"ONEOK Annual Operating Income (Millions of US $)": {"2019": "$1,914", "2018": "$1,835", "2017": "$1,392", "2016": "$1,296", "2015": "$996", "2014": "$1,144", "2013": "$881", "2012": "$953", "2011": "$1,159", "2010": "$943", "2009": "$883", "2008": "$917", "2007": "$823", "2006": "$862", "2005": "$804"}, "ONEOK Quarterly Operating Income (Millions of US $)": {"2020-09-30": "$550", "2020-06-30": "$356", "2020-03-31": "$-83", "2019-12-31": "$487", "2019-09-30": "$482", "2019-06-30": "$476", "2019-03-31": "$469", "2018-12-31": "$472", "2018-09-30": "$496", "2018-06-30": "$448", "2018-03-31": "$420", "2017-12-31": "$401", "2017-09-30": "$355", "2017-06-30": "$319", "2017-03-31": "$317", "2016-12-31": "$340", "2016-09-30": "$329", "2016-06-30": "$315", "2016-03-31": "$311", "2015-12-31": "$242", "2015-09-30": "$285", "2015-06-30": "$273", "2015-03-31": "$196", "2014-12-31": "$307", "2014-09-30": "$291", "2014-06-30": "$251", "2014-03-31": "$294", "2013-12-31": "$246", "2013-09-30": "$231", "2013-06-30": "$228", "2013-03-31": "$175", "2012-12-31": "$151", "2012-09-30": "$243", "2012-06-30": "$234", "2012-03-31": "$326", "2011-12-31": "$365", "2011-09-30": "$249", "2011-06-30": "$216", "2011-03-31": "$328", "2010-12-31": "$240", "2010-09-30": "$187", "2010-06-30": "$179", "2010-03-31": "$337", "2009-12-31": "$261", "2009-09-30": "$174", "2009-06-30": "$155", "2009-03-31": "$293", "2008-12-31": "$219", "2008-09-30": "$192", "2008-06-30": "$173", "2008-03-31": "$333", "2007-12-31": "$256", "2007-09-30": "$103", "2007-06-30": "$136", "2007-03-31": "$328", "2006-12-31": "$203", "2006-09-30": "$120", "2006-06-30": "$270", "2006-03-31": "$270", "2005-12-31": "$455", "2005-09-30": "$110", "2005-06-30": "$52", "2005-03-31": "$186"}}, "ebitda": {"ONEOK Annual EBITDA (Millions of US $)": {"2019": "$2,391", "2018": "$2,264", "2017": "$1,798", "2016": "$1,687", "2015": "$1,351", "2014": "$1,450", "2013": "$1,265", "2012": "$1,300", "2011": "$1,471", "2010": "$1,250", "2009": "$1,172", "2008": "$1,161", "2007": "$1,051", "2006": "$1,098", "2005": "$987"}, "ONEOK Quarterly EBITDA (Millions of US $)": {"2020-09-30": "$704", "2020-06-30": "$-146", "2020-03-31": "$691", "2019-12-31": "$613", "2019-09-30": "$604", "2019-06-30": "$591", "2019-03-31": "$583", "2018-12-31": "$583", "2018-09-30": "$603", "2018-06-30": "$555", "2018-03-31": "$524", "2017-12-31": "$484", "2017-09-30": "$477", "2017-06-30": "$420", "2017-03-31": "$417", "2016-12-31": "$439", "2016-09-30": "$428", "2016-06-30": "$415", "2016-03-31": "$406", "2015-12-31": "$335", "2015-09-30": "$373", "2015-06-30": "$360", "2015-03-31": "$282", "2014-12-31": "$387", "2014-09-30": "$366", "2014-06-30": "$323", "2014-03-31": "$373", "2013-12-31": "$354", "2013-09-30": "$326", "2013-06-30": "$320", "2013-03-31": "$265", "2012-12-31": "$237", "2012-09-30": "$324", "2012-06-30": "$319", "2012-03-31": "$420", "2011-12-31": "$443", "2011-09-30": "$325", "2011-06-30": "$295", "2011-03-31": "$408", "2010-12-31": "$316", "2010-09-30": "$264", "2010-06-30": "$254", "2010-03-31": "$415", "2009-12-31": "$335", "2009-09-30": "$246", "2009-06-30": "$226", "2009-03-31": "$365", "2008-12-31": "$283", "2008-09-30": "$252", "2008-06-30": "$233", "2008-03-31": "$393", "2007-12-31": "$315", "2007-09-30": "$159", "2007-06-30": "$191", "2007-03-31": "$385", "2006-12-31": "$259", "2006-09-30": "$175", "2006-06-30": "$337", "2006-03-31": "$327", "2005-12-31": "$504", "2005-09-30": "$158", "2005-06-30": "$96", "2005-03-31": "$230"}}, "net-income": {"ONEOK Annual Net Income (Millions of US $)": {"2019": "$1,277", "2018": "$1,151", "2017": "$387", "2016": "$352", "2015": "$245", "2014": "$314", "2013": "$267", "2012": "$361", "2011": "$361", "2010": "$335", "2009": "$305", "2008": "$312", "2007": "$305", "2006": "$306", "2005": "$547"}, "ONEOK Quarterly Net Income (Millions of US $)": {"2020-09-30": "$312", "2020-06-30": "$134", "2020-03-31": "$-142", "2019-12-31": "$320", "2019-09-30": "$309", "2019-06-30": "$312", "2019-03-31": "$337", "2018-12-31": "$293", "2018-09-30": "$313", "2018-06-30": "$281", "2018-03-31": "$264", "2017-12-31": "$63", "2017-09-30": "$165", "2017-06-30": "$71", "2017-03-31": "$87", "2016-12-31": "$91", "2016-09-30": "$92", "2016-06-30": "$86", "2016-03-31": "$83", "2015-12-31": "$26", "2015-09-30": "$82", "2015-06-30": "$77", "2015-03-31": "$61", "2014-12-31": "$95", "2014-09-30": "$64", "2014-06-30": "$62", "2014-03-31": "$94", "2013-12-31": "$91", "2013-09-30": "$62", "2013-06-30": "$1", "2013-03-31": "$113", "2012-12-31": "$112", "2012-09-30": "$65", "2012-06-30": "$61", "2012-03-31": "$123", "2011-12-31": "$115", "2011-09-30": "$60", "2011-06-30": "$55", "2011-03-31": "$130", "2010-12-31": "$83", "2010-09-30": "$55", "2010-06-30": "$42", "2010-03-31": "$155", "2009-12-31": "$93", "2009-09-30": "$48", "2009-06-30": "$42", "2009-03-31": "$122", "2008-12-31": "$68", "2008-09-30": "$58", "2008-06-30": "$42", "2008-03-31": "$144", "2007-12-31": "$103", "2007-09-30": "$14", "2007-06-30": "$35", "2007-03-31": "$153", "2006-12-31": "$75", "2006-09-30": "$24", "2006-06-30": "$78", "2006-03-31": "$129", "2005-12-31": "$238", "2005-09-30": "$176", "2005-06-30": "$25", "2005-03-31": "$108"}}, "eps-earnings-per-share-diluted": {"ONEOK Annual EPS": {"2019": "$3.07", "2018": "$2.78", "2017": "$1.29", "2016": "$1.66", "2015": "$1.16", "2014": "$1.49", "2013": "$1.27", "2012": "$1.71", "2011": "$1.68", "2010": "$1.55", "2009": "$1.44", "2008": "$1.48", "2007": "$1.40", "2006": "$1.34", "2005": "$2.53"}, "ONEOK Quarterly EPS": {"2020-09-30": "$0.70", "2020-06-30": "$0.32", "2020-03-31": "$-0.34", "2019-12-31": "$0.77", "2019-09-30": "$0.74", "2019-06-30": "$0.75", "2019-03-31": "$0.81", "2018-12-31": "$0.71", "2018-09-30": "$0.75", "2018-06-30": "$0.68", "2018-03-31": "$0.64", "2017-12-31": "$0.12", "2017-09-30": "$0.43", "2017-06-30": "$0.33", "2017-03-31": "$0.41", "2016-12-31": "$0.43", "2016-09-30": "$0.43", "2016-06-30": "$0.40", "2016-03-31": "$0.40", "2015-12-31": "$0.12", "2015-09-30": "$0.39", "2015-06-30": "$0.36", "2015-03-31": "$0.29", "2014-12-31": "$0.44", "2014-09-30": "$0.31", "2014-06-30": "$0.29", "2014-03-31": "$0.45", "2013-12-31": "$0.43", "2013-09-30": "$0.30", "2013-06-30": "$0.00", "2013-03-31": "$0.54", "2012-12-31": "$0.53", "2012-09-30": "$0.31", "2012-06-30": "$0.29", "2012-03-31": "$0.58", "2011-12-31": "$0.56", "2011-09-30": "$0.28", "2011-06-30": "$0.25", "2011-03-31": "$0.60", "2010-12-31": "$0.38", "2010-09-30": "$0.26", "2010-06-30": "$0.20", "2010-03-31": "$0.72", "2009-12-31": "$0.44", "2009-09-30": "$0.23", "2009-06-30": "$0.20", "2009-03-31": "$0.58", "2008-12-31": "$0.33", "2008-09-30": "$0.28", "2008-06-30": "$0.20", "2008-03-31": "$0.68", "2007-12-31": "$0.49", "2007-09-30": "$0.07", "2007-06-30": "$0.16", "2007-03-31": "$0.68", "2006-12-31": "$0.33", "2006-09-30": "$0.11", "2006-06-30": "$0.33", "2006-03-31": "$0.59", "2005-12-31": "$1.12", "2005-09-30": "$0.81", "2005-06-30": "$0.12", "2005-03-31": "$0.49"}}, "shares-outstanding": {"ONEOK Annual Shares Outstanding (Millions of Shares)": {"2019": "415", "2018": "414", "2017": "300", "2016": "212", "2015": "211", "2014": "210", "2013": "210", "2012": "211", "2011": "214", "2010": "216", "2009": "213", "2008": "212", "2007": "219", "2006": "229", "2005": "216"}, "ONEOK Quarterly Shares Outstanding (Millions of Shares)": {"2020-09-30": "446", "2020-06-30": "420", "2020-03-31": "415", "2019-12-31": "415", "2019-09-30": "416", "2019-06-30": "415", "2019-03-31": "415", "2018-12-31": "414", "2018-09-30": "415", "2018-06-30": "415", "2018-03-31": "412", "2017-12-31": "300", "2017-09-30": "383", "2017-06-30": "214", "2017-03-31": "214", "2016-12-31": "212", "2016-09-30": "213", "2016-06-30": "213", "2016-03-31": "211", "2015-12-31": "211", "2015-09-30": "211", "2015-06-30": "210", "2015-03-31": "210", "2014-12-31": "210", "2014-09-30": "211", "2014-06-30": "211", "2014-03-31": "210", "2013-12-31": "210", "2013-09-30": "210", "2013-06-30": "209", "2013-03-31": "209", "2012-12-31": "211", "2012-09-30": "210", "2012-06-30": "212", "2012-03-31": "212", "2011-12-31": "214", "2011-09-30": "212", "2011-06-30": "216", "2011-03-31": "218", "2010-12-31": "216", "2010-09-30": "215", "2010-06-30": "216", "2010-03-31": "215", "2009-12-31": "213", "2009-09-30": "213", "2009-06-30": "212", "2009-03-31": "211", "2008-12-31": "212", "2008-09-30": "211", "2008-06-30": "212", "2008-03-31": "212", "2007-12-31": "211", "2007-09-30": "212", "2007-06-30": "226", "2007-03-31": "225", "2006-12-31": "225", "2006-09-30": "230", "2006-06-30": "238", "2006-03-31": "222", "2005-12-31": "216", "2005-09-30": "217", "2005-06-30": "218", "2005-03-31": "222"}}, "total-assets": {"ONEOK Annual Total Assets (Millions of US $)": {"2019": "$21,812", "2018": "$18,232", "2017": "$16,846", "2016": "$16,139", "2015": "$15,446", "2014": "$15,262", "2013": "$17,741", "2012": "$15,855", "2011": "$13,697", "2010": "$12,499", "2009": "$12,828", "2008": "$13,126", "2007": "$11,062", "2006": "$10,391", "2005": "$9,312"}, "ONEOK Quarterly Total Assets (Millions of US $)": {"2020-09-30": "$22,781", "2020-06-30": "$22,992", "2020-03-31": "$21,969", "2019-12-31": "$21,812", "2019-09-30": "$21,336", "2019-06-30": "$19,752", "2019-03-31": "$18,934", "2018-12-31": "$18,232", "2018-09-30": "$17,911", "2018-06-30": "$16,914", "2018-03-31": "$16,432", "2017-12-31": "$16,846", "2017-09-30": "$16,765", "2017-06-30": "$16,673", "2017-03-31": "$16,068", "2016-12-31": "$16,139", "2016-09-30": "$15,982", "2016-06-30": "$15,823", "2016-03-31": "$15,501", "2015-12-31": "$15,446", "2015-09-30": "$15,508", "2015-06-30": "$15,651", "2015-03-31": "$15,533", "2014-12-31": "$15,262", "2014-09-30": "$14,312", "2014-06-30": "$14,385", "2014-03-31": "$13,653", "2013-12-31": "$17,741", "2013-09-30": "$17,610", "2013-06-30": "$15,842", "2013-03-31": "$15,446", "2012-12-31": "$15,855", "2012-09-30": "$15,364", "2012-06-30": "$13,817", "2012-03-31": "$14,252", "2011-12-31": "$13,697", "2011-09-30": "$13,171", "2011-06-30": "$13,036", "2011-03-31": "$13,040", "2010-12-31": "$12,499", "2010-09-30": "$11,930", "2010-06-30": "$12,120", "2010-03-31": "$12,329", "2009-12-31": "$12,828", "2009-09-30": "$12,029", "2009-06-30": "$11,834", "2009-03-31": "$11,940", "2008-12-31": "$13,126", "2008-09-30": "$12,222", "2008-06-30": "$12,169", "2008-03-31": "$11,240", "2007-12-31": "$11,062", "2007-09-30": "$10,922", "2007-06-30": "$9,989", "2007-03-31": "$10,349", "2006-12-31": "$10,391", "2006-09-30": "$10,189", "2006-06-30": "$10,176", "2006-03-31": "$10,731", "2005-12-31": "$9,312", "2005-09-30": "$10,362", "2005-06-30": "$6,697", "2005-03-31": "$6,850"}}, "cash-on-hand": {"ONEOK Annual Cash on Hand (Millions of US $)": {"2019": "$21", "2018": "$12", "2017": "$37", "2016": "$249", "2015": "$98", "2014": "$173", "2013": "$146", "2012": "$584", "2011": "$66", "2010": "$30", "2009": "$29", "2008": "$510", "2007": "$19", "2006": "$99", "2005": "$159"}, "ONEOK Quarterly Cash on Hand (Millions of US $)": {"2020-09-30": "$447", "2020-06-30": "$946", "2020-03-31": "$532", "2019-12-31": "$21", "2019-09-30": "$673", "2019-06-30": "$273", "2019-03-31": "$28", "2018-12-31": "$12", "2018-09-30": "$84", "2018-06-30": "$15", "2018-03-31": "$17", "2017-12-31": "$37", "2017-09-30": "$12", "2017-06-30": "$332", "2017-03-31": "$311", "2016-12-31": "$249", "2016-09-30": "$237", "2016-06-30": "$181", "2016-03-31": "$137", "2015-12-31": "$98", "2015-09-30": "$38", "2015-06-30": "$226", "2015-03-31": "$239", "2014-12-31": "$173", "2014-09-30": "$151", "2014-06-30": "$359", "2014-03-31": "$210", "2013-12-31": "$146", "2013-09-30": "$780", "2013-06-30": "$34", "2013-03-31": "$144", "2012-12-31": "$584", "2012-09-30": "$979", "2012-06-30": "$115", "2012-03-31": "$781", "2011-12-31": "$66", "2011-09-30": "$148", "2011-06-30": "$478", "2011-03-31": "$870", "2010-12-31": "$30", "2010-09-30": "$50", "2010-06-30": "$103", "2010-03-31": "$167", "2009-12-31": "$29", "2009-09-30": "$52", "2009-06-30": "$47", "2009-03-31": "$179", "2008-12-31": "$510", "2008-09-30": "$73", "2008-06-30": "$99", "2008-03-31": "$269", "2007-12-31": "$19", "2007-09-30": "$834", "2007-06-30": "$329", "2007-03-31": "$764", "2006-12-31": "$99", "2006-09-30": "$409", "2006-06-30": "$645", "2006-03-31": "$37", "2005-12-31": "$159", "2005-09-30": "$174", "2005-06-30": "$93", "2005-03-31": "$106"}}, "long-term-debt": {"ONEOK Annual Long Term Debt (Millions of US $)": {"2019": "$12,480", "2018": "$8,873", "2017": "$8,092", "2016": "$7,920", "2015": "$8,324", "2014": "$7,150", "2013": "$7,754", "2012": "$6,515", "2011": "$4,530", "2010": "$3,687", "2009": "$4,334", "2008": "$4,113", "2007": "$4,215", "2006": "$4,031", "2005": "$2,024"}, "ONEOK Quarterly Long Term Debt (Millions of US $)": {"2020-09-30": "$14,249", "2020-06-30": "$14,276", "2020-03-31": "$14,147", "2019-12-31": "$12,480", "2019-09-30": "$12,479", "2019-06-30": "$10,754", "2019-03-31": "$10,004", "2018-12-31": "$8,873", "2018-09-30": "$8,326", "2018-06-30": "$7,091", "2018-03-31": "$7,092", "2017-12-31": "$8,092", "2017-09-30": "$8,092", "2017-06-30": "$7,836", "2017-03-31": "$7,920", "2016-12-31": "$7,920", "2016-09-30": "$8,320", "2016-06-30": "$8,320", "2016-03-31": "$8,320", "2015-12-31": "$8,324", "2015-09-30": "$7,774", "2015-06-30": "$7,291", "2015-03-31": "$7,340", "2014-12-31": "$7,150", "2014-09-30": "$7,195", "2014-06-30": "$7,197", "2014-03-31": "$7,199", "2013-12-31": "$7,754", "2013-09-30": "$7,757", "2013-06-30": "$6,511", "2013-03-31": "$6,513", "2012-12-31": "$6,515", "2012-09-30": "$6,517", "2012-06-30": "$5,225", "2012-03-31": "$5,226", "2011-12-31": "$4,530", "2011-09-30": "$4,532", "2011-06-30": "$4,623", "2011-03-31": "$4,976", "2010-12-31": "$3,687", "2010-09-30": "$3,692", "2010-06-30": "$3,698", "2010-03-31": "$4,103", "2009-12-31": "$4,334", "2009-09-30": "$4,340", "2009-06-30": "$4,346", "2009-03-31": "$4,603", "2008-12-31": "$4,113", "2008-09-30": "$4,102", "2008-06-30": "$4,105", "2008-03-31": "$4,118", "2007-12-31": "$4,215", "2007-09-30": "$4,211", "2007-06-30": "$3,609", "2007-03-31": "$3,627", "2006-12-31": "$4,031", "2006-09-30": "$4,036", "2006-06-30": "$2,630", "2006-03-31": "$3,104", "2005-12-31": "$2,024", "2005-09-30": "$2,104", "2005-06-30": "$2,418", "2005-03-31": "$1,612"}}, "total-liabilities": {"ONEOK Annual Total Liabilities (Millions of US $)": {"2019": "$15,586", "2018": "$11,652", "2017": "$11,161", "2016": "$12,710", "2015": "$11,680", "2014": "$11,256", "2013": "$12,896", "2012": "$11,623", "2011": "$9,897", "2010": "$8,578", "2009": "$9,382", "2008": "$9,959", "2007": "$9,093", "2006": "$8,175", "2005": "$7,517"}, "ONEOK Quarterly Total Liabilities (Millions of US $)": {"2020-09-30": "$16,635", "2020-06-30": "$16,752", "2020-03-31": "$16,409", "2019-12-31": "$15,586", "2019-09-30": "$15,117", "2019-06-30": "$13,403", "2019-03-31": "$12,492", "2018-12-31": "$11,652", "2018-09-30": "$11,259", "2018-06-30": "$10,075", "2018-03-31": "$9,563", "2017-12-31": "$11,161", "2017-09-30": "$11,248", "2017-06-30": "$11,108", "2017-03-31": "$12,598", "2016-12-31": "$12,710", "2016-09-30": "$12,542", "2016-06-30": "$12,331", "2016-03-31": "$11,856", "2015-12-31": "$11,680", "2015-09-30": "$11,471", "2015-06-30": "$11,652", "2015-03-31": "$11,640", "2014-12-31": "$11,256", "2014-09-30": "$10,553", "2014-06-30": "$10,591", "2014-03-31": "$10,525", "2013-12-31": "$12,896", "2013-09-30": "$12,920", "2013-06-30": "$11,668", "2013-03-31": "$11,242", "2012-12-31": "$11,623", "2012-09-30": "$11,189", "2012-06-30": "$9,611", "2012-03-31": "$9,873", "2011-12-31": "$9,897", "2011-09-30": "$9,489", "2011-06-30": "$9,339", "2011-03-31": "$9,083", "2010-12-31": "$8,578", "2010-09-30": "$8,034", "2010-06-30": "$8,249", "2010-03-31": "$8,450", "2009-12-31": "$9,382", "2009-09-30": "$8,630", "2009-06-30": "$8,421", "2009-03-31": "$8,699", "2008-12-31": "$9,959", "2008-09-30": "$10,164", "2008-06-30": "$10,186", "2008-03-31": "$9,233", "2007-12-31": "$9,093", "2007-09-30": "$9,047", "2007-06-30": "$8,127", "2007-03-31": "$8,138", "2006-12-31": "$8,175", "2006-09-30": "$8,033", "2006-06-30": "$7,810", "2006-03-31": "$8,376", "2005-12-31": "$7,517", "2005-09-30": "$8,977", "2005-06-30": "$5,199", "2005-03-31": "$5,278"}}, "total-share-holder-equity": {"ONEOK Annual Share Holder Equity (Millions of US $)": {"2019": "$6,226", "2018": "$6,580", "2017": "$5,685", "2016": "$3,429", "2015": "$3,766", "2014": "$4,006", "2013": "$4,845", "2012": "$4,232", "2011": "$3,800", "2010": "$3,921", "2009": "$3,445", "2008": "$3,168", "2007": "$1,969", "2006": "$2,216", "2005": "$1,795"}, "ONEOK Quarterly Share Holder Equity (Millions of US $)": {"2020-09-30": "$6,146", "2020-06-30": "$6,241", "2020-03-31": "$5,561", "2019-12-31": "$6,226", "2019-09-30": "$6,219", "2019-06-30": "$6,348", "2019-03-31": "$6,442", "2018-12-31": "$6,580", "2018-09-30": "$6,653", "2018-06-30": "$6,838", "2018-03-31": "$6,869", "2017-12-31": "$5,685", "2017-09-30": "$5,516", "2017-06-30": "$5,565", "2017-03-31": "$3,470", "2016-12-31": "$3,429", "2016-09-30": "$3,440", "2016-06-30": "$3,492", "2016-03-31": "$3,646", "2015-12-31": "$3,766", "2015-09-30": "$4,037", "2015-06-30": "$3,999", "2015-03-31": "$3,893", "2014-12-31": "$4,006", "2014-09-30": "$3,759", "2014-06-30": "$3,793", "2014-03-31": "$3,128", "2013-12-31": "$4,845", "2013-09-30": "$4,691", "2013-06-30": "$4,174", "2013-03-31": "$4,204", "2012-12-31": "$4,232", "2012-09-30": "$4,176", "2012-06-30": "$4,206", "2012-03-31": "$4,379", "2011-12-31": "$3,800", "2011-09-30": "$3,682", "2011-06-30": "$3,698", "2011-03-31": "$3,957", "2010-12-31": "$3,921", "2010-09-30": "$3,895", "2010-06-30": "$3,871", "2010-03-31": "$3,880", "2009-12-31": "$3,445", "2009-09-30": "$3,400", "2009-06-30": "$3,413", "2009-03-31": "$3,241", "2008-12-31": "$3,168", "2008-09-30": "$2,058", "2008-06-30": "$1,983", "2008-03-31": "$2,007", "2007-12-31": "$1,969", "2007-09-30": "$1,876", "2007-06-30": "$1,862", "2007-03-31": "$2,211", "2006-12-31": "$2,216", "2006-09-30": "$2,156", "2006-06-30": "$2,366", "2006-03-31": "$2,355", "2005-12-31": "$1,795", "2005-09-30": "$1,385", "2005-06-30": "$1,498", "2005-03-31": "$1,572"}}, "profit-margins": {"current": "7.24%"}, "gross margin": {"2020-09-30": "38.92%", "2020-06-30": "37.83%", "2020-03-31": "35.84%", "2019-12-31": "33.22%", "2019-09-30": "31.25%", "2019-06-30": "28.11%", "2019-03-31": "26.57%", "2018-12-31": "25.18%", "2018-09-30": "23.17%", "2018-06-30": "22.84%", "2018-03-31": "22.07%", "2017-12-31": "21.65%", "2017-09-30": "23.12%", "2017-06-30": "23.65%", "2017-03-31": "24.78%", "2016-12-31": "27.19%", "2016-09-30": "29.16%", "2016-06-30": "30.01%", "2016-03-31": "28.97%", "2015-12-31": "27.33%", "2015-09-30": "24.05%", "2015-06-30": "21.07%", "2015-03-31": "18.97%", "2014-12-31": "17.27%", "2014-09-30": "15.51%", "2014-06-30": "14.61%", "2014-03-31": "14.30%", "2013-12-31": "13.90%", "2013-09-30": "11.47%", "2013-06-30": "12.96%", "2013-03-31": "14.76%", "2012-12-31": "16.14%", "2012-09-30": "18.75%", "2012-06-30": "17.90%", "2012-03-31": "16.56%", "2011-12-31": "16.08%", "2011-09-30": "16.12%", "2011-06-30": "16.22%", "2011-03-31": "16.55%", "2010-12-31": "16.26%", "2010-09-30": "15.96%", "2010-06-30": "16.70%", "2010-03-31": "17.29%", "2009-12-31": "18.48%", "2009-09-30": "18.67%", "2009-06-30": "15.80%", "2009-03-31": "13.54%", "2008-12-31": "11.98%", "2008-09-30": "11.56%", "2008-06-30": "11.87%", "2008-03-31": "12.56%", "2007-12-31": "13.43%", "2007-09-30": "13.88%", "2007-06-30": "14.14%", "2007-03-31": "14.92%", "2006-12-31": "14.33%", "2006-09-30": "12.17%", "2006-06-30": "11.55%", "2006-03-31": "10.62%", "2005-12-31": "10.55%"}, "operating margin": {"2020-09-30": "15.17%", "2020-06-30": "14.23%", "2020-03-31": "14.30%", "2019-12-31": "18.83%", "2019-09-30": "17.85%", "2019-06-30": "16.25%", "2019-03-31": "15.36%", "2018-12-31": "14.58%", "2018-09-30": "13.32%", "2018-06-30": "12.73%", "2018-03-31": "11.94%", "2017-12-31": "11.43%", "2017-09-30": "12.06%", "2017-06-30": "12.44%", "2017-03-31": "13.15%", "2016-12-31": "14.52%", "2016-09-30": "14.60%", "2016-06-30": "14.90%", "2016-03-31": "14.37%", "2015-12-31": "12.83%", "2015-09-30": "12.23%", "2015-06-30": "10.78%", "2015-03-31": "9.64%", "2014-12-31": "9.37%", "2014-09-30": "8.45%", "2014-06-30": "7.98%", "2014-03-31": "7.98%", "2013-12-31": "7.41%", "2013-09-30": "8.15%", "2013-06-30": "8.37%", "2013-03-31": "8.65%", "2012-12-31": "9.37%", "2012-09-30": "8.95%", "2012-06-30": "8.67%", "2012-03-31": "7.99%", "2011-12-31": "7.82%", "2011-09-30": "7.52%", "2011-06-30": "7.38%", "2011-03-31": "7.46%", "2010-12-31": "7.44%", "2010-09-30": "7.36%", "2010-06-30": "7.60%", "2010-03-31": "7.76%", "2009-12-31": "8.17%", "2009-09-30": "8.22%", "2009-06-30": "7.10%", "2009-03-31": "6.24%", "2008-12-31": "5.68%", "2008-09-30": "5.51%", "2008-06-30": "5.45%", "2008-03-31": "5.68%", "2007-12-31": "6.11%", "2007-09-30": "6.13%", "2007-06-30": "6.35%", "2007-03-31": "7.70%", "2006-12-31": "7.19%", "2006-09-30": "8.19%", "2006-06-30": "7.80%", "2006-03-31": "6.42%", "2005-12-31": "6.33%"}, "ebitda margin": {"2020-09-30": "21.56%", "2020-06-30": "20.19%", "2020-03-31": "26.24%", "2019-12-31": "23.52%", "2019-09-30": "22.19%", "2019-06-30": "20.05%", "2019-03-31": "18.94%", "2018-12-31": "17.98%", "2018-09-30": "16.35%", "2018-06-30": "15.99%", "2018-03-31": "15.21%", "2017-12-31": "14.77%", "2017-09-30": "15.88%", "2017-06-30": "16.25%", "2017-03-31": "17.17%", "2016-12-31": "18.92%", "2016-09-30": "19.32%", "2016-06-30": "19.76%", "2016-03-31": "19.06%", "2015-12-31": "17.39%", "2015-09-30": "16.16%", "2015-06-30": "14.09%", "2015-03-31": "12.53%", "2014-12-31": "11.88%", "2014-09-30": "11.06%", "2014-06-30": "10.74%", "2014-03-31": "10.97%", "2013-12-31": "10.66%", "2013-09-30": "11.92%", "2013-06-30": "12.03%", "2013-03-31": "12.33%", "2012-12-31": "12.77%", "2012-09-30": "11.55%", "2012-06-30": "11.13%", "2012-03-31": "10.26%", "2011-12-31": "9.94%", "2011-09-30": "9.78%", "2011-06-30": "9.75%", "2011-03-31": "9.92%", "2010-12-31": "9.85%", "2010-09-30": "9.68%", "2010-06-30": "9.98%", "2010-03-31": "10.23%", "2009-12-31": "10.84%", "2009-09-30": "10.95%", "2009-06-30": "9.31%", "2009-03-31": "8.07%", "2008-12-31": "7.19%", "2008-09-30": "6.90%", "2008-06-30": "6.93%", "2008-03-31": "7.26%", "2007-12-31": "7.79%", "2007-09-30": "7.91%", "2007-06-30": "8.14%", "2007-03-31": "9.67%", "2006-12-31": "9.15%", "2006-09-30": "9.86%", "2006-06-30": "9.36%", "2006-03-31": "7.85%", "2005-12-31": "7.79%"}, "pre tax profit margin": {"2020-09-30": "9.46%", "2020-06-30": "9.23%", "2020-03-31": "10.91%", "2019-12-31": "16.24%", "2019-09-30": "15.26%", "2019-06-30": "13.88%", "2019-03-31": "12.97%", "2018-12-31": "12.06%", "2018-09-30": "10.91%", "2018-06-30": "10.12%", "2018-03-31": "9.12%", "2017-12-31": "8.55%", "2017-09-30": "8.83%", "2017-06-30": "9.16%", "2017-03-31": "9.84%", "2016-12-31": "10.75%", "2016-09-30": "8.48%", "2016-06-30": "8.37%", "2016-03-31": "7.94%", "2015-12-31": "6.71%", "2015-09-30": "9.13%", "2015-06-30": "7.49%", "2015-03-31": "6.76%", "2014-12-31": "6.72%", "2014-09-30": "6.01%", "2014-06-30": "6.40%", "2014-03-31": "6.60%", "2013-12-31": "6.36%", "2013-09-30": "7.44%", "2013-06-30": "7.58%", "2013-03-31": "7.69%", "2012-12-31": "8.42%", "2012-09-30": "7.87%", "2012-06-30": "7.48%", "2012-03-31": "6.87%", "2011-12-31": "6.65%", "2011-09-30": "6.19%", "2011-06-30": "6.12%", "2011-03-31": "6.01%", "2010-12-31": "5.94%", "2010-09-30": "5.70%", "2010-06-30": "5.85%", "2010-03-31": "6.10%", "2009-12-31": "6.36%", "2009-09-30": "6.44%", "2009-06-30": "5.79%", "2009-03-31": "5.21%", "2008-12-31": "4.91%", "2008-09-30": "4.87%", "2008-06-30": "4.62%", "2008-03-31": "4.75%", "2007-12-31": "5.07%", "2007-09-30": "4.97%", "2007-06-30": "5.20%", "2007-03-31": "6.46%", "2006-12-31": "6.02%", "2006-09-30": "6.93%", "2006-06-30": "6.55%", "2006-03-31": "5.25%", "2005-12-31": "5.09%"}, "net profit margin": {"2020-09-30": "7.23%", "2020-06-30": "7.12%", "2020-03-31": "8.39%", "2019-12-31": "12.57%", "2019-09-30": "11.76%", "2019-06-30": "10.66%", "2019-03-31": "9.97%", "2018-12-31": "9.14%", "2018-09-30": "6.95%", "2018-06-30": "6.06%", "2018-03-31": "4.49%", "2017-12-31": "3.17%", "2017-09-30": "3.75%", "2017-06-30": "3.25%", "2017-03-31": "3.60%", "2016-12-31": "3.95%", "2016-09-30": "3.50%", "2016-06-30": "3.58%", "2016-03-31": "3.47%", "2015-12-31": "3.17%", "2015-09-30": "3.63%", "2015-06-30": "3.00%", "2015-03-31": "2.60%", "2014-12-31": "2.58%", "2014-09-30": "2.43%", "2014-06-30": "2.41%", "2014-03-31": "1.98%", "2013-12-31": "2.25%", "2013-09-30": "2.99%", "2013-06-30": "3.05%", "2013-03-31": "3.78%", "2012-12-31": "3.54%", "2012-09-30": "2.79%", "2012-06-30": "2.65%", "2012-03-31": "2.44%", "2011-12-31": "2.43%", "2011-09-30": "2.39%", "2011-06-30": "2.46%", "2011-03-31": "2.48%", "2010-12-31": "2.64%", "2010-09-30": "2.63%", "2010-06-30": "2.70%", "2010-03-31": "2.83%", "2009-12-31": "2.82%", "2009-09-30": "2.74%", "2009-06-30": "2.40%", "2009-03-31": "2.06%", "2008-12-31": "1.93%", "2008-09-30": "2.01%", "2008-06-30": "1.91%", "2008-03-31": "2.03%", "2007-12-31": "2.26%", "2007-09-30": "2.20%", "2007-06-30": "2.31%", "2007-03-31": "2.76%", "2006-12-31": "2.55%", "2006-09-30": "3.44%", "2006-06-30": "4.38%", "2006-03-31": "4.11%", "2005-12-31": "4.32%"}, "pe ratio": {"current": "16.55", "2021-02-11": "30.54", "2020-09-30": "16.96", "2020-06-30": "20.42", "2020-03-31": "10.06", "2019-12-31": "21.57", "2019-09-30": "21.22", "2019-06-30": "19.49", "2019-03-31": "20.00", "2018-12-31": "16.18", "2018-09-30": "24.91", "2018-06-30": "29.59", "2018-03-31": "29.15", "2017-12-31": "31.70", "2017-09-30": "26.93", "2017-06-30": "25.01", "2017-03-31": "25.17", "2016-12-31": "25.93", "2016-09-30": "28.19", "2016-06-30": "26.46", "2016-03-31": "16.88", "2015-12-31": "14.88", "2015-09-30": "14.85", "2015-06-30": "18.94", "2015-03-31": "24.06", "2014-12-31": "22.01", "2014-09-30": "29.08", "2014-06-30": "30.14", "2014-03-31": "32.44", "2013-12-31": "27.40", "2013-09-30": "21.63", "2013-06-30": "16.52", "2013-03-31": "15.64", "2012-12-31": "13.60", "2012-09-30": "15.13", "2012-06-30": "13.34", "2012-03-31": "13.05", "2011-12-31": "13.64", "2011-09-30": "11.44", "2011-06-30": "12.97", "2011-03-31": "12.13", "2010-12-31": "9.17", "2010-09-30": "7.12", "2010-06-30": "6.90", "2010-03-31": "7.22", "2009-12-31": "7.66", "2009-09-30": "6.74", "2009-06-30": "5.16", "2009-03-31": "3.90", "2008-12-31": "4.62", "2008-09-30": "4.84", "2008-06-30": "7.81", "2008-03-31": "7.28", "2007-12-31": "7.25", "2007-09-30": "8.61", "2007-06-30": "8.80", "2007-03-31": "6.88", "2006-12-31": "7.00"}, "price sales": {"2021-02-11": "2.17", "2020-09-30": "1.21", "2020-06-30": "1.45", "2020-03-31": "0.84", "2019-12-31": "2.71", "2019-09-30": "2.48", "2019-06-30": "2.07", "2019-03-31": "1.99", "2018-12-31": "1.47", "2018-09-30": "1.56", "2018-06-30": "1.62", "2018-03-31": "1.12", "2017-12-31": "0.92", "2017-09-30": "0.94", "2017-06-30": "0.81", "2017-03-31": "0.90", "2016-12-31": "1.02", "2016-09-30": "0.98", "2016-06-30": "0.95", "2016-03-31": "0.58", "2015-12-31": "0.47", "2015-09-30": "0.54", "2015-06-30": "0.57", "2015-03-31": "0.63", "2014-12-31": "0.57", "2014-09-30": "0.70", "2014-06-30": "0.72", "2014-03-31": "0.64", "2013-12-31": "0.61", "2013-09-30": "0.64", "2013-06-30": "0.50", "2013-03-31": "0.59", "2012-12-31": "0.48", "2012-09-30": "0.42", "2012-06-30": "0.36", "2012-03-31": "0.32", "2011-12-31": "0.33", "2011-09-30": "0.27", "2011-06-30": "0.32", "2011-03-31": "0.30", "2010-12-31": "0.24", "2010-09-30": "0.19", "2010-06-30": "0.19", "2010-03-31": "0.20", "2009-12-31": "0.22", "2009-09-30": "0.18", "2009-06-30": "0.12", "2009-03-31": "0.08", "2008-12-31": "0.09", "2008-09-30": "0.10", "2008-06-30": "0.15", "2008-03-31": "0.15", "2007-12-31": "0.16", "2007-09-30": "0.19", "2007-06-30": "0.20", "2007-03-31": "0.19", "2006-12-31": "0.18"}, "price book": {"current": "3.14", "2021-02-11": "3.20", "2020-09-30": "1.78", "2020-06-30": "2.17", "2020-03-31": "1.44", "2019-12-31": "4.39", "2019-09-30": "4.23", "2019-06-30": "3.82", "2019-03-31": "3.77", "2018-12-31": "2.80", "2018-09-30": "3.43", "2018-06-30": "3.40", "2018-03-31": "2.72", "2017-12-31": "2.88", "2017-09-30": "2.98", "2017-06-30": "2.73", "2017-03-31": "2.98", "2016-12-31": "2.65", "2016-09-30": "2.33", "2016-06-30": "2.09", "2016-03-31": "1.24", "2015-12-31": "0.96", "2015-09-30": "1.15", "2015-06-30": "1.40", "2015-03-31": "1.73", "2014-12-31": "1.71", "2014-09-30": "2.37", "2014-06-30": "2.41", "2014-03-31": "2.52", "2013-12-31": "1.48", "2013-09-30": "1.30", "2013-06-30": "1.13", "2013-03-31": "1.28", "2012-12-31": "1.13", "2012-09-30": "1.28", "2012-06-30": "1.11", "2012-03-31": "1.03", "2011-12-31": "1.24", "2011-09-30": "0.97", "2011-06-30": "1.08", "2011-03-31": "0.94", "2010-12-31": "0.77", "2010-09-30": "0.62", "2010-06-30": "0.60", "2010-03-31": "0.62", "2009-12-31": "0.68", "2009-09-30": "0.55", "2009-06-30": "0.44", "2009-03-31": "0.35", "2008-12-31": "0.45", "2008-09-30": "0.81", "2008-06-30": "1.18", "2008-03-31": "1.05", "2007-12-31": "1.06", "2007-09-30": "1.17", "2007-06-30": "1.25", "2007-03-31": "0.99", "2006-12-31": "0.94", "2006-09-30": "0.84", "2006-06-30": "0.73", "2006-03-31": "0.68"}, "price fcf": {"2021-02-11": "", "2020-09-30": "$-3.02", "2020-06-30": "$-4.69", "2020-03-31": "$-4.55", "2019-12-31": "$-4.58", "2019-09-30": "$-3.79", "2019-06-30": "$-2.64", "2019-03-31": "$-1.74", "2018-12-31": "$0.11", "2018-09-30": "$1.60", "2018-06-30": "$1.52", "2018-03-31": "$2.51", "2017-12-31": "$2.68", "2017-09-30": "$3.02", "2017-06-30": "$4.63", "2017-03-31": "$4.05", "2016-12-31": "$3.55", "2016-09-30": "$2.45", "2016-06-30": "$1.65", "2016-03-31": "$0.91", "2015-12-31": "$-0.77", "2015-09-30": "$-1.84", "2015-06-30": "$-2.35", "2015-03-31": "$-4.04", "2014-12-31": "$-2.31", "2014-09-30": "$-3.36", "2014-06-30": "$-4.59", "2014-03-31": "$-4.10", "2013-12-31": "$-4.52", "2013-09-30": "$-4.61", "2013-06-30": "$-4.82", "2013-03-31": "$-4.63", "2012-12-31": "$-4.13", "2012-09-30": "$-2.95", "2012-06-30": "$-2.13", "2012-03-31": "$-1.61", "2011-12-31": "$0.10", "2011-09-30": "$0.10", "2011-06-30": "$2.88", "2011-03-31": "$2.95", "2010-12-31": "$3.16", "2010-09-30": "$3.88", "2010-06-30": "$1.87", "2010-03-31": "$2.85", "2009-12-31": "$3.16", "2009-09-30": "$1.04", "2009-06-30": "$-1.01", "2009-03-31": "$-4.62", "2008-12-31": "$-4.70", "2008-09-30": "$-3.92", "2008-06-30": "$-2.84", "2008-03-31": "$-0.20", "2007-12-31": "$0.71", "2007-09-30": "$1.65", "2007-06-30": "$2.59", "2007-03-31": "$3.60", "2006-12-31": "$3.53"}, "net worth": {"value": "$19.27B"}, "current ratio": {"current": "1.57", "2020-09-30": "1.57", "2020-06-30": "1.71", "2020-03-31": "1.36", "2019-12-31": "0.73", "2019-09-30": "1.26", "2019-06-30": "0.81", "2019-03-31": "0.80", "2018-12-31": "0.66", "2018-09-30": "0.74", "2018-06-30": "0.56", "2018-03-31": "0.63", "2017-12-31": "0.66", "2017-09-30": "0.55", "2017-06-30": "0.51", "2017-03-31": "0.51", "2016-12-31": "0.50", "2016-09-30": "0.59", "2016-06-30": "0.59", "2016-03-31": "0.56", "2015-12-31": "0.60", "2015-09-30": "0.49", "2015-06-30": "0.49", "2015-03-31": "0.52", "2014-12-31": "0.55", "2014-09-30": "0.96", "2014-06-30": "1.11", "2014-03-31": "0.88", "2013-12-31": "0.88", "2013-09-30": "1.10", "2013-06-30": "0.71", "2013-03-31": "0.83", "2012-12-31": "0.98", "2012-09-30": "1.21", "2012-06-30": "0.80", "2012-03-31": "1.00", "2011-12-31": "0.71", "2011-09-30": "0.78", "2011-06-30": "0.89", "2011-03-31": "1.22", "2010-12-31": "0.76", "2010-09-30": "0.77", "2010-06-30": "0.65", "2010-03-31": "0.79", "2009-12-31": "0.78", "2009-09-30": "0.70", "2009-06-30": "0.74", "2009-03-31": "0.83", "2008-12-31": "0.81", "2008-09-30": "0.84", "2008-06-30": "0.88", "2008-03-31": "0.95", "2007-12-31": "1.02", "2007-09-30": "1.31", "2007-06-30": "1.13", "2007-03-31": "1.31", "2006-12-31": "1.60", "2006-09-30": "1.45", "2006-06-30": "0.97", "2006-03-31": "0.91", "2005-12-31": "0.91", "2005-09-30": "0.88", "2005-06-30": "1.14", "2005-03-31": "0.83"}, "quick ratio": {"2020-09-30": "1.15", "2020-06-30": "1.31", "2020-03-31": "1.01", "2019-12-31": "0.48", "2019-09-30": "0.95", "2019-06-30": "0.60", "2019-03-31": "0.55", "2018-12-31": "0.46", "2018-09-30": "0.51", "2018-06-30": "0.40", "2018-03-31": "0.49", "2017-12-31": "0.50", "2017-09-30": "0.41", "2017-06-30": "0.41", "2017-03-31": "0.43", "2016-12-31": "0.43", "2016-09-30": "0.46", "2016-06-30": "0.43", "2016-03-31": "0.43", "2015-12-31": "0.47", "2015-09-30": "0.38", "2015-06-30": "0.43", "2015-03-31": "0.43", "2014-12-31": "0.47", "2014-09-30": "0.77", "2014-06-30": "0.93", "2014-03-31": "0.75", "2013-12-31": "0.81", "2013-09-30": "0.85", "2013-06-30": "0.55", "2013-03-31": "0.71", "2012-12-31": "0.80", "2012-09-30": "0.95", "2012-06-30": "0.55", "2012-03-31": "0.89", "2011-12-31": "0.55", "2011-09-30": "0.56", "2011-06-30": "0.69", "2011-03-31": "1.04", "2010-12-31": "0.53", "2010-09-30": "0.50", "2010-06-30": "0.45", "2010-03-31": "0.64", "2009-12-31": "0.60", "2009-09-30": "0.45", "2009-06-30": "0.50", "2009-03-31": "0.65", "2008-12-31": "0.60", "2008-09-30": "0.53", "2008-06-30": "0.63", "2008-03-31": "0.84", "2007-12-31": "0.73", "2007-09-30": "0.92", "2007-06-30": "0.78", "2007-03-31": "1.10", "2006-12-31": "1.13", "2006-09-30": "0.97", "2006-06-30": "0.70", "2006-03-31": "0.71", "2005-12-31": "0.69", "2005-09-30": "0.70", "2005-06-30": "0.82", "2005-03-31": "0.70"}, "debt equity ratio": {"current": "2.32", "2020-09-30": "2.71", "2020-06-30": "2.68", "2020-03-31": "2.95", "2019-12-31": "2.50", "2019-09-30": "2.43", "2019-06-30": "2.11", "2019-03-31": "1.94", "2018-12-31": "1.77", "2018-09-30": "1.69", "2018-06-30": "1.47", "2018-03-31": "1.39", "2017-12-31": "1.96", "2017-09-30": "2.04", "2017-06-30": "2.00", "2017-03-31": "3.63", "2016-12-31": "3.71", "2016-09-30": "3.65", "2016-06-30": "3.53", "2016-03-31": "3.25", "2015-12-31": "3.10", "2015-09-30": "2.84", "2015-06-30": "2.91", "2015-03-31": "2.99", "2014-12-31": "2.81", "2014-09-30": "2.81", "2014-06-30": "2.79", "2014-03-31": "3.37", "2013-12-31": "2.66", "2013-09-30": "2.75", "2013-06-30": "2.80", "2013-03-31": "2.67", "2012-12-31": "2.75", "2012-09-30": "2.68", "2012-06-30": "2.29", "2012-03-31": "2.25", "2011-12-31": "2.61", "2011-09-30": "2.58", "2011-06-30": "2.53", "2011-03-31": "2.30", "2010-12-31": "2.19", "2010-09-30": "2.06", "2010-06-30": "2.13", "2010-03-31": "2.18", "2009-12-31": "2.72", "2009-09-30": "2.54", "2009-06-30": "2.47", "2009-03-31": "2.68", "2008-12-31": "3.14", "2008-09-30": "4.94", "2008-06-30": "5.14", "2008-03-31": "4.60", "2007-12-31": "4.62", "2007-09-30": "4.82", "2007-06-30": "4.37", "2007-03-31": "3.68", "2006-12-31": "3.69", "2006-09-30": "3.73", "2006-06-30": "3.30", "2006-03-31": "3.56", "2005-12-31": "4.19", "2005-09-30": "6.48", "2005-06-30": "3.47", "2005-03-31": "3.36"}, "return on equity": {"2020-09-30": "10.33%", "2020-06-30": "10.24%", "2020-03-31": "13.12%", "2019-12-31": "20.26%", "2019-09-30": "19.56%", "2019-06-30": "19.29%", "2019-03-31": "18.47%", "2018-12-31": "17.09%", "2018-09-30": "14.14%", "2018-06-30": "12.41%", "2018-03-31": "9.53%", "2017-12-31": "7.63%", "2017-09-30": "9.21%", "2017-06-30": "8.58%", "2017-03-31": "10.30%", "2016-12-31": "10.05%", "2016-09-30": "8.00%", "2016-06-30": "7.42%", "2016-03-31": "6.94%", "2015-12-31": "6.27%", "2015-09-30": "7.91%", "2015-06-30": "7.59%", "2015-03-31": "7.30%", "2014-12-31": "8.58%", "2014-09-30": "8.01%", "2014-06-30": "7.51%", "2014-03-31": "5.89%", "2013-12-31": "5.96%", "2013-09-30": "6.66%", "2013-06-30": "6.93%", "2013-03-31": "8.35%", "2012-12-31": "8.50%", "2012-09-30": "8.79%", "2012-06-30": "8.94%", "2012-03-31": "9.08%", "2011-12-31": "9.51%", "2011-09-30": "8.60%", "2011-06-30": "8.35%", "2011-03-31": "7.93%", "2010-12-31": "8.61%", "2010-09-30": "9.14%", "2010-06-30": "9.26%", "2010-03-31": "9.56%", "2009-12-31": "9.04%", "2009-09-30": "8.47%", "2009-06-30": "9.76%", "2009-03-31": "11.10%", "2008-12-31": "13.54%", "2008-09-30": "17.31%", "2008-06-30": "15.47%", "2008-03-31": "15.35%", "2007-12-31": "15.41%", "2007-09-30": "13.57%", "2007-06-30": "13.59%", "2007-03-31": "14.75%", "2006-12-31": "13.46%", "2006-09-30": "21.63%", "2006-06-30": "31.44%", "2006-03-31": "32.30%", "2005-12-31": "35.01%"}, "return on assets": {"2020-09-30": "2.79%", "2020-06-30": "2.82%", "2020-03-31": "3.77%", "2019-12-31": "6.25%", "2019-09-30": "6.39%", "2019-06-30": "6.71%", "2019-03-31": "6.80%", "2018-12-31": "6.63%", "2018-09-30": "5.41%", "2018-06-30": "4.62%", "2018-03-31": "3.38%", "2017-12-31": "2.33%", "2017-09-30": "2.52%", "2017-06-30": "2.10%", "2017-03-31": "2.22%", "2016-12-31": "2.22%", "2016-09-30": "1.83%", "2016-06-30": "1.78%", "2016-03-31": "1.73%", "2015-12-31": "1.58%", "2015-09-30": "2.03%", "2015-06-30": "1.96%", "2015-03-31": "1.90%", "2014-12-31": "2.19%", "2014-09-30": "2.07%", "2014-06-30": "1.95%", "2014-03-31": "1.53%", "2013-12-31": "1.60%", "2013-09-30": "1.78%", "2013-06-30": "1.86%", "2013-03-31": "2.32%", "2012-12-31": "2.44%", "2012-09-30": "2.55%", "2012-06-30": "2.61%", "2012-03-31": "2.61%", "2011-12-31": "2.72%", "2011-09-30": "2.54%", "2011-06-30": "2.56%", "2011-03-31": "2.50%", "2010-12-31": "2.74%", "2010-09-30": "2.80%", "2010-06-30": "2.74%", "2010-03-31": "2.76%", "2009-12-31": "2.51%", "2009-09-30": "2.29%", "2009-06-30": "2.36%", "2009-03-31": "2.35%", "2008-12-31": "2.56%", "2008-09-30": "2.97%", "2008-06-30": "2.67%", "2008-03-31": "2.74%", "2007-12-31": "2.88%", "2007-09-30": "2.66%", "2007-06-30": "2.81%", "2007-03-31": "3.21%", "2006-12-31": "2.95%", "2006-09-30": "4.64%", "2006-06-30": "6.12%", "2006-03-31": "6.12%", "2005-12-31": "6.59%"}, "return on investments": {"2020-09-30": "6.61%", "2020-06-30": "6.40%", "2020-03-31": "7.34%", "2019-12-31": "10.79%", "2019-09-30": "11.22%", "2019-06-30": "11.96%", "2019-03-31": "12.40%", "2018-12-31": "12.59%", "2018-09-30": "12.46%", "2018-06-30": "11.75%", "2018-03-31": "10.92%", "2017-12-31": "10.67%", "2017-09-30": "10.70%", "2017-06-30": "10.90%", "2017-03-31": "11.24%", "2016-12-31": "11.05%", "2016-09-30": "10.05%", "2016-06-30": "9.67%", "2016-03-31": "9.42%", "2015-12-31": "8.58%", "2015-09-30": "9.33%", "2015-06-30": "9.56%", "2015-03-31": "9.43%", "2014-12-31": "10.53%", "2014-09-30": "9.65%", "2014-06-30": "8.82%", "2014-03-31": "8.68%", "2013-12-31": "7.58%", "2013-09-30": "7.04%", "2013-06-30": "7.44%", "2013-03-31": "7.72%", "2012-12-31": "9.43%", "2012-09-30": "12.28%", "2012-06-30": "13.20%", "2012-03-31": "13.42%", "2011-12-31": "13.71%", "2011-09-30": "12.49%", "2011-06-30": "11.97%", "2011-03-31": "11.79%", "2010-12-31": "12.27%", "2010-09-30": "12.47%", "2010-06-30": "12.24%", "2010-03-31": "11.86%", "2009-12-31": "11.35%", "2009-09-30": "10.99%", "2009-06-30": "11.83%", "2009-03-31": "12.82%", "2008-12-31": "14.30%", "2008-09-30": "15.54%", "2008-06-30": "14.13%", "2008-03-31": "13.88%", "2007-12-31": "13.96%", "2007-09-30": "13.03%", "2007-06-30": "13.26%", "2007-03-31": "15.83%", "2006-12-31": "15.08%", "2006-09-30": "21.79%", "2006-06-30": "24.88%", "2006-03-31": "21.26%", "2005-12-31": "22.29%"}, "return on tangible equity": {"2020-09-30": "11.95%", "2020-06-30": "11.96%", "2020-03-31": "15.45%", "2019-12-31": "23.90%", "2019-09-30": "23.03%", "2019-06-30": "22.66%", "2019-03-31": "21.64%", "2018-12-31": "20.00%", "2018-09-30": "16.67%", "2018-06-30": "14.76%", "2018-03-31": "11.46%", "2017-12-31": "9.50%", "2017-09-30": "11.85%", "2017-06-30": "11.47%", "2017-03-31": "14.52%", "2016-12-31": "14.13%", "2016-09-30": "11.15%", "2016-06-30": "10.19%", "2016-03-31": "9.43%", "2015-12-31": "8.47%", "2015-09-30": "10.62%", "2015-06-30": "10.25%", "2015-03-31": "9.90%", "2014-12-31": "11.87%", "2014-09-30": "10.87%", "2014-06-30": "9.97%", "2014-03-31": "7.74%", "2013-12-31": "7.68%", "2013-09-30": "8.64%", "2013-06-30": "9.09%", "2013-03-31": "10.94%", "2012-12-31": "11.11%", "2012-09-30": "11.61%", "2012-06-30": "11.93%", "2012-03-31": "12.27%", "2011-12-31": "13.01%", "2011-09-30": "11.74%", "2011-06-30": "11.35%", "2011-03-31": "10.74%", "2010-12-31": "11.69%", "2010-09-30": "12.57%", "2010-06-30": "12.90%", "2010-03-31": "13.51%", "2009-12-31": "13.03%", "2009-09-30": "12.34%", "2009-06-30": "15.01%", "2009-03-31": "18.43%", "2008-12-31": "24.70%", "2008-09-30": "36.05%", "2008-06-30": "33.10%", "2008-03-31": "33.49%", "2007-12-31": "32.70%", "2007-09-30": "27.91%", "2007-06-30": "26.89%", "2007-03-31": "27.53%", "2006-12-31": "24.49%", "2006-09-30": "37.94%", "2006-06-30": "55.45%", "2006-03-31": "51.47%", "2005-12-31": "49.76%"}, "dividend yield history": {"last payout": "$3.74", "last yield": "8.63%"}}