{"ticker": "OGE", "price": {"title": "OGE Energy Historical Annual Stock Price Data", "value": 31.43, "historical": {"2021": {"Average Stock Price": "31.3925", "Year Open": "31.9400", "Year High": "32.9200", "Year Low": "30.5200", "Year Close": "31.4300", "Annual % Change": "-1.35%"}, "2020": {"Average Stock Price": "33.7322", "Year Open": "44.0600", "Year High": "46.2800", "Year Low": "23.6700", "Year Close": "31.8600", "Annual % Change": "-28.36%"}, "2019": {"Average Stock Price": "42.5831", "Year Open": "38.2600", "Year High": "45.4300", "Year Low": "38.2600", "Year Close": "44.4700", "Annual % Change": "13.47%"}, "2018": {"Average Stock Price": "35.0061", "Year Open": "32.6700", "Year High": "41.6300", "Year Low": "29.6000", "Year Close": "39.1900", "Annual % Change": "19.08%"}, "2017": {"Average Stock Price": "35.2001", "Year Open": "33.5100", "Year High": "37.2300", "Year Low": "32.6600", "Year Close": "32.9100", "Annual % Change": "-1.61%"}, "2016": {"Average Stock Price": "29.9155", "Year Open": "26.4900", "Year High": "33.8900", "Year Low": "23.8600", "Year Close": "33.4500", "Annual % Change": "27.23%"}, "2015": {"Average Stock Price": "29.9527", "Year Open": "35.6300", "Year High": "36.2000", "Year Low": "24.3700", "Year Close": "26.2900", "Annual % Change": "-25.90%"}, "2014": {"Average Stock Price": "36.1376", "Year Open": "33.4100", "Year High": "39.0800", "Year Low": "33.1800", "Year Close": "35.4800", "Annual % Change": "4.66%"}, "2013": {"Average Stock Price": "34.2662", "Year Open": "28.7300", "Year High": "38.3600", "Year Low": "28.1600", "Year Close": "33.9000", "Annual % Change": "20.40%"}, "2012": {"Average Stock Price": "27.1077", "Year Open": "27.8350", "Year High": "29.0950", "Year Low": "25.2000", "Year Close": "28.1550", "Annual % Change": "-0.71%"}, "2011": {"Average Stock Price": "24.7843", "Year Open": "23.1250", "Year High": "28.4100", "Year Low": "20.5800", "Year Close": "28.3550", "Annual % Change": "24.53%"}, "2010": {"Average Stock Price": "19.9076", "Year Open": "18.4850", "Year High": "22.9800", "Year Low": "17.3900", "Year Close": "22.7700", "Annual % Change": "23.45%"}, "2009": {"Average Stock Price": "14.4156", "Year Open": "13.3400", "Year High": "18.7650", "Year Low": "9.9200", "Year Close": "18.4450", "Annual % Change": "43.10%"}, "2008": {"Average Stock Price": "15.4283", "Year Open": "17.8300", "Year High": "17.8750", "Year Low": "10.8000", "Year Close": "12.8900", "Annual % Change": "-28.96%"}, "2007": {"Average Stock Price": "18.1823", "Year Open": "20.1600", "Year High": "20.5050", "Year Low": "15.5150", "Year Close": "18.1450", "Annual % Change": "-9.28%"}, "2006": {"Average Stock Price": "16.7188", "Year Open": "13.7100", "Year High": "20.2050", "Year Low": "13.2100", "Year Close": "20.0000", "Annual % Change": "49.31%"}, "2005": {"Average Stock Price": "13.7003", "Year Open": "13.0250", "Year High": "15.1900", "Year Low": "12.3350", "Year Close": "13.3950", "Annual % Change": "1.06%"}, "2004": {"Average Stock Price": "12.5816", "Year Open": "12.0250", "Year High": "13.3950", "Year Low": "11.5400", "Year Close": "13.2550", "Annual % Change": "9.59%"}, "2003": {"Average Stock Price": "10.2304", "Year Open": "9.0750", "Year High": "12.1500", "Year Low": "8.2550", "Year Close": "12.0950", "Annual % Change": "37.44%"}, "2002": {"Average Stock Price": "10.0807", "Year Open": "11.6450", "Year High": "12.0100", "Year Low": "7.0200", "Year Close": "8.8000", "Annual % Change": "-23.74%"}, "2001": {"Average Stock Price": "11.1790", "Year Open": "11.8450", "Year High": "12.0600", "Year Low": "10.3650", "Year Close": "11.5400", "Annual % Change": "-5.56%"}, "2000": {"Average Stock Price": "10.0442", "Year Open": "9.3100", "Year High": "12.3750", "Year Low": "8.2800", "Year Close": "12.2200", "Annual % Change": "28.63%"}, "1999": {"Average Stock Price": "11.7749", "Year Open": "14.2800", "Year High": "14.2800", "Year Low": "9.3450", "Year Close": "9.5000", "Annual % Change": "-34.48%"}, "1998": {"Average Stock Price": "13.6223", "Year Open": "13.4850", "Year High": "14.8100", "Year Low": "12.8750", "Year Close": "14.5000", "Annual % Change": "6.05%"}, "1997": {"Average Stock Price": "11.2396", "Year Open": "10.2800", "Year High": "13.6725", "Year Low": "10.1875", "Year Close": "13.6725", "Annual % Change": "30.99%"}, "1996": {"Average Stock Price": "9.9953", "Year Open": "10.9050", "Year High": "10.9050", "Year Low": "9.2800", "Year Close": "10.4375", "Annual % Change": "-2.91%"}, "1995": {"Average Stock Price": "9.0018", "Year Open": "8.3125", "Year High": "10.8450", "Year Low": "8.2200", "Year Close": "10.7500", "Annual % Change": "29.83%"}, "1994": {"Average Stock Price": "8.3436", "Year Open": "9.2500", "Year High": "9.2500", "Year Low": "7.4050", "Year Close": "8.2800", "Annual % Change": "-10.49%"}, "1993": {"Average Stock Price": "8.8827", "Year Open": "8.3450", "Year High": "9.6250", "Year Low": "8.2500", "Year Close": "9.2500", "Annual % Change": "8.44%"}, "1992": {"Average Stock Price": "8.8909", "Year Open": "10.9700", "Year High": "11.0000", "Year Low": "7.6875", "Year Close": "8.5300", "Annual % Change": "-22.45%"}, "1991": {"Average Stock Price": "9.8228", "Year Open": "9.7200", "Year High": "11.0000", "Year Low": "9.1875", "Year Close": "11.0000", "Annual % Change": "12.82%"}, "1990": {"Average Stock Price": "8.9542", "Year Open": "9.6875", "Year High": "9.9050", "Year Low": "8.2800", "Year Close": "9.7500", "Annual % Change": "0.00%"}, "1989": {"Average Stock Price": "8.7622", "Year Open": "8.1875", "Year High": "9.7500", "Year Low": "8.0625", "Year Close": "9.7500", "Annual % Change": "19.08%"}, "1988": {"Average Stock Price": "7.8767", "Year Open": "7.1550", "Year High": "8.2800", "Year Low": "7.1550", "Year Close": "8.1875", "Annual % Change": "11.97%"}}}, "market cap": {"value": "$6.29B"}, "income statement": {"Revenue": {"2019-12-31": "2231.60000", "2018-12-31": "2270.30000", "2017-12-31": "2261.10000", "2016-12-31": "2259.20000", "2015-12-31": "2196.90000", "2014-12-31": "2453.10000", "2013-12-31": "2867.70000", "2012-12-31": "3671.20000", "2011-12-31": "3915.90000", "2010-12-31": "3716.90000", "2009-12-31": "2869.70000", "2008-12-31": "4070.70000", "2007-12-31": "3797.60000", "2006-12-31": "4005.60000", "2005-12-31": "5911.50000"}, "Cost Of Goods Sold": {"2019-12-31": "786.90000", "2018-12-31": "892.50000", "2017-12-31": "897.60000", "2016-12-31": "880.10000", "2015-12-31": "865.00000", "2014-12-31": "1106.60000", "2013-12-31": "1428.90000", "2012-12-31": "1918.70000", "2011-12-31": "2277.90000", "2010-12-31": "2187.40000", "2009-12-31": "1557.70000", "2008-12-31": "2818.00000", "2007-12-31": "2634.70000", "2006-12-31": "2902.50000", "2005-12-31": "4942.30000"}, "Gross Profit": {"2019-12-31": "1444.70000", "2018-12-31": "1377.80000", "2017-12-31": "1363.50000", "2016-12-31": "1379.10000", "2015-12-31": "1331.90000", "2014-12-31": "1346.50000", "2013-12-31": "1438.80000", "2012-12-31": "1752.50000", "2011-12-31": "1638.00000", "2010-12-31": "1529.50000", "2009-12-31": "1312.00000", "2008-12-31": "1252.70000", "2007-12-31": "1162.90000", "2006-12-31": "1103.10000", "2005-12-31": "969.20020"}, "Research And Development Expenses": {"2019-12-31": "", "2018-12-31": "", "2017-12-31": "", "2016-12-31": "", "2015-12-31": "", "2014-12-31": "", "2013-12-31": "", "2012-12-31": "", "2011-12-31": "", "2010-12-31": "", "2009-12-31": "", "2008-12-31": "", "2007-12-31": "", "2006-12-31": "", "2005-12-31": ""}, "SG&A Expenses": {"2019-12-31": "585.40000", "2018-12-31": "566.60000", "2017-12-31": "548.10000", "2016-12-31": "525.70000", "2015-12-31": "542.80000", "2014-12-31": "528.30000", "2013-12-31": "588.00000", "2012-12-31": "711.70000", "2011-12-31": "680.90000", "2010-12-31": "643.20000", "2009-12-31": "554.40000", "2008-12-31": "572.70000", "2007-12-31": "511.80000", "2006-12-31": "488.70000", "2005-12-31": "464.20000"}, "Other Operating Income Or Expenses": {"2019-12-31": "", "2018-12-31": "", "2017-12-31": "", "2016-12-31": "", "2015-12-31": "", "2014-12-31": "", "2013-12-31": "", "2012-12-31": "7.50000", "2011-12-31": "-3.30000", "2010-12-31": "-1.10000", "2009-12-31": "-3.10000", "2008-12-31": "", "2007-12-31": "-0.50000", "2006-12-31": "-0.30000", "2005-12-31": ""}, "Operating Expenses": {"2019-12-31": "1727.30000", "2018-12-31": "1780.70000", "2017-12-31": "1729.20000", "2016-12-31": "1728.40000", "2015-12-31": "1715.70000", "2014-12-31": "1916.30000", "2013-12-31": "2314.20000", "2012-12-31": "2994.30000", "2011-12-31": "3269.20000", "2010-12-31": "3123.00000", "2009-12-31": "2377.80000", "2008-12-31": "3608.60000", "2007-12-31": "3342.30000", "2006-12-31": "3572.90000", "2005-12-31": "5589.10000"}, "Operating Income": {"2019-12-31": "504.30020", "2018-12-31": "489.60010", "2017-12-31": "531.90000", "2016-12-31": "530.80000", "2015-12-31": "481.20000", "2014-12-31": "536.80020", "2013-12-31": "553.49980", "2012-12-31": "676.89990", "2011-12-31": "646.70000", "2010-12-31": "593.89990", "2009-12-31": "491.89970", "2008-12-31": "462.10010", "2007-12-31": "455.30000", "2006-12-31": "432.70000", "2005-12-31": "322.40040"}, "Total Non-Operating Income/Expense": {"2019-12-31": "-40.90000", "2018-12-31": "8.10000", "2017-12-31": "37.80000", "2016-12-31": "-44.50000", "2015-12-31": "-112.50000", "2014-12-31": "31.80000", "2013-12-31": "-29.40000", "2012-12-31": "-156.80000", "2011-12-31": "-122.40000", "2010-12-31": "-132.50000", "2009-12-31": "-109.70000", "2008-12-31": "-123.50000", "2007-12-31": "-93.40000", "2006-12-31": "-86.10000", "2005-12-31": "-92.60000"}, "Pre-Tax Income": {"2019-12-31": "463.40000", "2018-12-31": "497.70000", "2017-12-31": "569.70000", "2016-12-31": "486.30000", "2015-12-31": "368.70000", "2014-12-31": "568.60000", "2013-12-31": "524.10000", "2012-12-31": "520.10000", "2011-12-31": "524.30000", "2010-12-31": "461.40000", "2009-12-31": "382.20000", "2008-12-31": "338.60000", "2007-12-31": "361.90000", "2006-12-31": "346.60000", "2005-12-31": "229.80000"}, "Income Taxes": {"2019-12-31": "29.80000", "2018-12-31": "72.20000", "2017-12-31": "-49.30000", "2016-12-31": "148.10000", "2015-12-31": "97.40000", "2014-12-31": "172.80000", "2013-12-31": "130.30000", "2012-12-31": "135.10000", "2011-12-31": "160.70000", "2010-12-31": "161.00000", "2009-12-31": "121.10000", "2008-12-31": "101.20000", "2007-12-31": "116.70000", "2006-12-31": "120.50000", "2005-12-31": "68.60000"}, "Income After Taxes": {"2019-12-31": "433.60000", "2018-12-31": "425.50000", "2017-12-31": "619.00000", "2016-12-31": "338.20000", "2015-12-31": "271.30000", "2014-12-31": "395.80000", "2013-12-31": "393.80000", "2012-12-31": "385.00000", "2011-12-31": "363.60000", "2010-12-31": "300.40000", "2009-12-31": "261.10000", "2008-12-31": "237.40000", "2007-12-31": "245.20000", "2006-12-31": "226.10000", "2005-12-31": "161.20000"}, "Other Income": {"2019-12-31": "", "2018-12-31": "", "2017-12-31": "", "2016-12-31": "", "2015-12-31": "", "2014-12-31": "", "2013-12-31": "", "2012-12-31": "", "2011-12-31": "", "2010-12-31": "", "2009-12-31": "", "2008-12-31": "", "2007-12-31": "", "2006-12-31": "", "2005-12-31": ""}, "Income From Continuous Operations": {"2019-12-31": "433.60000", "2018-12-31": "425.50000", "2017-12-31": "619.00000", "2016-12-31": "338.20000", "2015-12-31": "271.30000", "2014-12-31": "395.80000", "2013-12-31": "393.80000", "2012-12-31": "385.00000", "2011-12-31": "363.60000", "2010-12-31": "300.40000", "2009-12-31": "261.10000", "2008-12-31": "237.40000", "2007-12-31": "245.20000", "2006-12-31": "226.10000", "2005-12-31": "161.20000"}, "Income From Discontinued Operations": {"2019-12-31": "", "2018-12-31": "", "2017-12-31": "", "2016-12-31": "", "2015-12-31": "", "2014-12-31": "", "2013-12-31": "", "2012-12-31": "", "2011-12-31": "", "2010-12-31": "", "2009-12-31": "", "2008-12-31": "", "2007-12-31": "", "2006-12-31": "36.00000", "2005-12-31": "49.80000"}, "Net Income": {"2019-12-31": "433.60000", "2018-12-31": "425.50000", "2017-12-31": "619.00000", "2016-12-31": "338.20000", "2015-12-31": "271.30000", "2014-12-31": "395.80000", "2013-12-31": "387.60000", "2012-12-31": "355.00000", "2011-12-31": "342.90000", "2010-12-31": "295.30000", "2009-12-31": "258.30000", "2008-12-31": "231.40000", "2007-12-31": "244.20000", "2006-12-31": "262.10000", "2005-12-31": "211.00000"}, "EBITDA": {"2019-12-31": "859.30020", "2018-12-31": "811.20010", "2017-12-31": "815.40000", "2016-12-31": "853.40000", "2015-12-31": "789.10000", "2014-12-31": "818.20020", "2013-12-31": "852.09970", "2012-12-31": "1052.10000", "2011-12-31": "954.40000", "2010-12-31": "885.19990", "2009-12-31": "754.49960", "2008-12-31": "680.00010", "2007-12-31": "650.60000", "2006-12-31": "614.10000", "2005-12-31": "505.00040"}, "EBIT": {"2019-12-31": "504.30020", "2018-12-31": "489.60010", "2017-12-31": "531.90000", "2016-12-31": "530.80000", "2015-12-31": "481.20000", "2014-12-31": "536.80020", "2013-12-31": "553.49980", "2012-12-31": "676.89990", "2011-12-31": "646.70000", "2010-12-31": "593.89990", "2009-12-31": "491.89970", "2008-12-31": "462.10010", "2007-12-31": "455.30000", "2006-12-31": "432.70000", "2005-12-31": "322.40040"}, "Basic Shares Outstanding": {"2019-12-31": "200.10000", "2018-12-31": "199.70000", "2017-12-31": "199.70000", "2016-12-31": "199.70000", "2015-12-31": "199.60000", "2014-12-31": "199.20000", "2013-12-31": "198.20000", "2012-12-31": "197.10000", "2011-12-31": "195.80000", "2010-12-31": "194.60000", "2009-12-31": "192.40000", "2008-12-31": "184.80000", "2007-12-31": "183.40000", "2006-12-31": "182.00000", "2005-12-31": "180.60000"}, "Shares Outstanding": {"2019-12-31": "200.70000", "2018-12-31": "200.50000", "2017-12-31": "200.00000", "2016-12-31": "199.90000", "2015-12-31": "199.60000", "2014-12-31": "199.90000", "2013-12-31": "199.40000", "2012-12-31": "198.10000", "2011-12-31": "198.50000", "2010-12-31": "197.80000", "2009-12-31": "194.40000", "2008-12-31": "185.60000", "2007-12-31": "185.00000", "2006-12-31": "184.20000", "2005-12-31": "181.60000"}, "Basic EPS": {"2019-12-31": "2.17000", "2018-12-31": "2.13000", "2017-12-31": "3.10000", "2016-12-31": "1.69000", "2015-12-31": "1.36000", "2014-12-31": "1.99000", "2013-12-31": "1.96000", "2012-12-31": "1.80000", "2011-12-31": "1.75000", "2010-12-31": "1.51500", "2009-12-31": "1.34000", "2008-12-31": "1.25000", "2007-12-31": "1.33000", "2006-12-31": "1.44000", "2005-12-31": "1.17000"}, "EPS - Earnings Per Share": {"2019-12-31": "2.16000", "2018-12-31": "2.12000", "2017-12-31": "3.10000", "2016-12-31": "1.69000", "2015-12-31": "1.36000", "2014-12-31": "1.98000", "2013-12-31": "1.94000", "2012-12-31": "1.79000", "2011-12-31": "1.73000", "2010-12-31": "1.49500", "2009-12-31": "1.33000", "2008-12-31": "1.24500", "2007-12-31": "1.32000", "2006-12-31": "1.42000", "2005-12-31": "1.16000"}}, "income statement, quarterly": {"Revenue": {"2020-09-30": "702.10000", "2020-06-30": "503.50000", "2020-03-31": "431.30000", "2019-12-31": "472.50010", "2019-09-30": "755.40000", "2019-06-30": "513.70000", "2019-03-31": "490.00000", "2018-12-31": "511.80000", "2018-09-30": "698.80000", "2018-06-30": "567.00000", "2018-03-31": "492.70000", "2017-12-31": "501.90000", "2017-09-30": "716.80000", "2017-06-30": "586.40000", "2017-03-31": "456.00000", "2016-12-31": "530.79990", "2016-09-30": "743.90000", "2016-06-30": "551.40000", "2016-03-31": "433.10000", "2015-12-31": "447.09980", "2015-09-30": "719.80000", "2015-06-30": "549.90000", "2015-03-31": "480.10000", "2014-12-31": "526.20010", "2014-09-30": "754.70000", "2014-06-30": "611.80000", "2014-03-31": "560.40000", "2013-12-31": "508.90000", "2013-09-30": "723.20000", "2013-06-30": "734.20000", "2013-03-31": "901.40000", "2012-12-31": "862.09980", "2012-09-30": "1113.40000", "2012-06-30": "855.00000", "2012-03-31": "840.70000", "2011-12-31": "885.19980", "2011-09-30": "1212.10000", "2011-06-30": "978.10000", "2011-03-31": "840.50000", "2010-12-31": "828.50010", "2010-09-30": "1125.40000", "2010-06-30": "887.20000", "2010-03-31": "875.80000", "2009-12-31": "773.70000", "2009-09-30": "845.30000", "2009-06-30": "644.10000", "2009-03-31": "606.60000", "2008-12-31": "685.99990", "2008-09-30": "1254.30000", "2008-06-30": "1135.70000", "2008-03-31": "994.70000", "2007-12-31": "958.20010", "2007-09-30": "1044.50000", "2007-06-30": "913.40000", "2007-03-31": "881.50000", "2006-12-31": "830.89990", "2006-09-30": "1130.60000", "2006-06-30": "934.30000", "2006-03-31": "1109.80000", "2005-12-31": "1641.90000", "2005-09-30": "1674.10000", "2005-06-30": "1330.20000", "2005-03-31": "1265.30000"}, "Cost Of Goods Sold": {"2020-09-30": "209.10000", "2020-06-30": "137.40000", "2020-03-31": "135.00000", "2019-12-31": "161.60000", "2019-09-30": "234.00000", "2019-06-30": "178.70000", "2019-03-31": "212.60000", "2018-12-31": "228.90000", "2018-09-30": "244.40000", "2018-06-30": "208.70000", "2018-03-31": "210.50000", "2017-12-31": "201.10000", "2017-09-30": "255.70000", "2017-06-30": "232.10000", "2017-03-31": "208.70000", "2016-12-31": "234.70000", "2016-09-30": "269.80000", "2016-06-30": "197.70000", "2016-03-31": "177.90000", "2015-12-31": "182.70000", "2015-09-30": "259.80000", "2015-06-30": "210.90000", "2015-03-31": "211.60000", "2014-12-31": "237.00000", "2014-09-30": "305.30000", "2014-06-30": "270.90000", "2014-03-31": "293.40000", "2013-12-31": "232.30000", "2013-09-30": "273.00000", "2013-06-30": "370.60000", "2013-03-31": "553.00000", "2012-12-31": "484.50010", "2012-09-30": "539.60000", "2012-06-30": "409.30000", "2012-03-31": "485.30000", "2011-12-31": "536.09990", "2011-09-30": "658.50000", "2011-06-30": "550.10000", "2011-03-31": "533.20000", "2010-12-31": "498.20000", "2010-09-30": "612.60000", "2010-06-30": "506.50000", "2010-03-31": "570.10000", "2009-12-31": "466.20000", "2009-09-30": "414.10000", "2009-06-30": "324.20000", "2009-03-31": "353.20000", "2008-12-31": "410.29990", "2008-09-30": "836.80000", "2008-06-30": "822.10000", "2008-03-31": "748.80000", "2007-12-31": "690.20000", "2007-09-30": "652.70000", "2007-06-30": "624.90000", "2007-03-31": "666.90000", "2006-12-31": "614.70000", "2006-09-30": "749.10000", "2006-06-30": "650.20000", "2006-03-31": "888.50000", "2005-12-31": "1432.50000", "2005-09-30": "1328.80000", "2005-06-30": "1094.30000", "2005-03-31": "1086.70000"}, "Gross Profit": {"2020-09-30": "493.00000", "2020-06-30": "366.10000", "2020-03-31": "296.30000", "2019-12-31": "310.90010", "2019-09-30": "521.40000", "2019-06-30": "335.00000", "2019-03-31": "277.40000", "2018-12-31": "282.90000", "2018-09-30": "454.40000", "2018-06-30": "358.30000", "2018-03-31": "282.20000", "2017-12-31": "300.80000", "2017-09-30": "461.10000", "2017-06-30": "354.30000", "2017-03-31": "247.30000", "2016-12-31": "296.09990", "2016-09-30": "474.10000", "2016-06-30": "353.70000", "2016-03-31": "255.20000", "2015-12-31": "264.39980", "2015-09-30": "460.00000", "2015-06-30": "339.00000", "2015-03-31": "268.50000", "2014-12-31": "289.20000", "2014-09-30": "449.40000", "2014-06-30": "340.90000", "2014-03-31": "267.00000", "2013-12-31": "276.60000", "2013-09-30": "450.20000", "2013-06-30": "363.60000", "2013-03-31": "348.40000", "2012-12-31": "377.59970", "2012-09-30": "573.80000", "2012-06-30": "445.70000", "2012-03-31": "355.40000", "2011-12-31": "349.09990", "2011-09-30": "553.60000", "2011-06-30": "428.00000", "2011-03-31": "307.30000", "2010-12-31": "330.30010", "2010-09-30": "512.80000", "2010-06-30": "380.70000", "2010-03-31": "305.70000", "2009-12-31": "307.49990", "2009-09-30": "431.20000", "2009-06-30": "319.90000", "2009-03-31": "253.40000", "2008-12-31": "275.70010", "2008-09-30": "417.50010", "2008-06-30": "313.59990", "2008-03-31": "245.90000", "2007-12-31": "268.00010", "2007-09-30": "391.80000", "2007-06-30": "288.50000", "2007-03-31": "214.60000", "2006-12-31": "216.20000", "2006-09-30": "381.50000", "2006-06-30": "284.10000", "2006-03-31": "221.30000", "2005-12-31": "209.40010", "2005-09-30": "345.29990", "2005-06-30": "235.89990", "2005-03-31": "178.60010"}, "Research And Development Expenses": {"2020-09-30": "", "2020-06-30": "", "2020-03-31": "", "2019-12-31": "", "2019-09-30": "", "2019-06-30": "", "2019-03-31": "", "2018-12-31": "", "2018-09-30": "", "2018-06-30": "", "2018-03-31": "", "2017-12-31": "", "2017-09-30": "", "2017-06-30": "", "2017-03-31": "", "2016-12-31": "", "2016-09-30": "", "2016-06-30": "", "2016-03-31": "", "2015-12-31": "", "2015-09-30": "", "2015-06-30": "", "2015-03-31": "", "2014-12-31": "", "2014-09-30": "", "2014-06-30": "", "2014-03-31": "", "2013-12-31": "", "2013-09-30": "", "2013-06-30": "", "2013-03-31": "", "2012-12-31": "", "2012-09-30": "", "2012-06-30": "", "2012-03-31": "", "2011-12-31": "", "2011-09-30": "", "2011-06-30": "", "2011-03-31": "", "2010-12-31": "", "2010-09-30": "", "2010-06-30": "", "2010-03-31": "", "2009-12-31": "", "2009-09-30": "", "2009-06-30": "", "2009-03-31": "", "2008-12-31": "", "2008-09-30": "", "2008-06-30": "", "2008-03-31": "", "2007-12-31": "", "2007-09-30": "", "2007-06-30": "", "2007-03-31": "", "2006-12-31": "", "2006-09-30": "", "2006-06-30": "", "2006-03-31": "", "2005-12-31": "", "2005-09-30": "", "2005-06-30": "", "2005-03-31": ""}, "SG&A Expenses": {"2020-09-30": "134.50000", "2020-06-30": "143.40000", "2020-03-31": "145.60000", "2019-12-31": "146.40000", "2019-09-30": "153.00000", "2019-06-30": "140.70000", "2019-03-31": "145.30000", "2018-12-31": "144.10000", "2018-09-30": "146.00000", "2018-06-30": "139.70000", "2018-03-31": "136.80000", "2017-12-31": "133.20000", "2017-09-30": "135.10000", "2017-06-30": "133.80000", "2017-03-31": "146.00000", "2016-12-31": "104.60000", "2016-09-30": "134.60000", "2016-06-30": "147.70000", "2016-03-31": "138.80000", "2015-12-31": "139.70000", "2015-09-30": "131.30000", "2015-06-30": "135.60000", "2015-03-31": "136.20000", "2014-12-31": "129.90000", "2014-09-30": "129.60000", "2014-06-30": "130.80000", "2014-03-31": "138.00000", "2013-12-31": "137.70000", "2013-09-30": "123.90000", "2013-06-30": "145.30000", "2013-03-31": "181.10000", "2012-12-31": "179.30000", "2012-09-30": "176.80000", "2012-06-30": "177.80000", "2012-03-31": "177.80000", "2011-12-31": "172.60000", "2011-09-30": "171.80000", "2011-06-30": "171.10000", "2011-03-31": "165.40000", "2010-12-31": "171.70000", "2010-09-30": "164.90000", "2010-06-30": "158.00000", "2010-03-31": "148.60000", "2009-12-31": "153.80000", "2009-09-30": "134.30000", "2009-06-30": "127.50000", "2009-03-31": "138.80000", "2008-12-31": "154.20000", "2008-09-30": "132.90000", "2008-06-30": "138.50000", "2008-03-31": "147.10000", "2007-12-31": "144.20000", "2007-09-30": "124.40000", "2007-06-30": "123.50000", "2007-03-31": "119.70000", "2006-12-31": "127.50000", "2006-09-30": "115.70000", "2006-06-30": "120.90000", "2006-03-31": "124.60000", "2005-12-31": "122.70000", "2005-09-30": "109.90000", "2005-06-30": "116.60000", "2005-03-31": "115.00000"}, "Other Operating Income Or Expenses": {"2020-09-30": "", "2020-06-30": "", "2020-03-31": "", "2019-12-31": "", "2019-09-30": "", "2019-06-30": "", "2019-03-31": "", "2018-12-31": "", "2018-09-30": "", "2018-06-30": "", "2018-03-31": "", "2017-12-31": "", "2017-09-30": "", "2017-06-30": "", "2017-03-31": "", "2016-12-31": "", "2016-09-30": "", "2016-06-30": "", "2016-03-31": "", "2015-12-31": "", "2015-09-30": "", "2015-06-30": "", "2015-03-31": "", "2014-12-31": "", "2014-09-30": "", "2014-06-30": "", "2014-03-31": "", "2013-12-31": "", "2013-09-30": "", "2013-06-30": "", "2013-03-31": "", "2012-12-31": "0.30000", "2012-09-30": "0.00000", "2012-06-30": "-0.10000", "2012-03-31": "7.30000", "2011-12-31": "1.70000", "2011-09-30": "-5.00000", "2011-06-30": "0.00000", "2011-03-31": "", "2010-12-31": "", "2010-09-30": "0.00000", "2010-06-30": "", "2010-03-31": "", "2009-12-31": "-1.70000", "2009-09-30": "", "2009-06-30": "-1.40000", "2009-03-31": "", "2008-12-31": "", "2008-09-30": "", "2008-06-30": "", "2008-03-31": "", "2007-12-31": "", "2007-09-30": "-0.50000", "2007-06-30": "", "2007-03-31": "", "2006-12-31": "", "2006-09-30": "-0.30000", "2006-06-30": "", "2006-03-31": "", "2005-12-31": "", "2005-09-30": "", "2005-06-30": "", "2005-03-31": ""}, "Operating Expenses": {"2020-09-30": "444.10000", "2020-06-30": "378.10000", "2020-03-31": "375.00000", "2019-12-31": "402.20000", "2019-09-30": "481.10000", "2019-06-30": "403.70000", "2019-03-31": "440.30000", "2018-12-31": "453.80000", "2018-09-30": "471.50000", "2018-06-30": "429.30000", "2018-03-31": "426.10000", "2017-12-31": "410.60000", "2017-09-30": "467.70000", "2017-06-30": "440.60000", "2017-03-31": "410.30000", "2016-12-31": "421.09990", "2016-09-30": "486.60000", "2016-06-30": "425.50000", "2016-03-31": "395.20000", "2015-12-31": "400.30000", "2015-09-30": "469.00000", "2015-06-30": "422.70000", "2015-03-31": "423.70000", "2014-12-31": "441.09990", "2014-09-30": "506.60000", "2014-06-30": "470.00000", "2014-03-31": "498.60000", "2013-12-31": "435.60010", "2013-09-30": "462.30000", "2013-06-30": "590.30000", "2013-03-31": "826.00000", "2012-12-31": "764.80020", "2012-09-30": "809.40000", "2012-06-30": "677.70000", "2012-03-31": "742.40000", "2011-12-31": "788.29990", "2011-09-30": "912.40000", "2011-06-30": "795.90000", "2011-03-31": "772.60000", "2010-12-31": "747.10020", "2010-09-30": "851.20000", "2010-06-30": "735.70000", "2010-03-31": "788.99990", "2009-12-31": "689.90030", "2009-09-30": "615.60000", "2009-06-30": "517.70000", "2009-03-31": "554.60000", "2008-12-31": "625.90000", "2008-09-30": "1023.10000", "2008-06-30": "1013.00000", "2008-03-31": "946.60000", "2007-12-31": "884.60010", "2007-09-30": "826.20000", "2007-06-30": "796.20000", "2007-03-31": "835.30000", "2006-12-31": "788.30000", "2006-09-30": "909.99990", "2006-06-30": "816.60000", "2006-03-31": "1058.00000", "2005-12-31": "1602.89900", "2005-09-30": "1485.20000", "2005-06-30": "1254.40000", "2005-03-31": "1246.60000"}, "Operating Income": {"2020-09-30": "258.00000", "2020-06-30": "125.40000", "2020-03-31": "56.30000", "2019-12-31": "70.30010", "2019-09-30": "274.30000", "2019-06-30": "110.00000", "2019-03-31": "49.70000", "2018-12-31": "58.00000", "2018-09-30": "227.30000", "2018-06-30": "137.70000", "2018-03-31": "66.60000", "2017-12-31": "91.30000", "2017-09-30": "249.10000", "2017-06-30": "145.80000", "2017-03-31": "45.70000", "2016-12-31": "109.70000", "2016-09-30": "257.30000", "2016-06-30": "125.90000", "2016-03-31": "37.90000", "2015-12-31": "46.79980", "2015-09-30": "250.80000", "2015-06-30": "127.20000", "2015-03-31": "56.40000", "2014-12-31": "85.10010", "2014-09-30": "248.10000", "2014-06-30": "141.80000", "2014-03-31": "61.80000", "2013-12-31": "73.29990", "2013-09-30": "260.90000", "2013-06-30": "143.90000", "2013-03-31": "75.40000", "2012-12-31": "97.29960", "2012-09-30": "304.00010", "2012-06-30": "177.30000", "2012-03-31": "98.30000", "2011-12-31": "96.89990", "2011-09-30": "299.70000", "2011-06-30": "182.20000", "2011-03-31": "67.90000", "2010-12-31": "81.39990", "2010-09-30": "274.20000", "2010-06-30": "151.50000", "2010-03-31": "86.80010", "2009-12-31": "83.79970", "2009-09-30": "229.70000", "2009-06-30": "126.40000", "2009-03-31": "52.00000", "2008-12-31": "60.10000", "2008-09-30": "231.20010", "2008-06-30": "122.69990", "2008-03-31": "48.10000", "2007-12-31": "73.60000", "2007-09-30": "218.30000", "2007-06-30": "117.20000", "2007-03-31": "46.20000", "2006-12-31": "42.59990", "2006-09-30": "220.60000", "2006-06-30": "117.70000", "2006-03-31": "51.80010", "2005-12-31": "39.00060", "2005-09-30": "188.89990", "2005-06-30": "75.79980", "2005-03-31": "18.70010"}, "Total Non-Operating Income/Expense": {"2020-09-30": "-24.80000", "2020-06-30": "-11.90000", "2020-03-31": "-782.70000", "2019-12-31": "-31.30000", "2019-09-30": "-2.60000", "2019-06-30": "1.40000", "2019-03-31": "-8.40000", "2018-12-31": "10.60000", "2018-09-30": "8.10000", "2018-06-30": "-9.10000", "2018-03-31": "-1.50000", "2017-12-31": "5.20000", "2017-09-30": "16.70000", "2017-06-30": "5.60000", "2017-03-31": "10.30000", "2016-12-31": "-33.60000", "2016-09-30": "5.40000", "2016-06-30": "-13.80000", "2016-03-31": "-2.50000", "2015-12-31": "-4.40000", "2015-09-30": "-103.10000", "2015-06-30": "-4.70000", "2015-03-31": "-0.30000", "2014-12-31": "8.90000", "2014-09-30": "10.00000", "2014-06-30": "1.70000", "2014-03-31": "11.20000", "2013-12-31": "4.40000", "2013-09-30": "15.00000", "2013-06-30": "-17.00000", "2013-03-31": "-31.80000", "2012-12-31": "-41.30000", "2012-09-30": "-43.30000", "2012-06-30": "-39.80000", "2012-03-31": "-32.40000", "2011-12-31": "-33.70000", "2011-09-30": "-38.00000", "2011-06-30": "-25.10000", "2011-03-31": "-25.60000", "2010-12-31": "-32.20000", "2010-09-30": "-35.90000", "2010-06-30": "-33.30000", "2010-03-31": "-31.10000", "2009-12-31": "-31.80000", "2009-09-30": "-27.80000", "2009-06-30": "-23.60000", "2009-03-31": "-26.50000", "2008-12-31": "-32.90000", "2008-09-30": "-29.50000", "2008-06-30": "-34.20000", "2008-03-31": "-26.90000", "2007-12-31": "-18.90000", "2007-09-30": "-30.20000", "2007-06-30": "-22.50000", "2007-03-31": "-21.80000", "2006-12-31": "-16.10000", "2006-09-30": "-27.80000", "2006-06-30": "-26.50000", "2006-03-31": "-15.70000", "2005-12-31": "-26.40000", "2005-09-30": "-27.70000", "2005-06-30": "-20.50000", "2005-03-31": "-18.00000"}, "Pre-Tax Income": {"2020-09-30": "233.20000", "2020-06-30": "113.50000", "2020-03-31": "-726.40000", "2019-12-31": "39.00000", "2019-09-30": "271.70000", "2019-06-30": "111.40000", "2019-03-31": "41.30000", "2018-12-31": "68.60000", "2018-09-30": "235.40000", "2018-06-30": "128.60000", "2018-03-31": "65.10000", "2017-12-31": "96.50000", "2017-09-30": "265.80000", "2017-06-30": "151.40000", "2017-03-31": "56.00000", "2016-12-31": "76.10000", "2016-09-30": "262.70000", "2016-06-30": "112.10000", "2016-03-31": "35.40000", "2015-12-31": "42.40000", "2015-09-30": "147.70000", "2015-06-30": "122.50000", "2015-03-31": "56.10000", "2014-12-31": "94.00000", "2014-09-30": "258.10000", "2014-06-30": "143.50000", "2014-03-31": "73.00000", "2013-12-31": "77.70000", "2013-09-30": "275.90000", "2013-06-30": "126.90000", "2013-03-31": "43.60000", "2012-12-31": "56.00000", "2012-09-30": "260.70000", "2012-06-30": "137.50000", "2012-03-31": "65.90000", "2011-12-31": "63.20000", "2011-09-30": "261.70000", "2011-06-30": "157.10000", "2011-03-31": "42.30000", "2010-12-31": "49.20000", "2010-09-30": "238.30000", "2010-06-30": "118.20000", "2010-03-31": "55.70000", "2009-12-31": "52.00000", "2009-09-30": "201.90000", "2009-06-30": "102.80000", "2009-03-31": "25.50000", "2008-12-31": "27.20000", "2008-09-30": "201.70000", "2008-06-30": "88.50000", "2008-03-31": "21.20000", "2007-12-31": "54.70000", "2007-09-30": "188.10000", "2007-06-30": "94.70000", "2007-03-31": "24.40000", "2006-12-31": "26.50000", "2006-09-30": "192.80000", "2006-06-30": "91.20000", "2006-03-31": "36.10000", "2005-12-31": "12.60000", "2005-09-30": "161.20000", "2005-06-30": "55.30000", "2005-03-31": "0.70000"}, "Income Taxes": {"2020-09-30": "55.80000", "2020-06-30": "27.60000", "2020-03-31": "-234.60000", "2019-12-31": "3.60000", "2019-09-30": "20.80000", "2019-06-30": "11.20000", "2019-03-31": "-5.80000", "2018-12-31": "13.90000", "2018-09-30": "30.30000", "2018-06-30": "17.90000", "2018-03-31": "10.10000", "2017-12-31": "-198.30000", "2017-09-30": "82.40000", "2017-06-30": "46.60000", "2017-03-31": "20.00000", "2016-12-31": "18.20000", "2016-09-30": "79.10000", "2016-06-30": "40.60000", "2016-03-31": "10.20000", "2015-12-31": "13.00000", "2015-09-30": "36.50000", "2015-06-30": "35.00000", "2015-03-31": "12.90000", "2014-12-31": "35.60000", "2014-09-30": "70.80000", "2014-06-30": "42.70000", "2014-03-31": "23.70000", "2013-12-31": "20.10000", "2013-09-30": "60.70000", "2013-06-30": "33.90000", "2013-03-31": "15.60000", "2012-12-31": "12.50000", "2012-09-30": "68.30000", "2012-06-30": "35.90000", "2012-03-31": "18.40000", "2011-12-31": "20.00000", "2011-09-30": "80.30000", "2011-06-30": "47.80000", "2011-03-31": "12.60000", "2010-12-31": "15.40000", "2010-09-30": "74.80000", "2010-06-30": "40.30000", "2010-03-31": "30.50000", "2009-12-31": "16.90000", "2009-09-30": "64.40000", "2009-06-30": "31.90000", "2009-03-31": "7.90000", "2008-12-31": "4.60000", "2008-09-30": "60.30000", "2008-06-30": "29.70000", "2008-03-31": "6.60000", "2007-12-31": "16.10000", "2007-09-30": "61.30000", "2007-06-30": "32.10000", "2007-03-31": "7.20000", "2006-12-31": "4.40000", "2006-09-30": "70.80000", "2006-06-30": "33.30000", "2006-03-31": "12.00000", "2005-12-31": "-4.70000", "2005-09-30": "54.80000", "2005-06-30": "19.50000", "2005-03-31": "-1.00000"}, "Income After Taxes": {"2020-09-30": "177.40000", "2020-06-30": "85.90000", "2020-03-31": "-491.80000", "2019-12-31": "35.40000", "2019-09-30": "250.90000", "2019-06-30": "100.20000", "2019-03-31": "47.10000", "2018-12-31": "54.70000", "2018-09-30": "205.10000", "2018-06-30": "110.70000", "2018-03-31": "55.00000", "2017-12-31": "294.80000", "2017-09-30": "183.40000", "2017-06-30": "104.80000", "2017-03-31": "36.00000", "2016-12-31": "57.90000", "2016-09-30": "183.60000", "2016-06-30": "71.50000", "2016-03-31": "25.20000", "2015-12-31": "29.40000", "2015-09-30": "111.20000", "2015-06-30": "87.50000", "2015-03-31": "43.20000", "2014-12-31": "58.40000", "2014-09-30": "187.30000", "2014-06-30": "100.80000", "2014-03-31": "49.30000", "2013-12-31": "57.60000", "2013-09-30": "215.20000", "2013-06-30": "93.00000", "2013-03-31": "28.00000", "2012-12-31": "43.50000", "2012-09-30": "192.40000", "2012-06-30": "101.60000", "2012-03-31": "47.50000", "2011-12-31": "43.20000", "2011-09-30": "181.40000", "2011-06-30": "109.30000", "2011-03-31": "29.70000", "2010-12-31": "33.80000", "2010-09-30": "163.50000", "2010-06-30": "77.90000", "2010-03-31": "25.20000", "2009-12-31": "35.10000", "2009-09-30": "137.50000", "2009-06-30": "70.90000", "2009-03-31": "17.60000", "2008-12-31": "22.60000", "2008-09-30": "141.40000", "2008-06-30": "58.80000", "2008-03-31": "14.60000", "2007-12-31": "38.60000", "2007-09-30": "126.80000", "2007-06-30": "62.60000", "2007-03-31": "17.20000", "2006-12-31": "22.10000", "2006-09-30": "122.00000", "2006-06-30": "57.90000", "2006-03-31": "24.10000", "2005-12-31": "17.30000", "2005-09-30": "106.40000", "2005-06-30": "35.80000", "2005-03-31": "1.70000"}, "Other Income": {"2020-09-30": "", "2020-06-30": "", "2020-03-31": "", "2019-12-31": "", "2019-09-30": "", "2019-06-30": "", "2019-03-31": "", "2018-12-31": "", "2018-09-30": "", "2018-06-30": "", "2018-03-31": "", "2017-12-31": "", "2017-09-30": "", "2017-06-30": "", "2017-03-31": "", "2016-12-31": "", "2016-09-30": "", "2016-06-30": "", "2016-03-31": "", "2015-12-31": "", "2015-09-30": "", "2015-06-30": "", "2015-03-31": "", "2014-12-31": "", "2014-09-30": "", "2014-06-30": "", "2014-03-31": "", "2013-12-31": "", "2013-09-30": "", "2013-06-30": "", "2013-03-31": "", "2012-12-31": "", "2012-09-30": "", "2012-06-30": "", "2012-03-31": "", "2011-12-31": "", "2011-09-30": "", "2011-06-30": "", "2011-03-31": "", "2010-12-31": "", "2010-09-30": "", "2010-06-30": "", "2010-03-31": "", "2009-12-31": "", "2009-09-30": "", "2009-06-30": "", "2009-03-31": "", "2008-12-31": "", "2008-09-30": "", "2008-06-30": "", "2008-03-31": "", "2007-12-31": "", "2007-09-30": "", "2007-06-30": "", "2007-03-31": "", "2006-12-31": "", "2006-09-30": "", "2006-06-30": "", "2006-03-31": "", "2005-12-31": "", "2005-09-30": "", "2005-06-30": "", "2005-03-31": ""}, "Income From Continuous Operations": {"2020-09-30": "177.40000", "2020-06-30": "85.90000", "2020-03-31": "-491.80000", "2019-12-31": "35.40000", "2019-09-30": "250.90000", "2019-06-30": "100.20000", "2019-03-31": "47.10000", "2018-12-31": "54.70000", "2018-09-30": "205.10000", "2018-06-30": "110.70000", "2018-03-31": "55.00000", "2017-12-31": "294.80000", "2017-09-30": "183.40000", "2017-06-30": "104.80000", "2017-03-31": "36.00000", "2016-12-31": "57.90000", "2016-09-30": "183.60000", "2016-06-30": "71.50000", "2016-03-31": "25.20000", "2015-12-31": "29.40000", "2015-09-30": "111.20000", "2015-06-30": "87.50000", "2015-03-31": "43.20000", "2014-12-31": "58.40000", "2014-09-30": "187.30000", "2014-06-30": "100.80000", "2014-03-31": "49.30000", "2013-12-31": "57.60000", "2013-09-30": "215.20000", "2013-06-30": "93.00000", "2013-03-31": "28.00000", "2012-12-31": "43.50000", "2012-09-30": "192.40000", "2012-06-30": "101.60000", "2012-03-31": "47.50000", "2011-12-31": "43.20000", "2011-09-30": "181.40000", "2011-06-30": "109.30000", "2011-03-31": "29.70000", "2010-12-31": "33.80000", "2010-09-30": "163.50000", "2010-06-30": "77.90000", "2010-03-31": "25.20000", "2009-12-31": "35.10000", "2009-09-30": "137.50000", "2009-06-30": "70.90000", "2009-03-31": "17.60000", "2008-12-31": "22.60000", "2008-09-30": "141.40000", "2008-06-30": "58.80000", "2008-03-31": "14.60000", "2007-12-31": "38.60000", "2007-09-30": "126.80000", "2007-06-30": "62.60000", "2007-03-31": "17.20000", "2006-12-31": "22.10000", "2006-09-30": "122.00000", "2006-06-30": "57.90000", "2006-03-31": "24.10000", "2005-12-31": "17.30000", "2005-09-30": "106.40000", "2005-06-30": "35.80000", "2005-03-31": "1.70000"}, "Income From Discontinued Operations": {"2020-09-30": "", "2020-06-30": "", "2020-03-31": "", "2019-12-31": "", "2019-09-30": "", "2019-06-30": "", "2019-03-31": "", "2018-12-31": "", "2018-09-30": "", "2018-06-30": "", "2018-03-31": "", "2017-12-31": "", "2017-09-30": "", "2017-06-30": "", "2017-03-31": "", "2016-12-31": "", "2016-09-30": "", "2016-06-30": "", "2016-03-31": "", "2015-12-31": "", "2015-09-30": "", "2015-06-30": "", "2015-03-31": "", "2014-12-31": "", "2014-09-30": "", "2014-06-30": "", "2014-03-31": "", "2013-12-31": "", "2013-09-30": "", "2013-06-30": "", "2013-03-31": "", "2012-12-31": "", "2012-09-30": "", "2012-06-30": "", "2012-03-31": "", "2011-12-31": "", "2011-09-30": "", "2011-06-30": "", "2011-03-31": "", "2010-12-31": "", "2010-09-30": "", "2010-06-30": "", "2010-03-31": "", "2009-12-31": "", "2009-09-30": "", "2009-06-30": "", "2009-03-31": "", "2008-12-31": "", "2008-09-30": "", "2008-06-30": "", "2008-03-31": "", "2007-12-31": "", "2007-09-30": "", "2007-06-30": "", "2007-03-31": "", "2006-12-31": "0.00000", "2006-09-30": "-0.60000", "2006-06-30": "35.80000", "2006-03-31": "0.80000", "2005-12-31": "38.80000", "2005-09-30": "4.70000", "2005-06-30": "2.70000", "2005-03-31": "3.60000"}, "Net Income": {"2020-09-30": "177.40000", "2020-06-30": "85.90000", "2020-03-31": "-491.80000", "2019-12-31": "35.40000", "2019-09-30": "250.90000", "2019-06-30": "100.20000", "2019-03-31": "47.10000", "2018-12-31": "54.70000", "2018-09-30": "205.10000", "2018-06-30": "110.70000", "2018-03-31": "55.00000", "2017-12-31": "294.80000", "2017-09-30": "183.40000", "2017-06-30": "104.80000", "2017-03-31": "36.00000", "2016-12-31": "57.90000", "2016-09-30": "183.60000", "2016-06-30": "71.50000", "2016-03-31": "25.20000", "2015-12-31": "29.40000", "2015-09-30": "111.20000", "2015-06-30": "87.50000", "2015-03-31": "43.20000", "2014-12-31": "58.40000", "2014-09-30": "187.30000", "2014-06-30": "100.80000", "2014-03-31": "49.30000", "2013-12-31": "57.60000", "2013-09-30": "215.20000", "2013-06-30": "91.70000", "2013-03-31": "23.10000", "2012-12-31": "38.50000", "2012-09-30": "185.50000", "2012-06-30": "93.90000", "2012-03-31": "37.10000", "2011-12-31": "36.40000", "2011-09-30": "178.70000", "2011-06-30": "103.00000", "2011-03-31": "24.80000", "2010-12-31": "30.70000", "2010-09-30": "163.10000", "2010-06-30": "77.30000", "2010-03-31": "24.20000", "2009-12-31": "34.20000", "2009-09-30": "136.80000", "2009-06-30": "70.50000", "2009-03-31": "16.80000", "2008-12-31": "21.80000", "2008-09-30": "139.50000", "2008-06-30": "57.10000", "2008-03-31": "13.00000", "2007-12-31": "37.60000", "2007-09-30": "126.80000", "2007-06-30": "62.60000", "2007-03-31": "17.20000", "2006-12-31": "22.10000", "2006-09-30": "121.40000", "2006-06-30": "93.70000", "2006-03-31": "24.90000", "2005-12-31": "56.10000", "2005-09-30": "111.10000", "2005-06-30": "38.50000", "2005-03-31": "5.30000"}, "EBITDA": {"2020-09-30": "358.50000", "2020-06-30": "222.70000", "2020-03-31": "150.70000", "2019-12-31": "164.50010", "2019-09-30": "368.40000", "2019-06-30": "194.30000", "2019-03-31": "132.10000", "2018-12-31": "138.80000", "2018-09-30": "308.40000", "2018-06-30": "218.60000", "2018-03-31": "145.40000", "2017-12-31": "167.60000", "2017-09-30": "326.00000", "2017-06-30": "220.50010", "2017-03-31": "101.30000", "2016-12-31": "191.50000", "2016-09-30": "339.50010", "2016-06-30": "206.00000", "2016-03-31": "116.40000", "2015-12-31": "124.69980", "2015-09-30": "328.70000", "2015-06-30": "203.40010", "2015-03-31": "132.30000", "2014-12-31": "159.30010", "2014-09-30": "319.80000", "2014-06-30": "210.10000", "2014-03-31": "129.00000", "2013-12-31": "138.89990", "2013-09-30": "326.30000", "2013-06-30": "218.60000", "2013-03-31": "168.30000", "2012-12-31": "199.49960", "2012-09-30": "399.90010", "2012-06-30": "266.80000", "2012-03-31": "185.90000", "2011-12-31": "178.79990", "2011-09-30": "376.80000", "2011-06-30": "256.90000", "2011-03-31": "141.90000", "2010-12-31": "157.49990", "2010-09-30": "347.90000", "2010-06-30": "222.70000", "2010-03-31": "157.10010", "2009-12-31": "150.59970", "2009-09-30": "298.30000", "2009-06-30": "191.00000", "2009-03-31": "114.60000", "2008-12-31": "121.50000", "2008-09-30": "284.60010", "2008-06-30": "175.09990", "2008-03-31": "98.80000", "2007-12-31": "123.80000", "2007-09-30": "266.90010", "2007-06-30": "165.00000", "2007-03-31": "94.90000", "2006-12-31": "88.69980", "2006-09-30": "265.50000", "2006-06-30": "163.20000", "2006-03-31": "96.70010", "2005-12-31": "86.60060", "2005-09-30": "235.49990", "2005-06-30": "119.29980", "2005-03-31": "63.60010"}, "EBIT": {"2020-09-30": "258.00000", "2020-06-30": "125.40000", "2020-03-31": "56.30000", "2019-12-31": "70.30010", "2019-09-30": "274.30000", "2019-06-30": "110.00000", "2019-03-31": "49.70000", "2018-12-31": "58.00010", "2018-09-30": "227.30000", "2018-06-30": "137.70000", "2018-03-31": "66.60000", "2017-12-31": "91.30000", "2017-09-30": "249.10000", "2017-06-30": "145.80000", "2017-03-31": "45.70000", "2016-12-31": "109.70000", "2016-09-30": "257.30000", "2016-06-30": "125.90000", "2016-03-31": "37.90000", "2015-12-31": "46.79990", "2015-09-30": "250.80000", "2015-06-30": "127.20000", "2015-03-31": "56.40000", "2014-12-31": "85.10010", "2014-09-30": "248.10000", "2014-06-30": "141.80000", "2014-03-31": "61.80000", "2013-12-31": "73.29970", "2013-09-30": "260.90000", "2013-06-30": "143.90000", "2013-03-31": "75.40000", "2012-12-31": "97.29980", "2012-09-30": "304.00010", "2012-06-30": "177.30000", "2012-03-31": "98.30000", "2011-12-31": "96.90000", "2011-09-30": "299.70000", "2011-06-30": "182.20000", "2011-03-31": "67.90000", "2010-12-31": "81.39980", "2010-09-30": "274.20000", "2010-06-30": "151.50000", "2010-03-31": "86.80010", "2009-12-31": "83.79970", "2009-09-30": "229.70000", "2009-06-30": "126.40000", "2009-03-31": "52.00000", "2008-12-31": "60.10020", "2008-09-30": "231.20010", "2008-06-30": "122.69990", "2008-03-31": "48.10000", "2007-12-31": "73.60000", "2007-09-30": "218.30000", "2007-06-30": "117.20000", "2007-03-31": "46.20000", "2006-12-31": "42.59990", "2006-09-30": "220.60000", "2006-06-30": "117.70000", "2006-03-31": "51.80010", "2005-12-31": "39.00060", "2005-09-30": "188.89990", "2005-06-30": "75.79980", "2005-03-31": "18.70010"}, "Basic Shares Outstanding": {"2020-09-30": "200.10000", "2020-06-30": "200.20000", "2020-03-31": "200.20000", "2019-12-31": "200.10000", "2019-09-30": "200.20000", "2019-06-30": "200.20000", "2019-03-31": "199.90000", "2018-12-31": "199.70000", "2018-09-30": "199.70000", "2018-06-30": "199.70000", "2018-03-31": "199.70000", "2017-12-31": "199.70000", "2017-09-30": "199.70000", "2017-06-30": "199.70000", "2017-03-31": "199.70000", "2016-12-31": "199.70000", "2016-09-30": "199.70000", "2016-06-30": "199.70000", "2016-03-31": "199.70000", "2015-12-31": "199.60000", "2015-09-30": "199.70000", "2015-06-30": "199.60000", "2015-03-31": "199.50000", "2014-12-31": "199.20000", "2014-09-30": "199.30000", "2014-06-30": "199.20000", "2014-03-31": "198.80000", "2013-12-31": "198.20000", "2013-09-30": "198.40000", "2013-06-30": "198.30000", "2013-03-31": "197.80000", "2012-12-31": "197.10000", "2012-09-30": "197.40000", "2012-06-30": "197.20000", "2012-03-31": "196.60000", "2011-12-31": "195.80000", "2011-09-30": "196.00000", "2011-06-30": "196.00000", "2011-03-31": "195.40000", "2010-12-31": "194.60000", "2010-09-30": "194.80000", "2010-06-30": "194.60000", "2010-03-31": "194.20000", "2009-12-31": "192.40000", "2009-09-30": "193.40000", "2009-06-30": "193.00000", "2009-03-31": "189.40000", "2008-12-31": "184.80000", "2008-09-30": "185.20000", "2008-06-30": "184.20000", "2008-03-31": "183.80000", "2007-12-31": "183.40000", "2007-09-30": "183.60000", "2007-06-30": "183.60000", "2007-03-31": "183.00000", "2006-12-31": "182.00000", "2006-09-30": "182.20000", "2006-06-30": "181.80000", "2006-03-31": "181.20000", "2005-12-31": "180.60000", "2005-09-30": "180.80000", "2005-06-30": "180.40000", "2005-03-31": "180.00000"}, "Shares Outstanding": {"2020-09-30": "200.40000", "2020-06-30": "200.50000", "2020-03-31": "200.20000", "2019-12-31": "200.70000", "2019-09-30": "200.80000", "2019-06-30": "200.60000", "2019-03-31": "200.50000", "2018-12-31": "200.50000", "2018-09-30": "200.60000", "2018-06-30": "200.50000", "2018-03-31": "200.20000", "2017-12-31": "200.00000", "2017-09-30": "200.10000", "2017-06-30": "199.90000", "2017-03-31": "200.00000", "2016-12-31": "199.90000", "2016-09-30": "199.90000", "2016-06-30": "199.80000", "2016-03-31": "199.70000", "2015-12-31": "199.60000", "2015-09-30": "199.70000", "2015-06-30": "199.60000", "2015-03-31": "199.50000", "2014-12-31": "199.90000", "2014-09-30": "200.20000", "2014-06-30": "200.00000", "2014-03-31": "199.50000", "2013-12-31": "199.40000", "2013-09-30": "199.70000", "2013-06-30": "199.40000", "2013-03-31": "198.80000", "2012-12-31": "198.10000", "2012-09-30": "198.30000", "2012-06-30": "197.80000", "2012-03-31": "197.60000", "2011-12-31": "198.50000", "2011-09-30": "198.60000", "2011-06-30": "198.60000", "2011-03-31": "198.20000", "2010-12-31": "197.80000", "2010-09-30": "198.00000", "2010-06-30": "197.40000", "2010-03-31": "197.00000", "2009-12-31": "194.40000", "2009-09-30": "195.40000", "2009-06-30": "195.00000", "2009-03-31": "190.60000", "2008-12-31": "185.60000", "2008-09-30": "186.00000", "2008-06-30": "185.00000", "2008-03-31": "185.00000", "2007-12-31": "185.00000", "2007-09-30": "185.00000", "2007-06-30": "185.40000", "2007-03-31": "184.80000", "2006-12-31": "184.20000", "2006-09-30": "184.80000", "2006-06-30": "184.00000", "2006-03-31": "183.20000", "2005-12-31": "181.60000", "2005-09-30": "181.60000", "2005-06-30": "181.60000", "2005-03-31": "181.00000"}, "Basic EPS": {"2020-09-30": "0.89000", "2020-06-30": "0.43000", "2020-03-31": "-2.46000", "2019-12-31": "0.18000", "2019-09-30": "1.25000", "2019-06-30": "0.50000", "2019-03-31": "0.24000", "2018-12-31": "0.27000", "2018-09-30": "1.03000", "2018-06-30": "0.55000", "2018-03-31": "0.28000", "2017-12-31": "1.48000", "2017-09-30": "0.92000", "2017-06-30": "0.52000", "2017-03-31": "0.18000", "2016-12-31": "0.29000", "2016-09-30": "0.92000", "2016-06-30": "0.35000", "2016-03-31": "0.13000", "2015-12-31": "0.15000", "2015-09-30": "0.55000", "2015-06-30": "0.44000", "2015-03-31": "0.22000", "2014-12-31": "0.29000", "2014-09-30": "0.94000", "2014-06-30": "0.51000", "2014-03-31": "0.25000", "2013-12-31": "0.30000", "2013-09-30": "1.08000", "2013-06-30": "0.46000", "2013-03-31": "0.12000", "2012-12-31": "0.19000", "2012-09-30": "0.94000", "2012-06-30": "0.48000", "2012-03-31": "0.19000", "2011-12-31": "0.19000", "2011-09-30": "0.91000", "2011-06-30": "0.52500", "2011-03-31": "0.12500", "2010-12-31": "0.16000", "2010-09-30": "0.83500", "2010-06-30": "0.39500", "2010-03-31": "0.12500", "2009-12-31": "0.17500", "2009-09-30": "0.71000", "2009-06-30": "0.36500", "2009-03-31": "0.09000", "2008-12-31": "0.11500", "2008-09-30": "0.75500", "2008-06-30": "0.31000", "2008-03-31": "0.07000", "2007-12-31": "0.20500", "2007-09-30": "0.69000", "2007-06-30": "0.34000", "2007-03-31": "0.09500", "2006-12-31": "0.12500", "2006-09-30": "0.66500", "2006-06-30": "0.51500", "2006-03-31": "0.13500", "2005-12-31": "0.31000", "2005-09-30": "0.61500", "2005-06-30": "0.21500", "2005-03-31": "0.03000"}, "EPS - Earnings Per Share": {"2020-09-30": "0.89000", "2020-06-30": "0.43000", "2020-03-31": "-2.46000", "2019-12-31": "0.17000", "2019-09-30": "1.25000", "2019-06-30": "0.50000", "2019-03-31": "0.24000", "2018-12-31": "0.28000", "2018-09-30": "1.02000", "2018-06-30": "0.55000", "2018-03-31": "0.27000", "2017-12-31": "1.48000", "2017-09-30": "0.92000", "2017-06-30": "0.52000", "2017-03-31": "0.18000", "2016-12-31": "0.29000", "2016-09-30": "0.92000", "2016-06-30": "0.35000", "2016-03-31": "0.13000", "2015-12-31": "0.15000", "2015-09-30": "0.55000", "2015-06-30": "0.44000", "2015-03-31": "0.22000", "2014-12-31": "0.29000", "2014-09-30": "0.94000", "2014-06-30": "0.50000", "2014-03-31": "0.25000", "2013-12-31": "0.28000", "2013-09-30": "1.08000", "2013-06-30": "0.46000", "2013-03-31": "0.12000", "2012-12-31": "0.19000", "2012-09-30": "0.94000", "2012-06-30": "0.47000", "2012-03-31": "0.19000", "2011-12-31": "0.18500", "2011-09-30": "0.90000", "2011-06-30": "0.52000", "2011-03-31": "0.12500", "2010-12-31": "0.15500", "2010-09-30": "0.82500", "2010-06-30": "0.39000", "2010-03-31": "0.12500", "2009-12-31": "0.18000", "2009-09-30": "0.70000", "2009-06-30": "0.36000", "2009-03-31": "0.09000", "2008-12-31": "0.11500", "2008-09-30": "0.75000", "2008-06-30": "0.31000", "2008-03-31": "0.07000", "2007-12-31": "0.20000", "2007-09-30": "0.68500", "2007-06-30": "0.34000", "2007-03-31": "0.09500", "2006-12-31": "0.12000", "2006-09-30": "0.65500", "2006-06-30": "0.51000", "2006-03-31": "0.13500", "2005-12-31": "0.31000", "2005-09-30": "0.61000", "2005-06-30": "0.21000", "2005-03-31": "0.03000"}}, "balance sheet": {"Cash On Hand": {"2019-12-31": "", "2018-12-31": "94.30000", "2017-12-31": "14.40000", "2016-12-31": "0.30000", "2015-12-31": "75.20000", "2014-12-31": "5.50000", "2013-12-31": "6.80000", "2012-12-31": "1.80000", "2011-12-31": "4.60000", "2010-12-31": "2.30000", "2009-12-31": "58.10000", "2008-12-31": "174.40000", "2007-12-31": "8.80000", "2006-12-31": "79.90000", "2005-12-31": "26.40000"}, "Receivables": {"2019-12-31": "164.70000", "2018-12-31": "184.60000", "2017-12-31": "196.40000", "2016-12-31": "194.90000", "2015-12-31": "192.00000", "2014-12-31": "210.40000", "2013-12-31": "197.40000", "2012-12-31": "302.50000", "2011-12-31": "330.80000", "2010-12-31": "282.60000", "2009-12-31": "449.10000", "2008-12-31": "288.10000", "2007-12-31": "334.40000", "2006-12-31": "344.30000", "2005-12-31": "591.40000"}, "Inventory": {"2019-12-31": "136.90000", "2018-12-31": "184.30000", "2017-12-31": "165.10000", "2016-12-31": "161.50000", "2015-12-31": "193.90000", "2014-12-31": "137.40000", "2013-12-31": "155.10000", "2012-12-31": "174.20000", "2011-12-31": "187.90000", "2010-12-31": "242.10000", "2009-12-31": "196.90000", "2008-12-31": "160.80000", "2007-12-31": "145.60000", "2006-12-31": "124.30000", "2005-12-31": "120.10000"}, "Pre-Paid Expenses": {"2019-12-31": "", "2018-12-31": "", "2017-12-31": "", "2016-12-31": "", "2015-12-31": "", "2014-12-31": "", "2013-12-31": "", "2012-12-31": "", "2011-12-31": "", "2010-12-31": "", "2009-12-31": "", "2008-12-31": "9.00000", "2007-12-31": "8.00000", "2006-12-31": "9.00000", "2005-12-31": "10.60000"}, "Other Current Assets": {"2019-12-31": "128.60000", "2018-12-31": "94.10000", "2017-12-31": "121.10000", "2016-12-31": "192.80000", "2015-12-31": "109.10000", "2014-12-31": "162.20000", "2013-12-31": "119.50000", "2012-12-31": "128.00000", "2011-12-31": "97.30000", "2010-12-31": "86.40000", "2009-12-31": "82.20000", "2008-12-31": "97.40000", "2007-12-31": "94.60000", "2006-12-31": "92.40000", "2005-12-31": "310.80000"}, "Total Current Assets": {"2019-12-31": "430.20000", "2018-12-31": "557.30000", "2017-12-31": "497.00000", "2016-12-31": "549.50000", "2015-12-31": "570.20000", "2014-12-31": "706.90000", "2013-12-31": "694.60000", "2012-12-31": "794.20000", "2011-12-31": "652.70000", "2010-12-31": "632.10000", "2009-12-31": "826.10000", "2008-12-31": "744.60000", "2007-12-31": "629.50000", "2006-12-31": "660.50000", "2005-12-31": "1073.60000"}, "Property, Plant, And Equipment": {"2019-12-31": "9044.60000", "2018-12-31": "8643.80000", "2017-12-31": "8339.90000", "2016-12-31": "7696.20000", "2015-12-31": "7322.40000", "2014-12-31": "6979.90000", "2013-12-31": "6672.80000", "2012-12-31": "8344.80000", "2011-12-31": "7474.00000", "2010-12-31": "6464.40000", "2009-12-31": "5911.60000", "2008-12-31": "5249.80000", "2007-12-31": "4246.30000", "2006-12-31": "3867.50000", "2005-12-31": "3567.40000"}, "Long-Term Investments": {"2019-12-31": "1234.20000", "2018-12-31": "1250.90000", "2017-12-31": "1237.10000", "2016-12-31": "1232.20000", "2015-12-31": "1265.10000", "2014-12-31": "1388.30000", "2013-12-31": "1359.80000", "2012-12-31": "52.20000", "2011-12-31": "46.70000", "2010-12-31": "44.90000", "2009-12-31": "43.70000", "2008-12-31": "42.20000", "2007-12-31": "44.50000", "2006-12-31": "35.20000", "2005-12-31": "29.20000"}, "Goodwill And Intangible Assets": {"2019-12-31": "", "2018-12-31": "", "2017-12-31": "", "2016-12-31": "", "2015-12-31": "", "2014-12-31": "", "2013-12-31": "", "2012-12-31": "166.80000", "2011-12-31": "176.40000", "2010-12-31": "2.80000", "2009-12-31": "", "2008-12-31": "", "2007-12-31": "", "2006-12-31": "", "2005-12-31": "32.80000"}, "Other Long-Term Assets": {"2019-12-31": "9.30000", "2018-12-31": "10.80000", "2017-12-31": "55.70000", "2016-12-31": "56.90000", "2015-12-31": "20.70000", "2014-12-31": "42.30000", "2013-12-31": "28.40000", "2012-12-31": "53.60000", "2011-12-31": "48.30000", "2010-12-31": "35.50000", "2009-12-31": "36.40000", "2008-12-31": "137.20000", "2007-12-31": "142.90000", "2006-12-31": "104.10000", "2005-12-31": "103.30000"}, "Total Long-Term Assets": {"2019-12-31": "10594.10000", "2018-12-31": "10191.30000", "2017-12-31": "9915.70000", "2016-12-31": "9390.10100", "2015-12-31": "9010.40000", "2014-12-31": "8820.90000", "2013-12-31": "8440.10000", "2012-12-31": "9127.99900", "2011-12-31": "8253.30000", "2010-12-31": "7037.00000", "2009-12-31": "6440.60000", "2008-12-31": "5773.90000", "2007-12-31": "4608.30000", "2006-12-31": "4237.90000", "2005-12-31": "3825.30000"}, "Total Assets": {"2019-12-31": "11024.30000", "2018-12-31": "10748.60000", "2017-12-31": "10412.70000", "2016-12-31": "9939.60000", "2015-12-31": "9580.60000", "2014-12-31": "9527.80000", "2013-12-31": "9134.70000", "2012-12-31": "9922.20000", "2011-12-31": "8906.00000", "2010-12-31": "7669.10000", "2009-12-31": "7266.70000", "2008-12-31": "6518.50000", "2007-12-31": "5237.80000", "2006-12-31": "4898.40000", "2005-12-31": "4898.90000"}, "Total Current Liabilities": {"2019-12-31": "657.90000", "2018-12-31": "869.40000", "2017-12-31": "950.50000", "2016-12-31": "1027.20000", "2015-12-31": "752.80000", "2014-12-31": "573.30000", "2013-12-31": "1093.80000", "2012-12-31": "1276.40000", "2011-12-31": "998.50000", "2010-12-31": "814.50000", "2009-12-31": "1275.70000", "2008-12-31": "888.40000", "2007-12-31": "988.50000", "2006-12-31": "669.40000", "2005-12-31": "950.60000"}, "Long Term Debt": {"2019-12-31": "3195.20000", "2018-12-31": "2896.90000", "2017-12-31": "2749.60000", "2016-12-31": "2405.80000", "2015-12-31": "2628.80000", "2014-12-31": "2755.30000", "2013-12-31": "2300.10000", "2012-12-31": "2848.60000", "2011-12-31": "2737.10000", "2010-12-31": "2362.90000", "2009-12-31": "2088.90000", "2008-12-31": "2161.80000", "2007-12-31": "1344.60000", "2006-12-31": "1346.30000", "2005-12-31": "1350.80000"}, "Other Non-Current Liabilities": {"2019-12-31": "1655.90000", "2018-12-31": "1666.30000", "2017-12-31": "1633.70000", "2016-12-31": "728.30000", "2015-12-31": "694.80000", "2014-12-31": "686.50000", "2013-12-31": "578.40000", "2012-12-31": "734.40000", "2011-12-31": "652.80000", "2010-12-31": "610.80000", "2009-12-31": "581.60000", "2008-12-31": "540.10000", "2007-12-31": "348.20000", "2006-12-31": "392.90000", "2005-12-31": "382.90000"}, "Total Long Term Liabilities": {"2019-12-31": "6226.90000", "2018-12-31": "5874.10000", "2017-12-31": "5611.10000", "2016-12-31": "5468.60000", "2015-12-31": "5501.80000", "2014-12-31": "5710.10000", "2013-12-31": "5003.80000", "2012-12-31": "5573.40000", "2011-12-31": "5088.20000", "2010-12-31": "4454.60000", "2009-12-31": "3930.20000", "2008-12-31": "3716.10000", "2007-12-31": "2568.40000", "2006-12-31": "2625.20000", "2005-12-31": "2572.50000"}, "Total Liabilities": {"2019-12-31": "6884.80000", "2018-12-31": "6743.50000", "2017-12-31": "6561.60000", "2016-12-31": "6495.80000", "2015-12-31": "6254.60000", "2014-12-31": "6283.40000", "2013-12-31": "6097.60000", "2012-12-31": "6849.80000", "2011-12-31": "6086.70000", "2010-12-31": "5269.10000", "2009-12-31": "5205.90000", "2008-12-31": "4604.50000", "2007-12-31": "3556.90000", "2006-12-31": "3294.60000", "2005-12-31": "3523.10000"}, "Common Stock Net": {"2019-12-31": "1131.30000", "2018-12-31": "1127.70000", "2017-12-31": "2.00000", "2016-12-31": "2.00000", "2015-12-31": "2.00000", "2014-12-31": "2.00000", "2013-12-31": "2.00000", "2012-12-31": "1.00000", "2011-12-31": "1.00000", "2010-12-31": "1.00000", "2009-12-31": "1.00000", "2008-12-31": "0.90000", "2007-12-31": "0.90000", "2006-12-31": "0.90000", "2005-12-31": "0.90000"}, "Retained Earnings (Accumulated Deficit)": {"2019-12-31": "3036.10000", "2018-12-31": "2906.30000", "2017-12-31": "2759.50000", "2016-12-31": "2367.30000", "2015-12-31": "2259.80000", "2014-12-31": "2198.20000", "2013-12-31": "1991.70000", "2012-12-31": "1772.40000", "2011-12-31": "1574.80000", "2010-12-31": "1380.60000", "2009-12-31": "1227.80000", "2008-12-31": "1107.60000", "2007-12-31": "1005.70000", "2006-12-31": "890.80000", "2005-12-31": "750.50000"}, "Comprehensive Income": {"2019-12-31": "-27.90000", "2018-12-31": "-28.90000", "2017-12-31": "-23.20000", "2016-12-31": "-29.30000", "2015-12-31": "-35.10000", "2014-12-31": "-41.40000", "2013-12-31": "-28.20000", "2012-12-31": "-49.10000", "2011-12-31": "-40.60000", "2010-12-31": "-60.20000", "2009-12-31": "-74.70000", "2008-12-31": "-13.70000", "2007-12-31": "-81.00000", "2006-12-31": "-28.00000", "2005-12-31": "-90.20000"}, "Other Share Holders Equity": {"2019-12-31": "", "2018-12-31": "", "2017-12-31": "", "2016-12-31": "", "2015-12-31": "", "2014-12-31": "", "2013-12-31": "", "2012-12-31": "", "2011-12-31": "", "2010-12-31": "", "2009-12-31": "", "2008-12-31": "", "2007-12-31": "", "2006-12-31": "", "2005-12-31": ""}, "Share Holder Equity": {"2019-12-31": "4139.50000", "2018-12-31": "4005.10000", "2017-12-31": "3851.10000", "2016-12-31": "3443.80000", "2015-12-31": "3326.00000", "2014-12-31": "3244.40000", "2013-12-31": "3037.10000", "2012-12-31": "3072.40000", "2011-12-31": "2819.30000", "2010-12-31": "2400.00000", "2009-12-31": "2060.80000", "2008-12-31": "1914.00000", "2007-12-31": "1680.90000", "2006-12-31": "1603.80000", "2005-12-31": "1375.80000"}, "Total Liabilities And Share Holders Equity": {"2019-12-31": "11024.30000", "2018-12-31": "10748.60000", "2017-12-31": "10412.70000", "2016-12-31": "9939.60000", "2015-12-31": "9580.60000", "2014-12-31": "9527.80000", "2013-12-31": "9134.70000", "2012-12-31": "9922.20000", "2011-12-31": "8906.00000", "2010-12-31": "7669.10000", "2009-12-31": "7266.70000", "2008-12-31": "6518.50000", "2007-12-31": "5237.80000", "2006-12-31": "4898.40000", "2005-12-31": "4898.90000"}}, "balance sheet, quarterly": {"Cash On Hand": {"2020-09-30": "32.00000", "2020-06-30": "67.50000", "2020-03-31": "145.90000", "2019-12-31": "", "2019-09-30": "13.20000", "2019-06-30": "", "2019-03-31": "", "2018-12-31": "94.30000", "2018-09-30": "90.70000", "2018-06-30": "", "2018-03-31": "2.30000", "2017-12-31": "14.40000", "2017-09-30": "", "2017-06-30": "", "2017-03-31": "", "2016-12-31": "0.30000", "2016-09-30": "", "2016-06-30": "", "2016-03-31": "", "2015-12-31": "75.20000", "2015-09-30": "43.30000", "2015-06-30": "", "2015-03-31": "1.50000", "2014-12-31": "5.50000", "2014-09-30": "", "2014-06-30": "2.20000", "2014-03-31": "2.40000", "2013-12-31": "6.80000", "2013-09-30": "", "2013-06-30": "", "2013-03-31": "7.10000", "2012-12-31": "1.80000", "2012-09-30": "10.20000", "2012-06-30": "1.70000", "2012-03-31": "1.60000", "2011-12-31": "4.60000", "2011-09-30": "5.60000", "2011-06-30": "5.10000", "2011-03-31": "4.00000", "2010-12-31": "2.30000", "2010-09-30": "8.50000", "2010-06-30": "7.30000", "2010-03-31": "5.70000", "2009-12-31": "58.10000", "2009-09-30": "2.30000", "2009-06-30": "212.20000", "2009-03-31": "146.40000", "2008-12-31": "174.40000", "2008-09-30": "204.90000", "2008-06-30": "3.60000", "2008-03-31": "2.70000", "2007-12-31": "8.80000", "2007-09-30": "34.00000", "2007-06-30": "36.10000", "2007-03-31": "64.40000", "2006-12-31": "79.90000", "2006-09-30": "32.60000", "2006-06-30": "", "2006-03-31": "19.30000", "2005-12-31": "26.40000", "2005-09-30": "27.50000", "2005-06-30": "26.10000", "2005-03-31": "20.30000"}, "Receivables": {"2020-09-30": "210.40000", "2020-06-30": "161.10000", "2020-03-31": "144.20000", "2019-12-31": "164.70000", "2019-09-30": "239.20000", "2019-06-30": "169.90000", "2019-03-31": "178.70000", "2018-12-31": "184.60000", "2018-09-30": "258.70000", "2018-06-30": "229.00000", "2018-03-31": "190.80000", "2017-12-31": "196.40000", "2017-09-30": "279.70000", "2017-06-30": "201.90000", "2017-03-31": "155.80000", "2016-12-31": "194.90000", "2016-09-30": "244.40000", "2016-06-30": "177.70000", "2016-03-31": "155.40000", "2015-12-31": "192.00000", "2015-09-30": "246.10000", "2015-06-30": "204.60000", "2015-03-31": "190.90000", "2014-12-31": "210.40000", "2014-09-30": "245.10000", "2014-06-30": "197.90000", "2014-03-31": "207.80000", "2013-12-31": "197.40000", "2013-09-30": "271.80000", "2013-06-30": "206.50000", "2013-03-31": "294.10000", "2012-12-31": "302.50000", "2012-09-30": "397.90000", "2012-06-30": "319.70000", "2012-03-31": "277.50000", "2011-12-31": "330.80000", "2011-09-30": "404.70000", "2011-06-30": "329.60000", "2011-03-31": "274.50000", "2010-12-31": "282.60000", "2010-09-30": "355.90000", "2010-06-30": "322.60000", "2010-03-31": "338.10000", "2009-12-31": "449.10000", "2009-09-30": "325.80000", "2009-06-30": "282.30000", "2009-03-31": "239.40000", "2008-12-31": "288.10000", "2008-09-30": "375.00000", "2008-06-30": "404.00000", "2008-03-31": "343.10000", "2007-12-31": "334.40000", "2007-09-30": "333.00000", "2007-06-30": "290.60000", "2007-03-31": "303.30000", "2006-12-31": "344.30000", "2006-09-30": "449.40000", "2006-06-30": "433.40000", "2006-03-31": "335.10000", "2005-12-31": "591.40000", "2005-09-30": "615.00000", "2005-06-30": "417.50000", "2005-03-31": "416.80000"}, "Inventory": {"2020-09-30": "143.50000", "2020-06-30": "141.50000", "2020-03-31": "142.70000", "2019-12-31": "136.90000", "2019-09-30": "137.10000", "2019-06-30": "134.80000", "2019-03-31": "161.10000", "2018-12-31": "184.30000", "2018-09-30": "196.70000", "2018-06-30": "211.40000", "2018-03-31": "196.80000", "2017-12-31": "165.10000", "2017-09-30": "157.40000", "2017-06-30": "160.40000", "2017-03-31": "169.20000", "2016-12-31": "161.50000", "2016-09-30": "163.00000", "2016-06-30": "182.70000", "2016-03-31": "183.70000", "2015-12-31": "193.90000", "2015-09-30": "162.90000", "2015-06-30": "167.10000", "2015-03-31": "161.30000", "2014-12-31": "137.40000", "2014-09-30": "124.40000", "2014-06-30": "135.80000", "2014-03-31": "159.10000", "2013-12-31": "155.10000", "2013-09-30": "155.00000", "2013-06-30": "180.20000", "2013-03-31": "181.90000", "2012-12-31": "174.20000", "2012-09-30": "174.90000", "2012-06-30": "191.50000", "2012-03-31": "184.60000", "2011-12-31": "187.90000", "2011-09-30": "180.60000", "2011-06-30": "208.20000", "2011-03-31": "226.00000", "2010-12-31": "242.10000", "2010-09-30": "209.20000", "2010-06-30": "225.40000", "2010-03-31": "211.00000", "2009-12-31": "196.90000", "2009-09-30": "186.90000", "2009-06-30": "195.20000", "2009-03-31": "170.80000", "2008-12-31": "160.80000", "2008-09-30": "169.60000", "2008-06-30": "177.60000", "2008-03-31": "141.10000", "2007-12-31": "145.60000", "2007-09-30": "133.70000", "2007-06-30": "148.20000", "2007-03-31": "120.20000", "2006-12-31": "124.30000", "2006-09-30": "121.10000", "2006-06-30": "135.20000", "2006-03-31": "124.60000", "2005-12-31": "120.10000", "2005-09-30": "134.00000", "2005-06-30": "107.90000", "2005-03-31": "107.50000"}, "Pre-Paid Expenses": {"2020-09-30": "", "2020-06-30": "", "2020-03-31": "", "2019-12-31": "", "2019-09-30": "", "2019-06-30": "", "2019-03-31": "", "2018-12-31": "", "2018-09-30": "", "2018-06-30": "", "2018-03-31": "", "2017-12-31": "", "2017-09-30": "", "2017-06-30": "", "2017-03-31": "", "2016-12-31": "", "2016-09-30": "", "2016-06-30": "", "2016-03-31": "", "2015-12-31": "", "2015-09-30": "", "2015-06-30": "", "2015-03-31": "", "2014-12-31": "", "2014-09-30": "", "2014-06-30": "", "2014-03-31": "", "2013-12-31": "", "2013-09-30": "", "2013-06-30": "", "2013-03-31": "", "2012-12-31": "", "2012-09-30": "", "2012-06-30": "", "2012-03-31": "", "2011-12-31": "", "2011-09-30": "", "2011-06-30": "", "2011-03-31": "", "2010-12-31": "", "2010-09-30": "", "2010-06-30": "6.40000", "2010-03-31": "8.40000", "2009-12-31": "", "2009-09-30": "3.50000", "2009-06-30": "5.60000", "2009-03-31": "8.40000", "2008-12-31": "9.00000", "2008-09-30": "4.30000", "2008-06-30": "5.70000", "2008-03-31": "8.30000", "2007-12-31": "8.00000", "2007-09-30": "4.00000", "2007-06-30": "6.40000", "2007-03-31": "8.60000", "2006-12-31": "9.00000", "2006-09-30": "24.90000", "2006-06-30": "20.50000", "2006-03-31": "20.20000", "2005-12-31": "10.60000", "2005-09-30": "8.00000", "2005-06-30": "", "2005-03-31": ""}, "Other Current Assets": {"2020-09-30": "102.60000", "2020-06-30": "128.90000", "2020-03-31": "89.70000", "2019-12-31": "128.60000", "2019-09-30": "159.60000", "2019-06-30": "150.90000", "2019-03-31": "114.30000", "2018-12-31": "94.10000", "2018-09-30": "95.90000", "2018-06-30": "120.40000", "2018-03-31": "103.60000", "2017-12-31": "121.10000", "2017-09-30": "162.70000", "2017-06-30": "270.20000", "2017-03-31": "213.10000", "2016-12-31": "192.80000", "2016-09-30": "139.70000", "2016-06-30": "166.80000", "2016-03-31": "116.80000", "2015-12-31": "109.10000", "2015-09-30": "124.40000", "2015-06-30": "137.20000", "2015-03-31": "110.40000", "2014-12-31": "162.20000", "2014-09-30": "202.30000", "2014-06-30": "200.00000", "2014-03-31": "144.60000", "2013-12-31": "119.50000", "2013-09-30": "101.00000", "2013-06-30": "122.60000", "2013-03-31": "102.80000", "2012-12-31": "128.00000", "2012-09-30": "111.40000", "2012-06-30": "140.20000", "2012-03-31": "100.40000", "2011-12-31": "97.30000", "2011-09-30": "121.80000", "2011-06-30": "147.20000", "2011-03-31": "74.80000", "2010-12-31": "86.40000", "2010-09-30": "86.80000", "2010-06-30": "98.90000", "2010-03-31": "65.20000", "2009-12-31": "82.20000", "2009-09-30": "84.10000", "2009-06-30": "92.70000", "2009-03-31": "60.90000", "2008-12-31": "97.40000", "2008-09-30": "176.90000", "2008-06-30": "182.20000", "2008-03-31": "86.90000", "2007-12-31": "94.60000", "2007-09-30": "74.30000", "2007-06-30": "79.50000", "2007-03-31": "55.10000", "2006-12-31": "92.40000", "2006-09-30": "131.10000", "2006-06-30": "131.40000", "2006-03-31": "146.40000", "2005-12-31": "310.80000", "2005-09-30": "926.70000", "2005-06-30": "399.60000", "2005-03-31": "433.90000"}, "Total Current Assets": {"2020-09-30": "488.50000", "2020-06-30": "499.00000", "2020-03-31": "522.50000", "2019-12-31": "430.20000", "2019-09-30": "549.10000", "2019-06-30": "455.60000", "2019-03-31": "454.10000", "2018-12-31": "557.30000", "2018-09-30": "642.00000", "2018-06-30": "560.80000", "2018-03-31": "493.50000", "2017-12-31": "497.00000", "2017-09-30": "599.80000", "2017-06-30": "632.50000", "2017-03-31": "538.10000", "2016-12-31": "549.50000", "2016-09-30": "547.10000", "2016-06-30": "527.20000", "2016-03-31": "455.90000", "2015-12-31": "570.20000", "2015-09-30": "753.10000", "2015-06-30": "682.00000", "2015-03-31": "653.30000", "2014-12-31": "706.90000", "2014-09-30": "740.00000", "2014-06-30": "696.70000", "2014-03-31": "702.50000", "2013-12-31": "694.60000", "2013-09-30": "758.00000", "2013-06-30": "607.00000", "2013-03-31": "626.50000", "2012-12-31": "794.20000", "2012-09-30": "856.50000", "2012-06-30": "727.80000", "2012-03-31": "601.40000", "2011-12-31": "652.70000", "2011-09-30": "726.50000", "2011-06-30": "705.20000", "2011-03-31": "596.40000", "2010-12-31": "632.10000", "2010-09-30": "709.10000", "2010-06-30": "697.60000", "2010-03-31": "669.80000", "2009-12-31": "826.10000", "2009-09-30": "615.60000", "2009-06-30": "809.60000", "2009-03-31": "647.70000", "2008-12-31": "744.60000", "2008-09-30": "962.70000", "2008-06-30": "804.10000", "2008-03-31": "609.40000", "2007-12-31": "629.50000", "2007-09-30": "596.20000", "2007-06-30": "575.50000", "2007-03-31": "565.30000", "2006-12-31": "660.50000", "2006-09-30": "771.30000", "2006-06-30": "735.20000", "2006-03-31": "659.60000", "2005-12-31": "1073.60000", "2005-09-30": "1750.70000", "2005-06-30": "964.90000", "2005-03-31": "993.00000"}, "Property, Plant, And Equipment": {"2020-09-30": "9234.00000", "2020-06-30": "9172.10000", "2020-03-31": "9091.00000", "2019-12-31": "9044.60000", "2019-09-30": "8961.20000", "2019-06-30": "8877.50000", "2019-03-31": "8769.40000", "2018-12-31": "8643.80000", "2018-09-30": "8557.00000", "2018-06-30": "8473.10000", "2018-03-31": "8393.10000", "2017-12-31": "8339.90000", "2017-09-30": "8199.90000", "2017-06-30": "8088.30000", "2017-03-31": "7900.30000", "2016-12-31": "7696.20000", "2016-09-30": "7534.30000", "2016-06-30": "7469.90000", "2016-03-31": "7387.50000", "2015-12-31": "7322.40000", "2015-09-30": "7166.50000", "2015-06-30": "7085.80000", "2015-03-31": "7012.20000", "2014-12-31": "6979.90000", "2014-09-30": "6927.10000", "2014-06-30": "6820.30000", "2014-03-31": "6762.30000", "2013-12-31": "6672.80000", "2013-09-30": "6495.60000", "2013-06-30": "6382.90000", "2013-03-31": "8580.40000", "2012-12-31": "8344.80000", "2012-09-30": "8097.80000", "2012-06-30": "7863.70000", "2012-03-31": "7704.60000", "2011-12-31": "7474.00000", "2011-09-30": "7148.80000", "2011-06-30": "6934.20000", "2011-03-31": "6599.60000", "2010-12-31": "6464.40000", "2010-09-30": "6287.60000", "2010-06-30": "6056.90000", "2010-03-31": "5959.60000", "2009-12-31": "5911.60000", "2009-09-30": "5773.40000", "2009-06-30": "5675.00000", "2009-03-31": "5446.30000", "2008-12-31": "5249.80000", "2008-09-30": "5028.70000", "2008-06-30": "4438.70000", "2008-03-31": "4329.60000", "2007-12-31": "4246.30000", "2007-09-30": "4102.30000", "2007-06-30": "4023.30000", "2007-03-31": "3948.00000", "2006-12-31": "3867.50000", "2006-09-30": "3751.70000", "2006-06-30": "3696.90000", "2006-03-31": "3614.60000", "2005-12-31": "3567.40000", "2005-09-30": "3650.10000", "2005-06-30": "3635.50000", "2005-03-31": "3611.30000"}, "Long-Term Investments": {"2020-09-30": "459.00000", "2020-06-30": "455.70000", "2020-03-31": "447.40000", "2019-12-31": "1234.20000", "2019-09-30": "1259.10000", "2019-06-30": "1252.70000", "2019-03-31": "1250.90000", "2018-12-31": "1250.90000", "2018-09-30": "1238.30000", "2018-06-30": "1230.60000", "2018-03-31": "1236.80000", "2017-12-31": "1237.10000", "2017-09-30": "1234.50000", "2017-06-30": "1234.90000", "2017-03-31": "1234.40000", "2016-12-31": "1232.20000", "2016-09-30": "1240.00000", "2016-06-30": "1241.20000", "2016-03-31": "1256.90000", "2015-12-31": "1265.10000", "2015-09-30": "1272.70000", "2015-06-30": "1382.50000", "2015-03-31": "1387.10000", "2014-12-31": "1388.30000", "2014-09-30": "1378.50000", "2014-06-30": "1375.00000", "2014-03-31": "1377.30000", "2013-12-31": "1359.80000", "2013-09-30": "1352.00000", "2013-06-30": "1323.10000", "2013-03-31": "55.90000", "2012-12-31": "52.20000", "2012-09-30": "50.50000", "2012-06-30": "48.80000", "2012-03-31": "49.20000", "2011-12-31": "46.70000", "2011-09-30": "45.40000", "2011-06-30": "46.90000", "2011-03-31": "45.90000", "2010-12-31": "44.90000", "2010-09-30": "42.00000", "2010-06-30": "41.60000", "2010-03-31": "43.30000", "2009-12-31": "43.70000", "2009-09-30": "42.10000", "2009-06-30": "40.90000", "2009-03-31": "38.60000", "2008-12-31": "42.20000", "2008-09-30": "46.50000", "2008-06-30": "47.90000", "2008-03-31": "44.00000", "2007-12-31": "44.50000", "2007-09-30": "43.00000", "2007-06-30": "39.50000", "2007-03-31": "37.50000", "2006-12-31": "35.20000", "2006-09-30": "31.40000", "2006-06-30": "31.30000", "2006-03-31": "30.80000", "2005-12-31": "29.20000", "2005-09-30": "32.80000", "2005-06-30": "32.10000", "2005-03-31": "32.00000"}, "Goodwill And Intangible Assets": {"2020-09-30": "", "2020-06-30": "", "2020-03-31": "", "2019-12-31": "", "2019-09-30": "", "2019-06-30": "", "2019-03-31": "", "2018-12-31": "", "2018-09-30": "", "2018-06-30": "", "2018-03-31": "", "2017-12-31": "", "2017-09-30": "", "2017-06-30": "", "2017-03-31": "", "2016-12-31": "", "2016-09-30": "", "2016-06-30": "", "2016-03-31": "", "2015-12-31": "", "2015-09-30": "", "2015-06-30": "", "2015-03-31": "", "2014-12-31": "", "2014-09-30": "", "2014-06-30": "", "2014-03-31": "", "2013-12-31": "", "2013-09-30": "", "2013-06-30": "", "2013-03-31": "165.40000", "2012-12-31": "166.80000", "2012-09-30": "169.10000", "2012-06-30": "171.60000", "2012-03-31": "174.00000", "2011-12-31": "176.40000", "2011-09-30": "", "2011-06-30": "", "2011-03-31": "", "2010-12-31": "2.80000", "2010-09-30": "", "2010-06-30": "", "2010-03-31": "", "2009-12-31": "", "2009-09-30": "", "2009-06-30": "", "2009-03-31": "", "2008-12-31": "", "2008-09-30": "", "2008-06-30": "", "2008-03-31": "", "2007-12-31": "", "2007-09-30": "", "2007-06-30": "", "2007-03-31": "", "2006-12-31": "", "2006-09-30": "32.80000", "2006-06-30": "32.80000", "2006-03-31": "32.80000", "2005-12-31": "32.80000", "2005-09-30": "38.00000", "2005-06-30": "38.00000", "2005-03-31": "38.00000"}, "Other Long-Term Assets": {"2020-09-30": "14.50000", "2020-06-30": "12.90000", "2020-03-31": "10.00000", "2019-12-31": "9.30000", "2019-09-30": "9.60000", "2019-06-30": "10.40000", "2019-03-31": "10.70000", "2018-12-31": "10.80000", "2018-09-30": "9.50000", "2018-06-30": "8.90000", "2018-03-31": "37.40000", "2017-12-31": "55.70000", "2017-09-30": "56.10000", "2017-06-30": "58.00000", "2017-03-31": "59.00000", "2016-12-31": "56.90000", "2016-09-30": "57.80000", "2016-06-30": "19.00000", "2016-03-31": "20.20000", "2015-12-31": "20.70000", "2015-09-30": "35.80000", "2015-06-30": "38.50000", "2015-03-31": "42.90000", "2014-12-31": "42.30000", "2014-09-30": "44.50000", "2014-06-30": "55.80000", "2014-03-31": "34.20000", "2013-12-31": "28.40000", "2013-09-30": "42.40000", "2013-06-30": "33.60000", "2013-03-31": "51.00000", "2012-12-31": "53.60000", "2012-09-30": "51.20000", "2012-06-30": "45.40000", "2012-03-31": "44.80000", "2011-12-31": "48.30000", "2011-09-30": "42.80000", "2011-06-30": "34.30000", "2011-03-31": "36.60000", "2010-12-31": "35.50000", "2010-09-30": "34.40000", "2010-06-30": "156.70000", "2010-03-31": "146.30000", "2009-12-31": "36.40000", "2009-09-30": "142.30000", "2009-06-30": "148.10000", "2009-03-31": "137.00000", "2008-12-31": "137.20000", "2008-09-30": "127.70000", "2008-06-30": "147.10000", "2008-03-31": "143.80000", "2007-12-31": "142.90000", "2007-09-30": "98.60000", "2007-06-30": "91.40000", "2007-03-31": "85.00000", "2006-12-31": "104.10000", "2006-09-30": "90.70000", "2006-06-30": "92.50000", "2006-03-31": "94.80000", "2005-12-31": "103.30000", "2005-09-30": "146.40000", "2005-06-30": "128.10000", "2005-03-31": "113.60000"}, "Total Long-Term Assets": {"2020-09-30": "10009.10000", "2020-06-30": "9940.10100", "2020-03-31": "9848.40000", "2019-12-31": "10594.10000", "2019-09-30": "10534.60000", "2019-06-30": "10430.60000", "2019-03-31": "10307.50000", "2018-12-31": "10191.30000", "2018-09-30": "10061.00000", "2018-06-30": "9982.80000", "2018-03-31": "9942.89900", "2017-12-31": "9915.70000", "2017-09-30": "9863.90000", "2017-06-30": "9788.00000", "2017-03-31": "9596.80000", "2016-12-31": "9390.10100", "2016-09-30": "9236.89900", "2016-06-30": "9132.00000", "2016-03-31": "9067.40000", "2015-12-31": "9010.40000", "2015-09-30": "8864.70000", "2015-06-30": "8911.60000", "2015-03-31": "8848.90000", "2014-12-31": "8820.90000", "2014-09-30": "8722.69900", "2014-06-30": "8627.60000", "2014-03-31": "8548.20000", "2013-12-31": "8440.10000", "2013-09-30": "8386.20000", "2013-06-30": "8241.50000", "2013-03-31": "9355.30100", "2012-12-31": "9127.99900", "2012-09-30": "8849.50000", "2012-06-30": "8623.60100", "2012-03-31": "8473.10100", "2011-12-31": "8253.30000", "2011-09-30": "7652.29900", "2011-06-30": "7430.30000", "2011-03-31": "7094.20000", "2010-12-31": "7037.00000", "2010-09-30": "6818.30000", "2010-06-30": "6596.50000", "2010-03-31": "6499.50000", "2009-12-31": "6440.60000", "2009-09-30": "6282.20000", "2009-06-30": "6195.20000", "2009-03-31": "5959.80000", "2008-12-31": "5773.90000", "2008-09-30": "5406.50000", "2008-06-30": "4833.10000", "2008-03-31": "4687.90000", "2007-12-31": "4608.30000", "2007-09-30": "4457.90000", "2007-06-30": "4374.10000", "2007-03-31": "4296.00000", "2006-12-31": "4237.90000", "2006-09-30": "4061.80000", "2006-06-30": "3987.00000", "2006-03-31": "3857.30000", "2005-12-31": "3825.30000", "2005-09-30": "3971.10000", "2005-06-30": "3930.50000", "2005-03-31": "3879.00000"}, "Total Assets": {"2020-09-30": "10497.60000", "2020-06-30": "10439.10000", "2020-03-31": "10370.90000", "2019-12-31": "11024.30000", "2019-09-30": "11083.70000", "2019-06-30": "10886.20000", "2019-03-31": "10761.60000", "2018-12-31": "10748.60000", "2018-09-30": "10703.00000", "2018-06-30": "10543.60000", "2018-03-31": "10436.40000", "2017-12-31": "10412.70000", "2017-09-30": "10463.70000", "2017-06-30": "10420.50000", "2017-03-31": "10134.90000", "2016-12-31": "9939.60000", "2016-09-30": "9784.00000", "2016-06-30": "9659.20000", "2016-03-31": "9523.30000", "2015-12-31": "9580.60000", "2015-09-30": "9617.80000", "2015-06-30": "9593.60000", "2015-03-31": "9502.20000", "2014-12-31": "9527.80000", "2014-09-30": "9462.70000", "2014-06-30": "9324.30000", "2014-03-31": "9250.70000", "2013-12-31": "9134.70000", "2013-09-30": "9144.20000", "2013-06-30": "8848.50000", "2013-03-31": "9981.80000", "2012-12-31": "9922.20000", "2012-09-30": "9706.00000", "2012-06-30": "9351.40000", "2012-03-31": "9074.50000", "2011-12-31": "8906.00000", "2011-09-30": "8378.80000", "2011-06-30": "8135.50000", "2011-03-31": "7690.60000", "2010-12-31": "7669.10000", "2010-09-30": "7527.40000", "2010-06-30": "7294.10000", "2010-03-31": "7169.30000", "2009-12-31": "7266.70000", "2009-09-30": "6897.80000", "2009-06-30": "7004.80000", "2009-03-31": "6607.50000", "2008-12-31": "6518.50000", "2008-09-30": "6369.20000", "2008-06-30": "5637.20000", "2008-03-31": "5297.30000", "2007-12-31": "5237.80000", "2007-09-30": "5054.10000", "2007-06-30": "4949.60000", "2007-03-31": "4861.30000", "2006-12-31": "4898.40000", "2006-09-30": "4833.10000", "2006-06-30": "4722.20000", "2006-03-31": "4516.90000", "2005-12-31": "4898.90000", "2005-09-30": "5721.80000", "2005-06-30": "4895.40000", "2005-03-31": "4872.00000"}, "Total Current Liabilities": {"2020-09-30": "517.40000", "2020-06-30": "594.60000", "2020-03-31": "855.20000", "2019-12-31": "657.90000", "2019-09-30": "696.60000", "2019-06-30": "702.70000", "2019-03-31": "884.20000", "2018-12-31": "869.40000", "2018-09-30": "840.90000", "2018-06-30": "1250.30000", "2018-03-31": "1215.20000", "2017-12-31": "950.50000", "2017-09-30": "953.50000", "2017-06-30": "926.20000", "2017-03-31": "915.00000", "2016-12-31": "1027.20000", "2016-09-30": "795.30000", "2016-06-30": "773.50000", "2016-03-31": "706.50000", "2015-12-31": "752.80000", "2015-09-30": "586.80000", "2015-06-30": "662.30000", "2015-03-31": "641.60000", "2014-12-31": "573.30000", "2014-09-30": "869.10000", "2014-06-30": "1093.90000", "2014-03-31": "949.30000", "2013-12-31": "1093.80000", "2013-09-30": "941.50000", "2013-06-30": "1016.60000", "2013-03-31": "1482.20000", "2012-12-31": "1276.40000", "2012-09-30": "1195.90000", "2012-06-30": "1268.80000", "2012-03-31": "1115.30000", "2011-12-31": "998.50000", "2011-09-30": "934.20000", "2011-06-30": "933.90000", "2011-03-31": "838.50000", "2010-12-31": "814.50000", "2010-09-30": "872.00000", "2010-06-30": "870.10000", "2010-03-31": "1020.10000", "2009-12-31": "1275.70000", "2009-09-30": "1246.40000", "2009-06-30": "1461.50000", "2009-03-31": "1268.80000", "2008-12-31": "888.40000", "2008-09-30": "1250.90000", "2008-06-30": "1094.50000", "2008-03-31": "835.60000", "2007-12-31": "988.50000", "2007-09-30": "718.30000", "2007-06-30": "729.50000", "2007-03-31": "651.30000", "2006-12-31": "669.40000", "2006-09-30": "785.00000", "2006-06-30": "679.60000", "2006-03-31": "567.50000", "2005-12-31": "950.60000", "2005-09-30": "1673.40000", "2005-06-30": "969.40000", "2005-03-31": "979.10000"}, "Long Term Debt": {"2020-09-30": "3493.90000", "2020-06-30": "3493.40000", "2020-03-31": "3195.60000", "2019-12-31": "3195.20000", "2019-09-30": "3194.70000", "2019-06-30": "3193.60000", "2019-03-31": "2897.30000", "2018-12-31": "2896.90000", "2018-09-30": "2896.80000", "2018-06-30": "2500.40000", "2018-03-31": "2500.10000", "2017-12-31": "2749.60000", "2017-09-30": "2749.50000", "2017-06-30": "2863.00000", "2017-03-31": "2703.20000", "2016-12-31": "2405.80000", "2016-09-30": "2505.20000", "2016-06-30": "2629.70000", "2016-03-31": "2629.30000", "2015-12-31": "2628.80000", "2015-09-30": "2645.50000", "2015-06-30": "2645.40000", "2015-03-31": "2645.40000", "2014-12-31": "2755.30000", "2014-09-30": "2509.70000", "2014-06-30": "2409.50000", "2014-03-31": "2549.40000", "2013-12-31": "2300.10000", "2013-09-30": "2400.00000", "2013-06-30": "2400.20000", "2013-03-31": "2848.70000", "2012-12-31": "2848.60000", "2012-09-30": "2848.40000", "2012-06-30": "2737.50000", "2012-03-31": "2737.30000", "2011-12-31": "2737.10000", "2011-09-30": "2586.90000", "2011-06-30": "2586.80000", "2011-03-31": "2338.10000", "2010-12-31": "2362.90000", "2010-09-30": "2372.80000", "2010-06-30": "2402.60000", "2010-03-31": "2204.00000", "2009-12-31": "2088.90000", "2009-09-30": "1930.80000", "2009-06-30": "2000.70000", "2009-03-31": "1841.00000", "2008-12-31": "2161.80000", "2008-09-30": "1912.00000", "2008-06-30": "1568.20000", "2008-03-31": "1543.30000", "2007-12-31": "1344.60000", "2007-09-30": "1344.70000", "2007-06-30": "1344.90000", "2007-03-31": "1346.10000", "2006-12-31": "1346.30000", "2006-09-30": "1221.50000", "2006-06-30": "1346.70000", "2006-03-31": "1349.90000", "2005-12-31": "1350.80000", "2005-09-30": "1418.00000", "2005-06-30": "1418.50000", "2005-03-31": "1417.20000"}, "Other Non-Current Liabilities": {"2020-09-30": "1586.20000", "2020-06-30": "1614.10000", "2020-03-31": "1631.30000", "2019-12-31": "1648.80000", "2019-09-30": "1637.00000", "2019-06-30": "1650.50000", "2019-03-31": "1677.20000", "2018-12-31": "1666.30000", "2018-09-30": "1644.20000", "2018-06-30": "1647.70000", "2018-03-31": "1646.70000", "2017-12-31": "1633.70000", "2017-09-30": "678.00000", "2017-06-30": "759.90000", "2017-03-31": "740.30000", "2016-12-31": "728.30000", "2016-09-30": "723.80000", "2016-06-30": "701.60000", "2016-03-31": "701.10000", "2015-12-31": "694.80000", "2015-09-30": "698.60000", "2015-06-30": "701.70000", "2015-03-31": "694.10000", "2014-12-31": "686.50000", "2014-09-30": "621.70000", "2014-06-30": "589.60000", "2014-03-31": "592.80000", "2013-12-31": "578.40000", "2013-09-30": "700.10000", "2013-06-30": "701.10000", "2013-03-31": "739.00000", "2012-12-31": "734.40000", "2012-09-30": "667.80000", "2012-06-30": "664.20000", "2012-03-31": "690.70000", "2011-12-31": "652.80000", "2011-09-30": "513.00000", "2011-06-30": "509.70000", "2011-03-31": "536.70000", "2010-12-31": "610.80000", "2010-09-30": "564.40000", "2010-06-30": "569.30000", "2010-03-31": "597.20000", "2009-12-31": "581.60000", "2009-09-30": "539.00000", "2009-06-30": "542.10000", "2009-03-31": "550.40000", "2008-12-31": "540.10000", "2008-09-30": "353.20000", "2008-06-30": "360.20000", "2008-03-31": "348.60000", "2007-12-31": "348.20000", "2007-09-30": "384.90000", "2007-06-30": "374.40000", "2007-03-31": "399.80000", "2006-12-31": "392.90000", "2006-09-30": "406.30000", "2006-06-30": "389.20000", "2006-03-31": "379.90000", "2005-12-31": "382.90000", "2005-09-30": "395.00000", "2005-06-30": "366.40000", "2005-03-31": "360.60000"}, "Total Long Term Liabilities": {"2020-09-30": "6319.50000", "2020-06-30": "6280.29900", "2020-03-31": "5963.00000", "2019-12-31": "6226.90000", "2019-09-30": "6200.90000", "2019-06-30": "6176.30000", "2019-03-31": "5901.20000", "2018-12-31": "5874.10000", "2018-09-30": "5832.50000", "2018-06-30": "5403.20000", "2018-03-31": "5379.10000", "2017-12-31": "5611.10000", "2017-09-30": "5893.39900", "2017-06-30": "6002.30000", "2017-03-31": "5775.50000", "2016-12-31": "5468.60000", "2016-09-30": "5543.50000", "2016-06-30": "5563.90000", "2016-03-31": "5518.50000", "2015-12-31": "5501.80000", "2015-09-30": "5677.60000", "2015-06-30": "5645.30000", "2015-03-31": "5618.80000", "2014-12-31": "5710.10000", "2014-09-30": "5350.60000", "2014-06-30": "5130.60000", "2014-03-31": "5263.60100", "2013-12-31": "5003.80000", "2013-09-30": "5208.10000", "2013-06-30": "5020.60000", "2013-03-31": "5447.30000", "2012-12-31": "5573.40000", "2012-09-30": "5473.60000", "2012-06-30": "5204.40000", "2012-03-31": "5148.80000", "2011-12-31": "5088.20000", "2011-09-30": "4745.70000", "2011-06-30": "4653.20000", "2011-03-31": "4383.20000", "2010-12-31": "4454.60000", "2010-09-30": "4407.10000", "2010-06-30": "4304.30000", "2010-03-31": "4093.50000", "2009-12-31": "3930.20000", "2009-09-30": "3580.10000", "2009-06-30": "3585.60000", "2009-03-31": "3412.80000", "2008-12-31": "3716.10000", "2008-09-30": "3279.30000", "2008-06-30": "2839.60000", "2008-03-31": "2780.90000", "2007-12-31": "2568.40000", "2007-09-30": "2637.50000", "2007-06-30": "2602.40000", "2007-03-31": "2619.30000", "2006-12-31": "2625.20000", "2006-09-30": "2502.70000", "2006-06-30": "2599.60000", "2006-03-31": "2572.00000", "2005-12-31": "2572.50000", "2005-09-30": "2688.70000", "2005-06-30": "2648.70000", "2005-03-31": "2628.30000"}, "Total Liabilities": {"2020-09-30": "6836.90000", "2020-06-30": "6874.90000", "2020-03-31": "6818.20000", "2019-12-31": "6884.80000", "2019-09-30": "6897.50000", "2019-06-30": "6879.00000", "2019-03-31": "6785.40000", "2018-12-31": "6743.50000", "2018-09-30": "6673.40000", "2018-06-30": "6653.50000", "2018-03-31": "6594.30000", "2017-12-31": "6561.60000", "2017-09-30": "6846.90000", "2017-06-30": "6928.50000", "2017-03-31": "6690.50000", "2016-12-31": "6495.80000", "2016-09-30": "6338.80000", "2016-06-30": "6337.40000", "2016-03-31": "6225.00000", "2015-12-31": "6254.60000", "2015-09-30": "6264.40000", "2015-06-30": "6307.60000", "2015-03-31": "6260.40000", "2014-12-31": "6283.40000", "2014-09-30": "6219.70000", "2014-06-30": "6224.50000", "2014-03-31": "6212.90000", "2013-12-31": "6097.60000", "2013-09-30": "6149.60000", "2013-06-30": "6037.20000", "2013-03-31": "6929.50000", "2012-12-31": "6849.80000", "2012-09-30": "6669.50000", "2012-06-30": "6473.20000", "2012-03-31": "6264.10000", "2011-12-31": "6086.70000", "2011-09-30": "5679.90000", "2011-06-30": "5587.10000", "2011-03-31": "5221.70000", "2010-12-31": "5269.10000", "2010-09-30": "5279.10000", "2010-06-30": "5174.40000", "2010-03-31": "5113.60000", "2009-12-31": "5205.90000", "2009-09-30": "4826.50000", "2009-06-30": "5047.10000", "2009-03-31": "4681.60000", "2008-12-31": "4604.50000", "2008-09-30": "4530.20000", "2008-06-30": "3934.10000", "2008-03-31": "3616.50000", "2007-12-31": "3556.90000", "2007-09-30": "3355.80000", "2007-06-30": "3331.90000", "2007-03-31": "3270.60000", "2006-12-31": "3294.60000", "2006-09-30": "3287.70000", "2006-06-30": "3279.20000", "2006-03-31": "3139.50000", "2005-12-31": "3523.10000", "2005-09-30": "4362.10000", "2005-06-30": "3618.10000", "2005-03-31": "3607.40000"}, "Common Stock Net": {"2020-09-30": "1121.50000", "2020-06-30": "1119.10000", "2020-03-31": "2.00000", "2019-12-31": "1131.30000", "2019-09-30": "2.00000", "2019-06-30": "2.00000", "2019-03-31": "2.00000", "2018-12-31": "1127.70000", "2018-09-30": "2.00000", "2018-06-30": "2.00000", "2018-03-31": "2.00000", "2017-12-31": "2.00000", "2017-09-30": "2.00000", "2017-06-30": "1110.30000", "2017-03-31": "2.00000", "2016-12-31": "2.00000", "2016-09-30": "2.00000", "2016-06-30": "2.00000", "2016-03-31": "2.00000", "2015-12-31": "2.00000", "2015-09-30": "2.00000", "2015-06-30": "2.00000", "2015-03-31": "2.00000", "2014-12-31": "2.00000", "2014-09-30": "2.00000", "2014-06-30": "2.00000", "2014-03-31": "", "2013-12-31": "2.00000", "2013-09-30": "2.00000", "2013-06-30": "2.00000", "2013-03-31": "1.00000", "2012-12-31": "1.00000", "2012-09-30": "1.00000", "2012-06-30": "1.00000", "2012-03-31": "1.00000", "2011-12-31": "1.00000", "2011-09-30": "1.00000", "2011-06-30": "1.00000", "2011-03-31": "1.00000", "2010-12-31": "1.00000", "2010-09-30": "1.00000", "2010-06-30": "1.00000", "2010-03-31": "1.00000", "2009-12-31": "1.00000", "2009-09-30": "1.00000", "2009-06-30": "1.00000", "2009-03-31": "1.00000", "2008-12-31": "0.90000", "2008-09-30": "0.90000", "2008-06-30": "0.90000", "2008-03-31": "0.90000", "2007-12-31": "0.90000", "2007-09-30": "755.30000", "2007-06-30": "753.30000", "2007-03-31": "750.50000", "2006-12-31": "0.90000", "2006-09-30": "734.80000", "2006-06-30": "729.00000", "2006-03-31": "722.90000", "2005-12-31": "0.90000", "2005-09-30": "715.40000", "2005-06-30": "708.70000", "2005-03-31": "706.20000"}, "Retained Earnings (Accumulated Deficit)": {"2020-09-30": "2570.20000", "2020-06-30": "2473.30000", "2020-03-31": "2465.00000", "2019-12-31": "3036.10000", "2019-09-30": "3078.30000", "2019-06-30": "2904.90000", "2019-03-31": "2877.80000", "2018-12-31": "2906.30000", "2018-09-30": "2924.50000", "2018-06-30": "2792.30000", "2018-03-31": "2748.00000", "2017-12-31": "2759.50000", "2017-09-30": "2526.60000", "2017-06-30": "2409.60000", "2017-03-31": "2365.20000", "2016-12-31": "2367.30000", "2016-09-30": "2369.80000", "2016-06-30": "2246.70000", "2016-03-31": "2230.10000", "2015-12-31": "2259.80000", "2015-09-30": "2285.30000", "2015-06-30": "2229.10000", "2015-03-31": "2191.50000", "2014-12-31": "2198.20000", "2014-09-30": "2189.60000", "2014-06-30": "2052.10000", "2014-03-31": "1996.10000", "2013-12-31": "1991.70000", "2013-09-30": "1978.70000", "2013-06-30": "1804.90000", "2013-03-31": "1754.10000", "2012-12-31": "1772.40000", "2012-09-30": "1775.10000", "2012-06-30": "1628.40000", "2012-03-31": "1573.20000", "2011-12-31": "1574.80000", "2011-09-30": "1576.80000", "2011-06-30": "1434.90000", "2011-03-31": "1368.70000", "2010-12-31": "1380.60000", "2010-09-30": "1386.50000", "2010-06-30": "1258.70000", "2010-03-31": "1216.70000", "2009-12-31": "1227.80000", "2009-09-30": "1228.70000", "2009-06-30": "1126.30000", "2009-03-31": "1090.20000", "2008-12-31": "1107.60000", "2008-09-30": "1119.00000", "2008-06-30": "1011.70000", "2008-03-31": "986.70000", "2007-12-31": "1005.70000", "2007-09-30": "1000.00000", "2007-06-30": "904.40000", "2007-03-31": "873.00000", "2006-12-31": "890.80000", "2006-09-30": "899.80000", "2006-06-30": "808.70000", "2006-03-31": "745.20000", "2005-12-31": "750.50000", "2005-09-30": "724.60000", "2005-06-30": "643.60000", "2005-03-31": "635.10000"}, "Comprehensive Income": {"2020-09-30": "-25.70000", "2020-06-30": "-27.90000", "2020-03-31": "-28.80000", "2019-12-31": "-27.90000", "2019-09-30": "-20.40000", "2019-06-30": "-21.10000", "2019-03-31": "-22.10000", "2018-12-31": "-28.90000", "2018-09-30": "-18.90000", "2018-06-30": "-22.30000", "2018-03-31": "-23.00000", "2017-12-31": "-23.20000", "2017-09-30": "-20.30000", "2017-06-30": "-27.90000", "2017-03-31": "-28.70000", "2016-12-31": "-29.30000", "2016-09-30": "-29.00000", "2016-06-30": "-29.40000", "2016-03-31": "-34.70000", "2015-12-31": "-35.10000", "2015-09-30": "-36.10000", "2015-06-30": "-40.50000", "2015-03-31": "-41.20000", "2014-12-31": "-41.40000", "2014-09-30": "-27.30000", "2014-06-30": "-27.60000", "2014-03-31": "-27.90000", "2013-12-31": "-28.20000", "2013-09-30": "-51.90000", "2013-06-30": "-53.30000", "2013-03-31": "-48.30000", "2012-12-31": "-49.10000", "2012-09-30": "-41.00000", "2012-06-30": "-41.50000", "2012-03-31": "-42.10000", "2011-12-31": "-40.60000", "2011-09-30": "-35.50000", "2011-06-30": "-41.80000", "2011-03-31": "-46.90000", "2010-12-31": "-60.20000", "2010-09-30": "-68.90000", "2010-06-30": "-62.90000", "2010-03-31": "-76.20000", "2009-12-31": "-74.70000", "2009-09-30": "-57.20000", "2009-06-30": "-59.80000", "2009-03-31": "-41.00000", "2008-12-31": "-13.70000", "2008-09-30": "-62.30000", "2008-06-30": "-77.40000", "2008-03-31": "-64.30000", "2007-12-31": "-81.00000", "2007-09-30": "-57.00000", "2007-06-30": "-40.00000", "2007-03-31": "-32.80000", "2006-12-31": "-28.00000", "2006-09-30": "-89.20000", "2006-06-30": "-94.70000", "2006-03-31": "-90.70000", "2005-12-31": "-90.20000", "2005-09-30": "-80.30000", "2005-06-30": "-75.00000", "2005-03-31": "-76.70000"}, "Other Share Holders Equity": {"2020-09-30": "", "2020-06-30": "", "2020-03-31": "", "2019-12-31": "", "2019-09-30": "", "2019-06-30": "", "2019-03-31": "", "2018-12-31": "", "2018-09-30": "", "2018-06-30": "", "2018-03-31": "", "2017-12-31": "", "2017-09-30": "", "2017-06-30": "", "2017-03-31": "", "2016-12-31": "", "2016-09-30": "", "2016-06-30": "", "2016-03-31": "", "2015-12-31": "", "2015-09-30": "", "2015-06-30": "", "2015-03-31": "", "2014-12-31": "", "2014-09-30": "", "2014-06-30": "", "2014-03-31": "", "2013-12-31": "", "2013-09-30": "", "2013-06-30": "", "2013-03-31": "", "2012-12-31": "", "2012-09-30": "", "2012-06-30": "", "2012-03-31": "", "2011-12-31": "", "2011-09-30": "", "2011-06-30": "", "2011-03-31": "", "2010-12-31": "", "2010-09-30": "", "2010-06-30": "", "2010-03-31": "", "2009-12-31": "", "2009-09-30": "", "2009-06-30": "", "2009-03-31": "", "2008-12-31": "", "2008-09-30": "", "2008-06-30": "", "2008-03-31": "", "2007-12-31": "", "2007-09-30": "", "2007-06-30": "", "2007-03-31": "", "2006-12-31": "", "2006-09-30": "", "2006-06-30": "", "2006-03-31": "", "2005-12-31": "", "2005-09-30": "", "2005-06-30": "", "2005-03-31": ""}, "Share Holder Equity": {"2020-09-30": "3660.70000", "2020-06-30": "3564.20000", "2020-03-31": "3552.70000", "2019-12-31": "4139.50000", "2019-09-30": "4186.20000", "2019-06-30": "4007.20000", "2019-03-31": "3976.20000", "2018-12-31": "4005.10000", "2018-09-30": "4029.60000", "2018-06-30": "3890.10000", "2018-03-31": "3842.10000", "2017-12-31": "3851.10000", "2017-09-30": "3616.80000", "2017-06-30": "3492.00000", "2017-03-31": "3444.40000", "2016-12-31": "3443.80000", "2016-09-30": "3445.20000", "2016-06-30": "3321.80000", "2016-03-31": "3298.30000", "2015-12-31": "3326.00000", "2015-09-30": "3353.40000", "2015-06-30": "3286.00000", "2015-03-31": "3241.80000", "2014-12-31": "3244.40000", "2014-09-30": "3243.00000", "2014-06-30": "3099.80000", "2014-03-31": "3037.80000", "2013-12-31": "3037.10000", "2013-09-30": "2994.60000", "2013-06-30": "2811.30000", "2013-03-31": "3052.30000", "2012-12-31": "3072.40000", "2012-09-30": "3036.50000", "2012-06-30": "2878.20000", "2012-03-31": "2810.40000", "2011-12-31": "2819.30000", "2011-09-30": "2698.90000", "2011-06-30": "2548.40000", "2011-03-31": "2468.90000", "2010-12-31": "2400.00000", "2010-09-30": "2248.30000", "2010-06-30": "2119.70000", "2010-03-31": "2055.70000", "2009-12-31": "2060.80000", "2009-09-30": "2071.30000", "2009-06-30": "1957.70000", "2009-03-31": "1925.90000", "2008-12-31": "1914.00000", "2008-09-30": "1839.00000", "2008-06-30": "1703.10000", "2008-03-31": "1680.80000", "2007-12-31": "1680.90000", "2007-09-30": "1698.30000", "2007-06-30": "1617.70000", "2007-03-31": "1590.70000", "2006-12-31": "1603.80000", "2006-09-30": "1545.40000", "2006-06-30": "1443.00000", "2006-03-31": "1377.40000", "2005-12-31": "1375.80000", "2005-09-30": "1359.70000", "2005-06-30": "1277.30000", "2005-03-31": "1264.60000"}, "Total Liabilities And Share Holders Equity": {"2020-09-30": "10497.60000", "2020-06-30": "10439.10000", "2020-03-31": "10370.90000", "2019-12-31": "11024.30000", "2019-09-30": "11083.70000", "2019-06-30": "10886.20000", "2019-03-31": "10761.60000", "2018-12-31": "10748.60000", "2018-09-30": "10703.00000", "2018-06-30": "10543.60000", "2018-03-31": "10436.40000", "2017-12-31": "10412.70000", "2017-09-30": "10463.70000", "2017-06-30": "10420.50000", "2017-03-31": "10134.90000", "2016-12-31": "9939.60000", "2016-09-30": "9784.00000", "2016-06-30": "9659.20000", "2016-03-31": "9523.30000", "2015-12-31": "9580.60000", "2015-09-30": "9617.80000", "2015-06-30": "9593.60000", "2015-03-31": "9502.20000", "2014-12-31": "9527.80000", "2014-09-30": "9462.70000", "2014-06-30": "9324.30000", "2014-03-31": "9250.70000", "2013-12-31": "9134.70000", "2013-09-30": "9144.20000", "2013-06-30": "8848.50000", "2013-03-31": "9981.80000", "2012-12-31": "9922.20000", "2012-09-30": "9706.00000", "2012-06-30": "9351.40000", "2012-03-31": "9074.50000", "2011-12-31": "8906.00000", "2011-09-30": "8378.80000", "2011-06-30": "8135.50000", "2011-03-31": "7690.60000", "2010-12-31": "7669.10000", "2010-09-30": "7527.40000", "2010-06-30": "7294.10000", "2010-03-31": "7169.30000", "2009-12-31": "7266.70000", "2009-09-30": "6897.80000", "2009-06-30": "7004.80000", "2009-03-31": "6607.50000", "2008-12-31": "6518.50000", "2008-09-30": "6369.20000", "2008-06-30": "5637.20000", "2008-03-31": "5297.30000", "2007-12-31": "5237.80000", "2007-09-30": "5054.10000", "2007-06-30": "4949.60000", "2007-03-31": "4861.30000", "2006-12-31": "4898.40000", "2006-09-30": "4833.10000", "2006-06-30": "4722.20000", "2006-03-31": "4516.90000", "2005-12-31": "4898.90000", "2005-09-30": "5721.80000", "2005-06-30": "4895.40000", "2005-03-31": "4872.00000"}}, "cash flow statement": {"Net Income/Loss": {"2019-12-31": "433.60000", "2018-12-31": "425.50000", "2017-12-31": "619.00000", "2016-12-31": "338.20000", "2015-12-31": "271.30000", "2014-12-31": "395.80000", "2013-12-31": "393.80000", "2012-12-31": "385.00000", "2011-12-31": "363.60000", "2010-12-31": "300.40000", "2009-12-31": "261.10000", "2008-12-31": "237.40000", "2007-12-31": "245.20000", "2006-12-31": "226.10000", "2005-12-31": "161.20000"}, "Total Depreciation And Amortization - Cash Flow": {"2019-12-31": "355.00000", "2018-12-31": "321.60000", "2017-12-31": "283.50000", "2016-12-31": "322.60000", "2015-12-31": "307.90000", "2014-12-31": "281.40000", "2013-12-31": "298.60000", "2012-12-31": "375.20000", "2011-12-31": "307.70000", "2010-12-31": "291.30000", "2009-12-31": "262.60000", "2008-12-31": "217.90000", "2007-12-31": "195.30000", "2006-12-31": "181.40000", "2005-12-31": "182.60000"}, "Other Non-Cash Items": {"2019-12-31": "-44.10000", "2018-12-31": "29.20000", "2017-12-31": "-80.60000", "2016-12-31": "111.60000", "2015-12-31": "143.90000", "2014-12-31": "141.60000", "2013-12-31": "51.20000", "2012-12-31": "137.10000", "2011-12-31": "166.10000", "2010-12-31": "154.50000", "2009-12-31": "261.30000", "2008-12-31": "126.10000", "2007-12-31": "21.10000", "2006-12-31": "35.30000", "2005-12-31": "22.90000"}, "Total Non-Cash Items": {"2019-12-31": "310.90000", "2018-12-31": "350.80000", "2017-12-31": "202.90000", "2016-12-31": "434.20000", "2015-12-31": "451.80000", "2014-12-31": "423.00000", "2013-12-31": "349.80000", "2012-12-31": "512.30000", "2011-12-31": "473.80000", "2010-12-31": "445.80000", "2009-12-31": "523.90000", "2008-12-31": "344.00000", "2007-12-31": "216.40000", "2006-12-31": "216.70000", "2005-12-31": "205.50000"}, "Change In Accounts Receivable": {"2019-12-31": "18.80000", "2018-12-31": "19.80000", "2017-12-31": "-21.80000", "2016-12-31": "-6.90000", "2015-12-31": "21.60000", "2014-12-31": "-2.60000", "2013-12-31": "-30.30000", "2012-12-31": "27.10000", "2011-12-31": "-48.00000", "2010-12-31": "11.90000", "2009-12-31": "-3.30000", "2008-12-31": "46.30000", "2007-12-31": "9.90000", "2006-12-31": "247.10000", "2005-12-31": "-106.90000"}, "Change In Inventories": {"2019-12-31": "4.20000", "2018-12-31": "27.30000", "2017-12-31": "-3.60000", "2016-12-31": "32.40000", "2015-12-31": "-56.50000", "2014-12-31": "20.40000", "2013-12-31": "5.10000", "2012-12-31": "13.70000", "2011-12-31": "54.20000", "2010-12-31": "-45.20000", "2009-12-31": "-36.10000", "2008-12-31": "-15.20000", "2007-12-31": "-21.30000", "2006-12-31": "-4.40000", "2005-12-31": "22.10000"}, "Change In Accounts Payable": {"2019-12-31": "-34.50000", "2018-12-31": "29.70000", "2017-12-31": "27.10000", "2016-12-31": "-45.10000", "2015-12-31": "30.90000", "2014-12-31": "-64.00000", "2013-12-31": "56.90000", "2012-12-31": "25.10000", "2011-12-31": "34.50000", "2010-12-31": "59.20000", "2009-12-31": "-17.20000", "2008-12-31": "-119.60000", "2007-12-31": "104.30000", "2006-12-31": "-215.40000", "2005-12-31": "40.10000"}, "Change In Assets/Liabilities": {"2019-12-31": "-50.50000", "2018-12-31": "102.10000", "2017-12-31": "-52.70000", "2016-12-31": "-105.90000", "2015-12-31": "149.20000", "2014-12-31": "-43.80000", "2013-12-31": "-152.40000", "2012-12-31": "79.90000", "2011-12-31": "-38.10000", "2010-12-31": "-143.00000", "2009-12-31": "94.00000", "2008-12-31": "133.40000", "2007-12-31": "-207.40000", "2006-12-31": "93.00000", "2005-12-31": "56.30000"}, "Total Change In Assets/Liabilities": {"2019-12-31": "-63.00000", "2018-12-31": "174.80000", "2017-12-31": "-37.40000", "2016-12-31": "-127.70000", "2015-12-31": "144.00000", "2014-12-31": "-97.20000", "2013-12-31": "-120.40000", "2012-12-31": "148.80000", "2011-12-31": "-3.50000", "2010-12-31": "36.30000", "2009-12-31": "-130.50000", "2008-12-31": "43.60000", "2007-12-31": "-133.10000", "2006-12-31": "126.70000", "2005-12-31": "71.20000"}, "Cash Flow From Operating Activities": {"2019-12-31": "681.50000", "2018-12-31": "951.10000", "2017-12-31": "784.50000", "2016-12-31": "644.70000", "2015-12-31": "867.10000", "2014-12-31": "721.60000", "2013-12-31": "623.20000", "2012-12-31": "1046.10000", "2011-12-31": "833.90000", "2010-12-31": "782.50000", "2009-12-31": "654.50000", "2008-12-31": "625.00000", "2007-12-31": "328.50000", "2006-12-31": "569.50000", "2005-12-31": "437.90000"}, "Net Change In Property, Plant, And Equipment": {"2019-12-31": "-635.50000", "2018-12-31": "-573.50000", "2017-12-31": "-823.40000", "2016-12-31": "-659.20000", "2015-12-31": "-545.30000", "2014-12-31": "-568.60000", "2013-12-31": "-954.30000", "2012-12-31": "-1200.20000", "2011-12-31": "-1403.20000", "2010-12-31": "-846.10000", "2009-12-31": "-809.00000", "2008-12-31": "-1184.50000", "2007-12-31": "-556.30000", "2006-12-31": "-483.40000", "2005-12-31": "-291.40000"}, "Net Change In Intangible Assets": {"2019-12-31": "", "2018-12-31": "", "2017-12-31": "", "2016-12-31": "", "2015-12-31": "", "2014-12-31": "", "2013-12-31": "", "2012-12-31": "", "2011-12-31": "", "2010-12-31": "", "2009-12-31": "", "2008-12-31": "", "2007-12-31": "", "2006-12-31": "", "2005-12-31": ""}, "Net Acquisitions/Divestitures": {"2019-12-31": "", "2018-12-31": "", "2017-12-31": "", "2016-12-31": "", "2015-12-31": "", "2014-12-31": "", "2013-12-31": "", "2012-12-31": "", "2011-12-31": "", "2010-12-31": "", "2009-12-31": "", "2008-12-31": "", "2007-12-31": "", "2006-12-31": "", "2005-12-31": ""}, "Net Change In Short-term Investments": {"2019-12-31": "", "2018-12-31": "", "2017-12-31": "", "2016-12-31": "", "2015-12-31": "", "2014-12-31": "", "2013-12-31": "", "2012-12-31": "", "2011-12-31": "", "2010-12-31": "", "2009-12-31": "", "2008-12-31": "", "2007-12-31": "", "2006-12-31": "", "2005-12-31": ""}, "Net Change In Long-Term Investments": {"2019-12-31": "-7.70000", "2018-12-31": "-2.50000", "2017-12-31": "-8.50000", "2016-12-31": "", "2015-12-31": "", "2014-12-31": "", "2013-12-31": "-2.70000", "2012-12-31": "7.60000", "2011-12-31": "7.40000", "2010-12-31": "", "2009-12-31": "", "2008-12-31": "", "2007-12-31": "", "2006-12-31": "", "2005-12-31": ""}, "Net Change In Investments - Total": {"2019-12-31": "-7.70000", "2018-12-31": "-2.50000", "2017-12-31": "-8.50000", "2016-12-31": "", "2015-12-31": "", "2014-12-31": "", "2013-12-31": "-2.70000", "2012-12-31": "7.60000", "2011-12-31": "7.40000", "2010-12-31": "", "2009-12-31": "", "2008-12-31": "", "2007-12-31": "", "2006-12-31": "", "2005-12-31": ""}, "Investing Activities - Other": {"2019-12-31": "18.50000", "2018-12-31": "", "2017-12-31": "10.00000", "2016-12-31": "38.80000", "2015-12-31": "45.20000", "2014-12-31": "9.50000", "2013-12-31": "", "2012-12-31": "", "2011-12-31": "", "2010-12-31": "", "2009-12-31": "0.50000", "2008-12-31": "0.40000", "2007-12-31": "", "2006-12-31": "-0.10000", "2005-12-31": "0.10000"}, "Cash Flow From Investing Activities": {"2019-12-31": "-624.70000", "2018-12-31": "-576.00000", "2017-12-31": "-821.90000", "2016-12-31": "-620.40000", "2015-12-31": "-500.10000", "2014-12-31": "-559.10000", "2013-12-31": "-957.00000", "2012-12-31": "-1192.60000", "2011-12-31": "-1395.80000", "2010-12-31": "-846.10000", "2009-12-31": "-808.50000", "2008-12-31": "-1184.10000", "2007-12-31": "-556.30000", "2006-12-31": "-483.50000", "2005-12-31": "-291.30000"}, "Net Long-Term Debt": {"2019-12-31": "46.40000", "2018-12-31": "145.90000", "2017-12-31": "367.00000", "2016-12-31": "-110.20000", "2015-12-31": "-0.20000", "2014-12-31": "348.70000", "2013-12-31": "247.30000", "2012-12-31": "99.90000", "2011-12-31": "371.30000", "2010-12-31": "-18.00000", "2009-12-31": "214.00000", "2008-12-31": "811.90000", "2007-12-31": "-3.10000", "2006-12-31": "217.50000", "2005-12-31": "-254.30000"}, "Net Current Debt": {"2019-12-31": "112.00000", "2018-12-31": "-168.40000", "2017-12-31": "-67.80000", "2016-12-31": "236.20000", "2015-12-31": "-98.00000", "2014-12-31": "-341.60000", "2013-12-31": "8.70000", "2012-12-31": "153.80000", "2011-12-31": "132.10000", "2010-12-31": "-30.00000", "2009-12-31": "-123.00000", "2008-12-31": "2.20000", "2007-12-31": "295.80000", "2006-12-31": "-250.00000", "2005-12-31": "125.00000"}, "Debt Issuance/Retirement Net - Total": {"2019-12-31": "158.40000", "2018-12-31": "-22.50000", "2017-12-31": "299.20000", "2016-12-31": "126.00000", "2015-12-31": "-98.20000", "2014-12-31": "7.10000", "2013-12-31": "256.00000", "2012-12-31": "253.70000", "2011-12-31": "503.40000", "2010-12-31": "-48.00000", "2009-12-31": "91.00000", "2008-12-31": "814.10000", "2007-12-31": "292.70000", "2006-12-31": "-32.50000", "2005-12-31": "-129.30000"}, "Net Common Equity Issued/Repurchased": {"2019-12-31": "", "2018-12-31": "", "2017-12-31": "", "2016-12-31": "", "2015-12-31": "7.20000", "2014-12-31": "13.20000", "2013-12-31": "14.20000", "2012-12-31": "10.90000", "2011-12-31": "8.60000", "2010-12-31": "16.90000", "2009-12-31": "79.60000", "2008-12-31": "36.40000", "2007-12-31": "8.20000", "2006-12-31": "14.50000", "2005-12-31": "14.70000"}, "Net Total Equity Issued/Repurchased": {"2019-12-31": "", "2018-12-31": "", "2017-12-31": "", "2016-12-31": "", "2015-12-31": "7.20000", "2014-12-31": "13.20000", "2013-12-31": "14.20000", "2012-12-31": "10.90000", "2011-12-31": "8.60000", "2010-12-31": "16.90000", "2009-12-31": "79.60000", "2008-12-31": "36.40000", "2007-12-31": "8.20000", "2006-12-31": "14.50000", "2005-12-31": "14.70000"}, "Total Common And Preferred Stock Dividends Paid": {"2019-12-31": "-299.20000", "2018-12-31": "-272.20000", "2017-12-31": "-247.60000", "2016-12-31": "-225.10000", "2015-12-31": "-204.60000", "2014-12-31": "-184.10000", "2013-12-31": "-165.50000", "2012-12-31": "-154.50000", "2011-12-31": "-146.80000", "2010-12-31": "-141.00000", "2009-12-31": "-136.20000", "2008-12-31": "-128.20000", "2007-12-31": "-124.70000", "2006-12-31": "-120.80000", "2005-12-31": "-120.00000"}, "Financial Activities - Other": {"2019-12-31": "-10.30000", "2018-12-31": "-0.50000", "2017-12-31": "-0.10000", "2016-12-31": "-0.10000", "2015-12-31": "-1.70000", "2014-12-31": "", "2013-12-31": "234.10000", "2012-12-31": "33.60000", "2011-12-31": "199.00000", "2010-12-31": "179.90000", "2009-12-31": "3.30000", "2008-12-31": "2.40000", "2007-12-31": "12.50000", "2006-12-31": "1.40000", "2005-12-31": ""}, "Cash Flow From Financial Activities": {"2019-12-31": "-151.10000", "2018-12-31": "-295.20000", "2017-12-31": "51.50000", "2016-12-31": "-99.20000", "2015-12-31": "-297.30000", "2014-12-31": "-163.80000", "2013-12-31": "338.80000", "2012-12-31": "143.70000", "2011-12-31": "564.20000", "2010-12-31": "7.80000", "2009-12-31": "37.70000", "2008-12-31": "724.70000", "2007-12-31": "188.70000", "2006-12-31": "-137.40000", "2005-12-31": "-234.60000"}, "Net Cash Flow": {"2019-12-31": "-94.30000", "2018-12-31": "79.90000", "2017-12-31": "14.10000", "2016-12-31": "-74.90000", "2015-12-31": "69.70000", "2014-12-31": "-1.30000", "2013-12-31": "5.00000", "2012-12-31": "-2.80000", "2011-12-31": "2.30000", "2010-12-31": "-55.80000", "2009-12-31": "-116.30000", "2008-12-31": "165.60000", "2007-12-31": "-39.10000", "2006-12-31": "21.50000", "2005-12-31": "15.30000"}, "Stock-Based Compensation": {"2019-12-31": "13.90000", "2018-12-31": "13.40000", "2017-12-31": "9.10000", "2016-12-31": "4.70000", "2015-12-31": "7.60000", "2014-12-31": "-2.70000", "2013-12-31": "-3.50000", "2012-12-31": "-2.60000", "2011-12-31": "7.80000", "2010-12-31": "7.40000", "2009-12-31": "4.10000", "2008-12-31": "4.30000", "2007-12-31": "3.60000", "2006-12-31": "3.80000", "2005-12-31": "0.90000"}, "Common Stock Dividends Paid": {"2019-12-31": "-299.20000", "2018-12-31": "-272.20000", "2017-12-31": "-247.60000", "2016-12-31": "-225.10000", "2015-12-31": "-204.60000", "2014-12-31": "-184.10000", "2013-12-31": "-165.50000", "2012-12-31": "-154.50000", "2011-12-31": "-146.80000", "2010-12-31": "-141.00000", "2009-12-31": "-136.20000", "2008-12-31": "-128.20000", "2007-12-31": "-124.70000", "2006-12-31": "-120.80000", "2005-12-31": "-120.00000"}}, "cash flow statement, quarterly": {"Net Income/Loss": {"2020-09-30": 177.4, "2020-06-30": 85.9, "2020-03-31": "-491.80000", "2019-12-31": 35.4, "2019-09-30": 250.9, "2019-06-30": 100.2, "2019-03-31": "47.10000", "2018-12-31": 54.7, "2018-09-30": 205.1, "2018-06-30": 110.7, "2018-03-31": "55.00000", "2017-12-31": 294.8, "2017-09-30": 183.4, "2017-06-30": 104.8, "2017-03-31": "36.00000", "2016-12-31": 57.9, "2016-09-30": 183.6, "2016-06-30": 71.5, "2016-03-31": "25.20000", "2015-12-31": 29.4, "2015-09-30": 111.2, "2015-06-30": 87.5, "2015-03-31": "43.20000", "2014-12-31": 58.4, "2014-09-30": 187.3, "2014-06-30": 100.8, "2014-03-31": "49.30000", "2013-12-31": 57.6, "2013-09-30": 215.2, "2013-06-30": 93, "2013-03-31": "28.00000", "2012-12-31": 43.5, "2012-09-30": 192.4, "2012-06-30": 101.6, "2012-03-31": "47.50000", "2011-12-31": 43.2, "2011-09-30": 181.4, "2011-06-30": 109.3, "2011-03-31": "29.70000", "2010-12-31": 33.8, "2010-09-30": 163.5, "2010-06-30": 77.9, "2010-03-31": "25.20000", "2009-12-31": 35.1, "2009-09-30": 137.5, "2009-06-30": 70.9, "2009-03-31": "17.60000", "2008-12-31": 22.6, "2008-09-30": 141.4, "2008-06-30": 58.8, "2008-03-31": "14.60000", "2007-12-31": 38.6, "2007-09-30": 126.8, "2007-06-30": 62.6, "2007-03-31": "17.20000", "2006-12-31": 22.1, "2006-09-30": 122, "2006-06-30": 57.9, "2006-03-31": "24.10000", "2005-12-31": 17.3, "2005-09-30": 106.4, "2005-06-30": 35.8, "2005-03-31": "1.70000"}, "Total Depreciation And Amortization - Cash Flow": {"2020-09-30": 100.5, "2020-06-30": 97.3, "2020-03-31": "94.40000", "2019-12-31": 94.2, "2019-09-30": 94.1, "2019-06-30": 84.3, "2019-03-31": "82.40000", "2018-12-31": 80.8, "2018-09-30": 81.1, "2018-06-30": 80.9, "2018-03-31": "78.80000", "2017-12-31": 76.3, "2017-09-30": 76.9, "2017-06-30": 74.7, "2017-03-31": "55.60000", "2016-12-31": 81.8, "2016-09-30": 82.2, "2016-06-30": 80.1, "2016-03-31": "78.50000", "2015-12-31": 77.9, "2015-09-30": 77.9, "2015-06-30": 76.2, "2015-03-31": "75.90000", "2014-12-31": 74.2, "2014-09-30": 71.7, "2014-06-30": 68.3, "2014-03-31": "67.20000", "2013-12-31": 65.6, "2013-09-30": 65.4, "2013-06-30": 74.7, "2013-03-31": "92.90000", "2012-12-31": 102.2, "2012-09-30": 95.9, "2012-06-30": 89.5, "2012-03-31": "87.60000", "2011-12-31": 81.9, "2011-09-30": 77.1, "2011-06-30": 74.7, "2011-03-31": "74.00000", "2010-12-31": 76.1, "2010-09-30": 73.7, "2010-06-30": 71.2, "2010-03-31": "70.30000", "2009-12-31": 66.8, "2009-09-30": 68.6, "2009-06-30": 64.6, "2009-03-31": "62.60000", "2008-12-31": 61.4, "2008-09-30": 53.4, "2008-06-30": 52.4, "2008-03-31": "50.70000", "2007-12-31": 50.2, "2007-09-30": 48.6, "2007-06-30": 47.8, "2007-03-31": "48.70000", "2006-12-31": 46.1, "2006-09-30": 44.9, "2006-06-30": 45.5, "2006-03-31": "44.90000", "2005-12-31": 47.6, "2005-09-30": 46.6, "2005-06-30": 43.5, "2005-03-31": "44.90000"}, "Other Non-Cash Items": {"2020-09-30": 37.8, "2020-06-30": 2.2, "2020-03-31": "514.60000", "2019-12-31": 1.3, "2019-09-30": -4.1, "2019-06-30": -32.6, "2019-03-31": "-8.70000", "2018-12-31": -15.7, "2018-09-30": 32.7, "2018-06-30": 6.4, "2018-03-31": "5.80000", "2017-12-31": -220.5, "2017-09-30": 98.6, "2017-06-30": 37, "2017-03-31": "4.30000", "2016-12-31": 3.3, "2016-09-30": 70.2, "2016-06-30": 34.1, "2016-03-31": "4.00000", "2015-12-31": 10.5, "2015-09-30": 76.6, "2015-06-30": 40.2, "2015-03-31": "16.60000", "2014-12-31": 33.7, "2014-09-30": 73.3, "2014-06-30": 36.1, "2014-03-31": "-1.50000", "2013-12-31": 19.3, "2013-09-30": 23.8, "2013-06-30": 9.5, "2013-03-31": "-1.40000", "2012-12-31": 18.9, "2012-09-30": 71.9, "2012-06-30": 46.2, "2012-03-31": "0.10000", "2011-12-31": 20.3, "2011-09-30": 88.5, "2011-06-30": 42.3, "2011-03-31": "15.00000", "2010-12-31": 4.7, "2010-09-30": 98.7, "2010-06-30": 35.4, "2010-03-31": "15.70000", "2009-12-31": 132.9, "2009-09-30": 77.9, "2009-06-30": 33.1, "2009-03-31": "17.40000", "2008-12-31": -19, "2008-09-30": 91.6, "2008-06-30": 38.1, "2008-03-31": "15.40000", "2007-12-31": -32.9, "2007-09-30": 34.4, "2007-06-30": 14.5, "2007-03-31": "5.10000", "2006-12-31": 4.8, "2006-09-30": 6.4, "2006-06-30": 19.1, "2006-03-31": "5.00000", "2005-12-31": -7.9, "2005-09-30": 6.6, "2005-06-30": 12.8, "2005-03-31": "11.40000"}, "Total Non-Cash Items": {"2020-09-30": 138.3001, "2020-06-30": 99.4999, "2020-03-31": "609.00000", "2019-12-31": 95.5, "2019-09-30": 90, "2019-06-30": 51.7, "2019-03-31": "73.70000", "2018-12-31": 65.1, "2018-09-30": 113.8, "2018-06-30": 87.3, "2018-03-31": "84.60000", "2017-12-31": -144.2, "2017-09-30": 175.5, "2017-06-30": 111.7, "2017-03-31": "59.90000", "2016-12-31": 85.1, "2016-09-30": 152.4, "2016-06-30": 114.2, "2016-03-31": "82.50000", "2015-12-31": 88.4, "2015-09-30": 154.5, "2015-06-30": 116.4, "2015-03-31": "92.50000", "2014-12-31": 107.9, "2014-09-30": 145, "2014-06-30": 104.4, "2014-03-31": "65.70000", "2013-12-31": 84.9, "2013-09-30": 89.2, "2013-06-30": 84.2, "2013-03-31": "91.50000", "2012-12-31": 121.1, "2012-09-30": 167.8, "2012-06-30": 135.7, "2012-03-31": "87.70000", "2011-12-31": 102.2, "2011-09-30": 165.6, "2011-06-30": 117, "2011-03-31": "89.00000", "2010-12-31": 80.8, "2010-09-30": 172.4, "2010-06-30": 106.6, "2010-03-31": "86.00000", "2009-12-31": 199.7, "2009-09-30": 146.5, "2009-06-30": 97.7, "2009-03-31": "80.00000", "2008-12-31": 42.4, "2008-09-30": 145, "2008-06-30": 90.5, "2008-03-31": "66.10000", "2007-12-31": 17.3, "2007-09-30": 83, "2007-06-30": 62.3, "2007-03-31": "53.80000", "2006-12-31": 50.9, "2006-09-30": 51.3, "2006-06-30": 64.6, "2006-03-31": "49.90000", "2005-12-31": 39.7, "2005-09-30": 53.2, "2005-06-30": 56.3, "2005-03-31": "56.30000"}, "Change In Accounts Receivable": {"2020-09-30": -27.1, "2020-06-30": -52, "2020-03-31": "16.20000", "2019-12-31": 95.2, "2019-09-30": -63.9, "2019-06-30": -31.7, "2019-03-31": "19.20000", "2018-12-31": 76.2, "2018-09-30": -4.9, "2018-06-30": -66.3, "2018-03-31": "14.80000", "2017-12-31": 75.5, "2017-09-30": -58.7, "2017-06-30": -75.2, "2017-03-31": "36.60000", "2016-12-31": 45, "2016-09-30": -65, "2016-06-30": -23.7, "2016-03-31": "36.80000", "2015-12-31": 54.9, "2015-09-30": -39.4, "2015-06-30": -13.5, "2015-03-31": "19.60000", "2014-12-31": 50.7, "2014-09-30": -50.3, "2014-06-30": 7.4, "2014-03-31": "-10.40000", "2013-12-31": 81.5, "2013-09-30": -70.4, "2013-06-30": -49.8, "2013-03-31": "8.40000", "2012-12-31": 95.3, "2012-09-30": -88.1, "2012-06-30": -34.9, "2012-03-31": "54.80000", "2011-12-31": 70.5, "2011-09-30": -71.5, "2011-06-30": -55.1, "2011-03-31": "8.10000", "2010-12-31": 59.9, "2010-09-30": -23.9, "2010-06-30": -53.4, "2010-03-31": "29.30000", "2009-12-31": -6.1, "2009-09-30": -30.3, "2009-06-30": -15.6, "2009-03-31": "48.70000", "2008-12-31": 86.9, "2008-09-30": 24.7, "2008-06-30": -56.6, "2008-03-31": "-8.70000", "2007-12-31": -1.4, "2007-09-30": -42.4, "2007-06-30": 12.7, "2007-03-31": "41.00000", "2006-12-31": 26.7, "2006-09-30": -30.7, "2006-06-30": -5.2, "2006-03-31": "256.30000", "2005-12-31": 23.6, "2005-09-30": -199.9, "2005-06-30": -0.3, "2005-03-31": "69.70000"}, "Change In Inventories": {"2020-09-30": -0.5, "2020-06-30": 3.5, "2020-03-31": "-5.00000", "2019-12-31": -3.8, "2019-09-30": 0.8, "2019-06-30": -1.9, "2019-03-31": "9.10000", "2018-12-31": 12.4, "2018-09-30": 14.8, "2018-06-30": 12.3, "2018-03-31": "-12.20000", "2017-12-31": -7.7, "2017-09-30": 3, "2017-06-30": 8.8, "2017-03-31": "-7.70000", "2016-12-31": 1.5, "2016-09-30": 19.7, "2016-06-30": 1, "2016-03-31": "10.20000", "2015-12-31": -31, "2015-09-30": 4.2, "2015-06-30": -5.8, "2015-03-31": "-23.90000", "2014-12-31": -13.1, "2014-09-30": 11.5, "2014-06-30": 26, "2014-03-31": "-4.00000", "2013-12-31": -0.1, "2013-09-30": 25.2, "2013-06-30": -12.3, "2013-03-31": "-7.70000", "2012-12-31": 0, "2012-09-30": 17.3, "2012-06-30": -6.9, "2012-03-31": "3.30000", "2011-12-31": -7.3, "2011-09-30": 27.6, "2011-06-30": 17.8, "2011-03-31": "16.10000", "2010-12-31": -32.9, "2010-09-30": 16.2, "2010-06-30": -14.4, "2010-03-31": "-14.10000", "2009-12-31": -10, "2009-09-30": 8.3, "2009-06-30": -24.4, "2009-03-31": "-10.00000", "2008-12-31": 8.8, "2008-09-30": 7.9, "2008-06-30": -36.4, "2008-03-31": "4.50000", "2007-12-31": -11.9, "2007-09-30": 14.5, "2007-06-30": -28, "2007-03-31": "4.10000", "2006-12-31": -3.2, "2006-09-30": 14.1, "2006-06-30": -10.8, "2006-03-31": "-4.50000", "2005-12-31": 13.9, "2005-09-30": -26.1, "2005-06-30": -0.4, "2005-03-31": "34.70000"}, "Change In Accounts Payable": {"2020-09-30": -17.4, "2020-06-30": -18.4, "2020-03-31": "-32.80000", "2019-12-31": 34.6, "2019-09-30": 14.3, "2019-06-30": -40.8, "2019-03-31": "-42.60000", "2018-12-31": 63.8, "2018-09-30": 11.6, "2018-06-30": -22, "2018-03-31": "-23.70000", "2017-12-31": 56.2, "2017-09-30": -30.4, "2017-06-30": -23.6, "2017-03-31": "24.90000", "2016-12-31": 45.5, "2016-09-30": -33.8, "2016-06-30": -12.7, "2016-03-31": "-44.10000", "2015-12-31": 88.6, "2015-09-30": -17, "2015-06-30": -24.6, "2015-03-31": "-16.10000", "2014-12-31": 36.7, "2014-09-30": -39.7, "2014-06-30": -31.4, "2014-03-31": "-29.60000", "2013-12-31": 67.3, "2013-09-30": -17, "2013-06-30": -9.9, "2013-03-31": "16.50000", "2012-12-31": 106.6, "2012-09-30": 11.1, "2012-06-30": -33.4, "2012-03-31": "-59.20000", "2011-12-31": 75.4, "2011-09-30": -34.8, "2011-06-30": 37, "2011-03-31": "-43.10000", "2010-12-31": 72.9, "2010-09-30": -18.5, "2010-06-30": 35.2, "2010-03-31": "-30.40000", "2009-12-31": 87.8, "2009-09-30": -30.7, "2009-06-30": -14.3, "2009-03-31": "-60.00000", "2008-12-31": 47.6, "2008-09-30": -141.6, "2008-06-30": 19.9, "2008-03-31": "-45.50000", "2007-12-31": 169.7, "2007-09-30": -47.8, "2007-06-30": -26.5, "2007-03-31": "8.90000", "2006-12-31": 44, "2006-09-30": 7.3, "2006-06-30": -51.6, "2006-03-31": "-215.10000", "2005-12-31": 11.2, "2005-09-30": 114.6, "2005-06-30": -39.3, "2005-03-31": "-46.40000"}, "Change In Assets/Liabilities": {"2020-09-30": -8.3, "2020-06-30": 30.5, "2020-03-31": "8.30000", "2019-12-31": 7.6, "2019-09-30": 0.7, "2019-06-30": 18.8, "2019-03-31": "-77.60000", "2018-12-31": -28.7, "2018-09-30": 15.1, "2018-06-30": 67.2, "2018-03-31": "48.50000", "2017-12-31": 32.6, "2017-09-30": -1.9, "2017-06-30": -24.7, "2017-03-31": "-58.70000", "2016-12-31": -32.5, "2016-09-30": -13.3, "2016-06-30": -20.8, "2016-03-31": "-39.30000", "2015-12-31": 6.5, "2015-09-30": 81.4, "2015-06-30": 46, "2015-03-31": "15.30000", "2014-12-31": 8.4, "2014-09-30": 20.6, "2014-06-30": -18, "2014-03-31": "-54.80000", "2013-12-31": -32.8, "2013-09-30": 13.1, "2013-06-30": -47.4, "2013-03-31": "-85.30000", "2012-12-31": -3.6, "2012-09-30": 64.1, "2012-06-30": 39.2, "2012-03-31": "-19.80000", "2011-12-31": 13.9, "2011-09-30": -12.5, "2011-06-30": -9.7, "2011-03-31": "-29.80000", "2010-12-31": -42.3, "2010-09-30": -68.1, "2010-06-30": 40, "2010-03-31": "-72.60000", "2009-12-31": 23.6, "2009-09-30": 43.7, "2009-06-30": -10.6, "2009-03-31": "37.30000", "2008-12-31": 202.5, "2008-09-30": 41.6, "2008-06-30": -115.8, "2008-03-31": "5.10000", "2007-12-31": -103.9, "2007-09-30": -89.1, "2007-06-30": -71.8, "2007-03-31": "57.40000", "2006-12-31": 58.1, "2006-09-30": -79, "2006-06-30": 28, "2006-03-31": "85.90000", "2005-12-31": 124.4, "2005-09-30": -38.3, "2005-06-30": -16.7, "2005-03-31": "-13.10000"}, "Total Change In Assets/Liabilities": {"2020-09-30": -53.7, "2020-06-30": -26, "2020-03-31": "-13.30000", "2019-12-31": 132.6, "2019-09-30": -51.7, "2019-06-30": -52, "2019-03-31": "-91.90000", "2018-12-31": 119.6, "2018-09-30": 38.6, "2018-06-30": -10.8, "2018-03-31": "27.40000", "2017-12-31": 170.2, "2017-09-30": -92.6, "2017-06-30": -110.1, "2017-03-31": "-4.90000", "2016-12-31": 74.8, "2016-09-30": -75.1, "2016-06-30": -93.1, "2016-03-31": "-34.30000", "2015-12-31": 140.2, "2015-09-30": 37.6, "2015-06-30": -37.7, "2015-03-31": "3.90000", "2014-12-31": 88.8, "2014-09-30": -47.6, "2014-06-30": -46.6, "2014-03-31": "-91.80000", "2013-12-31": 129.5, "2013-09-30": -33.1, "2013-06-30": -156.5, "2013-03-31": "-60.30000", "2012-12-31": 203.5, "2012-09-30": 36.3, "2012-06-30": -76.1, "2012-03-31": "-14.90000", "2011-12-31": 159.8, "2011-09-30": -64.8, "2011-06-30": -56.1, "2011-03-31": "-42.40000", "2010-12-31": 81, "2010-09-30": -90.5, "2010-06-30": 41, "2010-03-31": "4.80000", "2009-12-31": -19.6, "2009-09-30": -31.6, "2009-06-30": -43.1, "2009-03-31": "-36.20000", "2008-12-31": 381.8, "2008-09-30": -73.9, "2008-06-30": -166.8, "2008-03-31": "-97.50000", "2007-12-31": 28, "2007-09-30": -139.1, "2007-06-30": -77, "2007-03-31": "55.00000", "2006-12-31": 113.1, "2006-09-30": -54.9, "2006-06-30": 6.2, "2006-03-31": "62.30000", "2005-12-31": 199.9, "2005-09-30": -96.8, "2005-06-30": -53.8, "2005-03-31": "21.90000"}, "Cash Flow From Operating Activities": {"2020-09-30": 262, "2020-06-30": 159.4, "2020-03-31": "103.90000", "2019-12-31": 263.5, "2019-09-30": 289.2, "2019-06-30": 99.9, "2019-03-31": "28.90000", "2018-12-31": 239.4, "2018-09-30": 357.5, "2018-06-30": 187.2, "2018-03-31": "167.00000", "2017-12-31": 320.8, "2017-09-30": 266.3, "2017-06-30": 106.4, "2017-03-31": "91.00000", "2016-12-31": 217.8, "2016-09-30": 260.9, "2016-06-30": 92.6, "2016-03-31": "73.40000", "2015-12-31": 258, "2015-09-30": 303.3, "2015-06-30": 166.2, "2015-03-31": "139.60000", "2014-12-31": 255.1, "2014-09-30": 284.7, "2014-06-30": 158.6, "2014-03-31": "23.20000", "2013-12-31": 272, "2013-09-30": 271.3, "2013-06-30": 20.7, "2013-03-31": "59.20000", "2012-12-31": 368.1, "2012-09-30": 396.5, "2012-06-30": 161.2, "2012-03-31": "120.30000", "2011-12-31": 305.2, "2011-09-30": 282.2, "2011-06-30": 170.2, "2011-03-31": "76.30000", "2010-12-31": 195.6, "2010-09-30": 245.4, "2010-06-30": 225.5, "2010-03-31": "116.00000", "2009-12-31": 215.2, "2009-09-30": 252.4, "2009-06-30": 125.5, "2009-03-31": "61.40000", "2008-12-31": 446.8, "2008-09-30": 212.5, "2008-06-30": -17.5, "2008-03-31": "-16.80000", "2007-12-31": 83.9, "2007-09-30": 70.7, "2007-06-30": 47.9, "2007-03-31": "126.00000", "2006-12-31": 186.1, "2006-09-30": 118.4, "2006-06-30": 128.7, "2006-03-31": "136.30000", "2005-12-31": 256.9, "2005-09-30": 62.8, "2005-06-30": 38.3, "2005-03-31": "79.90000"}, "Net Change In Property, Plant, And Equipment": {"2020-09-30": -138.9, "2020-06-30": -153.6, "2020-03-31": "-127.20000", "2019-12-31": -159, "2019-09-30": -162, "2019-06-30": -161.6, "2019-03-31": "-152.90000", "2018-12-31": -159.7, "2018-09-30": -140, "2018-06-30": -136.4, "2018-03-31": "-137.40000", "2017-12-31": -161, "2017-09-30": -171.7, "2017-06-30": -270.8, "2017-03-31": "-219.90000", "2016-12-31": -192.8, "2016-09-30": -135.5, "2016-06-30": -153.2, "2016-03-31": "-177.70000", "2015-12-31": -172.5, "2015-09-30": -147.1, "2015-06-30": -117, "2015-03-31": "-108.70000", "2014-12-31": -131.8, "2014-09-30": -139.8, "2014-06-30": -125.6, "2014-03-31": "-171.40000", "2013-12-31": -217.6, "2013-09-30": -207.6, "2013-06-30": -239.6, "2013-03-31": "-289.50000", "2012-12-31": -356, "2012-09-30": -309.7, "2012-06-30": -233.3, "2012-03-31": "-301.20000", "2011-12-31": -550.9, "2011-09-30": -319.6, "2011-06-30": -350.7, "2011-03-31": "-182.00000", "2010-12-31": -260, "2010-09-30": -294.5, "2010-06-30": -159.9, "2010-03-31": "-131.70000", "2009-12-31": -153.6, "2009-09-30": -182.5, "2009-06-30": -227.2, "2009-03-31": "-245.70000", "2008-12-31": -270, "2008-09-30": -635.3, "2008-06-30": -153.4, "2008-03-31": "-125.80000", "2007-12-31": -184.5, "2007-09-30": -138.1, "2007-06-30": -114.6, "2007-03-31": "-119.10000", "2006-12-31": -150.5, "2006-09-30": -90.5, "2006-06-30": -158.8, "2006-03-31": "-83.60000", "2005-12-31": -84.4, "2005-09-30": -64.1, "2005-06-30": -69.1, "2005-03-31": "-73.80000"}, "Net Change In Intangible Assets": {"2020-09-30": 0, "2020-06-30": 0, "2020-03-31": "", "2019-12-31": 0, "2019-09-30": 0, "2019-06-30": 0, "2019-03-31": "", "2018-12-31": 0, "2018-09-30": 0, "2018-06-30": 0, "2018-03-31": "", "2017-12-31": 0, "2017-09-30": 0, "2017-06-30": 0, "2017-03-31": "", "2016-12-31": 0, "2016-09-30": 0, "2016-06-30": 0, "2016-03-31": "", "2015-12-31": 0, "2015-09-30": 0, "2015-06-30": 0, "2015-03-31": "", "2014-12-31": 0, "2014-09-30": 0, "2014-06-30": 0, "2014-03-31": "", "2013-12-31": 0, "2013-09-30": 0, "2013-06-30": 0, "2013-03-31": "", "2012-12-31": 0, "2012-09-30": 0, "2012-06-30": 0, "2012-03-31": "", "2011-12-31": 0, "2011-09-30": 0, "2011-06-30": 0, "2011-03-31": "", "2010-12-31": 0, "2010-09-30": 0, "2010-06-30": 0, "2010-03-31": "", "2009-12-31": 0, "2009-09-30": 0, "2009-06-30": 0, "2009-03-31": "", "2008-12-31": 0, "2008-09-30": 0, "2008-06-30": 0, "2008-03-31": "", "2007-12-31": 0, "2007-09-30": 0, "2007-06-30": 0, "2007-03-31": "", "2006-12-31": 0, "2006-09-30": 0, "2006-06-30": 0, "2006-03-31": "", "2005-12-31": 0, "2005-09-30": 0, "2005-06-30": 0, "2005-03-31": ""}, "Net Acquisitions/Divestitures": {"2020-09-30": 0, "2020-06-30": 0, "2020-03-31": "", "2019-12-31": 0, "2019-09-30": 0, "2019-06-30": 0, "2019-03-31": "", "2018-12-31": 0, "2018-09-30": 0, "2018-06-30": 0, "2018-03-31": "", "2017-12-31": 0, "2017-09-30": 0, "2017-06-30": 0, "2017-03-31": "", "2016-12-31": 0, "2016-09-30": 0, "2016-06-30": 0, "2016-03-31": "", "2015-12-31": 0, "2015-09-30": 0, "2015-06-30": 0, "2015-03-31": "", "2014-12-31": 0, "2014-09-30": 0, "2014-06-30": 0, "2014-03-31": "", "2013-12-31": 0, "2013-09-30": 0, "2013-06-30": 0, "2013-03-31": "", "2012-12-31": 0, "2012-09-30": 0, "2012-06-30": 0, "2012-03-31": "", "2011-12-31": 0, "2011-09-30": 0, "2011-06-30": 0, "2011-03-31": "", "2010-12-31": 0, "2010-09-30": 0, "2010-06-30": 0, "2010-03-31": "", "2009-12-31": 0, "2009-09-30": 0, "2009-06-30": 0, "2009-03-31": "", "2008-12-31": 0, "2008-09-30": 0, "2008-06-30": 0, "2008-03-31": "", "2007-12-31": 0, "2007-09-30": 0, "2007-06-30": 0, "2007-03-31": "", "2006-12-31": 0, "2006-09-30": 0, "2006-06-30": 0, "2006-03-31": "", "2005-12-31": 0, "2005-09-30": 0, "2005-06-30": 0, "2005-03-31": ""}, "Net Change In Short-term Investments": {"2020-09-30": 0, "2020-06-30": 0, "2020-03-31": "", "2019-12-31": 0, "2019-09-30": 0, "2019-06-30": 0, "2019-03-31": "", "2018-12-31": 0, "2018-09-30": 0, "2018-06-30": 0, "2018-03-31": "", "2017-12-31": 0, "2017-09-30": 0, "2017-06-30": 0, "2017-03-31": "", "2016-12-31": 0, "2016-09-30": 0, "2016-06-30": 0, "2016-03-31": "", "2015-12-31": 0, "2015-09-30": 0, "2015-06-30": 0, "2015-03-31": "", "2014-12-31": 0, "2014-09-30": 0, "2014-06-30": 0, "2014-03-31": "", "2013-12-31": 0, "2013-09-30": 0, "2013-06-30": 0, "2013-03-31": "", "2012-12-31": 0, "2012-09-30": 0, "2012-06-30": 0, "2012-03-31": "", "2011-12-31": 0, "2011-09-30": 0, "2011-06-30": 0, "2011-03-31": "", "2010-12-31": 0, "2010-09-30": 0, "2010-06-30": 0, "2010-03-31": "", "2009-12-31": 0, "2009-09-30": 0, "2009-06-30": 0, "2009-03-31": "", "2008-12-31": 0, "2008-09-30": 0, "2008-06-30": 0, "2008-03-31": "", "2007-12-31": 0, "2007-09-30": 0, "2007-06-30": 0, "2007-03-31": "", "2006-12-31": 0, "2006-09-30": 0, "2006-06-30": 0, "2006-03-31": "", "2005-12-31": 0, "2005-09-30": 0, "2005-06-30": 0, "2005-03-31": ""}, "Net Change In Long-Term Investments": {"2020-09-30": -0.9, "2020-06-30": -0.6, "2020-03-31": "-0.90000", "2019-12-31": -1.8, "2019-09-30": -2.7, "2019-06-30": -2.2, "2019-03-31": "-1.00000", "2018-12-31": -0.6, "2018-09-30": -1.4, "2018-06-30": 1.1, "2018-03-31": "-1.60000", "2017-12-31": -3.3, "2017-09-30": 0, "2017-06-30": -5.2, "2017-03-31": "", "2016-12-31": 0, "2016-09-30": 0, "2016-06-30": 0, "2016-03-31": "", "2015-12-31": 0, "2015-09-30": 0, "2015-06-30": 0, "2015-03-31": "", "2014-12-31": 0, "2014-09-30": 0, "2014-06-30": 0, "2014-03-31": "", "2013-12-31": 0, "2013-09-30": 0, "2013-06-30": -2.7, "2013-03-31": "", "2012-12-31": 0, "2012-09-30": 0, "2012-06-30": 1.5, "2012-03-31": "6.10000", "2011-12-31": 7.4, "2011-09-30": 0, "2011-06-30": 0, "2011-03-31": "", "2010-12-31": 0, "2010-09-30": 0, "2010-06-30": 0, "2010-03-31": "", "2009-12-31": 0, "2009-09-30": 0, "2009-06-30": 0, "2009-03-31": "", "2008-12-31": 0, "2008-09-30": 0, "2008-06-30": 0, "2008-03-31": "", "2007-12-31": 0, "2007-09-30": 0, "2007-06-30": 0, "2007-03-31": "", "2006-12-31": 0, "2006-09-30": 0, "2006-06-30": 0, "2006-03-31": "", "2005-12-31": 0, "2005-09-30": 0, "2005-06-30": 0, "2005-03-31": ""}, "Net Change In Investments - Total": {"2020-09-30": -0.9, "2020-06-30": -0.6, "2020-03-31": "-0.90000", "2019-12-31": -1.8, "2019-09-30": -2.7, "2019-06-30": -2.2, "2019-03-31": "-1.00000", "2018-12-31": -0.6, "2018-09-30": -1.4, "2018-06-30": 1.1, "2018-03-31": "-1.60000", "2017-12-31": -3.3, "2017-09-30": 0, "2017-06-30": -5.2, "2017-03-31": "", "2016-12-31": 0, "2016-09-30": 0, "2016-06-30": 0, "2016-03-31": "", "2015-12-31": 0, "2015-09-30": 0, "2015-06-30": 0, "2015-03-31": "", "2014-12-31": 0, "2014-09-30": 0, "2014-06-30": 0, "2014-03-31": "", "2013-12-31": 0, "2013-09-30": 0, "2013-06-30": -2.7, "2013-03-31": "", "2012-12-31": 0, "2012-09-30": 0, "2012-06-30": 1.5, "2012-03-31": "6.10000", "2011-12-31": 7.4, "2011-09-30": 0, "2011-06-30": 0, "2011-03-31": "", "2010-12-31": 0, "2010-09-30": 0, "2010-06-30": 0, "2010-03-31": "", "2009-12-31": 0, "2009-09-30": 0, "2009-06-30": 0, "2009-03-31": "", "2008-12-31": 0, "2008-09-30": 0, "2008-06-30": 0, "2008-03-31": "", "2007-12-31": 0, "2007-09-30": 0, "2007-06-30": 0, "2007-03-31": "", "2006-12-31": 0, "2006-09-30": 0, "2006-06-30": 0, "2006-03-31": "", "2005-12-31": 0, "2005-09-30": 0, "2005-06-30": 0, "2005-03-31": ""}, "Investing Activities - Other": {"2020-09-30": 0, "2020-06-30": -3.2, "2020-03-31": "3.20000", "2019-12-31": 18.5, "2019-09-30": 0, "2019-06-30": 0, "2019-03-31": "", "2018-12-31": -2.6, "2018-09-30": -4.8, "2018-06-30": 6, "2018-03-31": "1.40000", "2017-12-31": 2.7, "2017-09-30": 1.7, "2017-06-30": 5.6, "2017-03-31": "", "2016-12-31": 12.9, "2016-09-30": 0.7, "2016-06-30": 18.6, "2016-03-31": "6.60000", "2015-12-31": 8.3, "2015-09-30": 36.9, "2015-06-30": 0, "2015-03-31": "", "2014-12-31": 0, "2014-09-30": 9.5, "2014-06-30": 0, "2014-03-31": "", "2013-12-31": 0, "2013-09-30": 0, "2013-06-30": 0, "2013-03-31": "", "2012-12-31": 0, "2012-09-30": 0, "2012-06-30": 0, "2012-03-31": "", "2011-12-31": 0, "2011-09-30": 0, "2011-06-30": 0, "2011-03-31": "", "2010-12-31": -0.1, "2010-09-30": 0.1, "2010-06-30": -1.1, "2010-03-31": "1.10000", "2009-12-31": 0.5, "2009-09-30": 0, "2009-06-30": 0, "2009-03-31": "", "2008-12-31": 0.5, "2008-09-30": -0.1, "2008-06-30": 0, "2008-03-31": "", "2007-12-31": 0, "2007-09-30": 0, "2007-06-30": 0, "2007-03-31": "", "2006-12-31": -0.1, "2006-09-30": 0.1, "2006-06-30": -0.1, "2006-03-31": "", "2005-12-31": 0.1, "2005-09-30": 0, "2005-06-30": 0, "2005-03-31": ""}, "Cash Flow From Investing Activities": {"2020-09-30": -139.8, "2020-06-30": -157.4, "2020-03-31": "-124.90000", "2019-12-31": -142.3, "2019-09-30": -164.7, "2019-06-30": -163.8, "2019-03-31": "-153.90000", "2018-12-31": -162.9, "2018-09-30": -146.2, "2018-06-30": -129.3, "2018-03-31": "-137.60000", "2017-12-31": -161.6, "2017-09-30": -170, "2017-06-30": -270.4, "2017-03-31": "-219.90000", "2016-12-31": -179.9, "2016-09-30": -134.8, "2016-06-30": -134.6, "2016-03-31": "-171.10000", "2015-12-31": -164.2, "2015-09-30": -110.2, "2015-06-30": -117, "2015-03-31": "-108.70000", "2014-12-31": -131.8, "2014-09-30": -130.3, "2014-06-30": -125.6, "2014-03-31": "-171.40000", "2013-12-31": -217.6, "2013-09-30": -207.6, "2013-06-30": -242.3, "2013-03-31": "-289.50000", "2012-12-31": -356, "2012-09-30": -309.7, "2012-06-30": -231.8, "2012-03-31": "-295.10000", "2011-12-31": -543.5, "2011-09-30": -319.6, "2011-06-30": -350.7, "2011-03-31": "-182.00000", "2010-12-31": -260.1, "2010-09-30": -294.4, "2010-06-30": -161, "2010-03-31": "-130.60000", "2009-12-31": -153.1, "2009-09-30": -182.5, "2009-06-30": -227.2, "2009-03-31": "-245.70000", "2008-12-31": -269.5, "2008-09-30": -635.4, "2008-06-30": -153.4, "2008-03-31": "-125.80000", "2007-12-31": -184.5, "2007-09-30": -138.1, "2007-06-30": -114.6, "2007-03-31": "-119.10000", "2006-12-31": -150.6, "2006-09-30": -90.4, "2006-06-30": -158.9, "2006-03-31": "-83.60000", "2005-12-31": -84.3, "2005-09-30": -64.1, "2005-06-30": -69.1, "2005-03-31": "-73.80000"}, "Net Long-Term Debt": {"2020-09-30": -0.2, "2020-06-30": 297.2, "2020-03-31": "", "2019-12-31": 0, "2019-09-30": 0.5, "2019-06-30": 295.9, "2019-03-31": "-250.00000", "2018-12-31": -0.1, "2018-09-30": 146, "2018-06-30": 0, "2018-03-31": "", "2017-12-31": -100.2, "2017-09-30": 10.8, "2017-06-30": 159.4, "2017-03-31": "297.00000", "2016-12-31": -0.1, "2016-09-30": 0, "2016-06-30": 0, "2016-03-31": "-110.10000", "2015-12-31": -0.1, "2015-09-30": 0, "2015-06-30": -0.1, "2015-03-31": "", "2014-12-31": 242.3, "2014-09-30": -140, "2014-06-30": -0.5, "2014-03-31": "246.90000", "2013-12-31": 0.1, "2013-09-30": -0.2, "2013-06-30": 247.4, "2013-03-31": "", "2012-12-31": -0.1, "2012-09-30": 100, "2012-06-30": 0, "2012-03-31": "", "2011-12-31": 150, "2011-09-30": 0, "2011-06-30": 246.3, "2011-03-31": "-25.00000", "2010-12-31": -10, "2010-09-30": -30, "2010-06-30": 196.2, "2010-03-31": "-174.20000", "2009-12-31": 156.4, "2009-09-30": -180.8, "2009-06-30": 158.4, "2009-03-31": "80.00000", "2008-12-31": 248.3, "2008-09-30": 342.4, "2008-06-30": 24, "2008-03-31": "197.20000", "2007-12-31": 0, "2007-09-30": -0.1, "2007-06-30": -3, "2007-03-31": "", "2006-12-31": 0, "2006-09-30": 0, "2006-06-30": 0, "2006-03-31": "217.50000", "2005-12-31": -220, "2005-09-30": 0, "2005-06-30": -11.3, "2005-03-31": "-23.00000"}, "Net Current Debt": {"2020-09-30": -75, "2020-06-30": -300, "2020-03-31": "263.00000", "2019-12-31": -56.8, "2019-09-30": -38.7, "2019-06-30": -158.9, "2019-03-31": "366.40000", "2018-12-31": 0, "2018-09-30": -200.1, "2018-06-30": 6.2, "2018-03-31": "25.50000", "2017-12-31": 21.9, "2017-09-30": -46.7, "2017-06-30": 65, "2017-03-31": "-108.00000", "2016-12-31": 23, "2016-09-30": -71.2, "2016-06-30": 96.9, "2016-03-31": "187.50000", "2015-12-31": 0, "2015-09-30": -105.5, "2015-06-30": -4.4, "2015-03-31": "11.90000", "2014-12-31": -313.4, "2014-09-30": 24.8, "2014-06-30": 8.8, "2014-03-31": "-61.80000", "2013-12-31": -7.4, "2013-09-30": -31.7, "2013-06-30": -228.3, "2013-03-31": "276.10000", "2012-12-31": -24.7, "2012-09-30": -141.1, "2012-06-30": 107.4, "2012-03-31": "212.20000", "2011-12-31": -11.9, "2011-09-30": 77.9, "2011-06-30": -26.1, "2011-03-31": "92.20000", "2010-12-31": -79, "2010-09-30": 111.1, "2010-06-30": -228.7, "2010-03-31": "166.60000", "2009-12-31": -133, "2009-09-30": -74.2, "2009-06-30": 30.7, "2009-03-31": "53.50000", "2008-12-31": -441.8, "2008-09-30": 301.1, "2008-06-30": 172.4, "2008-03-31": "-29.50000", "2007-12-31": 136.9, "2007-09-30": 90.6, "2007-06-30": 68.3, "2007-03-31": "", "2006-12-31": -38.8, "2006-09-30": -19.4, "2006-06-30": 58.2, "2006-03-31": "-250.00000", "2005-12-31": 11.5, "2005-09-30": 15.8, "2005-06-30": 68.7, "2005-03-31": "29.00000"}, "Debt Issuance/Retirement Net - Total": {"2020-09-30": -75.2, "2020-06-30": -2.8, "2020-03-31": "263.00000", "2019-12-31": -56.8, "2019-09-30": -38.2, "2019-06-30": 137, "2019-03-31": "116.40000", "2018-12-31": -0.1, "2018-09-30": -54.1, "2018-06-30": 6.2, "2018-03-31": "25.50000", "2017-12-31": -78.3, "2017-09-30": -35.9, "2017-06-30": 224.4, "2017-03-31": "189.00000", "2016-12-31": 22.9, "2016-09-30": -71.2, "2016-06-30": 96.9, "2016-03-31": "77.40000", "2015-12-31": -0.1, "2015-09-30": -105.5, "2015-06-30": -4.5, "2015-03-31": "11.90000", "2014-12-31": -71.1, "2014-09-30": -115.2, "2014-06-30": 8.3, "2014-03-31": "185.10000", "2013-12-31": -7.3, "2013-09-30": -31.9, "2013-06-30": 19.1, "2013-03-31": "276.10000", "2012-12-31": -24.8, "2012-09-30": -41.1, "2012-06-30": 107.4, "2012-03-31": "212.20000", "2011-12-31": 138.1, "2011-09-30": 77.9, "2011-06-30": 220.2, "2011-03-31": "67.20000", "2010-12-31": -89, "2010-09-30": 81.1, "2010-06-30": -32.5, "2010-03-31": "-7.60000", "2009-12-31": 23.4, "2009-09-30": -255, "2009-06-30": 189.1, "2009-03-31": "133.50000", "2008-12-31": -193.5, "2008-09-30": 643.5, "2008-06-30": 196.4, "2008-03-31": "167.70000", "2007-12-31": 136.9, "2007-09-30": 90.5, "2007-06-30": 65.3, "2007-03-31": "", "2006-12-31": -38.8, "2006-09-30": -19.4, "2006-06-30": 58.2, "2006-03-31": "-32.50000", "2005-12-31": -208.5, "2005-09-30": 15.8, "2005-06-30": 57.4, "2005-03-31": "6.00000"}, "Net Common Equity Issued/Repurchased": {"2020-09-30": -4.9, "2020-06-30": -7.2, "2020-03-31": "-9.70000", "2019-12-31": 10.2, "2019-09-30": 0, "2019-06-30": -10.2, "2019-03-31": "", "2018-12-31": 0.5, "2018-09-30": -0.1, "2018-06-30": -0.4, "2018-03-31": "", "2017-12-31": 0, "2017-09-30": 0, "2017-06-30": 0, "2017-03-31": "", "2016-12-31": 0, "2016-09-30": 0, "2016-06-30": 0, "2016-03-31": "", "2015-12-31": 0, "2015-09-30": 0.4, "2015-06-30": 3.7, "2015-03-31": "3.10000", "2014-12-31": 3.1, "2014-09-30": 3.4, "2014-06-30": 3.3, "2014-03-31": "3.40000", "2013-12-31": 3.4, "2013-09-30": 4, "2013-06-30": 3.6, "2013-03-31": "3.20000", "2012-12-31": 0, "2012-09-30": 3.9, "2012-06-30": 3.3, "2012-03-31": "3.70000", "2011-12-31": -2.4, "2011-09-30": 3.5, "2011-06-30": 3.4, "2011-03-31": "4.10000", "2010-12-31": 3.4, "2010-09-30": 3.7, "2010-06-30": 4.9, "2010-03-31": "4.90000", "2009-12-31": 4.7, "2009-09-30": 6.2, "2009-06-30": 12.6, "2009-03-31": "56.10000", "2008-12-31": 17.9, "2008-09-30": 10.9, "2008-06-30": 7.4, "2008-03-31": "0.20000", "2007-12-31": 0.2, "2007-09-30": 0.8, "2007-06-30": 0.2, "2007-03-31": "7.00000", "2006-12-31": 4.2, "2006-09-30": 4.2, "2006-06-30": 4.2, "2006-03-31": "1.90000", "2005-12-31": 0.1, "2005-09-30": 6.7, "2005-06-30": 2.5, "2005-03-31": "5.40000"}, "Net Total Equity Issued/Repurchased": {"2020-09-30": -4.9, "2020-06-30": -7.2, "2020-03-31": "-9.70000", "2019-12-31": 10.2, "2019-09-30": 0, "2019-06-30": -10.2, "2019-03-31": "", "2018-12-31": 0.5, "2018-09-30": -0.1, "2018-06-30": -0.4, "2018-03-31": "", "2017-12-31": 0, "2017-09-30": 0, "2017-06-30": 0, "2017-03-31": "", "2016-12-31": 0, "2016-09-30": 0, "2016-06-30": 0, "2016-03-31": "", "2015-12-31": 0, "2015-09-30": 0.4, "2015-06-30": 3.7, "2015-03-31": "3.10000", "2014-12-31": 3.1, "2014-09-30": 3.4, "2014-06-30": 3.3, "2014-03-31": "3.40000", "2013-12-31": 3.4, "2013-09-30": 4, "2013-06-30": 3.6, "2013-03-31": "3.20000", "2012-12-31": 0, "2012-09-30": 3.9, "2012-06-30": 3.3, "2012-03-31": "3.70000", "2011-12-31": -2.4, "2011-09-30": 3.5, "2011-06-30": 3.4, "2011-03-31": "4.10000", "2010-12-31": 3.4, "2010-09-30": 3.7, "2010-06-30": 4.9, "2010-03-31": "4.90000", "2009-12-31": 4.7, "2009-09-30": 6.2, "2009-06-30": 12.6, "2009-03-31": "56.10000", "2008-12-31": 17.9, "2008-09-30": 10.9, "2008-06-30": 7.4, "2008-03-31": "0.20000", "2007-12-31": 0.2, "2007-09-30": 0.8, "2007-06-30": 0.2, "2007-03-31": "7.00000", "2006-12-31": 4.2, "2006-09-30": 4.2, "2006-06-30": 4.2, "2006-03-31": "1.90000", "2005-12-31": 0.1, "2005-09-30": 6.7, "2005-06-30": 2.5, "2005-03-31": "5.40000"}, "Total Common And Preferred Stock Dividends Paid": {"2020-09-30": -77.6, "2020-06-30": -77.5, "2020-03-31": "-79.30000", "2019-12-31": -77.5, "2019-09-30": -73.1, "2019-06-30": -73.1, "2019-03-31": "-75.50000", "2018-12-31": -72.8, "2018-09-30": -66.4, "2018-06-30": -66.4, "2018-03-31": "-66.60000", "2017-12-31": -66.4, "2017-09-30": -60.4, "2017-06-30": -60.4, "2017-03-31": "-60.40000", "2016-12-31": -60.4, "2016-09-30": -54.9, "2016-06-30": -54.9, "2016-03-31": "-54.90000", "2015-12-31": -54.9, "2015-09-30": -49.9, "2015-06-30": -49.9, "2015-03-31": "-49.90000", "2014-12-31": -49.8, "2014-09-30": -44.8, "2014-06-30": -44.8, "2014-03-31": "-44.70000", "2013-12-31": -41.5, "2013-09-30": -41.4, "2013-06-30": -41.4, "2013-03-31": "-41.20000", "2012-12-31": -38.6, "2012-09-30": -38.8, "2012-06-30": -38.6, "2012-03-31": "-38.50000", "2011-12-31": -36.7, "2011-09-30": -36.8, "2011-06-30": -36.7, "2011-03-31": "-36.60000", "2010-12-31": -35.3, "2010-09-30": -35.3, "2010-06-30": -35.3, "2010-03-31": "-35.10000", "2009-12-31": -34.4, "2009-09-30": -34.3, "2009-06-30": -34.2, "2009-03-31": "-33.30000", "2008-12-31": -32.2, "2008-09-30": -32.1, "2008-06-30": -32, "2008-03-31": "-31.90000", "2007-12-31": -31.3, "2007-09-30": -31.2, "2007-06-30": -31.1, "2007-03-31": "-31.10000", "2006-12-31": -30.3, "2006-09-30": -30.2, "2006-06-30": -30.2, "2006-03-31": "-30.10000", "2005-12-31": -30.1, "2005-09-30": -30, "2005-06-30": -30, "2005-03-31": "-29.90000"}, "Financial Activities - Other": {"2020-09-30": 0, "2020-06-30": 7.1, "2020-03-31": "-7.10000", "2019-12-31": -10.3, "2019-09-30": 0, "2019-06-30": 10.2, "2019-03-31": "-10.20000", "2018-12-31": -0.5, "2018-09-30": 0, "2018-06-30": 0.4, "2018-03-31": "-0.40000", "2017-12-31": -0.1, "2017-09-30": 0, "2017-06-30": 0, "2017-03-31": "", "2016-12-31": -0.1, "2016-09-30": 0, "2016-06-30": 0, "2016-03-31": "", "2015-12-31": -6.9, "2015-09-30": 5.2, "2015-06-30": 0, "2015-03-31": "", "2014-12-31": 0, "2014-09-30": 0, "2014-06-30": 0, "2014-03-31": "", "2013-12-31": -2.2, "2013-09-30": 5.6, "2013-06-30": 233.2, "2013-03-31": "-2.50000", "2012-12-31": 42.9, "2012-09-30": -2.3, "2012-06-30": -1.4, "2012-03-31": "-5.60000", "2011-12-31": 138.3, "2011-09-30": -6.7, "2011-06-30": -5.3, "2011-03-31": "72.70000", "2010-12-31": 179.2, "2010-09-30": 0.7, "2010-06-30": 0, "2010-03-31": "", "2009-12-31": 0, "2009-09-30": 3.3, "2009-06-30": 0, "2009-03-31": "", "2008-12-31": 0, "2008-09-30": 1.9, "2008-06-30": 0, "2008-03-31": "0.50000", "2007-12-31": 1.6, "2007-09-30": 5.2, "2007-06-30": 4, "2007-03-31": "1.70000", "2006-12-31": 0, "2006-09-30": 1.4, "2006-06-30": 0, "2006-03-31": "", "2005-12-31": 0, "2005-09-30": 0, "2005-06-30": 0, "2005-03-31": ""}, "Cash Flow From Financial Activities": {"2020-09-30": -157.7, "2020-06-30": -80.4, "2020-03-31": "166.90000", "2019-12-31": -134.4, "2019-09-30": -111.3, "2019-06-30": 63.9, "2019-03-31": "30.70000", "2018-12-31": -72.9, "2018-09-30": -120.6, "2018-06-30": -60.2, "2018-03-31": "-41.50000", "2017-12-31": -144.8, "2017-09-30": -96.3, "2017-06-30": 164, "2017-03-31": "128.60000", "2016-12-31": -37.6, "2016-09-30": -126.1, "2016-06-30": 42, "2016-03-31": "22.50000", "2015-12-31": -61.9, "2015-09-30": -149.8, "2015-06-30": -50.7, "2015-03-31": "-34.90000", "2014-12-31": -117.8, "2014-09-30": -156.6, "2014-06-30": -33.2, "2014-03-31": "143.80000", "2013-12-31": -47.6, "2013-09-30": -63.7, "2013-06-30": 214.5, "2013-03-31": "235.60000", "2012-12-31": -20.5, "2012-09-30": -78.3, "2012-06-30": 70.7, "2012-03-31": "171.80000", "2011-12-31": 237.3, "2011-09-30": 37.9, "2011-06-30": 181.6, "2011-03-31": "107.40000", "2010-12-31": 58.3, "2010-09-30": 50.2, "2010-06-30": -62.9, "2010-03-31": "-37.80000", "2009-12-31": -6.3, "2009-09-30": -279.8, "2009-06-30": 167.5, "2009-03-31": "156.30000", "2008-12-31": -207.8, "2008-09-30": 624.2, "2008-06-30": 171.8, "2008-03-31": "136.50000", "2007-12-31": 107.4, "2007-09-30": 65.3, "2007-06-30": 38.4, "2007-03-31": "-22.40000", "2006-12-31": -64.9, "2006-09-30": -44, "2006-06-30": 32.2, "2006-03-31": "-60.70000", "2005-12-31": -238.5, "2005-09-30": -7.5, "2005-06-30": 29.9, "2005-03-31": "-18.50000"}, "Net Cash Flow": {"2020-09-30": -35.5, "2020-06-30": -78.4, "2020-03-31": "145.90000", "2019-12-31": -13.2, "2019-09-30": 13.2, "2019-06-30": 0, "2019-03-31": "-94.30000", "2018-12-31": 3.6, "2018-09-30": 90.7, "2018-06-30": -2.3, "2018-03-31": "-12.10000", "2017-12-31": 14.4, "2017-09-30": 0, "2017-06-30": 0, "2017-03-31": "-0.30000", "2016-12-31": 0.3, "2016-09-30": 0, "2016-06-30": 0, "2016-03-31": "-75.20000", "2015-12-31": 31.9, "2015-09-30": 43.3, "2015-06-30": -1.5, "2015-03-31": "-4.00000", "2014-12-31": 5.5, "2014-09-30": -2.2, "2014-06-30": -0.2, "2014-03-31": "-4.40000", "2013-12-31": 6.8, "2013-09-30": 0, "2013-06-30": -7.1, "2013-03-31": "5.30000", "2012-12-31": -8.4, "2012-09-30": 8.5, "2012-06-30": 0.1, "2012-03-31": "-3.00000", "2011-12-31": -1, "2011-09-30": 0.5, "2011-06-30": 1.1, "2011-03-31": "1.70000", "2010-12-31": -6.2, "2010-09-30": 1.2, "2010-06-30": 1.6, "2010-03-31": "-52.40000", "2009-12-31": 55.8, "2009-09-30": -209.9, "2009-06-30": 65.8, "2009-03-31": "-28.00000", "2008-12-31": -30.5, "2008-09-30": 201.3, "2008-06-30": 0.9, "2008-03-31": "-6.10000", "2007-12-31": 6.8, "2007-09-30": -2.1, "2007-06-30": -28.3, "2007-03-31": "-15.50000", "2006-12-31": 47.3, "2006-09-30": 0.6, "2006-06-30": -19.3, "2006-03-31": "-7.10000", "2005-12-31": 26.3, "2005-09-30": -0.1, "2005-06-30": 0, "2005-03-31": "-10.90000"}, "Stock-Based Compensation": {"2020-09-30": 2.4, "2020-06-30": 2.3, "2020-03-31": "2.00000", "2019-12-31": 3.1, "2019-09-30": 4.9, "2019-06-30": 2.9, "2019-03-31": "3.00000", "2018-12-31": 3.7, "2018-09-30": 3.9, "2018-06-30": 3.1, "2018-03-31": "2.70000", "2017-12-31": 4.4, "2017-09-30": 0.2, "2017-06-30": 2.4, "2017-03-31": "2.10000", "2016-12-31": 1.5, "2016-09-30": 0, "2016-06-30": 1.5, "2016-03-31": "1.70000", "2015-12-31": 3.8, "2015-09-30": 1.4, "2015-06-30": 1.9, "2015-03-31": "0.50000", "2014-12-31": 2.7, "2014-09-30": 1.6, "2014-06-30": 1.6, "2014-03-31": "-8.60000", "2013-12-31": 1.4, "2013-09-30": 1.7, "2013-06-30": 1.7, "2013-03-31": "-8.30000", "2012-12-31": 4.5, "2012-09-30": 2.3, "2012-06-30": 2.4, "2012-03-31": "-11.80000", "2011-12-31": 4.4, "2011-09-30": 3, "2011-06-30": 2.7, "2011-03-31": "-2.30000", "2010-12-31": 2.5, "2010-09-30": 2.6, "2010-06-30": 1.9, "2010-03-31": "0.40000", "2009-12-31": 1.6, "2009-09-30": 1.4, "2009-06-30": 1.5, "2009-03-31": "-0.40000", "2008-12-31": 0.9, "2008-09-30": 0.5, "2008-06-30": 1.8, "2008-03-31": "1.10000", "2007-12-31": 0.7, "2007-09-30": 1, "2007-06-30": 0.9, "2007-03-31": "1.00000", "2006-12-31": 0.9, "2006-09-30": 0.9, "2006-06-30": 0.9, "2006-03-31": "1.10000", "2005-12-31": 0.9, "2005-09-30": 0, "2005-06-30": 0, "2005-03-31": ""}, "Common Stock Dividends Paid": {"2020-09-30": -77.6, "2020-06-30": -77.5, "2020-03-31": "-79.30000", "2019-12-31": -77.5, "2019-09-30": -73.1, "2019-06-30": -73.1, "2019-03-31": "-75.50000", "2018-12-31": -72.8, "2018-09-30": -66.4, "2018-06-30": -66.4, "2018-03-31": "-66.60000", "2017-12-31": -66.4, "2017-09-30": -60.4, "2017-06-30": -60.4, "2017-03-31": "-60.40000", "2016-12-31": -60.4, "2016-09-30": -54.9, "2016-06-30": -54.9, "2016-03-31": "-54.90000", "2015-12-31": -54.9, "2015-09-30": -49.9, "2015-06-30": -49.9, "2015-03-31": "-49.90000", "2014-12-31": -49.8, "2014-09-30": -44.8, "2014-06-30": -44.8, "2014-03-31": "-44.70000", "2013-12-31": -41.5, "2013-09-30": -41.4, "2013-06-30": -41.4, "2013-03-31": "-41.20000", "2012-12-31": -38.6, "2012-09-30": -38.8, "2012-06-30": -38.6, "2012-03-31": "-38.50000", "2011-12-31": -36.7, "2011-09-30": -36.8, "2011-06-30": -36.7, "2011-03-31": "-36.60000", "2010-12-31": -35.3, "2010-09-30": -35.3, "2010-06-30": -35.3, "2010-03-31": "-35.10000", "2009-12-31": -34.4, "2009-09-30": -34.3, "2009-06-30": -34.2, "2009-03-31": "-33.30000", "2008-12-31": -32.2, "2008-09-30": -32.1, "2008-06-30": -32, "2008-03-31": "-31.90000", "2007-12-31": -31.3, "2007-09-30": -31.2, "2007-06-30": -31.1, "2007-03-31": "-31.10000", "2006-12-31": -30.3, "2006-09-30": -30.2, "2006-06-30": -30.2, "2006-03-31": "-30.10000", "2005-12-31": -30.1, "2005-09-30": -30, "2005-06-30": -30, "2005-03-31": "-29.90000"}}, "financial ratios": {"Current Ratio": {"2019-12-31": "0.65390", "2018-12-31": "0.64100", "2017-12-31": "0.52290", "2016-12-31": "0.53490", "2015-12-31": "0.75740", "2014-12-31": "1.23300", "2013-12-31": "0.63500", "2012-12-31": "0.62220", "2011-12-31": "0.65370", "2010-12-31": "0.77610", "2009-12-31": "0.64760", "2008-12-31": "0.83810", "2007-12-31": "0.63680", "2006-12-31": "0.98670", "2005-12-31": "1.12940"}, "Long-term Debt / Capital": {"2019-12-31": "0.43560", "2018-12-31": "0.41970", "2017-12-31": "0.41660", "2016-12-31": "0.41130", "2015-12-31": "0.44150", "2014-12-31": "0.45920", "2013-12-31": "0.43100", "2012-12-31": "0.48110", "2011-12-31": "0.49260", "2010-12-31": "0.49610", "2009-12-31": "0.50340", "2008-12-31": "0.53040", "2007-12-31": "0.44440", "2006-12-31": "0.45640", "2005-12-31": "0.49540"}, "Debt/Equity Ratio": {"2019-12-31": "0.79890", "2018-12-31": "0.78570", "2017-12-31": "0.82260", "2016-12-31": "0.83240", "2015-12-31": "0.82350", "2014-12-31": "0.87950", "2013-12-31": "0.93500", "2012-12-31": "1.06740", "2011-12-31": "1.06910", "2010-12-31": "1.04500", "2009-12-31": "1.23890", "2008-12-31": "1.28520", "2007-12-31": "0.97650", "2006-12-31": "0.84130", "2005-12-31": "1.00360"}, "Gross Margin": {"2019-12-31": "64.73830", "2018-12-31": "60.68800", "2017-12-31": "60.30250", "2016-12-31": "61.04370", "2015-12-31": "60.62630", "2014-12-31": "54.88970", "2013-12-31": "50.17260", "2012-12-31": "47.73640", "2011-12-31": "41.82950", "2010-12-31": "41.14990", "2009-12-31": "45.71910", "2008-12-31": "30.77360", "2007-12-31": "30.62200", "2006-12-31": "27.53900", "2005-12-31": "16.39520"}, "Operating Margin": {"2019-12-31": "22.59810", "2018-12-31": "21.56540", "2017-12-31": "23.52400", "2016-12-31": "23.49500", "2015-12-31": "21.90360", "2014-12-31": "21.88250", "2013-12-31": "19.30120", "2012-12-31": "18.43810", "2011-12-31": "16.51470", "2010-12-31": "15.97840", "2009-12-31": "17.14120", "2008-12-31": "11.35190", "2007-12-31": "11.98920", "2006-12-31": "10.80240", "2005-12-31": "5.45380"}, "EBIT Margin": {"2019-12-31": "22.59810", "2018-12-31": "21.56540", "2017-12-31": "23.52400", "2016-12-31": "23.49500", "2015-12-31": "21.90360", "2014-12-31": "21.88250", "2013-12-31": "19.30120", "2012-12-31": "18.43810", "2011-12-31": "16.51470", "2010-12-31": "15.97840", "2009-12-31": "17.14120", "2008-12-31": "11.35190", "2007-12-31": "11.98920", "2006-12-31": "10.80240", "2005-12-31": "5.45380"}, "EBITDA Margin": {"2019-12-31": "38.50600", "2018-12-31": "35.73100", "2017-12-31": "36.06210", "2016-12-31": "37.77440", "2015-12-31": "35.91880", "2014-12-31": "33.35370", "2013-12-31": "29.71370", "2012-12-31": "28.65820", "2011-12-31": "24.37240", "2010-12-31": "23.81550", "2009-12-31": "26.29190", "2008-12-31": "16.70480", "2007-12-31": "17.13190", "2006-12-31": "15.33100", "2005-12-31": "8.54270"}, "Pre-Tax Profit Margin": {"2019-12-31": "20.76540", "2018-12-31": "21.92220", "2017-12-31": "25.19570", "2016-12-31": "21.52530", "2015-12-31": "16.78270", "2014-12-31": "23.17880", "2013-12-31": "18.27600", "2012-12-31": "14.16700", "2011-12-31": "13.38900", "2010-12-31": "12.41360", "2009-12-31": "13.31850", "2008-12-31": "8.31800", "2007-12-31": "9.52970", "2006-12-31": "8.65290", "2005-12-31": "3.88730"}, "Net Profit Margin": {"2019-12-31": "19.43000", "2018-12-31": "18.74200", "2017-12-31": "27.37610", "2016-12-31": "14.96990", "2015-12-31": "12.34920", "2014-12-31": "16.13470", "2013-12-31": "13.51610", "2012-12-31": "9.66990", "2011-12-31": "8.75660", "2010-12-31": "7.94480", "2009-12-31": "9.00090", "2008-12-31": "5.68450", "2007-12-31": "6.43040", "2006-12-31": "6.54330", "2005-12-31": "3.56930"}, "Asset Turnover": {"2019-12-31": "0.20240", "2018-12-31": "0.21120", "2017-12-31": "0.21710", "2016-12-31": "0.22730", "2015-12-31": "0.22930", "2014-12-31": "0.25750", "2013-12-31": "0.31390", "2012-12-31": "0.37000", "2011-12-31": "0.43970", "2010-12-31": "0.48470", "2009-12-31": "0.39490", "2008-12-31": "0.62450", "2007-12-31": "0.72500", "2006-12-31": "0.81770", "2005-12-31": "1.20670"}, "Inventory Turnover Ratio": {"2019-12-31": "5.74800", "2018-12-31": "4.84260", "2017-12-31": "5.43670", "2016-12-31": "5.44950", "2015-12-31": "4.46110", "2014-12-31": "8.05390", "2013-12-31": "9.21280", "2012-12-31": "11.01440", "2011-12-31": "12.12290", "2010-12-31": "9.03510", "2009-12-31": "7.91110", "2008-12-31": "17.52490", "2007-12-31": "18.09550", "2006-12-31": "23.35080", "2005-12-31": "41.15150"}, "Receiveable Turnover": {"2019-12-31": "13.54950", "2018-12-31": "12.29850", "2017-12-31": "11.51270", "2016-12-31": "11.59160", "2015-12-31": "11.44220", "2014-12-31": "11.65920", "2013-12-31": "14.52740", "2012-12-31": "12.13620", "2011-12-31": "11.83770", "2010-12-31": "13.15250", "2009-12-31": "6.38990", "2008-12-31": "14.12950", "2007-12-31": "11.35650", "2006-12-31": "11.63400", "2005-12-31": "9.99580"}, "Days Sales In Receivables": {"2019-12-31": "26.93830", "2018-12-31": "29.67850", "2017-12-31": "31.70400", "2016-12-31": "31.48840", "2015-12-31": "31.89950", "2014-12-31": "31.30570", "2013-12-31": "25.12500", "2012-12-31": "30.07530", "2011-12-31": "30.83380", "2010-12-31": "27.75140", "2009-12-31": "57.12150", "2008-12-31": "25.83250", "2007-12-31": "32.14030", "2006-12-31": "31.37350", "2005-12-31": "36.51540"}, "ROE - Return On Equity": {"2019-12-31": "10.47470", "2018-12-31": "10.62400", "2017-12-31": "16.07330", "2016-12-31": "9.82050", "2015-12-31": "8.15690", "2014-12-31": "12.19950", "2013-12-31": "12.96630", "2012-12-31": "12.53090", "2011-12-31": "12.89680", "2010-12-31": "12.51670", "2009-12-31": "12.66980", "2008-12-31": "12.40330", "2007-12-31": "14.58740", "2006-12-31": "14.09780", "2005-12-31": "11.71680"}, "Return On Tangible Equity": {"2019-12-31": "10.47470", "2018-12-31": "10.62400", "2017-12-31": "16.07330", "2016-12-31": "9.82050", "2015-12-31": "8.15690", "2014-12-31": "12.19950", "2013-12-31": "12.96630", "2012-12-31": "13.25030", "2011-12-31": "13.75760", "2010-12-31": "12.53130", "2009-12-31": "12.66980", "2008-12-31": "12.40330", "2007-12-31": "14.58740", "2006-12-31": "14.09780", "2005-12-31": "12.00300"}, "ROA - Return On Assets": {"2019-12-31": "3.93310", "2018-12-31": "3.95870", "2017-12-31": "5.94470", "2016-12-31": "3.40260", "2015-12-31": "2.83180", "2014-12-31": "4.15420", "2013-12-31": "4.31100", "2012-12-31": "3.88020", "2011-12-31": "4.08260", "2010-12-31": "3.91700", "2009-12-31": "3.59310", "2008-12-31": "3.64190", "2007-12-31": "4.68140", "2006-12-31": "4.61580", "2005-12-31": "3.29050"}, "ROI - Return On Investment": {"2019-12-31": "5.91160", "2018-12-31": "6.16490", "2017-12-31": "9.37780", "2016-12-31": "5.78160", "2015-12-31": "4.55600", "2014-12-31": "6.59700", "2013-12-31": "7.37840", "2012-12-31": "6.50230", "2011-12-31": "6.54380", "2010-12-31": "6.30710", "2009-12-31": "6.29200", "2008-12-31": "5.82460", "2007-12-31": "8.10440", "2006-12-31": "7.66410", "2005-12-31": "5.91210"}, "Book Value Per Share": {"2019-12-31": "20.68720", "2018-12-31": "20.05560", "2017-12-31": "19.28440", "2016-12-31": "17.24490", "2015-12-31": "16.65500", "2014-12-31": "16.27080", "2013-12-31": "15.30030", "2012-12-31": "15.55650", "2011-12-31": "14.36950", "2010-12-31": "12.29510", "2009-12-31": "10.62270", "2008-12-31": "10.23530", "2007-12-31": "9.15520", "2006-12-31": "8.79280", "2005-12-31": "7.59270"}, "Operating Cash Flow Per Share": {"2019-12-31": -1.348, "2018-12-31": 0.8211, "2017-12-31": 0.6974, "2016-12-31": -1.1191, "2015-12-31": 0.7344, "2014-12-31": 0.4844, "2013-12-31": -2.1553, "2012-12-31": 1.0797, "2011-12-31": 0.245, "2010-12-31": 0.5892, "2009-12-31": -0.0007, "2008-12-31": 1.5918, "2007-12-31": -1.316, "2006-12-31": 0.6804, "2005-12-31": 2.4113}, "Free Cash Flow Per Share": {"2019-12-31": -1.6541, "2018-12-31": 2.0778, "2017-12-31": -0.122, "2016-12-31": -1.6847, "2015-12-31": 0.8468, "2014-12-31": 2.4259, "2013-12-31": -0.8826, "2012-12-31": 2.0901, "2011-12-31": -2.5465, "2010-12-31": 0.4733, "2009-12-31": 2.2197, "2008-12-31": -1.7831, "2007-12-31": -1.6988, "2006-12-31": -0.3393, "2005-12-31": 0.8067}}, "financial ratios, quarterly": {"Current Ratio": {"2020-09-30": "0.94410", "2020-06-30": "0.83920", "2020-03-31": "0.61100", "2019-12-31": "0.65390", "2019-09-30": "0.78830", "2019-06-30": "0.64840", "2019-03-31": "0.51360", "2018-12-31": "0.64100", "2018-09-30": "0.76350", "2018-06-30": "0.44850", "2018-03-31": "0.40610", "2017-12-31": "0.52290", "2017-09-30": "0.62910", "2017-06-30": "0.68290", "2017-03-31": "0.58810", "2016-12-31": "0.53490", "2016-09-30": "0.68790", "2016-06-30": "0.68160", "2016-03-31": "0.64530", "2015-12-31": "0.75740", "2015-09-30": "1.28340", "2015-06-30": "1.02970", "2015-03-31": "1.01820", "2014-12-31": "1.23300", "2014-09-30": "0.85150", "2014-06-30": "0.63690", "2014-03-31": "0.74000", "2013-12-31": "0.63500", "2013-09-30": "0.80510", "2013-06-30": "0.59710", "2013-03-31": "0.42270", "2012-12-31": "0.62220", "2012-09-30": "0.71620", "2012-06-30": "0.57360", "2012-03-31": "0.53920", "2011-12-31": "0.65370", "2011-09-30": "0.77770", "2011-06-30": "0.75510", "2011-03-31": "0.71130", "2010-12-31": "0.77610", "2010-09-30": "0.81320", "2010-06-30": "0.80170", "2010-03-31": "0.65660", "2009-12-31": "0.64760", "2009-09-30": "0.49390", "2009-06-30": "0.55400", "2009-03-31": "0.51050", "2008-12-31": "0.83810", "2008-09-30": "0.76960", "2008-06-30": "0.73470", "2008-03-31": "0.72930", "2007-12-31": "0.63680", "2007-09-30": "0.83000", "2007-06-30": "0.78890", "2007-03-31": "0.86800", "2006-12-31": "0.98670", "2006-09-30": "0.98250", "2006-06-30": "1.08180", "2006-03-31": "1.16230", "2005-12-31": "1.12940", "2005-09-30": "1.04620", "2005-06-30": "0.99540", "2005-03-31": "1.01420"}, "Long-term Debt / Capital": {"2020-09-30": "0.48830", "2020-06-30": "0.49500", "2020-03-31": "0.47350", "2019-12-31": "0.43560", "2019-09-30": "0.43280", "2019-06-30": "0.44350", "2019-03-31": "0.42150", "2018-12-31": "0.41970", "2018-09-30": "0.41820", "2018-06-30": "0.39130", "2018-03-31": "0.39420", "2017-12-31": "0.41660", "2017-09-30": "0.43190", "2017-06-30": "0.45050", "2017-03-31": "0.43970", "2016-12-31": "0.41130", "2016-09-30": "0.42100", "2016-06-30": "0.44190", "2016-03-31": "0.44360", "2015-12-31": "0.44150", "2015-09-30": "0.44100", "2015-06-30": "0.44600", "2015-03-31": "0.44930", "2014-12-31": "0.45920", "2014-09-30": "0.43630", "2014-06-30": "0.43740", "2014-03-31": "0.45630", "2013-12-31": "0.43100", "2013-09-30": "0.44490", "2013-06-30": "0.46060", "2013-03-31": "0.48270", "2012-12-31": "0.48110", "2012-09-30": "0.48400", "2012-06-30": "0.48750", "2012-03-31": "0.49340", "2011-12-31": "0.49260", "2011-09-30": "0.48940", "2011-06-30": "0.50370", "2011-03-31": "0.48640", "2010-12-31": "0.49610", "2010-09-30": "0.51350", "2010-06-30": "0.53130", "2010-03-31": "0.51740", "2009-12-31": "0.50340", "2009-09-30": "0.48240", "2009-06-30": "0.50540", "2009-03-31": "0.48870", "2008-12-31": "0.53040", "2008-09-30": "0.50970", "2008-06-30": "0.47940", "2008-03-31": "0.47870", "2007-12-31": "0.44440", "2007-09-30": "0.44190", "2007-06-30": "0.45400", "2007-03-31": "0.45840", "2006-12-31": "0.45640", "2006-09-30": "0.44150", "2006-06-30": "0.48270", "2006-03-31": "0.49500", "2005-12-31": "0.49540", "2005-09-30": "0.51050", "2005-06-30": "0.52620", "2005-03-31": "0.52850"}, "Debt/Equity Ratio": {"2020-09-30": "0.95440", "2020-06-30": "1.00120", "2020-03-31": "1.00500", "2019-12-31": "0.79890", "2019-09-30": "0.80350", "2019-06-30": "0.84870", "2019-03-31": "0.82080", "2018-12-31": "0.78570", "2018-09-30": "0.78090", "2018-06-30": "0.82270", "2018-03-31": "0.83120", "2017-12-31": "0.82260", "2017-09-30": "0.89740", "2017-06-30": "0.93960", "2017-03-31": "0.88730", "2016-12-31": "0.83240", "2016-09-30": "0.82530", "2016-06-30": "0.87730", "2016-03-31": "0.85400", "2015-12-31": "0.82350", "2015-09-30": "0.82170", "2015-06-30": "0.87060", "2015-03-31": "0.88390", "2014-12-31": "0.87950", "2014-09-30": "0.90070", "2014-06-30": "0.97950", "2014-03-31": "0.99650", "2013-12-31": "0.93500", "2013-09-30": "0.95070", "2013-06-30": "1.02400", "2013-03-31": "1.16490", "2012-12-31": "1.06740", "2012-09-30": "1.08810", "2012-06-30": "1.15840", "2012-03-31": "1.14810", "2011-12-31": "1.06910", "2011-09-30": "1.06560", "2011-06-30": "1.09790", "2011-03-31": "1.04310", "2010-12-31": "1.04500", "2010-09-30": "1.15500", "2010-06-30": "1.18670", "2010-03-31": "1.23830", "2009-12-31": "1.23890", "2009-09-30": "1.22060", "2009-06-30": "1.42180", "2009-03-31": "1.34650", "2008-12-31": "1.28520", "2008-09-30": "1.44200", "2008-06-30": "1.17840", "2008-03-31": "1.07720", "2007-12-31": "0.97650", "2007-09-30": "0.88590", "2007-06-30": "0.87430", "2007-03-31": "0.84810", "2006-12-31": "0.84130", "2006-09-30": "0.89830", "2006-06-30": "0.97570", "2006-03-31": "0.98000", "2005-12-31": "1.00360", "2005-09-30": "1.21830", "2005-06-30": "1.28650", "2005-03-31": "1.25300"}, "Gross Margin": {"2020-09-30": "70.21790", "2020-06-30": "72.71100", "2020-03-31": "68.69930", "2019-12-31": "65.79890", "2019-09-30": "69.02300", "2019-06-30": "65.21320", "2019-03-31": "56.61220", "2018-12-31": "55.27550", "2018-09-30": "65.02580", "2018-06-30": "63.19220", "2018-03-31": "57.27620", "2017-12-31": "59.93230", "2017-09-30": "64.32760", "2017-06-30": "60.41950", "2017-03-31": "54.23250", "2016-12-31": "55.78370", "2016-09-30": "63.73170", "2016-06-30": "64.14580", "2016-03-31": "58.92400", "2015-12-31": "59.13670", "2015-09-30": "63.90660", "2015-06-30": "61.64760", "2015-03-31": "55.92590", "2014-12-31": "54.96010", "2014-09-30": "59.54680", "2014-06-30": "55.72080", "2014-03-31": "47.64450", "2013-12-31": "54.35250", "2013-09-30": "62.25110", "2013-06-30": "49.52330", "2013-03-31": "38.65100", "2012-12-31": "43.80000", "2012-09-30": "51.53580", "2012-06-30": "52.12870", "2012-03-31": "42.27430", "2011-12-31": "39.43740", "2011-09-30": "45.67280", "2011-06-30": "43.75830", "2011-03-31": "36.56160", "2010-12-31": "39.86720", "2010-09-30": "45.56600", "2010-06-30": "42.91030", "2010-03-31": "34.90520", "2009-12-31": "39.74410", "2009-09-30": "51.01150", "2009-06-30": "49.66620", "2009-03-31": "41.77380", "2008-12-31": "40.18950", "2008-09-30": "33.28550", "2008-06-30": "27.61290", "2008-03-31": "24.72100", "2007-12-31": "27.96910", "2007-09-30": "37.51080", "2007-06-30": "31.58530", "2007-03-31": "24.34490", "2006-12-31": "26.02000", "2006-09-30": "33.74310", "2006-06-30": "30.40780", "2006-03-31": "19.94050", "2005-12-31": "12.75350", "2005-09-30": "20.62600", "2005-06-30": "17.73420", "2005-03-31": "14.11520"}, "Operating Margin": {"2020-09-30": "36.74690", "2020-06-30": "24.90570", "2020-03-31": "13.05360", "2019-12-31": "14.87830", "2019-09-30": "36.31190", "2019-06-30": "21.41330", "2019-03-31": "10.14290", "2018-12-31": "11.33260", "2018-09-30": "32.52720", "2018-06-30": "24.28570", "2018-03-31": "13.51740", "2017-12-31": "18.19090", "2017-09-30": "34.75170", "2017-06-30": "24.86360", "2017-03-31": "10.02190", "2016-12-31": "20.66690", "2016-09-30": "34.58800", "2016-06-30": "22.83280", "2016-03-31": "8.75090", "2015-12-31": "10.46740", "2015-09-30": "34.84300", "2015-06-30": "23.13150", "2015-03-31": "11.74760", "2014-12-31": "16.17260", "2014-09-30": "32.87400", "2014-06-30": "23.17750", "2014-03-31": "11.02780", "2013-12-31": "14.40360", "2013-09-30": "36.07580", "2013-06-30": "19.59960", "2013-03-31": "8.36480", "2012-12-31": "11.28640", "2012-09-30": "27.30380", "2012-06-30": "20.73690", "2012-03-31": "11.69260", "2011-12-31": "10.94670", "2011-09-30": "24.72570", "2011-06-30": "18.62800", "2011-03-31": "8.07850", "2010-12-31": "9.82500", "2010-09-30": "24.36470", "2010-06-30": "17.07620", "2010-03-31": "9.91090", "2009-12-31": "10.83100", "2009-09-30": "27.17380", "2009-06-30": "19.62430", "2009-03-31": "8.57240", "2008-12-31": "8.76090", "2008-09-30": "18.43260", "2008-06-30": "10.80390", "2008-03-31": "4.83560", "2007-12-31": "7.68110", "2007-09-30": "20.90000", "2007-06-30": "12.83120", "2007-03-31": "5.24110", "2006-12-31": "5.12700", "2006-09-30": "19.51180", "2006-06-30": "12.59770", "2006-03-31": "4.66750", "2005-12-31": "2.37530", "2005-09-30": "11.28370", "2005-06-30": "5.69840", "2005-03-31": "1.47790"}, "EBIT Margin": {"2020-09-30": "36.74690", "2020-06-30": "24.90570", "2020-03-31": "13.05360", "2019-12-31": "14.87830", "2019-09-30": "36.31190", "2019-06-30": "21.41330", "2019-03-31": "10.14290", "2018-12-31": "11.33260", "2018-09-30": "32.52720", "2018-06-30": "24.28570", "2018-03-31": "13.51740", "2017-12-31": "18.19090", "2017-09-30": "34.75170", "2017-06-30": "24.86360", "2017-03-31": "10.02190", "2016-12-31": "20.66690", "2016-09-30": "34.58800", "2016-06-30": "22.83280", "2016-03-31": "8.75090", "2015-12-31": "10.46740", "2015-09-30": "34.84300", "2015-06-30": "23.13150", "2015-03-31": "11.74760", "2014-12-31": "16.17260", "2014-09-30": "32.87400", "2014-06-30": "23.17750", "2014-03-31": "11.02780", "2013-12-31": "14.40360", "2013-09-30": "36.07580", "2013-06-30": "19.59960", "2013-03-31": "8.36480", "2012-12-31": "11.28640", "2012-09-30": "27.30380", "2012-06-30": "20.73690", "2012-03-31": "11.69260", "2011-12-31": "10.94670", "2011-09-30": "24.72570", "2011-06-30": "18.62800", "2011-03-31": "8.07850", "2010-12-31": "9.82500", "2010-09-30": "24.36470", "2010-06-30": "17.07620", "2010-03-31": "9.91090", "2009-12-31": "10.83100", "2009-09-30": "27.17380", "2009-06-30": "19.62430", "2009-03-31": "8.57240", "2008-12-31": "8.76100", "2008-09-30": "18.43260", "2008-06-30": "10.80390", "2008-03-31": "4.83560", "2007-12-31": "7.68110", "2007-09-30": "20.90000", "2007-06-30": "12.83120", "2007-03-31": "5.24110", "2006-12-31": "5.12700", "2006-09-30": "19.51180", "2006-06-30": "12.59770", "2006-03-31": "4.66750", "2005-12-31": "2.37530", "2005-09-30": "11.28370", "2005-06-30": "5.69840", "2005-03-31": "1.47790"}, "EBITDA Margin": {"2020-09-30": "", "2020-06-30": "", "2020-03-31": "", "2019-12-31": "", "2019-09-30": "", "2019-06-30": "", "2019-03-31": "", "2018-12-31": "", "2018-09-30": "", "2018-06-30": "", "2018-03-31": "", "2017-12-31": "", "2017-09-30": "", "2017-06-30": "", "2017-03-31": "", "2016-12-31": "", "2016-09-30": "", "2016-06-30": "", "2016-03-31": "", "2015-12-31": "", "2015-09-30": "", "2015-06-30": "", "2015-03-31": "", "2014-12-31": "", "2014-09-30": "", "2014-06-30": "", "2014-03-31": "", "2013-12-31": "", "2013-09-30": "", "2013-06-30": "", "2013-03-31": "", "2012-12-31": "", "2012-09-30": "", "2012-06-30": "", "2012-03-31": "", "2011-12-31": "", "2011-09-30": "", "2011-06-30": "", "2011-03-31": "", "2010-12-31": "", "2010-09-30": "", "2010-06-30": "", "2010-03-31": "", "2009-12-31": "", "2009-09-30": "", "2009-06-30": "", "2009-03-31": "", "2008-12-31": "", "2008-09-30": "", "2008-06-30": "", "2008-03-31": "", "2007-12-31": "", "2007-09-30": "", "2007-06-30": "", "2007-03-31": "", "2006-12-31": "", "2006-09-30": "", "2006-06-30": "", "2006-03-31": "", "2005-12-31": "", "2005-09-30": "", "2005-06-30": "", "2005-03-31": ""}, "Pre-Tax Profit Margin": {"2020-09-30": "33.21470", "2020-06-30": "22.54220", "2020-03-31": "-168.42110", "2019-12-31": "8.25400", "2019-09-30": "35.96770", "2019-06-30": "21.68580", "2019-03-31": "8.42860", "2018-12-31": "13.40370", "2018-09-30": "33.68630", "2018-06-30": "22.68080", "2018-03-31": "13.21290", "2017-12-31": "19.22690", "2017-09-30": "37.08150", "2017-06-30": "25.81860", "2017-03-31": "12.28070", "2016-12-31": "14.33690", "2016-09-30": "35.31390", "2016-06-30": "20.33010", "2016-03-31": "8.17360", "2015-12-31": "9.48330", "2015-09-30": "20.51960", "2015-06-30": "22.27680", "2015-03-31": "11.68510", "2014-12-31": "17.86390", "2014-09-30": "34.19900", "2014-06-30": "23.45540", "2014-03-31": "13.02640", "2013-12-31": "15.26820", "2013-09-30": "38.14990", "2013-06-30": "17.28410", "2013-03-31": "4.83690", "2012-12-31": "6.49580", "2012-09-30": "23.41480", "2012-06-30": "16.08190", "2012-03-31": "7.83870", "2011-12-31": "7.13960", "2011-09-30": "21.59060", "2011-06-30": "16.06180", "2011-03-31": "5.03270", "2010-12-31": "5.93840", "2010-09-30": "21.17470", "2010-06-30": "13.32280", "2010-03-31": "6.35990", "2009-12-31": "6.72100", "2009-09-30": "23.88500", "2009-06-30": "15.96030", "2009-03-31": "4.20380", "2008-12-31": "3.96500", "2008-09-30": "16.08070", "2008-06-30": "7.79260", "2008-03-31": "2.13130", "2007-12-31": "5.70860", "2007-09-30": "18.00860", "2007-06-30": "10.36790", "2007-03-31": "2.76800", "2006-12-31": "3.18930", "2006-09-30": "17.05290", "2006-06-30": "9.76130", "2006-03-31": "3.25280", "2005-12-31": "0.76740", "2005-09-30": "9.62910", "2005-06-30": "4.15730", "2005-03-31": "0.05530"}, "Net Profit Margin": {"2020-09-30": "25.26710", "2020-06-30": "17.06060", "2020-03-31": "-114.02740", "2019-12-31": "7.49210", "2019-09-30": "33.21420", "2019-06-30": "19.50560", "2019-03-31": "9.61220", "2018-12-31": "10.68780", "2018-09-30": "29.35030", "2018-06-30": "19.52380", "2018-03-31": "11.16300", "2017-12-31": "58.73680", "2017-09-30": "25.58590", "2017-06-30": "17.87180", "2017-03-31": "7.89470", "2016-12-31": "10.90810", "2016-09-30": "24.68070", "2016-06-30": "12.96700", "2016-03-31": "5.81850", "2015-12-31": "6.57570", "2015-09-30": "15.44870", "2015-06-30": "15.91200", "2015-03-31": "8.99810", "2014-12-31": "11.09840", "2014-09-30": "24.81780", "2014-06-30": "16.47600", "2014-03-31": "8.79730", "2013-12-31": "11.31850", "2013-09-30": "29.75660", "2013-06-30": "12.48980", "2013-03-31": "2.56270", "2012-12-31": "4.46580", "2012-09-30": "16.66070", "2012-06-30": "10.98250", "2012-03-31": "4.41300", "2011-12-31": "4.11210", "2011-09-30": "14.74300", "2011-06-30": "10.53060", "2011-03-31": "2.95060", "2010-12-31": "3.70550", "2010-09-30": "14.49260", "2010-06-30": "8.71280", "2010-03-31": "2.76320", "2009-12-31": "4.42030", "2009-09-30": "16.18360", "2009-06-30": "10.94550", "2009-03-31": "2.76950", "2008-12-31": "3.17780", "2008-09-30": "11.12170", "2008-06-30": "5.02770", "2008-03-31": "1.30690", "2007-12-31": "3.92400", "2007-09-30": "12.13980", "2007-06-30": "6.85350", "2007-03-31": "1.95120", "2006-12-31": "2.65980", "2006-09-30": "10.73770", "2006-06-30": "10.02890", "2006-03-31": "2.24360", "2005-12-31": "3.41680", "2005-09-30": "6.63640", "2005-06-30": "2.89430", "2005-03-31": "0.41890"}, "Asset Turnover": {"2020-09-30": "0.06690", "2020-06-30": "0.04820", "2020-03-31": "0.04160", "2019-12-31": "0.04290", "2019-09-30": "0.06820", "2019-06-30": "0.04720", "2019-03-31": "0.04550", "2018-12-31": "0.04760", "2018-09-30": "0.06530", "2018-06-30": "0.05380", "2018-03-31": "0.04720", "2017-12-31": "0.04820", "2017-09-30": "0.06850", "2017-06-30": "0.05630", "2017-03-31": "0.04500", "2016-12-31": "0.05340", "2016-09-30": "0.07600", "2016-06-30": "0.05710", "2016-03-31": "0.04550", "2015-12-31": "0.04670", "2015-09-30": "0.07480", "2015-06-30": "0.05730", "2015-03-31": "0.05050", "2014-12-31": "0.05520", "2014-09-30": "0.07980", "2014-06-30": "0.06560", "2014-03-31": "0.06060", "2013-12-31": "0.05570", "2013-09-30": "0.07910", "2013-06-30": "0.08300", "2013-03-31": "0.09030", "2012-12-31": "0.08690", "2012-09-30": "0.11470", "2012-06-30": "0.09140", "2012-03-31": "0.09260", "2011-12-31": "0.09940", "2011-09-30": "0.14470", "2011-06-30": "0.12020", "2011-03-31": "0.10930", "2010-12-31": "0.10800", "2010-09-30": "0.14950", "2010-06-30": "0.12160", "2010-03-31": "0.12220", "2009-12-31": "0.10650", "2009-09-30": "0.12250", "2009-06-30": "0.09200", "2009-03-31": "0.09180", "2008-12-31": "0.10520", "2008-09-30": "0.19690", "2008-06-30": "0.20150", "2008-03-31": "0.18780", "2007-12-31": "0.18290", "2007-09-30": "0.20670", "2007-06-30": "0.18450", "2007-03-31": "0.18130", "2006-12-31": "0.16960", "2006-09-30": "0.23390", "2006-06-30": "0.19790", "2006-03-31": "0.24570", "2005-12-31": "0.33520", "2005-09-30": "0.29260", "2005-06-30": "0.27170", "2005-03-31": "0.25970"}, "Inventory Turnover Ratio": {"2020-09-30": "1.45710", "2020-06-30": "0.97100", "2020-03-31": "0.94600", "2019-12-31": "1.18040", "2019-09-30": "1.70680", "2019-06-30": "1.32570", "2019-03-31": "1.31970", "2018-12-31": "1.24200", "2018-09-30": "1.24250", "2018-06-30": "0.98720", "2018-03-31": "1.06960", "2017-12-31": "1.21800", "2017-09-30": "1.62450", "2017-06-30": "1.44700", "2017-03-31": "1.23350", "2016-12-31": "1.45330", "2016-09-30": "1.65520", "2016-06-30": "1.08210", "2016-03-31": "0.96840", "2015-12-31": "0.94220", "2015-09-30": "1.59480", "2015-06-30": "1.26210", "2015-03-31": "1.31180", "2014-12-31": "1.72490", "2014-09-30": "2.45420", "2014-06-30": "1.99480", "2014-03-31": "1.84410", "2013-12-31": "1.49770", "2013-09-30": "1.76130", "2013-06-30": "2.05660", "2013-03-31": "3.04010", "2012-12-31": "2.78130", "2012-09-30": "3.08520", "2012-06-30": "2.13730", "2012-03-31": "2.62890", "2011-12-31": "2.85310", "2011-09-30": "3.64620", "2011-06-30": "2.64220", "2011-03-31": "2.35930", "2010-12-31": "2.05780", "2010-09-30": "2.92830", "2010-06-30": "2.24710", "2010-03-31": "2.70190", "2009-12-31": "2.36770", "2009-09-30": "2.21560", "2009-06-30": "1.66090", "2009-03-31": "2.06790", "2008-12-31": "2.55160", "2008-09-30": "4.93400", "2008-06-30": "4.62890", "2008-03-31": "5.30690", "2007-12-31": "4.74040", "2007-09-30": "4.88180", "2007-06-30": "4.21660", "2007-03-31": "5.54830", "2006-12-31": "4.94530", "2006-09-30": "6.18580", "2006-06-30": "4.80920", "2006-03-31": "7.13080", "2005-12-31": "11.92760", "2005-09-30": "9.91640", "2005-06-30": "10.14180", "2005-03-31": "10.10880"}, "Receiveable Turnover": {"2020-09-30": "3.33700", "2020-06-30": "3.12540", "2020-03-31": "2.99100", "2019-12-31": "2.86890", "2019-09-30": "3.15800", "2019-06-30": "3.02350", "2019-03-31": "2.74200", "2018-12-31": "2.77250", "2018-09-30": "2.70120", "2018-06-30": "2.47600", "2018-03-31": "2.58230", "2017-12-31": "2.55550", "2017-09-30": "2.56270", "2017-06-30": "2.90440", "2017-03-31": "2.92680", "2016-12-31": "2.72340", "2016-09-30": "3.04380", "2016-06-30": "3.10300", "2016-03-31": "2.78700", "2015-12-31": "2.32860", "2015-09-30": "2.92480", "2015-06-30": "2.68770", "2015-03-31": "2.51490", "2014-12-31": "2.50100", "2014-09-30": "3.07920", "2014-06-30": "3.09150", "2014-03-31": "2.69680", "2013-12-31": "2.57800", "2013-09-30": "2.66080", "2013-06-30": "3.55540", "2013-03-31": "3.06490", "2012-12-31": "2.84990", "2012-09-30": "2.79820", "2012-06-30": "2.67440", "2012-03-31": "3.02960", "2011-12-31": "2.67590", "2011-09-30": "2.99510", "2011-06-30": "2.96750", "2011-03-31": "3.06190", "2010-12-31": "2.93170", "2010-09-30": "3.16210", "2010-06-30": "2.75020", "2010-03-31": "2.59040", "2009-12-31": "1.72280", "2009-09-30": "2.59450", "2009-06-30": "2.28160", "2009-03-31": "2.53380", "2008-12-31": "2.38110", "2008-09-30": "3.34480", "2008-06-30": "2.81110", "2008-03-31": "2.89920", "2007-12-31": "2.86540", "2007-09-30": "3.13660", "2007-06-30": "3.14320", "2007-03-31": "2.90640", "2006-12-31": "2.41330", "2006-09-30": "2.51580", "2006-06-30": "2.15570", "2006-03-31": "3.31180", "2005-12-31": "2.77630", "2005-09-30": "2.72210", "2005-06-30": "3.18610", "2005-03-31": "3.03570"}, "Days Sales In Receivables": {"2020-09-30": "26.97050", "2020-06-30": "28.79640", "2020-03-31": "30.09040", "2019-12-31": "31.37140", "2019-09-30": "28.49880", "2019-06-30": "29.76640", "2019-03-31": "32.82250", "2018-12-31": "32.46190", "2018-09-30": "33.31860", "2018-06-30": "36.34920", "2018-03-31": "34.85290", "2017-12-31": "35.21820", "2017-09-30": "35.11860", "2017-06-30": "30.98740", "2017-03-31": "30.75000", "2016-12-31": "33.04640", "2016-09-30": "29.56850", "2016-06-30": "29.00440", "2016-03-31": "32.29280", "2015-12-31": "38.64910", "2015-09-30": "30.77110", "2015-06-30": "33.48610", "2015-03-31": "35.78630", "2014-12-31": "35.98630", "2014-09-30": "29.22880", "2014-06-30": "29.11250", "2014-03-31": "33.37260", "2013-12-31": "34.91060", "2013-09-30": "33.82470", "2013-06-30": "25.31330", "2013-03-31": "29.36430", "2012-12-31": "31.57990", "2012-09-30": "32.16360", "2012-06-30": "33.65260", "2012-03-31": "29.70740", "2011-12-31": "33.63310", "2011-09-30": "30.04950", "2011-06-30": "30.32820", "2011-03-31": "29.39320", "2010-12-31": "30.69890", "2010-09-30": "28.46190", "2010-06-30": "32.72540", "2010-03-31": "34.74420", "2009-12-31": "52.24120", "2009-09-30": "34.68830", "2009-06-30": "39.44570", "2009-03-31": "35.51930", "2008-12-31": "37.79740", "2008-09-30": "26.90740", "2008-06-30": "32.01550", "2008-03-31": "31.04350", "2007-12-31": "31.40890", "2007-09-30": "28.69320", "2007-06-30": "28.63370", "2007-03-31": "30.96650", "2006-12-31": "37.29330", "2006-09-30": "35.77390", "2006-06-30": "41.74890", "2006-03-31": "27.17520", "2005-12-31": "32.41730", "2005-09-30": "33.06250", "2005-06-30": "28.24760", "2005-03-31": "29.64670"}, "ROE - Return On Equity": {"2020-09-30": "4.84610", "2020-06-30": "2.41010", "2020-03-31": "-13.84300", "2019-12-31": "0.85520", "2019-09-30": "5.99350", "2019-06-30": "2.50050", "2019-03-31": "1.18450", "2018-12-31": "1.36580", "2018-09-30": "5.08980", "2018-06-30": "2.84570", "2018-03-31": "1.43150", "2017-12-31": "7.65500", "2017-09-30": "5.07080", "2017-06-30": "3.00110", "2017-03-31": "1.04520", "2016-12-31": "1.68130", "2016-09-30": "5.32920", "2016-06-30": "2.15240", "2016-03-31": "0.76400", "2015-12-31": "0.88390", "2015-09-30": "3.31600", "2015-06-30": "2.66280", "2015-03-31": "1.33260", "2014-12-31": "1.80000", "2014-09-30": "5.77550", "2014-06-30": "3.25180", "2014-03-31": "1.62290", "2013-12-31": "1.89650", "2013-09-30": "7.18630", "2013-06-30": "3.30810", "2013-03-31": "0.91730", "2012-12-31": "1.41580", "2012-09-30": "6.33620", "2012-06-30": "3.53000", "2012-03-31": "1.69020", "2011-12-31": "1.53230", "2011-09-30": "6.72130", "2011-06-30": "4.28900", "2011-03-31": "1.20300", "2010-12-31": "1.40830", "2010-09-30": "7.27220", "2010-06-30": "3.67500", "2010-03-31": "1.22590", "2009-12-31": "1.70320", "2009-09-30": "6.63830", "2009-06-30": "3.62160", "2009-03-31": "0.91390", "2008-12-31": "1.18080", "2008-09-30": "7.68900", "2008-06-30": "3.45250", "2008-03-31": "0.86860", "2007-12-31": "2.29640", "2007-09-30": "7.46630", "2007-06-30": "3.86970", "2007-03-31": "1.08130", "2006-12-31": "1.37800", "2006-09-30": "7.89440", "2006-06-30": "4.01250", "2006-03-31": "1.74970", "2005-12-31": "1.25750", "2005-09-30": "7.82530", "2005-06-30": "2.80280", "2005-03-31": "0.13440"}, "Return On Tangible Equity": {"2020-09-30": "4.84610", "2020-06-30": "2.41010", "2020-03-31": "-13.84300", "2019-12-31": "0.85520", "2019-09-30": "5.99350", "2019-06-30": "2.50050", "2019-03-31": "1.18450", "2018-12-31": "1.36580", "2018-09-30": "5.08980", "2018-06-30": "2.84570", "2018-03-31": "1.43150", "2017-12-31": "7.65500", "2017-09-30": "5.07080", "2017-06-30": "3.00110", "2017-03-31": "1.04520", "2016-12-31": "1.68130", "2016-09-30": "5.32920", "2016-06-30": "2.15240", "2016-03-31": "0.76400", "2015-12-31": "0.88390", "2015-09-30": "3.31600", "2015-06-30": "2.66280", "2015-03-31": "1.33260", "2014-12-31": "1.80000", "2014-09-30": "5.77550", "2014-06-30": "3.25180", "2014-03-31": "1.62290", "2013-12-31": "1.89650", "2013-09-30": "7.18630", "2013-06-30": "3.30810", "2013-03-31": "0.96990", "2012-12-31": "1.49710", "2012-09-30": "6.70990", "2012-06-30": "3.75380", "2012-03-31": "1.80170", "2011-12-31": "1.63460", "2011-09-30": "6.72130", "2011-06-30": "4.28900", "2011-03-31": "1.20300", "2010-12-31": "1.41000", "2010-09-30": "7.27220", "2010-06-30": "3.67500", "2010-03-31": "1.22590", "2009-12-31": "1.70320", "2009-09-30": "6.63830", "2009-06-30": "3.62160", "2009-03-31": "0.91390", "2008-12-31": "1.18080", "2008-09-30": "7.68900", "2008-06-30": "3.45250", "2008-03-31": "0.86860", "2007-12-31": "2.29640", "2007-09-30": "7.46630", "2007-06-30": "3.86970", "2007-03-31": "1.08130", "2006-12-31": "1.37800", "2006-09-30": "8.06560", "2006-06-30": "4.10580", "2006-03-31": "1.79240", "2005-12-31": "1.28820", "2005-09-30": "8.05020", "2005-06-30": "2.88870", "2005-03-31": "0.13860"}, "ROA - Return On Assets": {"2020-09-30": "1.68990", "2020-06-30": "0.82290", "2020-03-31": "-4.74210", "2019-12-31": "0.32110", "2019-09-30": "2.26370", "2019-06-30": "0.92040", "2019-03-31": "0.43770", "2018-12-31": "0.50890", "2018-09-30": "1.91630", "2018-06-30": "1.04990", "2018-03-31": "0.52700", "2017-12-31": "2.83120", "2017-09-30": "1.75270", "2017-06-30": "1.00570", "2017-03-31": "0.35520", "2016-12-31": "0.58250", "2016-09-30": "1.87650", "2016-06-30": "0.74020", "2016-03-31": "0.26460", "2015-12-31": "0.30690", "2015-09-30": "1.15620", "2015-06-30": "0.91210", "2015-03-31": "0.45460", "2014-12-31": "0.61290", "2014-09-30": "1.97940", "2014-06-30": "1.08100", "2014-03-31": "0.53290", "2013-12-31": "0.63060", "2013-09-30": "2.35340", "2013-06-30": "1.05100", "2013-03-31": "0.28050", "2012-12-31": "0.43840", "2012-09-30": "1.98230", "2012-06-30": "1.08650", "2012-03-31": "0.52340", "2011-12-31": "0.48510", "2011-09-30": "2.16500", "2011-06-30": "1.34350", "2011-03-31": "0.38620", "2010-12-31": "0.44070", "2010-09-30": "2.17210", "2010-06-30": "1.06800", "2010-03-31": "0.35150", "2009-12-31": "0.48300", "2009-09-30": "1.99340", "2009-06-30": "1.01220", "2009-03-31": "0.26640", "2008-12-31": "0.34670", "2008-09-30": "2.22010", "2008-06-30": "1.04310", "2008-03-31": "0.27560", "2007-12-31": "0.73700", "2007-09-30": "2.50890", "2007-06-30": "1.26470", "2007-03-31": "0.35380", "2006-12-31": "0.45120", "2006-09-30": "2.52430", "2006-06-30": "1.22610", "2006-03-31": "0.53360", "2005-12-31": "0.35310", "2005-09-30": "1.85960", "2005-06-30": "0.73130", "2005-03-31": "0.03490"}, "ROI - Return On Investment": {"2020-09-30": "2.47950", "2020-06-30": "1.21710", "2020-03-31": "-7.28780", "2019-12-31": "0.48260", "2019-09-30": "3.39930", "2019-06-30": "1.39150", "2019-03-31": "0.68520", "2018-12-31": "0.79250", "2018-09-30": "2.96110", "2018-06-30": "1.73230", "2018-03-31": "0.86720", "2017-12-31": "4.46620", "2017-09-30": "2.88080", "2017-06-30": "1.64910", "2017-03-31": "0.58560", "2016-12-31": "0.98980", "2016-09-30": "3.08550", "2016-06-30": "1.20140", "2016-03-31": "0.42510", "2015-12-31": "0.49370", "2015-09-30": "1.85370", "2015-06-30": "1.47520", "2015-03-31": "0.73380", "2014-12-31": "0.97340", "2014-09-30": "3.25590", "2014-06-30": "1.82960", "2014-03-31": "0.88240", "2013-12-31": "1.07920", "2013-09-30": "3.98920", "2013-06-30": "1.78450", "2013-03-31": "0.47450", "2012-12-31": "0.73470", "2012-09-30": "3.26940", "2012-06-30": "1.80920", "2012-03-31": "0.85620", "2011-12-31": "0.77750", "2011-09-30": "3.43180", "2011-06-30": "2.12840", "2011-03-31": "0.61780", "2010-12-31": "0.70970", "2010-09-30": "3.53810", "2010-06-30": "1.72260", "2010-03-31": "0.59160", "2009-12-31": "0.84580", "2009-09-30": "3.43570", "2009-06-30": "1.79110", "2009-03-31": "0.46720", "2008-12-31": "0.55450", "2008-09-30": "3.76970", "2008-06-30": "1.79750", "2008-03-31": "0.45280", "2007-12-31": "1.27580", "2007-09-30": "4.16690", "2007-06-30": "2.11300", "2007-03-31": "0.58570", "2006-12-31": "0.74910", "2006-09-30": "4.40930", "2006-06-30": "2.07550", "2006-03-31": "0.88370", "2005-12-31": "0.63450", "2005-09-30": "3.83050", "2005-06-30": "1.32800", "2005-03-31": "0.06340"}, "Book Value Per Share": {"2020-09-30": "18.29440", "2020-06-30": "17.81210", "2020-03-31": "17.75460", "2019-12-31": "20.68720", "2019-09-30": "20.91010", "2019-06-30": "20.01600", "2019-03-31": "19.86360", "2018-12-31": "20.05560", "2018-09-30": "20.17830", "2018-06-30": "19.47970", "2018-03-31": "19.23940", "2017-12-31": "19.28440", "2017-09-30": "18.11070", "2017-06-30": "17.48590", "2017-03-31": "17.24750", "2016-12-31": "17.24490", "2016-09-30": "17.25160", "2016-06-30": "16.63380", "2016-03-31": "16.51610", "2015-12-31": "16.65500", "2015-09-30": "16.79190", "2015-06-30": "16.45590", "2015-03-31": "16.24360", "2014-12-31": "16.27080", "2014-09-30": "16.27040", "2014-06-30": "15.55900", "2014-03-31": "15.28070", "2013-12-31": "15.30030", "2013-09-30": "15.08970", "2013-06-30": "14.17320", "2013-03-31": "15.39750", "2012-12-31": "15.55650", "2012-09-30": "15.37590", "2012-06-30": "14.58710", "2012-03-31": "14.25280", "2011-12-31": "14.36950", "2011-09-30": "13.76190", "2011-06-30": "13.00560", "2011-03-31": "12.60810", "2010-12-31": "12.29510", "2010-09-30": "11.53250", "2010-06-30": "10.88440", "2010-03-31": "10.57400", "2009-12-31": "10.62270", "2009-09-30": "10.69990", "2009-06-30": "10.13670", "2009-03-31": "10.02690", "2008-12-31": "10.23530", "2008-09-30": "9.91020", "2008-06-30": "9.22620", "2008-03-31": "9.13740", "2007-12-31": "9.15520", "2007-09-30": "9.25070", "2007-06-30": "8.81520", "2007-03-31": "8.66910", "2006-12-31": "8.79280", "2006-09-30": "8.47820", "2006-06-30": "7.93100", "2006-03-31": "7.58710", "2005-12-31": "7.59270", "2005-09-30": "7.50640", "2005-06-30": "7.07250", "2005-03-31": "7.01040"}, "Operating Cash Flow Per Share": {"2020-09-30": 1.3081, "2020-06-30": 0.7942, "2020-03-31": "0.51900", "2019-12-31": 1.3139, "2019-09-30": 1.4396, "2019-06-30": 0.498, "2019-03-31": "0.14410", "2018-12-31": 1.1957, "2018-09-30": 1.7813, "2018-06-30": 0.9324, "2018-03-31": "0.83420", "2017-12-31": 1.6052, "2017-09-30": 1.3298, "2017-06-30": 0.5325, "2017-03-31": "0.45500", "2016-12-31": 1.0895, "2016-09-30": 1.3048, "2016-06-30": 0.4632, "2016-03-31": "0.36760", "2015-12-31": 1.2941, "2015-09-30": 1.518, "2015-06-30": 0.8324, "2015-03-31": "0.69970", "2014-12-31": 1.2796, "2014-09-30": 1.4212, "2014-06-30": 0.7927, "2014-03-31": "0.11630", "2013-12-31": 1.3668, "2013-09-30": 1.3579, "2013-06-30": 0.1029, "2013-03-31": "0.29780", "2012-12-31": 1.8616, "2012-09-30": 1.9959, "2012-06-30": 0.8144, "2012-03-31": "0.60880", "2011-12-31": 1.5389, "2011-09-30": 1.4209, "2011-06-30": 0.8562, "2011-03-31": "0.38500", "2010-12-31": 0.9919, "2010-09-30": 1.2341, "2010-06-30": 1.1412, "2010-03-31": "0.58880", "2009-12-31": 1.1186, "2009-09-30": 1.2897, "2009-06-30": 0.6364, "2009-03-31": "0.32210", "2008-12-31": 2.4094, "2008-09-30": 1.1435, "2008-06-30": -0.0946, "2008-03-31": "-0.09080", "2007-12-31": 0.4535, "2007-09-30": 0.3842, "2007-06-30": 0.2562, "2007-03-31": "0.68180", "2006-12-31": 1.017, "2006-09-30": 0.6345, "2006-06-30": 0.6962, "2006-03-31": "0.74400", "2005-12-31": 1.4146, "2005-09-30": 0.3458, "2005-06-30": 0.2095, "2005-03-31": "0.44140"}, "Free Cash Flow Per Share": {"2020-09-30": 0.6142, "2020-06-30": 0.0291, "2020-03-31": "-0.11640", "2019-12-31": 0.5205, "2019-09-30": 0.6344, "2019-06-30": -0.3072, "2019-03-31": "-0.61850", "2018-12-31": 0.3983, "2018-09-30": 1.084, "2018-06-30": 0.2531, "2018-03-31": "0.14790", "2017-12-31": 0.7985, "2017-09-30": 0.4742, "2017-06-30": -0.8227, "2017-03-31": "-0.64450", "2016-12-31": 0.1251, "2016-09-30": 0.6277, "2016-06-30": -0.303, "2016-03-31": "-0.52230", "2015-12-31": 0.4289, "2015-09-30": 0.782, "2015-06-30": 0.2464, "2015-03-31": "0.15490", "2014-12-31": 0.617, "2014-09-30": 0.7244, "2014-06-30": 0.1669, "2014-03-31": "-0.74290", "2013-12-31": 0.2699, "2013-09-30": 0.3224, "2013-06-30": -1.0943, "2013-03-31": "-1.15850", "2012-12-31": 0.0602, "2012-09-30": 0.441, "2012-06-30": -0.3636, "2012-03-31": "-0.91550", "2011-12-31": -1.2386, "2011-09-30": -0.1883, "2011-06-30": -0.9078, "2011-03-31": "-0.53330", "2010-12-31": -0.3255, "2010-09-30": -0.2488, "2010-06-30": 0.3325, "2010-03-31": "-0.07970", "2009-12-31": 0.3111, "2009-09-30": 0.3608, "2009-06-30": -0.4998, "2009-03-31": "-0.96690", "2008-12-31": 0.9441, "2008-09-30": -2.264, "2008-06-30": -0.9238, "2008-03-31": "-0.77080", "2007-12-31": -0.5438, "2007-09-30": -0.3651, "2007-06-30": -0.3598, "2007-03-31": "0.03730", "2006-12-31": 0.1941, "2006-09-30": 0.1505, "2006-06-30": -0.1649, "2006-03-31": "0.28770", "2005-12-31": 0.9499, "2005-09-30": -0.0072, "2005-06-30": -0.1697, "2005-03-31": "0.03370"}}, "revenue": {"OGE Energy Annual Revenue (Millions of US $)": {"2019": "$2,232", "2018": "$2,270", "2017": "$2,261", "2016": "$2,259", "2015": "$2,197", "2014": "$2,453", "2013": "$2,868", "2012": "$3,671", "2011": "$3,916", "2010": "$3,717", "2009": "$2,870", "2008": "$4,071", "2007": "$3,798", "2006": "$4,006", "2005": "$5,912"}, "OGE Energy Quarterly Revenue (Millions of US $)": {"2020-09-30": "$702", "2020-06-30": "$504", "2020-03-31": "$431", "2019-12-31": "$473", "2019-09-30": "$755", "2019-06-30": "$514", "2019-03-31": "$490", "2018-12-31": "$512", "2018-09-30": "$699", "2018-06-30": "$567", "2018-03-31": "$493", "2017-12-31": "$502", "2017-09-30": "$717", "2017-06-30": "$586", "2017-03-31": "$456", "2016-12-31": "$531", "2016-09-30": "$744", "2016-06-30": "$551", "2016-03-31": "$433", "2015-12-31": "$447", "2015-09-30": "$720", "2015-06-30": "$550", "2015-03-31": "$480", "2014-12-31": "$526", "2014-09-30": "$755", "2014-06-30": "$612", "2014-03-31": "$560", "2013-12-31": "$509", "2013-09-30": "$723", "2013-06-30": "$734", "2013-03-31": "$901", "2012-12-31": "$862", "2012-09-30": "$1,113", "2012-06-30": "$855", "2012-03-31": "$841", "2011-12-31": "$885", "2011-09-30": "$1,212", "2011-06-30": "$978", "2011-03-31": "$841", "2010-12-31": "$829", "2010-09-30": "$1,125", "2010-06-30": "$887", "2010-03-31": "$876", "2009-12-31": "$774", "2009-09-30": "$845", "2009-06-30": "$644", "2009-03-31": "$607", "2008-12-31": "$686", "2008-09-30": "$1,254", "2008-06-30": "$1,136", "2008-03-31": "$995", "2007-12-31": "$958", "2007-09-30": "$1,045", "2007-06-30": "$913", "2007-03-31": "$882", "2006-12-31": "$831", "2006-09-30": "$1,131", "2006-06-30": "$934", "2006-03-31": "$1,110", "2005-12-31": "$1,642", "2005-09-30": "$1,674", "2005-06-30": "$1,330", "2005-03-31": "$1,265"}}, "gross-profit": {"OGE Energy Annual Gross Profit (Millions of US $)": {"2019": "$1,445", "2018": "$1,378", "2017": "$1,364", "2016": "$1,379", "2015": "$1,332", "2014": "$1,347", "2013": "$1,439", "2012": "$1,753", "2011": "$1,638", "2010": "$1,530", "2009": "$1,312", "2008": "$1,253", "2007": "$1,163", "2006": "$1,103", "2005": "$969"}, "OGE Energy Quarterly Gross Profit (Millions of US $)": {"2020-09-30": "$493", "2020-06-30": "$366", "2020-03-31": "$296", "2019-12-31": "$311", "2019-09-30": "$521", "2019-06-30": "$335", "2019-03-31": "$277", "2018-12-31": "$283", "2018-09-30": "$454", "2018-06-30": "$358", "2018-03-31": "$282", "2017-12-31": "$301", "2017-09-30": "$461", "2017-06-30": "$354", "2017-03-31": "$247", "2016-12-31": "$296", "2016-09-30": "$474", "2016-06-30": "$354", "2016-03-31": "$255", "2015-12-31": "$264", "2015-09-30": "$460", "2015-06-30": "$339", "2015-03-31": "$269", "2014-12-31": "$289", "2014-09-30": "$449", "2014-06-30": "$341", "2014-03-31": "$267", "2013-12-31": "$277", "2013-09-30": "$450", "2013-06-30": "$364", "2013-03-31": "$348", "2012-12-31": "$378", "2012-09-30": "$574", "2012-06-30": "$446", "2012-03-31": "$355", "2011-12-31": "$349", "2011-09-30": "$554", "2011-06-30": "$428", "2011-03-31": "$307", "2010-12-31": "$330", "2010-09-30": "$513", "2010-06-30": "$381", "2010-03-31": "$306", "2009-12-31": "$308", "2009-09-30": "$431", "2009-06-30": "$320", "2009-03-31": "$253", "2008-12-31": "$276", "2008-09-30": "$418", "2008-06-30": "$314", "2008-03-31": "$246", "2007-12-31": "$268", "2007-09-30": "$392", "2007-06-30": "$289", "2007-03-31": "$215", "2006-12-31": "$216", "2006-09-30": "$382", "2006-06-30": "$284", "2006-03-31": "$221", "2005-12-31": "$209", "2005-09-30": "$345", "2005-06-30": "$236", "2005-03-31": "$179"}}, "operating-income": {"OGE Energy Annual Operating Income (Millions of US $)": {"2019": "$504", "2018": "$490", "2017": "$532", "2016": "$531", "2015": "$481", "2014": "$537", "2013": "$554", "2012": "$677", "2011": "$647", "2010": "$594", "2009": "$492", "2008": "$462", "2007": "$455", "2006": "$433", "2005": "$322"}, "OGE Energy Quarterly Operating Income (Millions of US $)": {"2020-09-30": "$258", "2020-06-30": "$125", "2020-03-31": "$56", "2019-12-31": "$70", "2019-09-30": "$274", "2019-06-30": "$110", "2019-03-31": "$50", "2018-12-31": "$58", "2018-09-30": "$227", "2018-06-30": "$138", "2018-03-31": "$67", "2017-12-31": "$91", "2017-09-30": "$249", "2017-06-30": "$146", "2017-03-31": "$46", "2016-12-31": "$110", "2016-09-30": "$257", "2016-06-30": "$126", "2016-03-31": "$38", "2015-12-31": "$47", "2015-09-30": "$251", "2015-06-30": "$127", "2015-03-31": "$56", "2014-12-31": "$85", "2014-09-30": "$248", "2014-06-30": "$142", "2014-03-31": "$62", "2013-12-31": "$73", "2013-09-30": "$261", "2013-06-30": "$144", "2013-03-31": "$75", "2012-12-31": "$97", "2012-09-30": "$304", "2012-06-30": "$177", "2012-03-31": "$98", "2011-12-31": "$97", "2011-09-30": "$300", "2011-06-30": "$182", "2011-03-31": "$68", "2010-12-31": "$81", "2010-09-30": "$274", "2010-06-30": "$152", "2010-03-31": "$87", "2009-12-31": "$84", "2009-09-30": "$230", "2009-06-30": "$126", "2009-03-31": "$52", "2008-12-31": "$60", "2008-09-30": "$231", "2008-06-30": "$123", "2008-03-31": "$48", "2007-12-31": "$74", "2007-09-30": "$218", "2007-06-30": "$117", "2007-03-31": "$46", "2006-12-31": "$43", "2006-09-30": "$221", "2006-06-30": "$118", "2006-03-31": "$52", "2005-12-31": "$39", "2005-09-30": "$189", "2005-06-30": "$76", "2005-03-31": "$19"}}, "ebitda": {"OGE Energy Annual EBITDA (Millions of US $)": {"2019": "$859", "2018": "$811", "2017": "$815", "2016": "$853", "2015": "$789", "2014": "$818", "2013": "$852", "2012": "$1,052", "2011": "$954", "2010": "$885", "2009": "$755", "2008": "$680", "2007": "$651", "2006": "$614", "2005": "$505"}, "OGE Energy Quarterly EBITDA (Millions of US $)": {"2020-09-30": "$359", "2020-06-30": "$223", "2020-03-31": "$151", "2019-12-31": "$165", "2019-09-30": "$368", "2019-06-30": "$194", "2019-03-31": "$132", "2018-12-31": "$139", "2018-09-30": "$308", "2018-06-30": "$219", "2018-03-31": "$145", "2017-12-31": "$168", "2017-09-30": "$326", "2017-06-30": "$221", "2017-03-31": "$101", "2016-12-31": "$192", "2016-09-30": "$340", "2016-06-30": "$206", "2016-03-31": "$116", "2015-12-31": "$125", "2015-09-30": "$329", "2015-06-30": "$203", "2015-03-31": "$132", "2014-12-31": "$159", "2014-09-30": "$320", "2014-06-30": "$210", "2014-03-31": "$129", "2013-12-31": "$139", "2013-09-30": "$326", "2013-06-30": "$219", "2013-03-31": "$168", "2012-12-31": "$200", "2012-09-30": "$400", "2012-06-30": "$267", "2012-03-31": "$186", "2011-12-31": "$179", "2011-09-30": "$377", "2011-06-30": "$257", "2011-03-31": "$142", "2010-12-31": "$158", "2010-09-30": "$348", "2010-06-30": "$223", "2010-03-31": "$157", "2009-12-31": "$151", "2009-09-30": "$298", "2009-06-30": "$191", "2009-03-31": "$115", "2008-12-31": "$122", "2008-09-30": "$285", "2008-06-30": "$175", "2008-03-31": "$99", "2007-12-31": "$124", "2007-09-30": "$267", "2007-06-30": "$165", "2007-03-31": "$95", "2006-12-31": "$89", "2006-09-30": "$266", "2006-06-30": "$163", "2006-03-31": "$97", "2005-12-31": "$87", "2005-09-30": "$236", "2005-06-30": "$119", "2005-03-31": "$64"}}, "net-income": {"OGE Energy Annual Net Income (Millions of US $)": {"2019": "$434", "2018": "$426", "2017": "$619", "2016": "$338", "2015": "$271", "2014": "$396", "2013": "$388", "2012": "$355", "2011": "$343", "2010": "$295", "2009": "$258", "2008": "$231", "2007": "$244", "2006": "$262", "2005": "$211"}, "OGE Energy Quarterly Net Income (Millions of US $)": {"2020-09-30": "$177", "2020-06-30": "$86", "2020-03-31": "$-492", "2019-12-31": "$35", "2019-09-30": "$251", "2019-06-30": "$100", "2019-03-31": "$47", "2018-12-31": "$55", "2018-09-30": "$205", "2018-06-30": "$111", "2018-03-31": "$55", "2017-12-31": "$295", "2017-09-30": "$183", "2017-06-30": "$105", "2017-03-31": "$36", "2016-12-31": "$58", "2016-09-30": "$184", "2016-06-30": "$72", "2016-03-31": "$25", "2015-12-31": "$29", "2015-09-30": "$111", "2015-06-30": "$88", "2015-03-31": "$43", "2014-12-31": "$58", "2014-09-30": "$187", "2014-06-30": "$101", "2014-03-31": "$49", "2013-12-31": "$58", "2013-09-30": "$215", "2013-06-30": "$92", "2013-03-31": "$23", "2012-12-31": "$39", "2012-09-30": "$186", "2012-06-30": "$94", "2012-03-31": "$37", "2011-12-31": "$36", "2011-09-30": "$179", "2011-06-30": "$103", "2011-03-31": "$25", "2010-12-31": "$31", "2010-09-30": "$163", "2010-06-30": "$77", "2010-03-31": "$24", "2009-12-31": "$34", "2009-09-30": "$137", "2009-06-30": "$71", "2009-03-31": "$17", "2008-12-31": "$22", "2008-09-30": "$140", "2008-06-30": "$57", "2008-03-31": "$13", "2007-12-31": "$38", "2007-09-30": "$127", "2007-06-30": "$63", "2007-03-31": "$17", "2006-12-31": "$22", "2006-09-30": "$121", "2006-06-30": "$94", "2006-03-31": "$25", "2005-12-31": "$56", "2005-09-30": "$111", "2005-06-30": "$39", "2005-03-31": "$5"}}, "eps-earnings-per-share-diluted": {"OGE Energy Annual EPS": {"2019": "$2.16", "2018": "$2.12", "2017": "$3.10", "2016": "$1.69", "2015": "$1.36", "2014": "$1.98", "2013": "$1.94", "2012": "$1.79", "2011": "$1.73", "2010": "$1.50", "2009": "$1.33", "2008": "$1.25", "2007": "$1.32", "2006": "$1.42", "2005": "$1.16"}, "OGE Energy Quarterly EPS": {"2020-09-30": "$0.89", "2020-06-30": "$0.43", "2020-03-31": "$-2.46", "2019-12-31": "$0.17", "2019-09-30": "$1.25", "2019-06-30": "$0.50", "2019-03-31": "$0.24", "2018-12-31": "$0.28", "2018-09-30": "$1.02", "2018-06-30": "$0.55", "2018-03-31": "$0.27", "2017-12-31": "$1.48", "2017-09-30": "$0.92", "2017-06-30": "$0.52", "2017-03-31": "$0.18", "2016-12-31": "$0.29", "2016-09-30": "$0.92", "2016-06-30": "$0.35", "2016-03-31": "$0.13", "2015-12-31": "$0.15", "2015-09-30": "$0.55", "2015-06-30": "$0.44", "2015-03-31": "$0.22", "2014-12-31": "$0.29", "2014-09-30": "$0.94", "2014-06-30": "$0.50", "2014-03-31": "$0.25", "2013-12-31": "$0.28", "2013-09-30": "$1.08", "2013-06-30": "$0.46", "2013-03-31": "$0.12", "2012-12-31": "$0.19", "2012-09-30": "$0.94", "2012-06-30": "$0.47", "2012-03-31": "$0.19", "2011-12-31": "$0.19", "2011-09-30": "$0.90", "2011-06-30": "$0.52", "2011-03-31": "$0.13", "2010-12-31": "$0.16", "2010-09-30": "$0.83", "2010-06-30": "$0.39", "2010-03-31": "$0.13", "2009-12-31": "$0.18", "2009-09-30": "$0.70", "2009-06-30": "$0.36", "2009-03-31": "$0.09", "2008-12-31": "$0.12", "2008-09-30": "$0.75", "2008-06-30": "$0.31", "2008-03-31": "$0.07", "2007-12-31": "$0.20", "2007-09-30": "$0.69", "2007-06-30": "$0.34", "2007-03-31": "$0.10", "2006-12-31": "$0.12", "2006-09-30": "$0.66", "2006-06-30": "$0.51", "2006-03-31": "$0.14", "2005-12-31": "$0.31", "2005-09-30": "$0.61", "2005-06-30": "$0.21", "2005-03-31": "$0.03"}}, "shares-outstanding": {"OGE Energy Annual Shares Outstanding (Millions of Shares)": {"2019": "201", "2018": "201", "2017": "200", "2016": "200", "2015": "200", "2014": "200", "2013": "199", "2012": "198", "2011": "199", "2010": "198", "2009": "194", "2008": "186", "2007": "185", "2006": "184", "2005": "182"}, "OGE Energy Quarterly Shares Outstanding (Millions of Shares)": {"2020-09-30": "200", "2020-06-30": "201", "2020-03-31": "200", "2019-12-31": "201", "2019-09-30": "201", "2019-06-30": "201", "2019-03-31": "201", "2018-12-31": "201", "2018-09-30": "201", "2018-06-30": "201", "2018-03-31": "200", "2017-12-31": "200", "2017-09-30": "200", "2017-06-30": "200", "2017-03-31": "200", "2016-12-31": "200", "2016-09-30": "200", "2016-06-30": "200", "2016-03-31": "200", "2015-12-31": "200", "2015-09-30": "200", "2015-06-30": "200", "2015-03-31": "200", "2014-12-31": "200", "2014-09-30": "200", "2014-06-30": "200", "2014-03-31": "200", "2013-12-31": "199", "2013-09-30": "200", "2013-06-30": "199", "2013-03-31": "199", "2012-12-31": "198", "2012-09-30": "198", "2012-06-30": "198", "2012-03-31": "198", "2011-12-31": "199", "2011-09-30": "199", "2011-06-30": "199", "2011-03-31": "198", "2010-12-31": "198", "2010-09-30": "198", "2010-06-30": "197", "2010-03-31": "197", "2009-12-31": "194", "2009-09-30": "195", "2009-06-30": "195", "2009-03-31": "191", "2008-12-31": "186", "2008-09-30": "186", "2008-06-30": "185", "2008-03-31": "185", "2007-12-31": "185", "2007-09-30": "185", "2007-06-30": "185", "2007-03-31": "185", "2006-12-31": "184", "2006-09-30": "185", "2006-06-30": "184", "2006-03-31": "183", "2005-12-31": "182", "2005-09-30": "182", "2005-06-30": "182", "2005-03-31": "181"}}, "total-assets": {"OGE Energy Annual Total Assets (Millions of US $)": {"2019": "$11,024", "2018": "$10,749", "2017": "$10,413", "2016": "$9,940", "2015": "$9,581", "2014": "$9,528", "2013": "$9,135", "2012": "$9,922", "2011": "$8,906", "2010": "$7,669", "2009": "$7,267", "2008": "$6,519", "2007": "$5,238", "2006": "$4,898", "2005": "$4,899"}, "OGE Energy Quarterly Total Assets (Millions of US $)": {"2020-09-30": "$10,498", "2020-06-30": "$10,439", "2020-03-31": "$10,371", "2019-12-31": "$11,024", "2019-09-30": "$11,084", "2019-06-30": "$10,886", "2019-03-31": "$10,762", "2018-12-31": "$10,749", "2018-09-30": "$10,703", "2018-06-30": "$10,544", "2018-03-31": "$10,436", "2017-12-31": "$10,413", "2017-09-30": "$10,464", "2017-06-30": "$10,421", "2017-03-31": "$10,135", "2016-12-31": "$9,940", "2016-09-30": "$9,784", "2016-06-30": "$9,659", "2016-03-31": "$9,523", "2015-12-31": "$9,581", "2015-09-30": "$9,618", "2015-06-30": "$9,594", "2015-03-31": "$9,502", "2014-12-31": "$9,528", "2014-09-30": "$9,463", "2014-06-30": "$9,324", "2014-03-31": "$9,251", "2013-12-31": "$9,135", "2013-09-30": "$9,144", "2013-06-30": "$8,849", "2013-03-31": "$9,982", "2012-12-31": "$9,922", "2012-09-30": "$9,706", "2012-06-30": "$9,351", "2012-03-31": "$9,075", "2011-12-31": "$8,906", "2011-09-30": "$8,379", "2011-06-30": "$8,136", "2011-03-31": "$7,691", "2010-12-31": "$7,669", "2010-09-30": "$7,527", "2010-06-30": "$7,294", "2010-03-31": "$7,169", "2009-12-31": "$7,267", "2009-09-30": "$6,898", "2009-06-30": "$7,005", "2009-03-31": "$6,608", "2008-12-31": "$6,519", "2008-09-30": "$6,369", "2008-06-30": "$5,637", "2008-03-31": "$5,297", "2007-12-31": "$5,238", "2007-09-30": "$5,054", "2007-06-30": "$4,950", "2007-03-31": "$4,861", "2006-12-31": "$4,898", "2006-09-30": "$4,833", "2006-06-30": "$4,722", "2006-03-31": "$4,517", "2005-12-31": "$4,899", "2005-09-30": "$5,722", "2005-06-30": "$4,895", "2005-03-31": "$4,872"}}, "cash-on-hand": {"OGE Energy Annual Cash on Hand (Millions of US $)": {"2019": "$", "2018": "$94", "2017": "$14", "2016": "$0", "2015": "$75", "2014": "$6", "2013": "$7", "2012": "$2", "2011": "$5", "2010": "$2", "2009": "$58", "2008": "$174", "2007": "$9", "2006": "$80", "2005": "$26"}, "OGE Energy Quarterly Cash on Hand (Millions of US $)": {"2020-09-30": "$32", "2020-06-30": "$68", "2020-03-31": "$146", "2019-12-31": "", "2019-09-30": "$13", "2019-06-30": "", "2019-03-31": "", "2018-12-31": "$94", "2018-09-30": "$91", "2018-06-30": "", "2018-03-31": "$2", "2017-12-31": "$14", "2017-09-30": "", "2017-06-30": "", "2017-03-31": "", "2016-12-31": "$0", "2016-09-30": "", "2016-06-30": "", "2016-03-31": "", "2015-12-31": "$75", "2015-09-30": "$43", "2015-06-30": "", "2015-03-31": "$2", "2014-12-31": "$6", "2014-09-30": "", "2014-06-30": "$2", "2014-03-31": "$2", "2013-12-31": "$7", "2013-09-30": "", "2013-06-30": "", "2013-03-31": "$7", "2012-12-31": "$2", "2012-09-30": "$10", "2012-06-30": "$2", "2012-03-31": "$2", "2011-12-31": "$5", "2011-09-30": "$6", "2011-06-30": "$5", "2011-03-31": "$4", "2010-12-31": "$2", "2010-09-30": "$9", "2010-06-30": "$7", "2010-03-31": "$6", "2009-12-31": "$58", "2009-09-30": "$2", "2009-06-30": "$212", "2009-03-31": "$146", "2008-12-31": "$174", "2008-09-30": "$205", "2008-06-30": "$4", "2008-03-31": "$3", "2007-12-31": "$9", "2007-09-30": "$34", "2007-06-30": "$36", "2007-03-31": "$64", "2006-12-31": "$80", "2006-09-30": "$33", "2006-06-30": "", "2006-03-31": "$19", "2005-12-31": "$26", "2005-09-30": "$28", "2005-06-30": "$26", "2005-03-31": "$20"}}, "long-term-debt": {"OGE Energy Annual Long Term Debt (Millions of US $)": {"2019": "$3,195", "2018": "$2,897", "2017": "$2,750", "2016": "$2,406", "2015": "$2,629", "2014": "$2,755", "2013": "$2,300", "2012": "$2,849", "2011": "$2,737", "2010": "$2,363", "2009": "$2,089", "2008": "$2,162", "2007": "$1,345", "2006": "$1,346", "2005": "$1,351"}, "OGE Energy Quarterly Long Term Debt (Millions of US $)": {"2020-09-30": "$3,494", "2020-06-30": "$3,493", "2020-03-31": "$3,196", "2019-12-31": "$3,195", "2019-09-30": "$3,195", "2019-06-30": "$3,194", "2019-03-31": "$2,897", "2018-12-31": "$2,897", "2018-09-30": "$2,897", "2018-06-30": "$2,500", "2018-03-31": "$2,500", "2017-12-31": "$2,750", "2017-09-30": "$2,750", "2017-06-30": "$2,863", "2017-03-31": "$2,703", "2016-12-31": "$2,406", "2016-09-30": "$2,505", "2016-06-30": "$2,630", "2016-03-31": "$2,629", "2015-12-31": "$2,629", "2015-09-30": "$2,646", "2015-06-30": "$2,645", "2015-03-31": "$2,645", "2014-12-31": "$2,755", "2014-09-30": "$2,510", "2014-06-30": "$2,410", "2014-03-31": "$2,549", "2013-12-31": "$2,300", "2013-09-30": "$2,400", "2013-06-30": "$2,400", "2013-03-31": "$2,849", "2012-12-31": "$2,849", "2012-09-30": "$2,848", "2012-06-30": "$2,738", "2012-03-31": "$2,737", "2011-12-31": "$2,737", "2011-09-30": "$2,587", "2011-06-30": "$2,587", "2011-03-31": "$2,338", "2010-12-31": "$2,363", "2010-09-30": "$2,373", "2010-06-30": "$2,403", "2010-03-31": "$2,204", "2009-12-31": "$2,089", "2009-09-30": "$1,931", "2009-06-30": "$2,001", "2009-03-31": "$1,841", "2008-12-31": "$2,162", "2008-09-30": "$1,912", "2008-06-30": "$1,568", "2008-03-31": "$1,543", "2007-12-31": "$1,345", "2007-09-30": "$1,345", "2007-06-30": "$1,345", "2007-03-31": "$1,346", "2006-12-31": "$1,346", "2006-09-30": "$1,222", "2006-06-30": "$1,347", "2006-03-31": "$1,350", "2005-12-31": "$1,351", "2005-09-30": "$1,418", "2005-06-30": "$1,419", "2005-03-31": "$1,417"}}, "total-liabilities": {"OGE Energy Annual Total Liabilities (Millions of US $)": {"2019": "$6,885", "2018": "$6,744", "2017": "$6,562", "2016": "$6,496", "2015": "$6,255", "2014": "$6,283", "2013": "$6,098", "2012": "$6,850", "2011": "$6,087", "2010": "$5,269", "2009": "$5,206", "2008": "$4,605", "2007": "$3,557", "2006": "$3,295", "2005": "$3,523"}, "OGE Energy Quarterly Total Liabilities (Millions of US $)": {"2020-09-30": "$6,837", "2020-06-30": "$6,875", "2020-03-31": "$6,818", "2019-12-31": "$6,885", "2019-09-30": "$6,898", "2019-06-30": "$6,879", "2019-03-31": "$6,785", "2018-12-31": "$6,744", "2018-09-30": "$6,673", "2018-06-30": "$6,654", "2018-03-31": "$6,594", "2017-12-31": "$6,562", "2017-09-30": "$6,847", "2017-06-30": "$6,929", "2017-03-31": "$6,691", "2016-12-31": "$6,496", "2016-09-30": "$6,339", "2016-06-30": "$6,337", "2016-03-31": "$6,225", "2015-12-31": "$6,255", "2015-09-30": "$6,264", "2015-06-30": "$6,308", "2015-03-31": "$6,260", "2014-12-31": "$6,283", "2014-09-30": "$6,220", "2014-06-30": "$6,225", "2014-03-31": "$6,213", "2013-12-31": "$6,098", "2013-09-30": "$6,150", "2013-06-30": "$6,037", "2013-03-31": "$6,930", "2012-12-31": "$6,850", "2012-09-30": "$6,670", "2012-06-30": "$6,473", "2012-03-31": "$6,264", "2011-12-31": "$6,087", "2011-09-30": "$5,680", "2011-06-30": "$5,587", "2011-03-31": "$5,222", "2010-12-31": "$5,269", "2010-09-30": "$5,279", "2010-06-30": "$5,174", "2010-03-31": "$5,114", "2009-12-31": "$5,206", "2009-09-30": "$4,827", "2009-06-30": "$5,047", "2009-03-31": "$4,682", "2008-12-31": "$4,605", "2008-09-30": "$4,530", "2008-06-30": "$3,934", "2008-03-31": "$3,617", "2007-12-31": "$3,557", "2007-09-30": "$3,356", "2007-06-30": "$3,332", "2007-03-31": "$3,271", "2006-12-31": "$3,295", "2006-09-30": "$3,288", "2006-06-30": "$3,279", "2006-03-31": "$3,140", "2005-12-31": "$3,523", "2005-09-30": "$4,362", "2005-06-30": "$3,618", "2005-03-31": "$3,607"}}, "total-share-holder-equity": {"OGE Energy Annual Share Holder Equity (Millions of US $)": {"2019": "$4,140", "2018": "$4,005", "2017": "$3,851", "2016": "$3,444", "2015": "$3,326", "2014": "$3,244", "2013": "$3,037", "2012": "$3,072", "2011": "$2,819", "2010": "$2,400", "2009": "$2,061", "2008": "$1,914", "2007": "$1,681", "2006": "$1,604", "2005": "$1,376"}, "OGE Energy Quarterly Share Holder Equity (Millions of US $)": {"2020-09-30": "$3,661", "2020-06-30": "$3,564", "2020-03-31": "$3,553", "2019-12-31": "$4,140", "2019-09-30": "$4,186", "2019-06-30": "$4,007", "2019-03-31": "$3,976", "2018-12-31": "$4,005", "2018-09-30": "$4,030", "2018-06-30": "$3,890", "2018-03-31": "$3,842", "2017-12-31": "$3,851", "2017-09-30": "$3,617", "2017-06-30": "$3,492", "2017-03-31": "$3,444", "2016-12-31": "$3,444", "2016-09-30": "$3,445", "2016-06-30": "$3,322", "2016-03-31": "$3,298", "2015-12-31": "$3,326", "2015-09-30": "$3,353", "2015-06-30": "$3,286", "2015-03-31": "$3,242", "2014-12-31": "$3,244", "2014-09-30": "$3,243", "2014-06-30": "$3,100", "2014-03-31": "$3,038", "2013-12-31": "$3,037", "2013-09-30": "$2,995", "2013-06-30": "$2,811", "2013-03-31": "$3,052", "2012-12-31": "$3,072", "2012-09-30": "$3,037", "2012-06-30": "$2,878", "2012-03-31": "$2,810", "2011-12-31": "$2,819", "2011-09-30": "$2,699", "2011-06-30": "$2,548", "2011-03-31": "$2,469", "2010-12-31": "$2,400", "2010-09-30": "$2,248", "2010-06-30": "$2,120", "2010-03-31": "$2,056", "2009-12-31": "$2,061", "2009-09-30": "$2,071", "2009-06-30": "$1,958", "2009-03-31": "$1,926", "2008-12-31": "$1,914", "2008-09-30": "$1,839", "2008-06-30": "$1,703", "2008-03-31": "$1,681", "2007-12-31": "$1,681", "2007-09-30": "$1,698", "2007-06-30": "$1,618", "2007-03-31": "$1,591", "2006-12-31": "$1,604", "2006-09-30": "$1,545", "2006-06-30": "$1,443", "2006-03-31": "$1,377", "2005-12-31": "$1,376", "2005-09-30": "$1,360", "2005-06-30": "$1,277", "2005-03-31": "$1,265"}}, "profit-margins": {"current": "-9.15%"}, "gross margin": {"2020-09-30": "69.48%", "2020-06-30": "69.07%", "2020-03-31": "67.33%", "2019-12-31": "64.70%", "2019-09-30": "62.35%", "2019-06-30": "60.90%", "2019-03-31": "60.49%", "2018-12-31": "60.63%", "2018-09-30": "61.70%", "2018-06-30": "61.52%", "2018-03-31": "60.84%", "2017-12-31": "60.28%", "2017-09-30": "59.30%", "2017-06-30": "59.17%", "2017-03-31": "60.08%", "2016-12-31": "61.04%", "2016-09-30": "61.93%", "2016-06-30": "61.97%", "2016-03-31": "61.30%", "2015-12-31": "60.63%", "2015-09-30": "59.62%", "2015-06-30": "58.24%", "2015-03-31": "56.81%", "2014-12-31": "54.87%", "2014-09-30": "54.76%", "2014-06-30": "55.53%", "2014-03-31": "53.76%", "2013-12-31": "50.19%", "2013-09-30": "47.83%", "2013-06-30": "46.09%", "2013-03-31": "46.80%", "2012-12-31": "47.75%", "2012-09-30": "46.67%", "2012-06-30": "44.92%", "2012-03-31": "43.05%", "2011-12-31": "41.83%", "2011-09-30": "41.94%", "2011-06-30": "41.82%", "2011-03-31": "41.58%", "2010-12-31": "41.16%", "2010-09-30": "41.15%", "2010-06-30": "42.13%", "2010-03-31": "43.45%", "2009-12-31": "45.68%", "2009-09-30": "46.01%", "2009-06-30": "39.71%", "2009-03-31": "34.24%", "2008-12-31": "30.80%", "2008-09-30": "28.69%", "2008-06-30": "29.51%", "2008-03-31": "30.55%", "2007-12-31": "30.65%", "2007-09-30": "30.29%", "2007-06-30": "29.33%", "2007-03-31": "29.04%", "2006-12-31": "27.53%", "2006-09-30": "22.75%", "2006-06-30": "19.76%", "2006-03-31": "17.56%", "2005-12-31": "16.39%"}, "operating margin": {"2020-09-30": "24.12%", "2020-06-30": "24.27%", "2020-03-31": "23.47%", "2019-12-31": "22.58%", "2019-09-30": "21.66%", "2019-06-30": "20.09%", "2019-03-31": "20.86%", "2018-12-31": "21.58%", "2018-09-30": "23.13%", "2018-06-30": "23.91%", "2018-03-31": "24.06%", "2017-12-31": "23.53%", "2017-09-30": "24.06%", "2017-06-30": "24.13%", "2017-03-31": "23.62%", "2016-12-31": "23.51%", "2016-09-30": "21.52%", "2016-06-30": "21.48%", "2016-03-31": "21.53%", "2015-12-31": "21.89%", "2015-09-30": "22.80%", "2015-06-30": "22.33%", "2015-03-31": "22.38%", "2014-12-31": "21.89%", "2014-09-30": "21.55%", "2014-06-30": "22.38%", "2014-03-31": "21.38%", "2013-12-31": "19.29%", "2013-09-30": "17.92%", "2013-06-30": "17.17%", "2013-03-31": "17.50%", "2012-12-31": "18.41%", "2012-09-30": "18.30%", "2012-06-30": "17.72%", "2012-03-31": "17.29%", "2011-12-31": "16.52%", "2011-09-30": "16.35%", "2011-06-30": "16.03%", "2011-03-31": "15.62%", "2010-12-31": "15.98%", "2010-09-30": "16.30%", "2010-06-30": "16.35%", "2010-03-31": "16.79%", "2009-12-31": "17.14%", "2009-09-30": "16.82%", "2009-06-30": "14.70%", "2009-03-31": "12.65%", "2008-12-31": "11.35%", "2008-09-30": "10.96%", "2008-06-30": "11.20%", "2008-03-31": "11.68%", "2007-12-31": "11.98%", "2007-09-30": "11.55%", "2007-06-30": "11.37%", "2007-03-31": "11.33%", "2006-12-31": "10.83%", "2006-09-30": "8.93%", "2006-06-30": "7.43%", "2006-03-31": "6.18%", "2005-12-31": "5.46%"}, "ebitda margin": {"2020-09-30": "42.56%", "2020-06-30": "41.93%", "2020-03-31": "40.40%", "2019-12-31": "38.49%", "2019-09-30": "36.68%", "2019-06-30": "34.90%", "2019-03-31": "35.19%", "2018-12-31": "35.71%", "2018-09-30": "37.15%", "2018-06-30": "37.65%", "2018-03-31": "37.42%", "2017-12-31": "36.09%", "2017-09-30": "36.68%", "2017-06-30": "36.86%", "2017-03-31": "36.77%", "2016-12-31": "37.80%", "2016-09-30": "36.18%", "2016-06-30": "36.08%", "2016-03-31": "35.95%", "2015-12-31": "35.91%", "2015-09-30": "36.16%", "2015-06-30": "35.22%", "2015-03-31": "34.60%", "2014-12-31": "33.35%", "2014-09-30": "32.76%", "2014-06-30": "33.44%", "2014-03-31": "32.19%", "2013-12-31": "29.72%", "2013-09-30": "28.32%", "2013-06-30": "27.31%", "2013-03-31": "27.71%", "2012-12-31": "28.66%", "2012-09-30": "27.94%", "2012-06-30": "26.60%", "2012-03-31": "25.51%", "2011-12-31": "24.39%", "2011-09-30": "24.17%", "2011-06-30": "23.96%", "2011-03-31": "23.63%", "2010-12-31": "23.81%", "2010-09-30": "24.00%", "2010-06-30": "24.51%", "2010-03-31": "25.39%", "2009-12-31": "26.31%", "2009-09-30": "26.10%", "2009-06-30": "22.34%", "2009-03-31": "18.92%", "2008-12-31": "16.73%", "2008-09-30": "15.73%", "2008-06-30": "16.09%", "2008-03-31": "16.75%", "2007-12-31": "17.14%", "2007-09-30": "16.78%", "2007-06-30": "16.37%", "2007-03-31": "16.23%", "2006-12-31": "15.35%", "2006-09-30": "12.73%", "2006-06-30": "10.86%", "2006-03-31": "9.35%", "2005-12-31": "8.54%"}, "pre tax profit margin": {"2020-09-30": "-16.11%", "2020-06-30": "-13.92%", "2020-03-31": "-13.99%", "2019-12-31": "20.74%", "2019-09-30": "21.71%", "2019-06-30": "20.59%", "2019-03-31": "20.90%", "2018-12-31": "21.93%", "2018-09-30": "23.26%", "2018-06-30": "24.44%", "2018-03-31": "25.20%", "2017-12-31": "25.21%", "2017-09-30": "23.97%", "2017-06-30": "23.56%", "2017-03-31": "22.22%", "2016-12-31": "21.51%", "2016-09-30": "20.78%", "2016-06-30": "15.67%", "2016-03-31": "16.19%", "2015-12-31": "16.80%", "2015-09-30": "18.50%", "2015-06-30": "22.98%", "2015-03-31": "23.26%", "2014-12-31": "23.20%", "2014-09-30": "22.70%", "2014-06-30": "23.75%", "2014-03-31": "21.93%", "2013-12-31": "18.31%", "2013-09-30": "15.62%", "2013-06-30": "13.52%", "2013-03-31": "13.37%", "2012-12-31": "14.19%", "2012-09-30": "14.29%", "2012-06-30": "13.95%", "2012-03-31": "13.99%", "2011-12-31": "13.38%", "2011-09-30": "13.21%", "2011-06-30": "12.88%", "2011-03-31": "12.14%", "2010-12-31": "12.40%", "2010-09-30": "12.67%", "2010-06-30": "12.66%", "2010-03-31": "13.16%", "2009-12-31": "13.34%", "2009-09-30": "12.87%", "2009-06-30": "11.22%", "2009-03-31": "9.34%", "2008-12-31": "8.33%", "2008-09-30": "8.45%", "2008-06-30": "8.54%", "2008-03-31": "9.18%", "2007-12-31": "9.53%", "2007-09-30": "9.10%", "2007-06-30": "9.02%", "2007-03-31": "8.87%", "2006-12-31": "8.66%", "2006-09-30": "6.91%", "2006-06-30": "5.62%", "2006-03-31": "4.60%", "2005-12-31": "3.89%"}, "net profit margin": {"2020-09-30": "-9.19%", "2020-06-30": "-5.55%", "2020-03-31": "-4.88%", "2019-12-31": "19.40%", "2019-09-30": "19.95%", "2019-06-30": "18.37%", "2019-03-31": "18.43%", "2018-12-31": "18.76%", "2018-09-30": "29.46%", "2018-06-30": "28.26%", "2018-03-31": "27.76%", "2017-12-31": "27.38%", "2017-09-30": "16.68%", "2017-06-30": "16.53%", "2017-03-31": "15.34%", "2016-12-31": "15.01%", "2016-09-30": "14.25%", "2016-06-30": "11.02%", "2016-03-31": "11.77%", "2015-12-31": "12.34%", "2015-09-30": "13.18%", "2015-06-30": "16.27%", "2015-03-31": "16.39%", "2014-12-31": "16.10%", "2014-09-30": "16.22%", "2014-06-30": "17.60%", "2014-03-31": "16.39%", "2013-12-31": "13.53%", "2013-09-30": "11.46%", "2013-06-30": "9.42%", "2013-03-31": "9.17%", "2012-12-31": "9.70%", "2012-09-30": "9.56%", "2012-06-30": "9.12%", "2012-03-31": "9.07%", "2011-12-31": "8.76%", "2011-09-30": "8.76%", "2011-06-30": "8.53%", "2011-03-31": "8.04%", "2010-12-31": "7.94%", "2010-09-30": "8.14%", "2010-06-30": "8.04%", "2010-03-31": "8.47%", "2009-12-31": "9.02%", "2009-09-30": "8.88%", "2009-06-30": "7.83%", "2009-03-31": "6.41%", "2008-12-31": "5.70%", "2008-09-30": "5.71%", "2008-06-30": "5.68%", "2008-03-31": "6.16%", "2007-12-31": "6.45%", "2007-09-30": "6.24%", "2007-06-30": "5.94%", "2007-03-31": "6.72%", "2006-12-31": "6.54%", "2006-09-30": "6.14%", "2006-06-30": "5.34%", "2006-03-31": "4.01%", "2005-12-31": "3.57%"}, "pe ratio": {"current": "16.04", "2021-02-05": "0.00", "2020-09-30": "0.00", "2020-06-30": "0.00", "2020-03-31": "0.00", "2019-12-31": "19.32", "2019-09-30": "18.76", "2019-06-30": "19.43", "2019-03-31": "19.04", "2018-12-31": "16.91", "2018-09-30": "9.86", "2018-06-30": "9.76", "2018-03-31": "9.08", "2017-12-31": "9.28", "2017-09-30": "16.35", "2017-06-30": "15.64", "2017-03-31": "17.12", "2016-12-31": "16.70", "2016-09-30": "17.05", "2016-06-30": "22.99", "2016-03-31": "18.49", "2015-12-31": "15.69", "2015-09-30": "14.66", "2015-06-30": "12.05", "2015-03-31": "12.82", "2014-12-31": "14.07", "2014-09-30": "14.62", "2014-06-30": "14.29", "2014-03-31": "13.61", "2013-12-31": "13.34", "2013-09-30": "14.84", "2013-06-30": "15.12", "2013-03-31": "15.29", "2012-12-31": "11.70", "2012-09-30": "11.51", "2012-06-30": "10.88", "2012-03-31": "10.88", "2011-12-31": "11.88", "2011-09-30": "10.11", "2011-06-30": "11.05", "2011-03-31": "11.98", "2010-12-31": "10.70", "2010-09-30": "9.17", "2010-06-30": "9.08", "2010-03-31": "9.79", "2009-12-31": "9.43", "2009-09-30": "8.76", "2009-06-30": "7.12", "2009-03-31": "6.13", "2008-12-31": "6.65", "2008-09-30": "7.35", "2008-06-30": "7.85", "2008-03-31": "7.45", "2007-12-31": "8.43", "2007-09-30": "8.10", "2007-06-30": "9.10", "2007-03-31": "8.38", "2006-12-31": "8.32"}, "price sales": {"2021-02-05": "2.99", "2020-09-30": "2.78", "2020-06-30": "2.71", "2020-03-31": "2.70", "2019-12-31": "3.77", "2019-09-30": "3.75", "2019-06-30": "3.57", "2019-03-31": "3.50", "2018-12-31": "3.15", "2018-09-30": "2.90", "2018-06-30": "2.76", "2018-03-31": "2.52", "2017-12-31": "2.55", "2017-09-30": "2.73", "2017-06-30": "2.58", "2017-03-31": "2.61", "2016-12-31": "2.50", "2016-09-30": "2.43", "2016-06-30": "2.52", "2016-03-31": "2.18", "2015-12-31": "1.94", "2015-09-30": "1.93", "2015-06-30": "1.97", "2015-03-31": "2.11", "2014-12-31": "2.27", "2014-09-30": "2.37", "2014-06-30": "2.52", "2014-03-31": "2.24", "2013-12-31": "1.80", "2013-09-30": "1.70", "2013-06-30": "1.42", "2013-03-31": "1.40", "2012-12-31": "1.13", "2012-09-30": "1.10", "2012-06-30": "0.99", "2012-03-31": "0.99", "2011-12-31": "1.04", "2011-09-30": "0.88", "2011-06-30": "0.94", "2011-03-31": "0.96", "2010-12-31": "0.85", "2010-09-30": "0.75", "2010-06-30": "0.73", "2010-03-31": "0.83", "2009-12-31": "0.84", "2009-09-30": "0.76", "2009-06-30": "0.55", "2009-03-31": "0.39", "2008-12-31": "0.38", "2008-09-30": "0.42", "2008-06-30": "0.44", "2008-03-31": "0.46", "2007-12-31": "0.54", "2007-09-30": "0.51", "2007-06-30": "0.54", "2007-03-31": "0.56", "2006-12-31": "0.54"}, "price book": {"current": "1.72", "2021-02-05": "1.72", "2020-09-30": "1.60", "2020-06-30": "1.64", "2020-03-31": "1.65", "2019-12-31": "2.03", "2019-09-30": "2.03", "2019-06-30": "1.97", "2019-03-31": "1.99", "2018-12-31": "1.78", "2018-09-30": "1.62", "2018-06-30": "1.61", "2018-03-31": "1.51", "2017-12-31": "1.49", "2017-09-30": "1.72", "2017-06-30": "1.71", "2017-03-31": "1.73", "2016-12-31": "1.64", "2016-09-30": "1.53", "2016-06-30": "1.63", "2016-03-31": "1.42", "2015-12-31": "1.28", "2015-09-30": "1.31", "2015-06-30": "1.38", "2015-03-31": "1.54", "2014-12-31": "1.71", "2014-09-30": "1.78", "2014-06-30": "1.95", "2014-03-31": "1.85", "2013-12-31": "1.70", "2013-09-30": "1.82", "2013-06-30": "1.82", "2013-03-31": "1.71", "2012-12-31": "1.35", "2012-09-30": "1.34", "2012-06-30": "1.31", "2012-03-31": "1.37", "2011-12-31": "1.43", "2011-09-30": "1.25", "2011-06-30": "1.38", "2011-03-31": "1.42", "2010-12-31": "1.30", "2010-09-30": "1.20", "2010-06-30": "1.16", "2010-03-31": "1.26", "2009-12-31": "1.18", "2009-09-30": "1.04", "2009-06-30": "0.92", "2009-03-31": "0.77", "2008-12-31": "0.81", "2008-09-30": "0.99", "2008-06-30": "1.08", "2008-03-31": "1.06", "2007-12-31": "1.22", "2007-09-30": "1.09", "2007-06-30": "1.25", "2007-03-31": "1.33", "2006-12-31": "1.34", "2006-09-30": "1.25", "2006-06-30": "1.28", "2006-03-31": "1.10"}, "price fcf": {"2021-02-05": "", "2020-09-30": "$1.05", "2020-06-30": "$1.07", "2020-03-31": "$0.73", "2019-12-31": "$0.23", "2019-09-30": "$0.11", "2019-06-30": "$0.56", "2019-03-31": "$1.12", "2018-12-31": "$1.88", "2018-09-30": "$2.28", "2018-06-30": "$1.67", "2018-03-31": "$0.60", "2017-12-31": "$-0.19", "2017-09-30": "$-0.87", "2017-06-30": "$-0.71", "2017-03-31": "$-0.19", "2016-12-31": "$-0.07", "2016-09-30": "$0.23", "2016-06-30": "$0.39", "2016-03-31": "$0.94", "2015-12-31": "$1.61", "2015-09-30": "$1.80", "2015-06-30": "$1.74", "2015-03-31": "$1.66", "2014-12-31": "$0.77", "2014-09-30": "$0.42", "2014-06-30": "$0.02", "2014-03-31": "$-1.24", "2013-12-31": "$-1.66", "2013-09-30": "$-1.87", "2013-06-30": "$-1.75", "2013-03-31": "$-1.02", "2012-12-31": "$-0.78", "2012-09-30": "$-2.08", "2012-06-30": "$-2.71", "2012-03-31": "$-3.25", "2011-12-31": "$-2.87", "2011-09-30": "$-1.95", "2011-06-30": "$-2.02", "2011-03-31": "$-0.78", "2010-12-31": "$-0.32", "2010-09-30": "$0.32", "2010-06-30": "$0.92", "2010-03-31": "$0.09", "2009-12-31": "$-0.79", "2009-09-30": "$-0.16", "2009-06-30": "$-2.79", "2009-03-31": "$-3.21", "2008-12-31": "$-3.01", "2008-09-30": "$-4.50", "2008-06-30": "$-2.60", "2008-03-31": "$-2.04", "2007-12-31": "$-1.23", "2007-09-30": "$-0.49", "2007-06-30": "$0.02", "2007-03-31": "$0.22", "2006-12-31": "$0.47"}, "net worth": {"value": "$6.29B"}, "current ratio": {"current": "0.94", "2020-09-30": "0.94", "2020-06-30": "0.84", "2020-03-31": "0.61", "2019-12-31": "0.65", "2019-09-30": "0.79", "2019-06-30": "0.65", "2019-03-31": "0.51", "2018-12-31": "0.64", "2018-09-30": "0.76", "2018-06-30": "0.45", "2018-03-31": "0.41", "2017-12-31": "0.52", "2017-09-30": "0.63", "2017-06-30": "0.68", "2017-03-31": "0.59", "2016-12-31": "0.54", "2016-09-30": "0.69", "2016-06-30": "0.68", "2016-03-31": "0.65", "2015-12-31": "0.76", "2015-09-30": "1.28", "2015-06-30": "1.03", "2015-03-31": "1.02", "2014-12-31": "1.23", "2014-09-30": "0.85", "2014-06-30": "0.64", "2014-03-31": "0.74", "2013-12-31": "0.64", "2013-09-30": "0.81", "2013-06-30": "0.60", "2013-03-31": "0.42", "2012-12-31": "0.62", "2012-09-30": "0.72", "2012-06-30": "0.57", "2012-03-31": "0.54", "2011-12-31": "0.65", "2011-09-30": "0.78", "2011-06-30": "0.76", "2011-03-31": "0.71", "2010-12-31": "0.78", "2010-09-30": "0.81", "2010-06-30": "0.80", "2010-03-31": "0.66", "2009-12-31": "0.65", "2009-09-30": "0.49", "2009-06-30": "0.55", "2009-03-31": "0.51", "2008-12-31": "0.84", "2008-09-30": "0.77", "2008-06-30": "0.74", "2008-03-31": "0.73", "2007-12-31": "0.64", "2007-09-30": "0.83", "2007-06-30": "0.79", "2007-03-31": "0.87", "2006-12-31": "0.99", "2006-09-30": "0.98", "2006-06-30": "1.08", "2006-03-31": "1.16", "2005-12-31": "1.13", "2005-09-30": "1.05", "2005-06-30": "1.00", "2005-03-31": "1.01"}, "quick ratio": {"2020-09-30": "0.67", "2020-06-30": "0.60", "2020-03-31": "0.44", "2019-12-31": "0.45", "2019-09-30": "0.59", "2019-06-30": "0.46", "2019-03-31": "0.33", "2018-12-31": "0.43", "2018-09-30": "0.53", "2018-06-30": "0.28", "2018-03-31": "0.24", "2017-12-31": "0.35", "2017-09-30": "0.46", "2017-06-30": "0.51", "2017-03-31": "0.40", "2016-12-31": "0.38", "2016-09-30": "0.48", "2016-06-30": "0.45", "2016-03-31": "0.39", "2015-12-31": "0.50", "2015-09-30": "1.01", "2015-06-30": "0.78", "2015-03-31": "0.77", "2014-12-31": "0.99", "2014-09-30": "0.71", "2014-06-30": "0.51", "2014-03-31": "0.57", "2013-12-31": "0.49", "2013-09-30": "0.64", "2013-06-30": "0.42", "2013-03-31": "0.30", "2012-12-31": "0.49", "2012-09-30": "0.57", "2012-06-30": "0.42", "2012-03-31": "0.37", "2011-12-31": "0.47", "2011-09-30": "0.58", "2011-06-30": "0.53", "2011-03-31": "0.44", "2010-12-31": "0.48", "2010-09-30": "0.57", "2010-06-30": "0.54", "2010-03-31": "0.45", "2009-12-31": "0.49", "2009-09-30": "0.34", "2009-06-30": "0.42", "2009-03-31": "0.38", "2008-12-31": "0.66", "2008-09-30": "0.63", "2008-06-30": "0.57", "2008-03-31": "0.56", "2007-12-31": "0.49", "2007-09-30": "0.64", "2007-06-30": "0.59", "2007-03-31": "0.68", "2006-12-31": "0.80", "2006-09-30": "0.83", "2006-06-30": "0.88", "2006-03-31": "0.94", "2005-12-31": "1.00", "2005-09-30": "0.97", "2005-06-30": "0.88", "2005-03-31": "0.90"}, "debt equity ratio": {"current": "0.95", "2020-09-30": "1.87", "2020-06-30": "1.93", "2020-03-31": "1.92", "2019-12-31": "1.66", "2019-09-30": "1.65", "2019-06-30": "1.72", "2019-03-31": "1.71", "2018-12-31": "1.68", "2018-09-30": "1.66", "2018-06-30": "1.71", "2018-03-31": "1.72", "2017-12-31": "1.70", "2017-09-30": "1.89", "2017-06-30": "1.98", "2017-03-31": "1.94", "2016-12-31": "1.89", "2016-09-30": "1.84", "2016-06-30": "1.91", "2016-03-31": "1.89", "2015-12-31": "1.88", "2015-09-30": "1.87", "2015-06-30": "1.92", "2015-03-31": "1.93", "2014-12-31": "1.94", "2014-09-30": "1.92", "2014-06-30": "2.01", "2014-03-31": "2.05", "2013-12-31": "2.01", "2013-09-30": "2.05", "2013-06-30": "2.15", "2013-03-31": "2.27", "2012-12-31": "2.23", "2012-09-30": "2.20", "2012-06-30": "2.25", "2012-03-31": "2.23", "2011-12-31": "2.16", "2011-09-30": "2.11", "2011-06-30": "2.19", "2011-03-31": "2.12", "2010-12-31": "2.20", "2010-09-30": "2.35", "2010-06-30": "2.44", "2010-03-31": "2.49", "2009-12-31": "2.53", "2009-09-30": "2.33", "2009-06-30": "2.58", "2009-03-31": "2.43", "2008-12-31": "2.41", "2008-09-30": "2.46", "2008-06-30": "2.31", "2008-03-31": "2.15", "2007-12-31": "2.12", "2007-09-30": "1.98", "2007-06-30": "2.06", "2007-03-31": "2.06", "2006-12-31": "2.05", "2006-09-30": "2.13", "2006-06-30": "2.27", "2006-03-31": "2.28", "2005-12-31": "2.56", "2005-09-30": "3.21", "2005-06-30": "2.83", "2005-03-31": "2.85"}, "return on equity": {"2020-09-30": "-5.20%", "2020-06-30": "-3.11%", "2020-03-31": "-2.67%", "2019-12-31": "10.62%", "2019-09-30": "11.20%", "2019-06-30": "10.16%", "2019-03-31": "10.52%", "2018-12-31": "10.81%", "2018-09-30": "17.06%", "2018-06-30": "16.95%", "2018-03-31": "17.24%", "2017-12-31": "17.19%", "2017-09-30": "10.92%", "2017-06-30": "11.08%", "2017-03-31": "10.25%", "2016-12-31": "10.04%", "2016-09-30": "9.26%", "2016-06-30": "7.13%", "2016-03-31": "7.63%", "2015-12-31": "8.21%", "2015-09-30": "9.14%", "2015-06-30": "11.56%", "2015-03-31": "12.13%", "2014-12-31": "12.51%", "2014-09-30": "12.72%", "2014-06-30": "13.90%", "2014-03-31": "13.94%", "2013-12-31": "13.05%", "2013-09-30": "12.37%", "2013-06-30": "11.36%", "2013-03-31": "11.36%", "2012-12-31": "12.07%", "2012-09-30": "12.23%", "2012-06-30": "12.35%", "2012-03-31": "13.06%", "2011-12-31": "13.02%", "2011-09-30": "13.36%", "2011-06-30": "13.33%", "2011-03-31": "12.82%", "2010-12-31": "13.37%", "2010-09-30": "14.05%", "2010-06-30": "13.10%", "2010-03-31": "13.06%", "2009-12-31": "12.92%", "2009-09-30": "12.56%", "2009-06-30": "13.09%", "2009-03-31": "12.79%", "2008-12-31": "13.00%", "2008-09-30": "14.37%", "2008-06-30": "13.90%", "2008-03-31": "14.44%", "2007-12-31": "14.88%", "2007-09-30": "14.07%", "2007-06-30": "14.03%", "2007-03-31": "16.43%", "2006-12-31": "17.56%", "2006-09-30": "20.62%", "2006-06-30": "20.59%", "2006-03-31": "17.14%", "2005-12-31": "15.99%"}, "return on assets": {"2020-09-30": "-1.83%", "2020-06-30": "-1.12%", "2020-03-31": "-0.98%", "2019-12-31": "3.96%", "2019-09-30": "4.17%", "2019-06-30": "3.78%", "2019-03-31": "3.91%", "2018-12-31": "4.02%", "2018-09-30": "6.33%", "2018-06-30": "6.15%", "2018-03-31": "6.11%", "2017-12-31": "5.98%", "2017-09-30": "3.73%", "2017-06-30": "3.80%", "2017-03-31": "3.54%", "2016-12-31": "3.49%", "2016-09-30": "3.22%", "2016-06-30": "2.47%", "2016-03-31": "2.64%", "2015-12-31": "2.83%", "2015-09-30": "3.14%", "2015-06-30": "3.95%", "2015-03-31": "4.11%", "2014-12-31": "4.21%", "2014-09-30": "4.25%", "2014-06-30": "4.59%", "2014-03-31": "4.55%", "2013-12-31": "4.18%", "2013-09-30": "3.89%", "2013-06-30": "3.54%", "2013-03-31": "3.51%", "2012-12-31": "3.74%", "2012-09-30": "3.81%", "2012-06-30": "3.88%", "2012-03-31": "4.12%", "2011-12-31": "4.14%", "2011-09-30": "4.24%", "2011-06-30": "4.15%", "2011-03-31": "3.92%", "2010-12-31": "3.98%", "2010-09-30": "4.07%", "2010-06-30": "3.80%", "2010-03-31": "3.75%", "2009-12-31": "3.73%", "2009-09-30": "3.66%", "2009-06-30": "3.77%", "2009-03-31": "3.76%", "2008-12-31": "3.90%", "2008-09-30": "4.40%", "2008-06-30": "4.43%", "2008-03-31": "4.69%", "2007-12-31": "4.87%", "2007-09-30": "4.63%", "2007-06-30": "4.56%", "2007-03-31": "5.26%", "2006-12-31": "5.52%", "2006-09-30": "6.24%", "2006-06-30": "5.76%", "2006-03-31": "4.61%", "2005-12-31": "4.14%"}, "return on investments": {"2020-09-30": "7.20%", "2020-06-30": "7.36%", "2020-03-31": "7.12%", "2019-12-31": "7.00%", "2019-09-30": "6.94%", "2019-06-30": "6.38%", "2019-03-31": "6.98%", "2018-12-31": "7.38%", "2018-09-30": "7.97%", "2018-06-30": "8.48%", "2018-03-31": "8.62%", "2017-12-31": "8.35%", "2017-09-30": "8.92%", "2017-06-30": "9.20%", "2017-03-31": "9.02%", "2016-12-31": "8.97%", "2016-09-30": "7.87%", "2016-06-30": "7.75%", "2016-03-31": "7.78%", "2015-12-31": "8.09%", "2015-09-30": "8.72%", "2015-06-30": "8.76%", "2015-03-31": "9.18%", "2014-12-31": "9.40%", "2014-09-30": "9.47%", "2014-06-30": "9.86%", "2014-03-31": "10.03%", "2013-12-31": "10.13%", "2013-09-30": "10.29%", "2013-06-30": "10.82%", "2013-03-31": "11.20%", "2012-12-31": "11.77%", "2012-09-30": "11.96%", "2012-06-30": "12.21%", "2012-03-31": "12.58%", "2011-12-31": "12.45%", "2011-09-30": "12.63%", "2011-06-30": "12.52%", "2011-03-31": "12.29%", "2010-12-31": "13.08%", "2010-09-30": "13.60%", "2010-06-30": "13.06%", "2010-03-31": "12.88%", "2009-12-31": "12.40%", "2009-09-30": "11.85%", "2009-06-30": "12.06%", "2009-03-31": "12.54%", "2008-12-31": "12.90%", "2008-09-30": "14.35%", "2008-06-30": "14.74%", "2008-03-31": "14.92%", "2007-12-31": "15.21%", "2007-09-30": "14.26%", "2007-06-30": "14.70%", "2007-03-31": "14.96%", "2006-12-31": "15.45%", "2006-09-30": "15.62%", "2006-06-30": "14.44%", "2006-03-31": "13.03%", "2005-12-31": "11.87%"}, "return on tangible equity": {"2020-09-30": "-5.20%", "2020-06-30": "-3.11%", "2020-03-31": "-2.67%", "2019-12-31": "10.62%", "2019-09-30": "11.20%", "2019-06-30": "10.16%", "2019-03-31": "10.52%", "2018-12-31": "10.81%", "2018-09-30": "17.06%", "2018-06-30": "16.95%", "2018-03-31": "17.24%", "2017-12-31": "17.19%", "2017-09-30": "10.92%", "2017-06-30": "11.08%", "2017-03-31": "10.25%", "2016-12-31": "10.04%", "2016-09-30": "9.26%", "2016-06-30": "7.13%", "2016-03-31": "7.63%", "2015-12-31": "8.21%", "2015-09-30": "9.14%", "2015-06-30": "11.56%", "2015-03-31": "12.13%", "2014-12-31": "12.51%", "2014-09-30": "12.72%", "2014-06-30": "13.90%", "2014-03-31": "13.94%", "2013-12-31": "13.23%", "2013-09-30": "12.73%", "2013-06-30": "11.86%", "2013-03-31": "12.03%", "2012-12-31": "12.81%", "2012-09-30": "13.01%", "2012-06-30": "12.95%", "2012-03-31": "13.49%", "2011-12-31": "13.24%", "2011-09-30": "13.37%", "2011-06-30": "13.33%", "2011-03-31": "12.82%", "2010-12-31": "13.38%", "2010-09-30": "14.05%", "2010-06-30": "13.10%", "2010-03-31": "13.06%", "2009-12-31": "12.92%", "2009-09-30": "12.56%", "2009-06-30": "13.09%", "2009-03-31": "12.79%", "2008-12-31": "13.00%", "2008-09-30": "14.37%", "2008-06-30": "13.90%", "2008-03-31": "14.44%", "2007-12-31": "14.88%", "2007-09-30": "14.07%", "2007-06-30": "14.10%", "2007-03-31": "16.61%", "2006-12-31": "17.85%", "2006-09-30": "21.10%", "2006-06-30": "21.11%", "2006-03-31": "17.60%", "2005-12-31": "16.45%"}, "dividend yield history": {"last payout": "$1.61", "last yield": "5.12%"}}