{"ticker": "OKTA", "price": {"title": "Okta Historical Annual Stock Price Data", "value": 282.94, "historical": {"2020": {"Average Stock Price": "185.8860", "Year Open": "117.3100", "Year High": "285.6000", "Year Low": "96.0800", "Year Close": "254.2600", "Annual % Change": "120.39%"}, "2019": {"Average Stock Price": "107.2535", "Year Open": "63.2600", "Year High": "140.5300", "Year Low": "59.5600", "Year Close": "115.3700", "Annual % Change": "80.83%"}, "2018": {"Average Stock Price": "50.0659", "Year Open": "26.4600", "Year High": "74.1700", "Year Low": "26.3500", "Year Close": "63.8000", "Annual % Change": "149.12%"}, "2017": {"Average Stock Price": "26.0379", "Year Open": "23.5100", "Year High": "31.2800", "Year Low": "21.9500", "Year Close": "25.6100", "Annual % Change": "0.00%"}}}, "market cap": {"value": "$36.63B"}, "income statement": {"Revenue": {"2020-01-31": "586.06700", "2019-01-31": "399.25400", "2018-01-31": "256.54700", "2017-01-31": "160.80600", "2016-01-31": "85.90700", "2015-01-31": "41.01000"}, "Cost Of Goods Sold": {"2020-01-31": "159.38200", "2019-01-31": "113.42100", "2018-01-31": "80.75500", "2017-01-31": "55.94900", "2016-01-31": "36.02400", "2015-01-31": "18.73000"}, "Gross Profit": {"2020-01-31": "426.68500", "2019-01-31": "285.83300", "2018-01-31": "175.79200", "2017-01-31": "104.85700", "2016-01-31": "49.88300", "2015-01-31": "22.28000"}, "Research And Development Expenses": {"2020-01-31": "159.26900", "2019-01-31": "102.38500", "2018-01-31": "70.82100", "2017-01-31": "38.65900", "2016-01-31": "28.76100", "2015-01-31": "18.37000"}, "SG&A Expenses": {"2020-01-31": "453.24800", "2019-01-31": "303.07000", "2018-01-31": "216.82300", "2017-01-31": "140.86800", "2016-01-31": "97.11000", "2015-01-31": "62.69200"}, "Other Operating Income Or Expenses": {"2020-01-31": "", "2019-01-31": "", "2018-01-31": "", "2017-01-31": "", "2016-01-31": "", "2015-01-31": ""}, "Operating Expenses": {"2020-01-31": "771.89900", "2019-01-31": "518.87600", "2018-01-31": "368.39900", "2017-01-31": "235.47600", "2016-01-31": "161.89500", "2015-01-31": "99.79200"}, "Operating Income": {"2020-01-31": "-185.83200", "2019-01-31": "-119.62200", "2018-01-31": "-111.85200", "2017-01-31": "-74.67000", "2016-01-31": "-75.98800", "2015-01-31": "-58.78200"}, "Total Non-Operating Income/Expense": {"2020-01-31": "-24.50000", "2019-01-31": "-5.89200", "2018-01-31": "1.68200", "2017-01-31": "0.03900", "2016-01-31": "-0.01900", "2015-01-31": "-0.19900"}, "Pre-Tax Income": {"2020-01-31": "-210.33200", "2019-01-31": "-125.51400", "2018-01-31": "-110.17000", "2017-01-31": "-74.63100", "2016-01-31": "-76.00700", "2015-01-31": "-58.98100"}, "Income Taxes": {"2020-01-31": "-1.41900", "2019-01-31": "-0.01700", "2018-01-31": "-0.32100", "2017-01-31": "0.42500", "2016-01-31": "0.29500", "2015-01-31": "0.13000"}, "Income After Taxes": {"2020-01-31": "-208.91300", "2019-01-31": "-125.49700", "2018-01-31": "-109.84900", "2017-01-31": "-75.05600", "2016-01-31": "-76.30200", "2015-01-31": "-59.11100"}, "Other Income": {"2020-01-31": "", "2019-01-31": "", "2018-01-31": "", "2017-01-31": "", "2016-01-31": "", "2015-01-31": ""}, "Income From Continuous Operations": {"2020-01-31": "-208.91300", "2019-01-31": "-125.49700", "2018-01-31": "-109.84900", "2017-01-31": "-75.05600", "2016-01-31": "-76.30200", "2015-01-31": "-59.11100"}, "Income From Discontinued Operations": {"2020-01-31": "", "2019-01-31": "", "2018-01-31": "", "2017-01-31": "", "2016-01-31": "", "2015-01-31": ""}, "Net Income": {"2020-01-31": "-208.91300", "2019-01-31": "-125.49700", "2018-01-31": "-109.84900", "2017-01-31": "-75.05600", "2016-01-31": "-76.30200", "2015-01-31": "-59.11100"}, "EBITDA": {"2020-01-31": "-113.53700", "2019-01-31": "-76.49000", "2018-01-31": "-89.67100", "2017-01-31": "-59.63600", "2016-01-31": "-64.66100", "2015-01-31": "-54.06700"}, "EBIT": {"2020-01-31": "-185.83200", "2019-01-31": "-119.62200", "2018-01-31": "-111.85200", "2017-01-31": "-74.67000", "2016-01-31": "-75.98800", "2015-01-31": "-58.78200"}, "Basic Shares Outstanding": {"2020-01-31": "117.22100", "2019-01-31": "107.50400", "2018-01-31": "83.00400", "2017-01-31": "19.03800", "2016-01-31": "17.81700", "2015-01-31": "16.09700"}, "Shares Outstanding": {"2020-01-31": "117.22100", "2019-01-31": "107.50400", "2018-01-31": "83.00400", "2017-01-31": "19.03800", "2016-01-31": "17.81700", "2015-01-31": "16.09700"}, "Basic EPS": {"2020-01-31": "-1.78000", "2019-01-31": "-1.17000", "2018-01-31": "-1.32000", "2017-01-31": "-3.94000", "2016-01-31": "-4.28000", "2015-01-31": "-3.67000"}, "EPS - Earnings Per Share": {"2020-01-31": "-1.78000", "2019-01-31": "-1.17000", "2018-01-31": "-1.32000", "2017-01-31": "-3.94000", "2016-01-31": "-4.28000", "2015-01-31": "-3.67000"}}, "income statement, quarterly": {"Revenue": {"2020-10-31": "217.37900", "2020-07-31": "200.44600", "2020-04-30": "182.85900", "2020-01-31": "167.32710", "2019-10-31": "153.03700", "2019-07-31": "140.48000", "2019-04-30": "125.22300", "2019-01-31": "115.47100", "2018-10-31": "105.57600", "2018-07-31": "94.58600", "2018-04-30": "83.62100", "2018-01-31": "77.05200", "2017-10-31": "66.91100", "2017-07-31": "60.25900", "2017-04-30": "52.32500", "2017-01-31": "49.31600", "2016-10-31": "42.28300", "2016-07-31": "37.43600", "2016-04-30": "31.78700", "2016-01-31": "", "2015-01-31": ""}, "Cost Of Goods Sold": {"2020-10-31": "56.90800", "2020-07-31": "51.14700", "2020-04-30": "48.48600", "2020-01-31": "44.68300", "2019-10-31": "40.82400", "2019-07-31": "38.78000", "2019-04-30": "35.09500", "2019-01-31": "31.38600", "2018-10-31": "29.70000", "2018-07-31": "28.22800", "2018-04-30": "24.10700", "2018-01-31": "22.48700", "2017-10-31": "21.12300", "2017-07-31": "19.68200", "2017-04-30": "17.46300", "2017-01-31": "15.69900", "2016-10-31": "14.10300", "2016-07-31": "13.78000", "2016-04-30": "12.37900", "2016-01-31": "", "2015-01-31": ""}, "Gross Profit": {"2020-10-31": "160.47100", "2020-07-31": "149.29900", "2020-04-30": "134.37300", "2020-01-31": "122.64410", "2019-10-31": "112.21300", "2019-07-31": "101.70000", "2019-04-30": "90.12800", "2019-01-31": "84.08500", "2018-10-31": "75.87600", "2018-07-31": "66.35800", "2018-04-30": "59.51400", "2018-01-31": "54.56500", "2017-10-31": "45.78800", "2017-07-31": "40.57700", "2017-04-30": "34.86200", "2017-01-31": "33.61700", "2016-10-31": "28.18000", "2016-07-31": "23.65600", "2016-04-30": "19.40800", "2016-01-31": "", "2015-01-31": ""}, "Research And Development Expenses": {"2020-10-31": "58.15000", "2020-07-31": "53.86600", "2020-04-30": "48.49400", "2020-01-31": "43.36000", "2019-10-31": "41.83200", "2019-07-31": "40.04500", "2019-04-30": "34.03200", "2019-01-31": "30.03100", "2018-10-31": "27.59600", "2018-07-31": "24.82900", "2018-04-30": "19.92900", "2018-01-31": "19.34900", "2017-10-31": "19.19000", "2017-07-31": "16.92300", "2017-04-30": "15.35900", "2017-01-31": "10.54000", "2016-10-31": "9.70600", "2016-07-31": "9.65500", "2016-04-30": "8.76600", "2016-01-31": "", "2015-01-31": ""}, "SG&A Expenses": {"2020-10-31": "154.29700", "2020-07-31": "140.82100", "2020-04-30": "138.07800", "2020-01-31": "123.98700", "2019-10-31": "116.11100", "2019-07-31": "105.27200", "2019-04-30": "107.87800", "2019-01-31": "81.78900", "2018-10-31": "76.75900", "2018-07-31": "79.95900", "2018-04-30": "64.56300", "2018-01-31": "58.92900", "2017-10-31": "61.11300", "2017-07-31": "49.83900", "2017-04-30": "46.94200", "2017-01-31": "32.60800", "2016-10-31": "40.36400", "2016-07-31": "34.56300", "2016-04-30": "33.34600", "2016-01-31": "", "2015-01-31": ""}, "Other Operating Income Or Expenses": {"2020-10-31": "", "2020-07-31": "", "2020-04-30": "", "2020-01-31": "", "2019-10-31": "", "2019-07-31": "", "2019-04-30": "", "2019-01-31": "", "2018-10-31": "", "2018-07-31": "", "2018-04-30": "", "2018-01-31": "", "2017-10-31": "", "2017-07-31": "", "2017-04-30": "", "2017-01-31": "", "2016-10-31": "", "2016-07-31": "", "2016-04-30": "", "2016-01-31": "", "2015-01-31": ""}, "Operating Expenses": {"2020-10-31": "269.35500", "2020-07-31": "245.83400", "2020-04-30": "235.05800", "2020-01-31": "212.03000", "2019-10-31": "198.76700", "2019-07-31": "184.09700", "2019-04-30": "177.00500", "2019-01-31": "143.20600", "2018-10-31": "134.05500", "2018-07-31": "133.01600", "2018-04-30": "108.59900", "2018-01-31": "100.76500", "2017-10-31": "101.42600", "2017-07-31": "86.44400", "2017-04-30": "79.76400", "2017-01-31": "58.84700", "2016-10-31": "64.17300", "2016-07-31": "57.99800", "2016-04-30": "54.49100", "2016-01-31": "", "2015-01-31": ""}, "Operating Income": {"2020-10-31": "-51.97600", "2020-07-31": "-45.38800", "2020-04-30": "-52.19900", "2020-01-31": "-44.70290", "2019-10-31": "-45.73000", "2019-07-31": "-43.61700", "2019-04-30": "-51.78200", "2019-01-31": "-27.73500", "2018-10-31": "-28.47900", "2018-07-31": "-38.43000", "2018-04-30": "-24.97800", "2018-01-31": "-23.71300", "2017-10-31": "-34.51500", "2017-07-31": "-26.18500", "2017-04-30": "-27.43900", "2017-01-31": "-9.53100", "2016-10-31": "-21.89000", "2016-07-31": "-20.56200", "2016-04-30": "-22.70400", "2016-01-31": "", "2015-01-31": ""}, "Total Non-Operating Income/Expense": {"2020-10-31": "-20.57900", "2020-07-31": "-15.14500", "2020-04-30": "-5.86500", "2020-01-31": "-4.90300", "2019-10-31": "-17.41600", "2019-07-31": "-0.84000", "2019-04-30": "-1.34100", "2019-01-31": "-1.21000", "2018-10-31": "-1.70500", "2018-07-31": "-1.76200", "2018-04-30": "-1.21500", "2018-01-31": "0.81000", "2017-10-31": "0.50900", "2017-07-31": "0.38200", "2017-04-30": "-0.01900", "2017-01-31": "-0.09100", "2016-10-31": "0.05000", "2016-07-31": "0.05600", "2016-04-30": "0.03200", "2016-01-31": "", "2015-01-31": ""}, "Pre-Tax Income": {"2020-10-31": "-72.55500", "2020-07-31": "-60.53300", "2020-04-30": "-58.06400", "2020-01-31": "-49.60600", "2019-10-31": "-63.14600", "2019-07-31": "-44.45700", "2019-04-30": "-53.12300", "2019-01-31": "-28.94500", "2018-10-31": "-30.18400", "2018-07-31": "-40.19200", "2018-04-30": "-26.19300", "2018-01-31": "-22.90300", "2017-10-31": "-34.00600", "2017-07-31": "-25.80300", "2017-04-30": "-27.45800", "2017-01-31": "-9.62100", "2016-10-31": "-21.84000", "2016-07-31": "-20.50600", "2016-04-30": "-22.67200", "2016-01-31": "", "2015-01-31": ""}, "Income Taxes": {"2020-10-31": "0.20900", "2020-07-31": "-0.43300", "2020-04-30": "-0.40200", "2020-01-31": "0.86600", "2019-10-31": "0.34900", "2019-07-31": "-1.47700", "2019-04-30": "-1.15700", "2019-01-31": "1.86600", "2018-10-31": "-0.66700", "2018-07-31": "-0.98500", "2018-04-30": "-0.23100", "2018-01-31": "0.14200", "2017-10-31": "-0.94000", "2017-07-31": "0.22900", "2017-04-30": "0.24800", "2017-01-31": "0.16500", "2016-10-31": "0.09100", "2016-07-31": "0.09500", "2016-04-30": "0.08100", "2016-01-31": "", "2015-01-31": ""}, "Income After Taxes": {"2020-10-31": "-72.76400", "2020-07-31": "-60.10000", "2020-04-30": "-57.66200", "2020-01-31": "-50.47200", "2019-10-31": "-63.49500", "2019-07-31": "-42.98000", "2019-04-30": "-51.96600", "2019-01-31": "-30.81100", "2018-10-31": "-29.51700", "2018-07-31": "-39.20700", "2018-04-30": "-25.96200", "2018-01-31": "-23.04500", "2017-10-31": "-33.06600", "2017-07-31": "-26.03200", "2017-04-30": "-27.70600", "2017-01-31": "-9.78600", "2016-10-31": "-21.93100", "2016-07-31": "-20.60100", "2016-04-30": "-22.75300", "2016-01-31": "", "2015-01-31": ""}, "Other Income": {"2020-10-31": "", "2020-07-31": "", "2020-04-30": "", "2020-01-31": "", "2019-10-31": "", "2019-07-31": "", "2019-04-30": "", "2019-01-31": "", "2018-10-31": "", "2018-07-31": "", "2018-04-30": "", "2018-01-31": "", "2017-10-31": "", "2017-07-31": "", "2017-04-30": "", "2017-01-31": "0.00000", "2016-10-31": "", "2016-07-31": "", "2016-04-30": "", "2016-01-31": "", "2015-01-31": ""}, "Income From Continuous Operations": {"2020-10-31": "-72.76400", "2020-07-31": "-60.10000", "2020-04-30": "-57.66200", "2020-01-31": "-50.47200", "2019-10-31": "-63.49500", "2019-07-31": "-42.98000", "2019-04-30": "-51.96600", "2019-01-31": "-30.81100", "2018-10-31": "-29.51700", "2018-07-31": "-39.20700", "2018-04-30": "-25.96200", "2018-01-31": "-23.04500", "2017-10-31": "-33.06600", "2017-07-31": "-26.03200", "2017-04-30": "-27.70600", "2017-01-31": "-9.77600", "2016-10-31": "-21.93100", "2016-07-31": "-20.60100", "2016-04-30": "-22.75300", "2016-01-31": "", "2015-01-31": ""}, "Income From Discontinued Operations": {"2020-10-31": "", "2020-07-31": "", "2020-04-30": "", "2020-01-31": "", "2019-10-31": "", "2019-07-31": "", "2019-04-30": "", "2019-01-31": "", "2018-10-31": "", "2018-07-31": "", "2018-04-30": "", "2018-01-31": "", "2017-10-31": "", "2017-07-31": "", "2017-04-30": "", "2017-01-31": "0.00000", "2016-10-31": "", "2016-07-31": "", "2016-04-30": "", "2016-01-31": "", "2015-01-31": ""}, "Net Income": {"2020-10-31": "-72.76400", "2020-07-31": "-60.10000", "2020-04-30": "-57.66200", "2020-01-31": "-50.47200", "2019-10-31": "-63.49500", "2019-07-31": "-42.98000", "2019-04-30": "-51.96600", "2019-01-31": "-30.81100", "2018-10-31": "-29.51700", "2018-07-31": "-39.20700", "2018-04-30": "-25.96200", "2018-01-31": "-23.04500", "2017-10-31": "-33.06600", "2017-07-31": "-26.03200", "2017-04-30": "-27.70600", "2017-01-31": "-9.77600", "2016-10-31": "-21.93100", "2016-07-31": "-20.60100", "2016-04-30": "-22.75300", "2016-01-31": "", "2015-01-31": ""}, "EBITDA": {"2020-10-31": "-9.69100", "2020-07-31": "-12.79300", "2020-04-30": "-27.69600", "2020-01-31": "-20.93790", "2019-10-31": "-26.42100", "2019-07-31": "-28.14800", "2019-04-30": "-38.03000", "2019-01-31": "-15.70500", "2018-10-31": "-17.10200", "2018-07-31": "-27.91700", "2018-04-30": "-15.76600", "2018-01-31": "-17.55400", "2017-10-31": "-28.78700", "2017-07-31": "-19.62800", "2017-04-30": "-23.70200", "2017-01-31": "-4.33400", "2016-10-31": "-17.14800", "2016-07-31": "-16.14100", "2016-04-30": "-18.76400", "2016-01-31": "", "2015-01-31": ""}, "EBIT": {"2020-10-31": "-51.97600", "2020-07-31": "-45.38800", "2020-04-30": "-52.19900", "2020-01-31": "-44.70300", "2019-10-31": "-45.73000", "2019-07-31": "-43.61700", "2019-04-30": "-51.78200", "2019-01-31": "-27.73500", "2018-10-31": "-28.47900", "2018-07-31": "-38.43000", "2018-04-30": "-24.97800", "2018-01-31": "-23.71300", "2017-10-31": "-34.51500", "2017-07-31": "-26.18500", "2017-04-30": "-27.43900", "2017-01-31": "-9.53100", "2016-10-31": "-21.89000", "2016-07-31": "-20.56200", "2016-04-30": "-22.70400", "2016-01-31": "", "2015-01-31": ""}, "Basic Shares Outstanding": {"2020-10-31": "128.81300", "2020-07-31": "126.31900", "2020-04-30": "123.49400", "2020-01-31": "117.22100", "2019-10-31": "118.97600", "2019-07-31": "115.03300", "2019-04-30": "112.68200", "2019-01-31": "107.50400", "2018-10-31": "108.77600", "2018-07-31": "106.70200", "2018-04-30": "104.20300", "2018-01-31": "83.00400", "2017-10-31": "95.47400", "2017-07-31": "93.57600", "2017-04-30": "39.78300", "2017-01-31": "19.03800", "2016-10-31": "19.17400", "2016-07-31": "18.80200", "2016-04-30": "18.57400", "2016-01-31": "", "2015-01-31": ""}, "Shares Outstanding": {"2020-10-31": "128.81300", "2020-07-31": "126.31900", "2020-04-30": "123.49400", "2020-01-31": "117.22100", "2019-10-31": "118.97600", "2019-07-31": "115.03300", "2019-04-30": "112.68200", "2019-01-31": "107.50400", "2018-10-31": "108.77600", "2018-07-31": "106.70200", "2018-04-30": "104.20300", "2018-01-31": "83.00400", "2017-10-31": "95.47400", "2017-07-31": "93.57600", "2017-04-30": "39.78300", "2017-01-31": "19.03800", "2016-10-31": "19.17400", "2016-07-31": "18.80200", "2016-04-30": "18.57400", "2016-01-31": "", "2015-01-31": ""}, "Basic EPS": {"2020-10-31": "-0.56000", "2020-07-31": "-0.48000", "2020-04-30": "-0.47000", "2020-01-31": "-0.42000", "2019-10-31": "-0.53000", "2019-07-31": "-0.37000", "2019-04-30": "-0.46000", "2019-01-31": "-0.28000", "2018-10-31": "-0.27000", "2018-07-31": "-0.37000", "2018-04-30": "-0.25000", "2018-01-31": "0.01000", "2017-10-31": "-0.35000", "2017-07-31": "-0.28000", "2017-04-30": "-0.70000", "2017-01-31": "-0.48000", "2016-10-31": "-1.14000", "2016-07-31": "-1.10000", "2016-04-30": "-1.22000", "2016-01-31": "", "2015-01-31": ""}, "EPS - Earnings Per Share": {"2020-10-31": "-0.56000", "2020-07-31": "-0.48000", "2020-04-30": "-0.47000", "2020-01-31": "-0.42000", "2019-10-31": "-0.53000", "2019-07-31": "-0.37000", "2019-04-30": "-0.46000", "2019-01-31": "-0.28000", "2018-10-31": "-0.27000", "2018-07-31": "-0.37000", "2018-04-30": "-0.25000", "2018-01-31": "0.01000", "2017-10-31": "-0.35000", "2017-07-31": "-0.28000", "2017-04-30": "-0.70000", "2017-01-31": "-0.48000", "2016-10-31": "-1.14000", "2016-07-31": "-1.10000", "2016-04-30": "-1.22000", "2016-01-31": "0.00000", "2015-01-31": "0.00000"}}, "balance sheet": {"Cash On Hand": {"2020-01-31": "1403.02400", "2019-01-31": "563.76800", "2018-01-31": "229.71400", "2017-01-31": "37.67200", "2016-01-31": "87.94500", "2015-01-31": ""}, "Receivables": {"2020-01-31": "130.11500", "2019-01-31": "91.92600", "2018-01-31": "52.24800", "2017-01-31": "34.54400", "2016-01-31": "23.00900", "2015-01-31": ""}, "Inventory": {"2020-01-31": "", "2019-01-31": "", "2018-01-31": "", "2017-01-31": "", "2016-01-31": "", "2015-01-31": ""}, "Pre-Paid Expenses": {"2020-01-31": "32.95000", "2019-01-31": "28.23700", "2018-01-31": "17.78100", "2017-01-31": "7.02500", "2016-01-31": "4.57000", "2015-01-31": ""}, "Other Current Assets": {"2020-01-31": "", "2019-01-31": "", "2018-01-31": "", "2017-01-31": "", "2016-01-31": "", "2015-01-31": ""}, "Total Current Assets": {"2020-01-31": "1599.72500", "2019-01-31": "708.11600", "2018-01-31": "317.49800", "2017-01-31": "92.79000", "2016-01-31": "125.66800", "2015-01-31": ""}, "Property, Plant, And Equipment": {"2020-01-31": "53.53500", "2019-01-31": "52.92100", "2018-01-31": "12.54000", "2017-01-31": "11.02600", "2016-01-31": "4.70900", "2015-01-31": ""}, "Long-Term Investments": {"2020-01-31": "", "2019-01-31": "", "2018-01-31": "", "2017-01-31": "", "2016-01-31": "", "2015-01-31": ""}, "Goodwill And Intangible Assets": {"2020-01-31": "80.55200", "2019-01-31": "31.98600", "2018-01-31": "18.04300", "2017-01-31": "11.78500", "2016-01-31": "7.22300", "2015-01-31": "0.00000"}, "Other Long-Term Assets": {"2020-01-31": "18.50500", "2019-01-31": "15.08900", "2018-01-31": "10.42700", "2017-01-31": "4.98400", "2016-01-31": "4.36500", "2015-01-31": ""}, "Total Long-Term Assets": {"2020-01-31": "355.67000", "2019-01-31": "276.19700", "2018-01-31": "81.76500", "2017-01-31": "37.84500", "2016-01-31": "24.09500", "2015-01-31": ""}, "Total Assets": {"2020-01-31": "1955.39500", "2019-01-31": "984.31300", "2018-01-31": "399.26300", "2017-01-31": "130.63500", "2016-01-31": "149.76300", "2015-01-31": "0.00000"}, "Total Current Liabilities": {"2020-01-31": "546.96300", "2019-01-31": "573.10400", "2018-01-31": "187.94300", "2017-01-31": "134.49600", "2016-01-31": "87.14000", "2015-01-31": ""}, "Long Term Debt": {"2020-01-31": "837.00200", "2019-01-31": "", "2018-01-31": "", "2017-01-31": "", "2016-01-31": "", "2015-01-31": ""}, "Other Non-Current Liabilities": {"2020-01-31": "5.36100", "2019-01-31": "3.01800", "2018-01-31": "7.01700", "2017-01-31": "6.07900", "2016-01-31": "4.02400", "2015-01-31": ""}, "Total Long Term Liabilities": {"2020-01-31": "1003.08800", "2019-01-31": "158.83200", "2018-01-31": "11.98000", "2017-01-31": "11.79000", "2016-01-31": "15.73100", "2015-01-31": ""}, "Total Liabilities": {"2020-01-31": "1550.05100", "2019-01-31": "731.93600", "2018-01-31": "199.92300", "2017-01-31": "146.28600", "2016-01-31": "102.87100", "2015-01-31": "0.00000"}, "Common Stock Net": {"2020-01-31": "0.01200", "2019-01-31": "0.01100", "2018-01-31": "0.01000", "2017-01-31": "0.00200", "2016-01-31": "0.00200", "2015-01-31": "0.00000"}, "Retained Earnings (Accumulated Deficit)": {"2020-01-31": "-701.12400", "2019-01-31": "-492.21100", "2018-01-31": "-366.71400", "2017-01-31": "-287.90900", "2016-01-31": "-204.40000", "2015-01-31": ""}, "Comprehensive Income": {"2020-01-31": "0.89200", "2019-01-31": "-0.31900", "2018-01-31": "0.39100", "2017-01-31": "-0.16700", "2016-01-31": "-0.05700", "2015-01-31": ""}, "Other Share Holders Equity": {"2020-01-31": "", "2019-01-31": "", "2018-01-31": "", "2017-01-31": "", "2016-01-31": "", "2015-01-31": "0.00000"}, "Share Holder Equity": {"2020-01-31": "405.34400", "2019-01-31": "252.37700", "2018-01-31": "199.34000", "2017-01-31": "-15.65100", "2016-01-31": "46.89200", "2015-01-31": "0.00000"}, "Total Liabilities And Share Holders Equity": {"2020-01-31": "1955.39500", "2019-01-31": "984.31300", "2018-01-31": "399.26300", "2017-01-31": "130.63500", "2016-01-31": "149.76300", "2015-01-31": "0.00000"}}, "balance sheet, quarterly": {"Cash On Hand": {"2020-10-31": "2495.14200", "2020-07-31": "2514.51300", "2020-04-30": "1446.77700", "2020-01-31": "1403.02400", "2019-10-31": "1366.25500", "2019-07-31": "557.46500", "2019-04-30": "547.48300", "2019-01-31": "563.76800", "2018-10-31": "546.00300", "2018-07-31": "536.25600", "2018-04-30": "547.04100", "2018-01-31": "229.71400", "2017-10-31": "223.61800", "2017-07-31": "213.21900", "2017-04-30": "224.22600", "2017-01-31": "37.67200", "2016-10-31": "", "2016-07-31": "", "2016-04-30": "", "2016-01-31": "87.93000", "2015-01-31": ""}, "Receivables": {"2020-10-31": "139.47300", "2020-07-31": "110.54000", "2020-04-30": "111.03900", "2020-01-31": "130.11500", "2019-10-31": "101.77800", "2019-07-31": "87.85100", "2019-04-30": "83.32800", "2019-01-31": "91.92600", "2018-10-31": "70.13600", "2018-07-31": "59.83900", "2018-04-30": "50.36800", "2018-01-31": "52.24800", "2017-10-31": "46.88200", "2017-07-31": "35.30400", "2017-04-30": "32.17100", "2017-01-31": "34.54400", "2016-10-31": "", "2016-07-31": "", "2016-04-30": "", "2016-01-31": "23.00000", "2015-01-31": ""}, "Inventory": {"2020-10-31": "", "2020-07-31": "", "2020-04-30": "", "2020-01-31": "", "2019-10-31": "", "2019-07-31": "", "2019-04-30": "", "2019-01-31": "", "2018-10-31": "", "2018-07-31": "", "2018-04-30": "", "2018-01-31": "", "2017-10-31": "", "2017-07-31": "", "2017-04-30": "", "2017-01-31": "", "2016-10-31": "", "2016-07-31": "", "2016-04-30": "", "2016-01-31": "", "2015-01-31": ""}, "Pre-Paid Expenses": {"2020-10-31": "82.01600", "2020-07-31": "44.07400", "2020-04-30": "40.91200", "2020-01-31": "32.95000", "2019-10-31": "29.02300", "2019-07-31": "24.64200", "2019-04-30": "20.54200", "2019-01-31": "28.23700", "2018-10-31": "20.28000", "2018-07-31": "17.43300", "2018-04-30": "20.20300", "2018-01-31": "17.78100", "2017-10-31": "10.03800", "2017-07-31": "12.88400", "2017-04-30": "10.27100", "2017-01-31": "7.02500", "2016-10-31": "", "2016-07-31": "", "2016-04-30": "", "2016-01-31": "", "2015-01-31": ""}, "Other Current Assets": {"2020-10-31": "", "2020-07-31": "", "2020-04-30": "", "2020-01-31": "", "2019-10-31": "", "2019-07-31": "", "2019-04-30": "", "2019-01-31": "", "2018-10-31": "", "2018-07-31": "", "2018-04-30": "", "2018-01-31": "", "2017-10-31": "", "2017-07-31": "", "2017-04-30": "", "2017-01-31": "", "2016-10-31": "", "2016-07-31": "", "2016-04-30": "", "2016-01-31": "14.71000", "2015-01-31": ""}, "Total Current Assets": {"2020-10-31": "2757.53900", "2020-07-31": "2706.93500", "2020-04-30": "1633.52300", "2020-01-31": "1599.72500", "2019-10-31": "1526.60000", "2019-07-31": "697.02000", "2019-04-30": "676.92900", "2019-01-31": "708.11600", "2018-10-31": "658.11400", "2018-07-31": "633.37600", "2018-04-30": "636.16300", "2018-01-31": "317.49800", "2017-10-31": "294.67200", "2017-07-31": "274.68600", "2017-04-30": "279.79900", "2017-01-31": "92.79000", "2016-10-31": "", "2016-07-31": "", "2016-04-30": "", "2016-01-31": "125.66000", "2015-01-31": ""}, "Property, Plant, And Equipment": {"2020-10-31": "62.40500", "2020-07-31": "63.40600", "2020-04-30": "61.91400", "2020-01-31": "53.53500", "2019-10-31": "51.73000", "2019-07-31": "51.85800", "2019-04-30": "52.18900", "2019-01-31": "52.92100", "2018-10-31": "44.25100", "2018-07-31": "40.67000", "2018-04-30": "19.17600", "2018-01-31": "12.54000", "2017-10-31": "13.12200", "2017-07-31": "13.30200", "2017-04-30": "13.18000", "2017-01-31": "11.02600", "2016-10-31": "", "2016-07-31": "", "2016-04-30": "", "2016-01-31": "6.68000", "2015-01-31": ""}, "Long-Term Investments": {"2020-10-31": "", "2020-07-31": "", "2020-04-30": "", "2020-01-31": "", "2019-10-31": "", "2019-07-31": "", "2019-04-30": "", "2019-01-31": "", "2018-10-31": "", "2018-07-31": "", "2018-04-30": "", "2018-01-31": "", "2017-10-31": "", "2017-07-31": "", "2017-04-30": "", "2017-01-31": "", "2016-10-31": "", "2016-07-31": "", "2016-04-30": "", "2016-01-31": "", "2015-01-31": ""}, "Goodwill And Intangible Assets": {"2020-10-31": "76.97600", "2020-07-31": "78.05400", "2020-04-30": "79.05500", "2020-01-31": "80.55200", "2019-10-31": "81.79000", "2019-07-31": "82.67600", "2019-04-30": "75.98600", "2019-01-31": "31.98600", "2018-10-31": "33.06300", "2018-07-31": "34.10100", "2018-04-30": "18.14500", "2018-01-31": "18.04300", "2017-10-31": "17.73700", "2017-07-31": "17.33300", "2017-04-30": "16.11700", "2017-01-31": "11.78500", "2016-10-31": "0.00000", "2016-07-31": "0.00000", "2016-04-30": "0.00000", "2016-01-31": "7.22000", "2015-01-31": "0.00000"}, "Other Long-Term Assets": {"2020-10-31": "24.35500", "2020-07-31": "22.28300", "2020-04-30": "20.48200", "2020-01-31": "18.50500", "2019-10-31": "18.44500", "2019-07-31": "18.99000", "2019-04-30": "16.69800", "2019-01-31": "15.08900", "2018-10-31": "13.52500", "2018-07-31": "12.48300", "2018-04-30": "12.34300", "2018-01-31": "10.42700", "2017-10-31": "2.46300", "2017-07-31": "1.65800", "2017-04-30": "1.67100", "2017-01-31": "4.98400", "2016-10-31": "", "2016-07-31": "", "2016-04-30": "", "2016-01-31": "4.36000", "2015-01-31": ""}, "Total Long-Term Assets": {"2020-10-31": "412.74000", "2020-07-31": "408.08000", "2020-04-30": "403.48400", "2020-01-31": "355.67000", "2019-10-31": "344.17700", "2019-07-31": "329.79000", "2019-04-30": "321.61300", "2019-01-31": "276.19700", "2018-10-31": "138.59500", "2018-07-31": "130.54100", "2018-04-30": "90.74100", "2018-01-31": "81.76500", "2017-10-31": "42.48500", "2017-07-31": "41.54100", "2017-04-30": "40.43100", "2017-01-31": "37.84500", "2016-10-31": "", "2016-07-31": "", "2016-04-30": "", "2016-01-31": "26.05000", "2015-01-31": ""}, "Total Assets": {"2020-10-31": "3170.27900", "2020-07-31": "3115.01500", "2020-04-30": "2037.00700", "2020-01-31": "1955.39500", "2019-10-31": "1870.77700", "2019-07-31": "1026.81000", "2019-04-30": "998.54200", "2019-01-31": "984.31300", "2018-10-31": "796.70900", "2018-07-31": "763.91700", "2018-04-30": "726.90400", "2018-01-31": "399.26300", "2017-10-31": "337.15700", "2017-07-31": "316.22700", "2017-04-30": "320.23000", "2017-01-31": "130.63500", "2016-10-31": "0.00000", "2016-07-31": "0.00000", "2016-04-30": "0.00000", "2016-01-31": "149.76000", "2015-01-31": "0.00000"}, "Total Current Liabilities": {"2020-10-31": "573.94000", "2020-07-31": "533.58000", "2020-04-30": "570.38800", "2020-01-31": "546.96300", "2019-10-31": "478.39400", "2019-07-31": "620.66900", "2019-04-30": "601.91300", "2019-01-31": "573.10400", "2018-10-31": "244.78600", "2018-07-31": "218.14000", "2018-04-30": "202.92600", "2018-01-31": "187.94300", "2017-10-31": "170.96100", "2017-07-31": "152.79900", "2017-04-30": "143.06100", "2017-01-31": "134.49600", "2016-10-31": "", "2016-07-31": "", "2016-04-30": "", "2016-01-31": "87.14000", "2015-01-31": ""}, "Long Term Debt": {"2020-10-31": "1709.77700", "2020-07-31": "1689.43800", "2020-04-30": "845.86200", "2020-01-31": "837.00200", "2019-10-31": "828.23700", "2019-07-31": "", "2019-04-30": "", "2019-01-31": "", "2018-10-31": "267.66500", "2018-07-31": "263.76200", "2018-04-30": "259.92000", "2018-01-31": "", "2017-10-31": "", "2017-07-31": "", "2017-04-30": "", "2017-01-31": "", "2016-10-31": "", "2016-07-31": "", "2016-04-30": "", "2016-01-31": "", "2015-01-31": ""}, "Other Non-Current Liabilities": {"2020-10-31": "12.70500", "2020-07-31": "12.01800", "2020-04-30": "6.70200", "2020-01-31": "5.36100", "2019-10-31": "4.77900", "2019-07-31": "4.24100", "2019-04-30": "3.47000", "2019-01-31": "3.01800", "2018-10-31": "34.77800", "2018-07-31": "31.39900", "2018-04-30": "10.09500", "2018-01-31": "7.01700", "2017-10-31": "6.55300", "2017-07-31": "6.45100", "2017-04-30": "6.32300", "2017-01-31": "6.07900", "2016-10-31": "", "2016-07-31": "", "2016-04-30": "", "2016-01-31": "4.02000", "2015-01-31": ""}, "Total Long Term Liabilities": {"2020-10-31": "1915.69100", "2020-07-31": "1896.23800", "2020-04-30": "1053.52300", "2020-01-31": "1003.08800", "2019-10-31": "993.98900", "2019-07-31": "155.41600", "2019-04-30": "157.18500", "2019-01-31": "158.83200", "2018-10-31": "307.42000", "2018-07-31": "300.63200", "2018-04-30": "274.36100", "2018-01-31": "11.98000", "2017-10-31": "9.74100", "2017-07-31": "10.55900", "2017-04-30": "11.25000", "2017-01-31": "11.79000", "2016-10-31": "", "2016-07-31": "", "2016-04-30": "", "2016-01-31": "15.72000", "2015-01-31": ""}, "Total Liabilities": {"2020-10-31": "2489.63100", "2020-07-31": "2429.81800", "2020-04-30": "1623.91100", "2020-01-31": "1550.05100", "2019-10-31": "1472.38300", "2019-07-31": "776.08500", "2019-04-30": "759.09800", "2019-01-31": "731.93600", "2018-10-31": "552.20600", "2018-07-31": "518.77200", "2018-04-30": "477.28700", "2018-01-31": "199.92300", "2017-10-31": "180.70200", "2017-07-31": "163.35800", "2017-04-30": "154.31100", "2017-01-31": "146.28600", "2016-10-31": "0.00000", "2016-07-31": "0.00000", "2016-04-30": "0.00000", "2016-01-31": "102.87000", "2015-01-31": "0.00000"}, "Common Stock Net": {"2020-10-31": "0.01300", "2020-07-31": "0.01300", "2020-04-30": "0.01300", "2020-01-31": "0.01200", "2019-10-31": "0.01200", "2019-07-31": "0.01200", "2019-04-30": "0.01100", "2019-01-31": "0.01100", "2018-10-31": "0.01100", "2018-07-31": "0.01100", "2018-04-30": "0.01100", "2018-01-31": "0.01000", "2017-10-31": "0.01000", "2017-07-31": "0.01000", "2017-04-30": "0.00900", "2017-01-31": "0.00200", "2016-10-31": "0.00000", "2016-07-31": "0.00000", "2016-04-30": "0.00000", "2016-01-31": "0.00200", "2015-01-31": "0.00000"}, "Retained Earnings (Accumulated Deficit)": {"2020-10-31": "-891.65000", "2020-07-31": "-818.88600", "2020-04-30": "-758.78600", "2020-01-31": "-701.12400", "2019-10-31": "-650.65200", "2019-07-31": "-587.15700", "2019-04-30": "-544.17700", "2019-01-31": "-492.21100", "2018-10-31": "-461.40000", "2018-07-31": "-431.88300", "2018-04-30": "-392.67600", "2018-01-31": "-366.71400", "2017-10-31": "-377.79000", "2017-07-31": "-344.01200", "2017-04-30": "-317.01000", "2017-01-31": "-287.90900", "2016-10-31": "", "2016-07-31": "", "2016-04-30": "", "2016-01-31": "-204.40000", "2015-01-31": ""}, "Comprehensive Income": {"2020-10-31": "2.57100", "2020-07-31": "5.52100", "2020-04-30": "3.74200", "2020-01-31": "0.89200", "2019-10-31": "0.13500", "2019-07-31": "-1.65300", "2019-04-30": "-0.45700", "2019-01-31": "-0.31900", "2018-10-31": "-0.91800", "2018-07-31": "-0.48000", "2018-04-30": "-0.17800", "2018-01-31": "0.39100", "2017-10-31": "-0.06900", "2017-07-31": "0.07000", "2017-04-30": "-0.09900", "2017-01-31": "-0.16700", "2016-10-31": "", "2016-07-31": "", "2016-04-30": "", "2016-01-31": "", "2015-01-31": ""}, "Other Share Holders Equity": {"2020-10-31": "", "2020-07-31": "", "2020-04-30": "", "2020-01-31": "", "2019-10-31": "", "2019-07-31": "", "2019-04-30": "", "2019-01-31": "", "2018-10-31": "", "2018-07-31": "", "2018-04-30": "", "2018-01-31": "", "2017-10-31": "", "2017-07-31": "", "2017-04-30": "", "2017-01-31": "", "2016-10-31": "0.00000", "2016-07-31": "0.00000", "2016-04-30": "0.00000", "2016-01-31": "-0.05000", "2015-01-31": "0.00000"}, "Share Holder Equity": {"2020-10-31": "680.64800", "2020-07-31": "685.19700", "2020-04-30": "413.09600", "2020-01-31": "405.34400", "2019-10-31": "398.39400", "2019-07-31": "250.72500", "2019-04-30": "239.44400", "2019-01-31": "252.37700", "2018-10-31": "244.50300", "2018-07-31": "245.14500", "2018-04-30": "249.61700", "2018-01-31": "199.34000", "2017-10-31": "156.45500", "2017-07-31": "152.86900", "2017-04-30": "165.91900", "2017-01-31": "-15.65100", "2016-10-31": "0.00000", "2016-07-31": "0.00000", "2016-04-30": "0.00000", "2016-01-31": "46.89000", "2015-01-31": "0.00000"}, "Total Liabilities And Share Holders Equity": {"2020-10-31": "3170.27900", "2020-07-31": "3115.01500", "2020-04-30": "2037.00700", "2020-01-31": "1955.39500", "2019-10-31": "1870.77700", "2019-07-31": "1026.81000", "2019-04-30": "998.54200", "2019-01-31": "984.31300", "2018-10-31": "796.70900", "2018-07-31": "763.91700", "2018-04-30": "726.90400", "2018-01-31": "399.26300", "2017-10-31": "337.15700", "2017-07-31": "316.22700", "2017-04-30": "320.23000", "2017-01-31": "130.63500", "2016-10-31": "0.00000", "2016-07-31": "0.00000", "2016-04-30": "0.00000", "2016-01-31": "149.76000", "2015-01-31": "0.00000"}}, "cash flow statement": {"Net Income/Loss": {"2020-01-31": "-208.91300", "2019-01-31": "-125.49700", "2018-01-31": "-109.84900", "2017-01-31": "-75.05600", "2016-01-31": "-76.30200", "2015-01-31": "-59.11100"}, "Total Depreciation And Amortization - Cash Flow": {"2020-01-31": "72.29500", "2019-01-31": "43.13200", "2018-01-31": "22.18100", "2017-01-31": "15.03400", "2016-01-31": "11.32700", "2015-01-31": "4.71500"}, "Other Non-Cash Items": {"2020-01-31": "140.67800", "2019-01-31": "77.20300", "2018-01-31": "51.86700", "2017-01-31": "17.83100", "2016-01-31": "10.76600", "2015-01-31": "6.90000"}, "Total Non-Cash Items": {"2020-01-31": "212.97300", "2019-01-31": "120.33500", "2018-01-31": "74.04800", "2017-01-31": "32.86500", "2016-01-31": "22.09300", "2015-01-31": "11.61500"}, "Change In Accounts Receivable": {"2020-01-31": "-37.51500", "2019-01-31": "-39.68200", "2018-01-31": "-18.32100", "2017-01-31": "-11.99300", "2016-01-31": "-10.66800", "2015-01-31": "-7.22800"}, "Change In Inventories": {"2020-01-31": "", "2019-01-31": "", "2018-01-31": "", "2017-01-31": "", "2016-01-31": "", "2015-01-31": ""}, "Change In Accounts Payable": {"2020-01-31": "1.68900", "2019-01-31": "-1.43700", "2018-01-31": "-2.46400", "2017-01-31": "1.52900", "2016-01-31": "0.96200", "2015-01-31": "2.78100"}, "Change In Assets/Liabilities": {"2020-01-31": "54.36300", "2019-01-31": "48.22400", "2018-01-31": "21.96300", "2017-01-31": "6.20000", "2016-01-31": "15.11000", "2015-01-31": "16.78500"}, "Total Change In Assets/Liabilities": {"2020-01-31": "51.54300", "2019-01-31": "20.33400", "2018-01-31": "10.56100", "2017-01-31": "0.09000", "2016-01-31": "12.67300", "2015-01-31": "14.74700"}, "Cash Flow From Operating Activities": {"2020-01-31": "55.60300", "2019-01-31": "15.17200", "2018-01-31": "-25.24000", "2017-01-31": "-42.10100", "2016-01-31": "-41.53600", "2015-01-31": "-32.74900"}, "Net Change In Property, Plant, And Equipment": {"2020-01-31": "-19.33000", "2019-01-31": "-21.92200", "2018-01-31": "-11.98100", "2017-01-31": "-11.74200", "2016-01-31": "-6.70100", "2015-01-31": "-2.94500"}, "Net Change In Intangible Assets": {"2020-01-31": "-8.58900", "2019-01-31": "", "2018-01-31": "", "2017-01-31": "", "2016-01-31": "", "2015-01-31": ""}, "Net Acquisitions/Divestitures": {"2020-01-31": "-44.28300", "2019-01-31": "-15.63200", "2018-01-31": "", "2017-01-31": "", "2016-01-31": "", "2015-01-31": "-3.20000"}, "Net Change In Short-term Investments": {"2020-01-31": "-999.38700", "2019-01-31": "-631.48800", "2018-01-31": "-129.08600", "2017-01-31": "", "2016-01-31": "-46.36000", "2015-01-31": ""}, "Net Change In Long-Term Investments": {"2020-01-31": "383.54800", "2019-01-31": "471.72200", "2018-01-31": "41.36300", "2017-01-31": "18.70700", "2016-01-31": "54.22100", "2015-01-31": "-42.42600"}, "Net Change In Investments - Total": {"2020-01-31": "-615.83900", "2019-01-31": "-159.76600", "2018-01-31": "-87.72300", "2017-01-31": "18.70700", "2016-01-31": "7.86100", "2015-01-31": "-42.42600"}, "Investing Activities - Other": {"2020-01-31": "", "2019-01-31": "", "2018-01-31": "", "2017-01-31": "", "2016-01-31": "", "2015-01-31": ""}, "Cash Flow From Investing Activities": {"2020-01-31": "-688.04100", "2019-01-31": "-197.32000", "2018-01-31": "-99.70400", "2017-01-31": "6.96500", "2016-01-31": "1.16000", "2015-01-31": "-48.57100"}, "Net Long-Term Debt": {"2020-01-31": "1148.00300", "2019-01-31": "254.94000", "2018-01-31": "", "2017-01-31": "", "2016-01-31": "", "2015-01-31": ""}, "Net Current Debt": {"2020-01-31": "", "2019-01-31": "", "2018-01-31": "", "2017-01-31": "", "2016-01-31": "", "2015-01-31": ""}, "Debt Issuance/Retirement Net - Total": {"2020-01-31": "1148.00300", "2019-01-31": "254.94000", "2018-01-31": "", "2017-01-31": "", "2016-01-31": "", "2015-01-31": ""}, "Net Common Equity Issued/Repurchased": {"2020-01-31": "-294.49200", "2019-01-31": "103.02800", "2018-01-31": "241.96300", "2017-01-31": "2.43700", "2016-01-31": "3.63000", "2015-01-31": "2.81300"}, "Net Total Equity Issued/Repurchased": {"2020-01-31": "-294.49200", "2019-01-31": "103.02800", "2018-01-31": "241.96300", "2017-01-31": "2.43700", "2016-01-31": "77.05400", "2015-01-31": "77.31300"}, "Total Common And Preferred Stock Dividends Paid": {"2020-01-31": "", "2019-01-31": "", "2018-01-31": "", "2017-01-31": "", "2016-01-31": "", "2015-01-31": ""}, "Financial Activities - Other": {"2020-01-31": "-0.12600", "2019-01-31": "-0.20600", "2018-01-31": "-4.55500", "2017-01-31": "-1.98000", "2016-01-31": "-0.21300", "2015-01-31": ""}, "Cash Flow From Financial Activities": {"2020-01-31": "853.38500", "2019-01-31": "357.76200", "2018-01-31": "237.40800", "2017-01-31": "0.45700", "2016-01-31": "76.84100", "2015-01-31": "77.31300"}, "Net Cash Flow": {"2020-01-31": "220.73800", "2019-01-31": "174.98200", "2018-01-31": "112.95100", "2017-01-31": "-34.79900", "2016-01-31": "36.42300", "2015-01-31": "-4.01400"}, "Stock-Based Compensation": {"2020-01-31": "126.62400", "2019-01-31": "76.32000", "2018-01-31": "49.86000", "2017-01-31": "17.12700", "2016-01-31": "9.83200", "2015-01-31": "6.58000"}, "Common Stock Dividends Paid": {"2020-01-31": "", "2019-01-31": "", "2018-01-31": "", "2017-01-31": "", "2016-01-31": "", "2015-01-31": ""}}, "cash flow statement, quarterly": {"Net Income/Loss": {"2020-10-31": -72.764, "2020-07-31": -60.1, "2020-04-30": "-57.66200", "2020-01-31": -50.472, "2019-10-31": -63.495, "2019-07-31": -42.98, "2019-04-30": "-51.96600", "2019-01-31": -30.811, "2018-10-31": -29.517, "2018-07-31": -39.207, "2018-04-30": "-25.96200", "2018-01-31": -23.045, "2017-10-31": -33.066, "2017-07-31": -26.032, "2017-04-30": "-27.70600", "2017-01-31": -18.215, "2016-10-31": -21.931, "2016-07-31": -20.601, "2016-04-30": "-22.75300", "2016-01-31": -17.19, "2015-01-31": -59.11}, "Total Depreciation And Amortization - Cash Flow": {"2020-10-31": 42.285, "2020-07-31": 32.595, "2020-04-30": "24.50300", "2020-01-31": 23.765, "2019-10-31": 19.309, "2019-07-31": 15.469, "2019-04-30": "13.75200", "2019-01-31": 12.03, "2018-10-31": 11.377, "2018-07-31": 10.513, "2018-04-30": "9.21200", "2018-01-31": 6.159, "2017-10-31": 5.728, "2017-07-31": 6.557, "2017-04-30": "3.73700", "2017-01-31": 5.197, "2016-10-31": 4.742, "2016-07-31": 4.421, "2016-04-30": "3.94000", "2016-01-31": 6.61, "2015-01-31": 4.71}, "Other Non-Cash Items": {"2020-10-31": 58.583, "2020-07-31": 51.943, "2020-04-30": "38.27400", "2020-01-31": 38.238, "2019-10-31": 50.802, "2019-07-31": 30.422, "2019-04-30": "21.21600", "2019-01-31": 24.412, "2018-10-31": 20.983, "2018-07-31": 17.86, "2018-04-30": "13.94800", "2018-01-31": 15.83, "2017-10-31": 14.464, "2017-07-31": 12.397, "2017-04-30": "9.17600", "2017-01-31": 5.66, "2016-10-31": 5.252, "2016-07-31": 3.68, "2016-04-30": "3.23900", "2016-01-31": 0, "2015-01-31": 0}, "Total Non-Cash Items": {"2020-10-31": 100.868, "2020-07-31": 84.538, "2020-04-30": "62.77700", "2020-01-31": 62.003, "2019-10-31": 70.111, "2019-07-31": 45.891, "2019-04-30": "34.96800", "2019-01-31": 36.442, "2018-10-31": 32.36, "2018-07-31": 28.373, "2018-04-30": "23.16000", "2018-01-31": 21.989, "2017-10-31": 20.192, "2017-07-31": 18.954, "2017-04-30": "12.91300", "2017-01-31": -6.974, "2016-10-31": 9.994, "2016-07-31": 8.101, "2016-04-30": "7.17900", "2016-01-31": 6.61, "2015-01-31": 4.71}, "Change In Accounts Receivable": {"2020-10-31": -29.173, "2020-07-31": 0.376, "2020-04-30": "18.25000", "2020-01-31": -28.122, "2019-10-31": -13.852, "2019-07-31": -4.838, "2019-04-30": "9.29700", "2019-01-31": -22.143, "2018-10-31": -10.299, "2018-07-31": -8.959, "2018-04-30": "1.71900", "2018-01-31": -5.579, "2017-10-31": -11.431, "2017-07-31": -3.554, "2017-04-30": "2.24300", "2017-01-31": -8.387, "2016-10-31": -4.296, "2016-07-31": -2.4, "2016-04-30": "3.09000", "2016-01-31": 0, "2015-01-31": 0}, "Change In Inventories": {"2020-10-31": 0, "2020-07-31": 0, "2020-04-30": "", "2020-01-31": 0, "2019-10-31": 0, "2019-07-31": 0, "2019-04-30": "", "2019-01-31": 0, "2018-10-31": 0, "2018-07-31": 0, "2018-04-30": "", "2018-01-31": 0, "2017-10-31": 0, "2017-07-31": 0, "2017-04-30": "", "2017-01-31": 0, "2016-10-31": 0, "2016-07-31": 0, "2016-04-30": "", "2016-01-31": 0, "2015-01-31": 0}, "Change In Accounts Payable": {"2020-10-31": 0.567, "2020-07-31": -3.133, "2020-04-30": "3.94300", "2020-01-31": -0.273, "2019-10-31": 0.594, "2019-07-31": -0.272, "2019-04-30": "1.64000", "2019-01-31": -1.103, "2018-10-31": -1.101, "2018-07-31": 0.16, "2018-04-30": "0.60700", "2018-01-31": -8.719, "2017-10-31": 3.523, "2017-07-31": -0.504, "2017-04-30": "3.23600", "2017-01-31": -0.924, "2016-10-31": 0.803, "2016-07-31": -2.031, "2016-04-30": "3.68100", "2016-01-31": 0, "2015-01-31": 0}, "Change In Assets/Liabilities": {"2020-10-31": 15.537, "2020-07-31": -22.443, "2020-04-30": "11.16700", "2020-01-31": 30.062, "2019-10-31": 1.934, "2019-07-31": 2.475, "2019-04-30": "19.89200", "2019-01-31": 24.322, "2018-10-31": 7.723, "2018-07-31": 11.037, "2018-04-30": "5.14200", "2018-01-31": 10.512, "2017-10-31": 7.886, "2017-07-31": 2.139, "2017-04-30": "1.42600", "2017-01-31": -0.574, "2016-10-31": 4.843, "2016-07-31": 5.126, "2016-04-30": "-3.19500", "2016-01-31": 0, "2015-01-31": 0}, "Total Change In Assets/Liabilities": {"2020-10-31": 15.322, "2020-07-31": -13.508, "2020-04-30": "33.58200", "2020-01-31": 13.304, "2019-10-31": 4.024, "2019-07-31": -4.045, "2019-04-30": "38.26000", "2019-01-31": 4.473, "2018-10-31": 3.596, "2018-07-31": 5.491, "2018-04-30": "6.77400", "2018-01-31": 1.211, "2017-10-31": 3.403, "2017-07-31": 0.84, "2017-04-30": "5.10700", "2017-01-31": 0.658, "2016-10-31": 3.411, "2016-07-31": 0.662, "2016-04-30": "0.53900", "2016-01-31": -2.07, "2015-01-31": 14.74}, "Cash Flow From Operating Activities": {"2020-10-31": 43.426, "2020-07-31": 10.93, "2020-04-30": "38.69700", "2020-01-31": 24.835, "2019-10-31": 10.64, "2019-07-31": -1.134, "2019-04-30": "21.26200", "2019-01-31": 10.104, "2018-10-31": 6.439, "2018-07-31": -5.343, "2018-04-30": "3.97200", "2018-01-31": 0.155, "2017-10-31": -9.471, "2017-07-31": -6.238, "2017-04-30": "-9.68600", "2017-01-31": -6.701, "2016-10-31": -8.526, "2016-07-31": -11.838, "2016-04-30": "-15.03500", "2016-01-31": -8.79, "2015-01-31": -32.74}, "Net Change In Property, Plant, And Equipment": {"2020-10-31": -1.832, "2020-07-31": -4.065, "2020-04-30": "-8.93000", "2020-01-31": -6.691, "2019-10-31": -1.392, "2019-07-31": -3.168, "2019-04-30": "-8.07900", "2019-01-31": -5.34, "2018-10-31": -5.067, "2018-07-31": -5.987, "2018-04-30": "-5.52800", "2018-01-31": -2.339, "2017-10-31": -1.743, "2017-07-31": -4.243, "2017-04-30": "-3.65600", "2017-01-31": -3.101, "2016-10-31": -3.285, "2016-07-31": -3.195, "2016-04-30": "-2.15900", "2016-01-31": -3.76, "2015-01-31": -2.94}, "Net Change In Intangible Assets": {"2020-10-31": 0, "2020-07-31": 0, "2020-04-30": "", "2020-01-31": -0.089, "2019-10-31": 0, "2019-07-31": -8.5, "2019-04-30": "", "2019-01-31": 0, "2018-10-31": 0, "2018-07-31": 0, "2018-04-30": "", "2018-01-31": 0, "2017-10-31": 0, "2017-07-31": 0, "2017-04-30": "", "2017-01-31": 0, "2016-10-31": 0, "2016-07-31": 0, "2016-04-30": "", "2016-01-31": 0, "2015-01-31": 0}, "Net Acquisitions/Divestitures": {"2020-10-31": 0, "2020-07-31": 0, "2020-04-30": "", "2020-01-31": -0.06, "2019-10-31": 0, "2019-07-31": 0, "2019-04-30": "-44.22300", "2019-01-31": -0.016, "2018-10-31": 0.022, "2018-07-31": -15.638, "2018-04-30": "", "2018-01-31": 0, "2017-10-31": 0, "2017-07-31": 0, "2017-04-30": "", "2017-01-31": 0, "2016-10-31": 0, "2016-07-31": 0, "2016-04-30": "", "2016-01-31": 3.2, "2015-01-31": -3.2}, "Net Change In Short-term Investments": {"2020-10-31": -816.677, "2020-07-31": -900.202, "2020-04-30": "-129.07900", "2020-01-31": -677.925, "2019-10-31": -83.769, "2019-07-31": -91.148, "2019-04-30": "-146.54500", "2019-01-31": -153.35, "2018-10-31": -158.12, "2018-07-31": -67.104, "2018-04-30": "-252.91400", "2018-01-31": -33.742, "2017-10-31": -8.568, "2017-07-31": -86.776, "2017-04-30": "", "2017-01-31": 0, "2016-10-31": 0, "2016-07-31": 0, "2016-04-30": "", "2016-01-31": 0, "2015-01-31": 0}, "Net Change In Long-Term Investments": {"2020-10-31": 222.888, "2020-07-31": 181.402, "2020-04-30": "188.61300", "2020-01-31": 121.826, "2019-10-31": 108.049, "2019-07-31": 80.433, "2019-04-30": "73.24000", "2019-01-31": 239.602, "2018-10-31": 152.62, "2018-07-31": 60, "2018-04-30": "19.50000", "2018-01-31": 17.84, "2017-10-31": 9.15, "2017-07-31": 2.5, "2017-04-30": "11.87300", "2017-01-31": 7.5, "2016-10-31": 4, "2016-07-31": 4.207, "2016-04-30": "3.00000", "2016-01-31": 0, "2015-01-31": 0}, "Net Change In Investments - Total": {"2020-10-31": -593.789, "2020-07-31": -718.8, "2020-04-30": "59.53400", "2020-01-31": -556.099, "2019-10-31": 24.28, "2019-07-31": -10.715, "2019-04-30": "-73.30500", "2019-01-31": 86.252, "2018-10-31": -5.5, "2018-07-31": -7.104, "2018-04-30": "-233.41400", "2018-01-31": -15.902, "2017-10-31": 0.582, "2017-07-31": -84.276, "2017-04-30": "11.87300", "2017-01-31": 7.493, "2016-10-31": 4, "2016-07-31": 4.207, "2016-04-30": "3.00000", "2016-01-31": 50.28, "2015-01-31": -42.42}, "Investing Activities - Other": {"2020-10-31": 0, "2020-07-31": 0, "2020-04-30": "", "2020-01-31": 0, "2019-10-31": 0, "2019-07-31": 0, "2019-04-30": "", "2019-01-31": 0, "2018-10-31": 0, "2018-07-31": 0, "2018-04-30": "", "2018-01-31": 0, "2017-10-31": 0, "2017-07-31": 0, "2017-04-30": "", "2017-01-31": 0, "2016-10-31": 0, "2016-07-31": 0, "2016-04-30": "", "2016-01-31": 0, "2015-01-31": 0}, "Cash Flow From Investing Activities": {"2020-10-31": -595.621, "2020-07-31": -722.865, "2020-04-30": "50.60400", "2020-01-31": -562.939, "2019-10-31": 22.888, "2019-07-31": -22.383, "2019-04-30": "-125.60700", "2019-01-31": 80.896, "2018-10-31": -10.545, "2018-07-31": -28.729, "2018-04-30": "-238.94200", "2018-01-31": -18.241, "2017-10-31": -1.161, "2017-07-31": -88.519, "2017-04-30": "8.21700", "2017-01-31": 4.392, "2016-10-31": 0.715, "2016-07-31": 1.012, "2016-04-30": "0.84100", "2016-01-31": 49.73, "2015-01-31": -48.57}, "Net Long-Term Debt": {"2020-10-31": -176.423, "2020-07-31": 1196.489, "2020-04-30": "", "2020-01-31": 358.522, "2019-10-31": 789.481, "2019-07-31": 0, "2019-04-30": "", "2019-01-31": 0, "2018-10-31": 0, "2018-07-31": -0.075, "2018-04-30": "255.01500", "2018-01-31": 0, "2017-10-31": 0, "2017-07-31": 0, "2017-04-30": "", "2017-01-31": 0, "2016-10-31": 0, "2016-07-31": 0, "2016-04-30": "", "2016-01-31": 0, "2015-01-31": 0}, "Net Current Debt": {"2020-10-31": 0, "2020-07-31": 0, "2020-04-30": "", "2020-01-31": 0, "2019-10-31": 0, "2019-07-31": 0, "2019-04-30": "", "2019-01-31": 0, "2018-10-31": 0, "2018-07-31": 0, "2018-04-30": "", "2018-01-31": 0, "2017-10-31": 0, "2017-07-31": 0, "2017-04-30": "", "2017-01-31": -0.11, "2016-10-31": 0, "2016-07-31": 0, "2016-04-30": "", "2016-01-31": 0, "2015-01-31": 0}, "Debt Issuance/Retirement Net - Total": {"2020-10-31": -176.423, "2020-07-31": 1196.489, "2020-04-30": "", "2020-01-31": 358.522, "2019-10-31": 789.481, "2019-07-31": 0, "2019-04-30": "", "2019-01-31": 0, "2018-10-31": 0, "2018-07-31": -0.075, "2018-04-30": "255.01500", "2018-01-31": 0, "2017-10-31": 0, "2017-07-31": 0, "2017-04-30": "", "2017-01-31": 0, "2016-10-31": 0, "2016-07-31": 0, "2016-04-30": "", "2016-01-31": 0, "2015-01-31": 0}, "Net Common Equity Issued/Repurchased": {"2020-10-31": 181.633, "2020-07-31": -149.414, "2020-04-30": "14.17200", "2020-01-31": -339.868, "2019-10-31": 8.918, "2019-07-31": 23.07, "2019-04-30": "13.38800", "2019-01-31": 15.41, "2018-10-31": 7.469, "2018-07-31": 15.513, "2018-04-30": "64.63600", "2018-01-31": 16.215, "2017-10-31": 21.884, "2017-07-31": 1.303, "2017-04-30": "202.56100", "2017-01-31": 0.772, "2016-10-31": 1.005, "2016-07-31": 0.536, "2016-04-30": "0.12400", "2016-01-31": 0, "2015-01-31": 0}, "Net Total Equity Issued/Repurchased": {"2020-10-31": 181.633, "2020-07-31": -149.414, "2020-04-30": "14.17200", "2020-01-31": -339.868, "2019-10-31": 8.918, "2019-07-31": 23.07, "2019-04-30": "13.38800", "2019-01-31": 15.41, "2018-10-31": 7.469, "2018-07-31": 15.513, "2018-04-30": "64.63600", "2018-01-31": 16.215, "2017-10-31": 21.884, "2017-07-31": 1.303, "2017-04-30": "202.56100", "2017-01-31": 0.765, "2016-10-31": 1.005, "2016-07-31": 0.536, "2016-04-30": "0.12400", "2016-01-31": -0.26, "2015-01-31": 77.31}, "Total Common And Preferred Stock Dividends Paid": {"2020-10-31": 0, "2020-07-31": 0, "2020-04-30": "", "2020-01-31": 0, "2019-10-31": 0, "2019-07-31": 0, "2019-04-30": "", "2019-01-31": 0, "2018-10-31": 0, "2018-07-31": 0, "2018-04-30": "", "2018-01-31": 0, "2017-10-31": 0, "2017-07-31": 0, "2017-04-30": "", "2017-01-31": 0, "2016-10-31": 0, "2016-07-31": 0, "2016-04-30": "", "2016-01-31": 0, "2015-01-31": 0}, "Financial Activities - Other": {"2020-10-31": 0, "2020-07-31": 0.005, "2020-04-30": "-0.00500", "2020-01-31": 0, "2019-10-31": 0, "2019-07-31": 0, "2019-04-30": "-0.12600", "2019-01-31": 0, "2018-10-31": 0, "2018-07-31": 0, "2018-04-30": "-0.20600", "2018-01-31": -0.174, "2017-10-31": -0.07, "2017-07-31": -1.858, "2017-04-30": "-2.45300", "2017-01-31": -0.657, "2016-10-31": -0.254, "2016-07-31": -0.488, "2016-04-30": "-0.46100", "2016-01-31": -0.21, "2015-01-31": 0}, "Cash Flow From Financial Activities": {"2020-10-31": 5.21, "2020-07-31": 1047.08, "2020-04-30": "14.16700", "2020-01-31": 18.654, "2019-10-31": 798.399, "2019-07-31": 23.07, "2019-04-30": "13.26200", "2019-01-31": 15.41, "2018-10-31": 7.469, "2018-07-31": 15.438, "2018-04-30": "319.44500", "2018-01-31": 16.041, "2017-10-31": 21.814, "2017-07-31": -0.555, "2017-04-30": "200.10800", "2017-01-31": -0.012, "2016-10-31": 0.751, "2016-07-31": 0.048, "2016-04-30": "-0.33700", "2016-01-31": -0.47, "2015-01-31": 77.31}, "Net Cash Flow": {"2020-10-31": -547.442, "2020-07-31": 336.851, "2020-04-30": "102.34000", "2020-01-31": -519.418, "2019-10-31": 832.873, "2019-07-31": -1.352, "2019-04-30": "-91.36500", "2019-01-31": 106.768, "2018-10-31": 3.005, "2018-07-31": -18.879, "2018-04-30": "84.08800", "2018-01-31": -1.611, "2017-10-31": 11.101, "2017-07-31": -95.246, "2017-04-30": "198.70700", "2017-01-31": -2.277, "2016-10-31": -7.15, "2016-07-31": -10.879, "2016-04-30": "-14.48400", "2016-01-31": 40.43, "2015-01-31": -4.01}, "Stock-Based Compensation": {"2020-10-31": 53.668, "2020-07-31": 48.378, "2020-04-30": "37.72800", "2020-01-31": 36.933, "2019-10-31": 35.732, "2019-07-31": 31.274, "2019-04-30": "22.68500", "2019-01-31": 22.421, "2018-10-31": 21.542, "2018-07-31": 18.222, "2018-04-30": "14.13500", "2018-01-31": 14.568, "2017-10-31": 14.408, "2017-07-31": 11.978, "2017-04-30": "8.90600", "2017-01-31": 5.258, "2016-10-31": 4.836, "2016-07-31": 3.664, "2016-04-30": "3.36900", "2016-01-31": 0, "2015-01-31": 0}, "Common Stock Dividends Paid": {"2020-10-31": 0, "2020-07-31": 0, "2020-04-30": "", "2020-01-31": 0, "2019-10-31": 0, "2019-07-31": 0, "2019-04-30": "", "2019-01-31": 0, "2018-10-31": 0, "2018-07-31": 0, "2018-04-30": "", "2018-01-31": 0, "2017-10-31": 0, "2017-07-31": 0, "2017-04-30": "", "2017-01-31": 0, "2016-10-31": 0, "2016-07-31": 0, "2016-04-30": "", "2016-01-31": 0, "2015-01-31": 0}}, "financial ratios": {"Current Ratio": {"2020-01-31": "2.92470", "2019-01-31": "1.23560", "2018-01-31": "1.68930", "2017-01-31": "0.68990", "2016-01-31": "1.44210", "2015-01-31": ""}, "Long-term Debt / Capital": {"2020-01-31": "0.67370", "2019-01-31": "", "2018-01-31": "", "2017-01-31": "", "2016-01-31": "", "2015-01-31": ""}, "Debt/Equity Ratio": {"2020-01-31": "2.31340", "2019-01-31": "1.07630", "2018-01-31": "", "2017-01-31": "", "2016-01-31": "", "2015-01-31": ""}, "Gross Margin": {"2020-01-31": "72.80480", "2019-01-31": "71.59180", "2018-01-31": "68.52230", "2017-01-31": "65.20720", "2016-01-31": "58.06630", "2015-01-31": "54.32820"}, "Operating Margin": {"2020-01-31": "-31.70830", "2019-01-31": "-29.96140", "2018-01-31": "-43.59900", "2017-01-31": "-46.43480", "2016-01-31": "-88.45380", "2015-01-31": "-143.33580"}, "EBIT Margin": {"2020-01-31": "-31.70830", "2019-01-31": "-29.96140", "2018-01-31": "-43.59900", "2017-01-31": "-46.43480", "2016-01-31": "-88.45380", "2015-01-31": "-143.33580"}, "EBITDA Margin": {"2020-01-31": "-19.37270", "2019-01-31": "-19.15820", "2018-01-31": "-34.95300", "2017-01-31": "-37.08570", "2016-01-31": "-75.26860", "2015-01-31": "-131.83860"}, "Pre-Tax Profit Margin": {"2020-01-31": "-35.88870", "2019-01-31": "-31.43710", "2018-01-31": "-42.94340", "2017-01-31": "-46.41060", "2016-01-31": "-88.47590", "2015-01-31": "-143.82100"}, "Net Profit Margin": {"2020-01-31": "-35.64660", "2019-01-31": "-31.43290", "2018-01-31": "-42.81830", "2017-01-31": "-46.67490", "2016-01-31": "-88.81930", "2015-01-31": "-144.13800"}, "Asset Turnover": {"2020-01-31": "0.29970", "2019-01-31": "0.40560", "2018-01-31": "0.64260", "2017-01-31": "1.23100", "2016-01-31": "0.57360", "2015-01-31": ""}, "Inventory Turnover Ratio": {"2020-01-31": "", "2019-01-31": "", "2018-01-31": "", "2017-01-31": "", "2016-01-31": "", "2015-01-31": ""}, "Receiveable Turnover": {"2020-01-31": "4.50420", "2019-01-31": "4.34320", "2018-01-31": "4.91020", "2017-01-31": "4.65510", "2016-01-31": "3.73360", "2015-01-31": ""}, "Days Sales In Receivables": {"2020-01-31": "81.03510", "2019-01-31": "84.03920", "2018-01-31": "74.33540", "2017-01-31": "78.40850", "2016-01-31": "97.76020", "2015-01-31": ""}, "ROE - Return On Equity": {"2020-01-31": "-51.53970", "2019-01-31": "-49.72600", "2018-01-31": "-55.10630", "2017-01-31": "30.81050", "2016-01-31": "42.14140", "2015-01-31": ""}, "Return On Tangible Equity": {"2020-01-31": "-64.32210", "2019-01-31": "-56.94290", "2018-01-31": "-60.59060", "2017-01-31": "273.56760", "2016-01-31": "-192.34670", "2015-01-31": ""}, "ROA - Return On Assets": {"2020-01-31": "-10.68390", "2019-01-31": "-12.74970", "2018-01-31": "-27.51290", "2017-01-31": "-57.45470", "2016-01-31": "-50.94850", "2015-01-31": ""}, "ROI - Return On Investment": {"2020-01-31": "-16.81600", "2019-01-31": "-49.72600", "2018-01-31": "-55.10640", "2017-01-31": "479.56040", "2016-01-31": "-162.71860", "2015-01-31": ""}, "Book Value Per Share": {"2020-01-31": "3.30520", "2019-01-31": "2.25030", "2018-01-31": "1.91730", "2017-01-31": "-0.77130", "2016-01-31": "2.42650", "2015-01-31": ""}, "Operating Cash Flow Per Share": {"2020-01-31": 0.3332, "2019-01-31": 0.4452, "2018-01-31": 1.9073, "2017-01-31": 0.1199, "2016-01-31": -0.2968, "2015-01-31": -2.0345}, "Free Cash Flow Per Share": {"2020-01-31": 0.3722, "2019-01-31": 0.3856, "2018-01-31": 2.3798, "2017-01-31": -0.1208, "2016-01-31": -0.49, "2015-01-31": -2.2174}}, "financial ratios, quarterly": {"Current Ratio": {"2020-10-31": "4.80460", "2020-07-31": "5.07320", "2020-04-30": "2.86390", "2020-01-31": "2.92470", "2019-10-31": "3.19110", "2019-07-31": "1.12300", "2019-04-30": "1.12460", "2019-01-31": "1.23560", "2018-10-31": "2.68850", "2018-07-31": "2.90350", "2018-04-30": "3.13500", "2018-01-31": "1.68930", "2017-10-31": "1.72360", "2017-07-31": "1.79770", "2017-04-30": "1.95580", "2017-01-31": "0.68990", "2016-10-31": "", "2016-07-31": "", "2016-04-30": "", "2016-01-31": "", "2015-01-31": ""}, "Long-term Debt / Capital": {"2020-10-31": "0.71530", "2020-07-31": "0.71150", "2020-04-30": "0.67190", "2020-01-31": "0.67370", "2019-10-31": "0.67520", "2019-07-31": "", "2019-04-30": "", "2019-01-31": "", "2018-10-31": "0.52260", "2018-07-31": "0.51830", "2018-04-30": "0.51010", "2018-01-31": "", "2017-10-31": "", "2017-07-31": "", "2017-04-30": "", "2017-01-31": "", "2016-10-31": "", "2016-07-31": "", "2016-04-30": "", "2016-01-31": "", "2015-01-31": ""}, "Debt/Equity Ratio": {"2020-10-31": "2.56360", "2020-07-31": "2.52920", "2020-04-30": "2.29500", "2020-01-31": "2.31340", "2019-10-31": "2.32800", "2019-07-31": "1.11570", "2019-04-30": "1.15120", "2019-01-31": "1.07630", "2018-10-31": "1.09470", "2018-07-31": "1.07590", "2018-04-30": "1.04130", "2018-01-31": "", "2017-10-31": "", "2017-07-31": "", "2017-04-30": "", "2017-01-31": "", "2016-10-31": "", "2016-07-31": "", "2016-04-30": "", "2016-01-31": "", "2015-01-31": ""}, "Gross Margin": {"2020-10-31": "73.82080", "2020-07-31": "74.48340", "2020-04-30": "73.48450", "2020-01-31": "73.29600", "2019-10-31": "73.32410", "2019-07-31": "72.39470", "2019-04-30": "71.97400", "2019-01-31": "72.81920", "2018-10-31": "71.86860", "2018-07-31": "70.15630", "2018-04-30": "71.17110", "2018-01-31": "70.81590", "2017-10-31": "68.43120", "2017-07-31": "67.33770", "2017-04-30": "66.62590", "2017-01-31": "67.19930", "2016-10-31": "66.64620", "2016-07-31": "63.19050", "2016-04-30": "61.05640", "2016-01-31": "", "2015-01-31": ""}, "Operating Margin": {"2020-10-31": "-23.91030", "2020-07-31": "-22.64350", "2020-04-30": "-28.54600", "2020-01-31": "-26.71590", "2019-10-31": "-29.88170", "2019-07-31": "-31.04860", "2019-04-30": "-41.35180", "2019-01-31": "-24.01900", "2018-10-31": "-26.97490", "2018-07-31": "-40.62970", "2018-04-30": "-29.87050", "2018-01-31": "-30.77530", "2017-10-31": "-51.58350", "2017-07-31": "-43.45410", "2017-04-30": "-52.43960", "2017-01-31": "-19.32640", "2016-10-31": "-51.77020", "2016-07-31": "-54.92570", "2016-04-30": "-71.42540", "2016-01-31": "", "2015-01-31": ""}, "EBIT Margin": {"2020-10-31": "-23.91030", "2020-07-31": "-22.64350", "2020-04-30": "-28.54600", "2020-01-31": "-26.71590", "2019-10-31": "-29.88170", "2019-07-31": "-31.04860", "2019-04-30": "-41.35180", "2019-01-31": "-24.01900", "2018-10-31": "-26.97490", "2018-07-31": "-40.62970", "2018-04-30": "-29.87050", "2018-01-31": "-30.77530", "2017-10-31": "-51.58350", "2017-07-31": "-43.45410", "2017-04-30": "-52.43960", "2017-01-31": "-19.32640", "2016-10-31": "-51.77020", "2016-07-31": "-54.92570", "2016-04-30": "-71.42540", "2016-01-31": "", "2015-01-31": ""}, "EBITDA Margin": {"2020-10-31": "", "2020-07-31": "", "2020-04-30": "", "2020-01-31": "", "2019-10-31": "", "2019-07-31": "", "2019-04-30": "", "2019-01-31": "", "2018-10-31": "", "2018-07-31": "", "2018-04-30": "", "2018-01-31": "", "2017-10-31": "", "2017-07-31": "", "2017-04-30": "", "2017-01-31": "", "2016-10-31": "", "2016-07-31": "", "2016-04-30": "", "2016-01-31": "", "2015-01-31": ""}, "Pre-Tax Profit Margin": {"2020-10-31": "-33.37720", "2020-07-31": "-30.19920", "2020-04-30": "-31.75340", "2020-01-31": "-29.64610", "2019-10-31": "-41.26190", "2019-07-31": "-31.64650", "2019-04-30": "-42.42270", "2019-01-31": "-25.06690", "2018-10-31": "-28.58980", "2018-07-31": "-42.49260", "2018-04-30": "-31.32350", "2018-01-31": "-29.72410", "2017-10-31": "-50.82270", "2017-07-31": "-42.82020", "2017-04-30": "-52.47590", "2017-01-31": "-19.50890", "2016-10-31": "-51.65200", "2016-07-31": "-54.77620", "2016-04-30": "-71.32480", "2016-01-31": "", "2015-01-31": ""}, "Net Profit Margin": {"2020-10-31": "-33.47330", "2020-07-31": "-29.98310", "2020-04-30": "-31.53360", "2020-01-31": "-30.16370", "2019-10-31": "-41.49000", "2019-07-31": "-30.59510", "2019-04-30": "-41.49880", "2019-01-31": "-26.68290", "2018-10-31": "-27.95810", "2018-07-31": "-41.45120", "2018-04-30": "-31.04720", "2018-01-31": "-29.90840", "2017-10-31": "-49.41790", "2017-07-31": "-43.20020", "2017-04-30": "-52.94980", "2017-01-31": "-19.82320", "2016-10-31": "-51.86720", "2016-07-31": "-55.02990", "2016-04-30": "-71.57960", "2016-01-31": "", "2015-01-31": ""}, "Asset Turnover": {"2020-10-31": "0.06860", "2020-07-31": "0.06430", "2020-04-30": "0.08980", "2020-01-31": "0.08560", "2019-10-31": "0.08180", "2019-07-31": "0.13680", "2019-04-30": "0.12540", "2019-01-31": "0.11730", "2018-10-31": "0.13250", "2018-07-31": "0.12380", "2018-04-30": "0.11500", "2018-01-31": "0.19300", "2017-10-31": "0.19850", "2017-07-31": "0.19060", "2017-04-30": "0.16340", "2017-01-31": "0.37750", "2016-10-31": "", "2016-07-31": "", "2016-04-30": "", "2016-01-31": "", "2015-01-31": ""}, "Inventory Turnover Ratio": {"2020-10-31": "", "2020-07-31": "", "2020-04-30": "", "2020-01-31": "", "2019-10-31": "", "2019-07-31": "", "2019-04-30": "", "2019-01-31": "", "2018-10-31": "", "2018-07-31": "", "2018-04-30": "", "2018-01-31": "", "2017-10-31": "", "2017-07-31": "", "2017-04-30": "", "2017-01-31": "", "2016-10-31": "", "2016-07-31": "", "2016-04-30": "", "2016-01-31": "", "2015-01-31": ""}, "Receiveable Turnover": {"2020-10-31": "1.55860", "2020-07-31": "1.81330", "2020-04-30": "1.64680", "2020-01-31": "1.28600", "2019-10-31": "1.50360", "2019-07-31": "1.59910", "2019-04-30": "1.50280", "2019-01-31": "1.25610", "2018-10-31": "1.50530", "2018-07-31": "1.58070", "2018-04-30": "1.66020", "2018-01-31": "1.47470", "2017-10-31": "1.42720", "2017-07-31": "1.70690", "2017-04-30": "1.62650", "2017-01-31": "1.42760", "2016-10-31": "", "2016-07-31": "", "2016-04-30": "", "2016-01-31": "", "2015-01-31": ""}, "Days Sales In Receivables": {"2020-10-31": "57.74510", "2020-07-31": "49.63230", "2020-04-30": "54.65150", "2020-01-31": "69.98480", "2019-10-31": "59.85490", "2019-07-31": "56.28270", "2019-04-30": "59.88930", "2019-01-31": "71.64860", "2018-10-31": "59.78860", "2018-07-31": "56.93770", "2018-04-30": "54.21030", "2018-01-31": "61.02790", "2017-10-31": "63.05960", "2017-07-31": "52.72840", "2017-04-30": "55.33470", "2017-01-31": "63.04160", "2016-10-31": "", "2016-07-31": "", "2016-04-30": "", "2016-01-31": "", "2015-01-31": ""}, "ROE - Return On Equity": {"2020-10-31": "-10.69040", "2020-07-31": "-8.77120", "2020-04-30": "-13.95850", "2020-01-31": "-12.45170", "2019-10-31": "-15.93770", "2019-07-31": "-17.14230", "2019-04-30": "-21.70280", "2019-01-31": "-12.20830", "2018-10-31": "-12.07220", "2018-07-31": "-15.99340", "2018-04-30": "-10.40070", "2018-01-31": "-11.56070", "2017-10-31": "-21.13450", "2017-07-31": "-17.02900", "2017-04-30": "-16.69850", "2017-01-31": "4.01310", "2016-10-31": "", "2016-07-31": "", "2016-04-30": "", "2016-01-31": "", "2015-01-31": ""}, "Return On Tangible Equity": {"2020-10-31": "-12.05360", "2020-07-31": "-9.89880", "2020-04-30": "-17.26200", "2020-01-31": "-15.53980", "2019-10-31": "-20.05500", "2019-07-31": "-25.57590", "2019-04-30": "-31.79170", "2019-01-31": "-13.98020", "2018-10-31": "-13.96000", "2018-07-31": "-18.57760", "2018-04-30": "-11.21600", "2018-01-31": "-12.71120", "2017-10-31": "-23.83690", "2017-07-31": "-19.20670", "2017-04-30": "-18.49510", "2017-01-31": "35.63200", "2016-10-31": "", "2016-07-31": "", "2016-04-30": "", "2016-01-31": "", "2015-01-31": ""}, "ROA - Return On Assets": {"2020-10-31": "-2.29520", "2020-07-31": "-1.92940", "2020-04-30": "-2.83070", "2020-01-31": "-2.58120", "2019-10-31": "-3.39400", "2019-07-31": "-4.18580", "2019-04-30": "-5.20420", "2019-01-31": "-3.13020", "2018-10-31": "-3.70490", "2018-07-31": "-5.13240", "2018-04-30": "-3.57160", "2018-01-31": "-5.77190", "2017-10-31": "-9.80730", "2017-07-31": "-8.23210", "2017-04-30": "-8.65190", "2017-01-31": "-7.48340", "2016-10-31": "", "2016-07-31": "", "2016-04-30": "", "2016-01-31": "", "2015-01-31": ""}, "ROI - Return On Investment": {"2020-10-31": "-3.04400", "2020-07-31": "-2.53090", "2020-04-30": "-4.58010", "2020-01-31": "-4.06260", "2019-10-31": "-5.17640", "2019-07-31": "-17.14230", "2019-04-30": "-21.70280", "2019-01-31": "-12.20830", "2018-10-31": "-5.76310", "2018-07-31": "-7.70420", "2018-04-30": "-5.09520", "2018-01-31": "-11.56070", "2017-10-31": "-21.13450", "2017-07-31": "-17.02900", "2017-04-30": "-16.69850", "2017-01-31": "62.46250", "2016-10-31": "", "2016-07-31": "", "2016-04-30": "", "2016-01-31": "", "2015-01-31": ""}, "Book Value Per Share": {"2020-10-31": "5.25590", "2020-07-31": "5.34940", "2020-04-30": "3.31510", "2020-01-31": "3.30520", "2019-10-31": "3.28900", "2019-07-31": "2.14760", "2019-04-30": "2.09780", "2019-01-31": "2.25030", "2018-10-31": "2.21580", "2018-07-31": "2.24920", "2018-04-30": "2.34400", "2018-01-31": "1.91730", "2017-10-31": "1.53500", "2017-07-31": "1.59930", "2017-04-30": "1.74130", "2017-01-31": "-0.77130", "2016-10-31": "", "2016-07-31": "", "2016-04-30": "", "2016-01-31": "", "2015-01-31": ""}, "Operating Cash Flow Per Share": {"2020-10-31": 0.3295, "2020-07-31": 0.0795, "2020-04-30": "0.31340", "2020-01-31": 0.2157, "2019-10-31": 0.0836, "2019-07-31": -0.0137, "2019-04-30": "0.18870", "2019-01-31": 0.0945, "2018-10-31": 0.0594, "2018-07-31": -0.0509, "2018-04-30": "0.03810", "2018-01-31": -0.0381, "2017-10-31": -0.0958, "2017-07-31": 0.0733, "2017-04-30": "-0.24350", "2017-01-31": -0.3652, "2016-10-31": -0.4169, "2016-07-31": -0.6198, "2016-04-30": "-0.80950", "2016-01-31": 0, "2015-01-31": 0}, "Free Cash Flow Per Share": {"2020-10-31": 0.3173, "2020-07-31": 0.049, "2020-04-30": "0.24100", "2020-01-31": 0.157, "2019-10-31": 0.0752, "2019-07-31": -0.0398, "2019-04-30": "0.11700", "2019-01-31": 0.0431, "2018-10-31": 0.0149, "2018-07-31": -0.1059, "2018-04-30": "-0.01490", "2018-01-31": -0.0814, "2017-10-31": -0.1124, "2017-07-31": 0.0808, "2017-04-30": "-0.33540", "2017-01-31": -0.5312, "2016-10-31": -0.5828, "2016-07-31": -0.7883, "2016-04-30": "-0.92570", "2016-01-31": 0, "2015-01-31": 0}}, "revenue": {"Okta Annual Revenue (Millions of US $)": {"2020": "$586", "2019": "$399", "2018": "$257", "2017": "$161", "2016": "$86", "2015": "$41"}, "Okta Quarterly Revenue (Millions of US $)": {"2020-10-31": "$217", "2020-07-31": "$200", "2020-04-30": "$183", "2020-01-31": "$167", "2019-10-31": "$153", "2019-07-31": "$140", "2019-04-30": "$125", "2019-01-31": "$115", "2018-10-31": "$106", "2018-07-31": "$95", "2018-04-30": "$84", "2018-01-31": "$77", "2017-10-31": "$67", "2017-07-31": "$60", "2017-04-30": "$52", "2017-01-31": "$49", "2016-10-31": "$42", "2016-07-31": "$37", "2016-04-30": "$32", "2016-01-31": "", "2015-01-31": ""}}, "gross-profit": {"Okta Annual Gross Profit (Millions of US $)": {"2020": "$427", "2019": "$286", "2018": "$176", "2017": "$105", "2016": "$50", "2015": "$22"}, "Okta Quarterly Gross Profit (Millions of US $)": {"2020-10-31": "$160", "2020-07-31": "$149", "2020-04-30": "$134", "2020-01-31": "$123", "2019-10-31": "$112", "2019-07-31": "$102", "2019-04-30": "$90", "2019-01-31": "$84", "2018-10-31": "$76", "2018-07-31": "$66", "2018-04-30": "$60", "2018-01-31": "$55", "2017-10-31": "$46", "2017-07-31": "$41", "2017-04-30": "$35", "2017-01-31": "$34", "2016-10-31": "$28", "2016-07-31": "$24", "2016-04-30": "$19", "2016-01-31": "", "2015-01-31": ""}}, "operating-income": {"Okta Annual Operating Income (Millions of US $)": {"2020": "$-186", "2019": "$-120", "2018": "$-112", "2017": "$-75", "2016": "$-76", "2015": "$-59"}, "Okta Quarterly Operating Income (Millions of US $)": {"2020-10-31": "$-52", "2020-07-31": "$-45", "2020-04-30": "$-52", "2020-01-31": "$-45", "2019-10-31": "$-46", "2019-07-31": "$-44", "2019-04-30": "$-52", "2019-01-31": "$-28", "2018-10-31": "$-28", "2018-07-31": "$-38", "2018-04-30": "$-25", "2018-01-31": "$-24", "2017-10-31": "$-35", "2017-07-31": "$-26", "2017-04-30": "$-27", "2017-01-31": "$-10", "2016-10-31": "$-22", "2016-07-31": "$-21", "2016-04-30": "$-23", "2016-01-31": "", "2015-01-31": ""}}, "ebitda": {"Okta Annual EBITDA (Millions of US $)": {"2020": "$-114", "2019": "$-76", "2018": "$-90", "2017": "$-60", "2016": "$-65", "2015": "$-54"}, "Okta Quarterly EBITDA (Millions of US $)": {"2020-10-31": "$-10", "2020-07-31": "$-13", "2020-04-30": "$-28", "2020-01-31": "$-21", "2019-10-31": "$-26", "2019-07-31": "$-28", "2019-04-30": "$-38", "2019-01-31": "$-16", "2018-10-31": "$-17", "2018-07-31": "$-28", "2018-04-30": "$-16", "2018-01-31": "$-18", "2017-10-31": "$-29", "2017-07-31": "$-20", "2017-04-30": "$-24", "2017-01-31": "$-4", "2016-10-31": "$-17", "2016-07-31": "$-16", "2016-04-30": "$-19", "2016-01-31": "", "2015-01-31": ""}}, "net-income": {"Okta Annual Net Income (Millions of US $)": {"2020": "$-209", "2019": "$-125", "2018": "$-110", "2017": "$-75", "2016": "$-76", "2015": "$-59"}, "Okta Quarterly Net Income (Millions of US $)": {"2020-10-31": "$-73", "2020-07-31": "$-60", "2020-04-30": "$-58", "2020-01-31": "$-50", "2019-10-31": "$-63", "2019-07-31": "$-43", "2019-04-30": "$-52", "2019-01-31": "$-31", "2018-10-31": "$-30", "2018-07-31": "$-39", "2018-04-30": "$-26", "2018-01-31": "$-23", "2017-10-31": "$-33", "2017-07-31": "$-26", "2017-04-30": "$-28", "2017-01-31": "$-10", "2016-10-31": "$-22", "2016-07-31": "$-21", "2016-04-30": "$-23", "2016-01-31": "", "2015-01-31": ""}}, "eps-earnings-per-share-diluted": {"Okta Annual EPS": {"2020": "$-1.78", "2019": "$-1.17", "2018": "$-1.32", "2017": "$-3.94", "2016": "$-4.28", "2015": "$-3.67"}, "Okta Quarterly EPS": {"2020-10-31": "$-0.56", "2020-07-31": "$-0.48", "2020-04-30": "$-0.47", "2020-01-31": "$-0.42", "2019-10-31": "$-0.53", "2019-07-31": "$-0.37", "2019-04-30": "$-0.46", "2019-01-31": "$-0.28", "2018-10-31": "$-0.27", "2018-07-31": "$-0.37", "2018-04-30": "$-0.25", "2018-01-31": "$0.01", "2017-10-31": "$-0.35", "2017-07-31": "$-0.28", "2017-04-30": "$-0.70", "2017-01-31": "$-0.48", "2016-10-31": "$-1.14", "2016-07-31": "$-1.10", "2016-04-30": "$-1.22", "2016-01-31": "$0.00", "2015-01-31": "$0.00"}}, "shares-outstanding": {"Okta Annual Shares Outstanding (Millions of Shares)": {"2020": "117", "2019": "108", "2018": "83", "2017": "19", "2016": "18", "2015": "16"}, "Okta Quarterly Shares Outstanding (Millions of Shares)": {"2020-10-31": "129", "2020-07-31": "126", "2020-04-30": "123", "2020-01-31": "117", "2019-10-31": "119", "2019-07-31": "115", "2019-04-30": "113", "2019-01-31": "108", "2018-10-31": "109", "2018-07-31": "107", "2018-04-30": "104", "2018-01-31": "83", "2017-10-31": "95", "2017-07-31": "94", "2017-04-30": "40", "2017-01-31": "19", "2016-10-31": "19", "2016-07-31": "19", "2016-04-30": "19", "2016-01-31": "", "2015-01-31": ""}}, "total-assets": {"Okta Annual Total Assets (Millions of US $)": {"2020": "$1,955", "2019": "$984", "2018": "$399", "2017": "$131", "2016": "$150", "2015": "$0"}, "Okta Quarterly Total Assets (Millions of US $)": {"2020-10-31": "$3,170", "2020-07-31": "$3,115", "2020-04-30": "$2,037", "2020-01-31": "$1,955", "2019-10-31": "$1,871", "2019-07-31": "$1,027", "2019-04-30": "$999", "2019-01-31": "$984", "2018-10-31": "$797", "2018-07-31": "$764", "2018-04-30": "$727", "2018-01-31": "$399", "2017-10-31": "$337", "2017-07-31": "$316", "2017-04-30": "$320", "2017-01-31": "$131", "2016-10-31": "$0", "2016-07-31": "$0", "2016-04-30": "$0", "2016-01-31": "$150", "2015-01-31": "$0"}}, "cash-on-hand": {"Okta Annual Cash on Hand (Millions of US $)": {"2020": "$1,403", "2019": "$564", "2018": "$230", "2017": "$38", "2016": "$88", "2015": "$"}, "Okta Quarterly Cash on Hand (Millions of US $)": {"2020-10-31": "$2,495", "2020-07-31": "$2,515", "2020-04-30": "$1,447", "2020-01-31": "$1,403", "2019-10-31": "$1,366", "2019-07-31": "$557", "2019-04-30": "$547", "2019-01-31": "$564", "2018-10-31": "$546", "2018-07-31": "$536", "2018-04-30": "$547", "2018-01-31": "$230", "2017-10-31": "$224", "2017-07-31": "$213", "2017-04-30": "$224", "2017-01-31": "$38", "2016-10-31": "", "2016-07-31": "", "2016-04-30": "", "2016-01-31": "$88", "2015-01-31": ""}}, "long-term-debt": {"Okta Annual Long Term Debt (Millions of US $)": {"2020": "$837", "2019": "$", "2018": "$", "2017": "$", "2016": "$", "2015": "$"}, "Okta Quarterly Long Term Debt (Millions of US $)": {"2020-10-31": "$1,710", "2020-07-31": "$1,689", "2020-04-30": "$846", "2020-01-31": "$837", "2019-10-31": "$828", "2019-07-31": "", "2019-04-30": "", "2019-01-31": "", "2018-10-31": "$268", "2018-07-31": "$264", "2018-04-30": "$260", "2018-01-31": "", "2017-10-31": "", "2017-07-31": "", "2017-04-30": "", "2017-01-31": "", "2016-10-31": "", "2016-07-31": "", "2016-04-30": "", "2016-01-31": "", "2015-01-31": ""}}, "total-liabilities": {"Okta Annual Total Liabilities (Millions of US $)": {"2020": "$1,550", "2019": "$732", "2018": "$200", "2017": "$146", "2016": "$103", "2015": "$0"}, "Okta Quarterly Total Liabilities (Millions of US $)": {"2020-10-31": "$2,490", "2020-07-31": "$2,430", "2020-04-30": "$1,624", "2020-01-31": "$1,550", "2019-10-31": "$1,472", "2019-07-31": "$776", "2019-04-30": "$759", "2019-01-31": "$732", "2018-10-31": "$552", "2018-07-31": "$519", "2018-04-30": "$477", "2018-01-31": "$200", "2017-10-31": "$181", "2017-07-31": "$163", "2017-04-30": "$154", "2017-01-31": "$146", "2016-10-31": "$0", "2016-07-31": "$0", "2016-04-30": "$0", "2016-01-31": "$103", "2015-01-31": "$0"}}, "total-share-holder-equity": {"Okta Annual Share Holder Equity (Millions of US $)": {"2020": "$405", "2019": "$252", "2018": "$199", "2017": "$-16", "2016": "$47", "2015": "$0"}, "Okta Quarterly Share Holder Equity (Millions of US $)": {"2020-10-31": "$681", "2020-07-31": "$685", "2020-04-30": "$413", "2020-01-31": "$405", "2019-10-31": "$398", "2019-07-31": "$251", "2019-04-30": "$239", "2019-01-31": "$252", "2018-10-31": "$245", "2018-07-31": "$245", "2018-04-30": "$250", "2018-01-31": "$199", "2017-10-31": "$156", "2017-07-31": "$153", "2017-04-30": "$166", "2017-01-31": "$-16", "2016-10-31": "$0", "2016-07-31": "$0", "2016-04-30": "$0", "2016-01-31": "$47", "2015-01-31": "$0"}}, "profit-margins": {"current": "-31.38%"}, "gross margin": {"2020-10-31": "73.79%", "2020-07-31": "73.68%", "2020-04-30": "73.25%", "2020-01-31": "72.99%", "2019-10-31": "72.80%", "2019-07-31": "72.43%", "2019-04-30": "71.66%", "2019-01-31": "71.50%", "2018-10-31": "70.99%", "2018-07-31": "70.28%", "2018-04-30": "70.14%", "2018-01-31": "69.14%", "2017-10-31": "68.42%", "2017-07-31": "67.98%", "2017-04-30": "67.22%", "2017-01-31": "65.63%"}, "operating margin": {"2020-10-31": "-25.29%", "2020-07-31": "-26.74%", "2020-04-30": "-29.08%", "2020-01-31": "-31.97%", "2019-10-31": "-31.89%", "2019-07-31": "-31.28%", "2019-04-30": "-33.11%", "2019-01-31": "-29.75%", "2018-10-31": "-31.77%", "2018-07-31": "-37.77%", "2018-04-30": "-38.19%", "2018-01-31": "-43.75%", "2017-10-31": "-42.98%", "2017-07-31": "-41.87%", "2017-04-30": "-44.44%", "2017-01-31": "-47.50%"}, "ebitda margin": {"2020-10-31": "-9.39%", "2020-07-31": "-12.52%", "2020-04-30": "-16.02%", "2020-01-31": "-19.32%", "2019-10-31": "-20.26%", "2019-07-31": "-20.37%", "2019-04-30": "-22.45%", "2019-01-31": "-19.25%", "2018-10-31": "-21.82%", "2018-07-31": "-28.17%", "2018-04-30": "-28.82%", "2018-01-31": "-35.55%", "2017-10-31": "-33.77%", "2017-07-31": "-32.02%", "2017-04-30": "-33.89%", "2017-01-31": "-35.00%"}, "pre tax profit margin": {"2020-10-31": "-31.55%", "2020-07-31": "-33.00%", "2020-04-30": "-33.44%", "2020-01-31": "-35.90%", "2019-10-31": "-35.46%", "2019-07-31": "-32.10%", "2019-04-30": "-34.47%", "2019-01-31": "-31.25%", "2018-10-31": "-32.87%", "2018-07-31": "-38.08%", "2018-04-30": "-37.85%", "2018-01-31": "-42.97%", "2017-10-31": "-42.54%", "2017-07-31": "-41.87%", "2017-04-30": "-44.44%", "2017-01-31": "-47.50%"}, "net profit margin": {"2020-10-31": "-31.42%", "2020-07-31": "-32.86%", "2020-04-30": "-33.28%", "2020-01-31": "-35.56%", "2019-10-31": "-35.46%", "2019-07-31": "-32.10%", "2019-04-30": "-34.47%", "2019-01-31": "-31.50%", "2018-10-31": "-32.60%", "2018-07-31": "-37.46%", "2018-04-30": "-37.50%", "2018-01-31": "-42.97%", "2017-10-31": "-42.54%", "2017-07-31": "-42.36%", "2017-04-30": "-45.00%", "2017-01-31": "-47.50%"}, "pe ratio": {"current": "0.00", "2021-02-05": "0.00", "2020-10-31": "0.00", "2020-07-31": "0.00", "2020-04-30": "0.00", "2020-01-31": "0.00", "2019-10-31": "0.00", "2019-07-31": "0.00", "2019-04-30": "0.00", "2019-01-31": "0.00", "2018-10-31": "0.00", "2018-07-31": "0.00", "2018-04-30": "0.00", "2018-01-31": "0.00"}, "price sales": {"2021-02-05": "45.76", "2020-10-31": "33.94", "2020-07-31": "38.22", "2020-04-30": "27.94", "2020-01-31": "25.38", "2019-10-31": "23.24", "2019-07-31": "29.89", "2019-04-30": "25.73", "2019-01-31": "22.08", "2018-10-31": "16.27", "2018-07-31": "14.96", "2018-04-30": "13.92", "2018-01-31": "8.21"}, "price book": {"current": "53.83", "2021-02-05": "53.83", "2020-10-31": "39.92", "2020-07-31": "41.31", "2020-04-30": "45.64", "2020-01-31": "38.74", "2019-10-31": "33.16", "2019-07-31": "60.92", "2019-04-30": "49.59", "2019-01-31": "36.63", "2018-10-31": "26.34", "2018-07-31": "22.07", "2018-04-30": "18.26", "2018-01-31": "15.36", "2017-10-31": "18.84", "2017-07-31": "13.72", "2017-04-30": "14.96"}, "price fcf": {"2021-02-05": "", "2020-10-31": "$0.76", "2020-07-31": "$0.52", "2020-04-30": "$0.43", "2020-01-31": "$0.31", "2019-10-31": "$0.20", "2019-07-31": "$0.14", "2019-04-30": "$0.07", "2019-01-31": "$-0.06", "2018-10-31": "$-0.19", "2018-07-31": "$-0.31", "2018-04-30": "$-0.13", "2018-01-31": "$-0.45"}, "net worth": {"value": "$36.63B"}, "current ratio": {"current": "4.81", "2020-10-31": "4.81", "2020-07-31": "5.07", "2020-04-30": "2.86", "2020-01-31": "2.93", "2019-10-31": "3.19", "2019-07-31": "1.12", "2019-04-30": "1.13", "2019-01-31": "1.24", "2018-10-31": "2.69", "2018-07-31": "2.90", "2018-04-30": "3.14", "2018-01-31": "1.69", "2017-10-31": "1.72", "2017-07-31": "1.80", "2017-04-30": "1.96", "2017-01-31": "0.69", "2016-10-31": "0.00", "2016-07-31": "0.00", "2016-04-30": "0.00", "2016-01-31": "1.44", "2015-01-31": "0.00"}, "quick ratio": {"2020-10-31": "0.00", "2020-07-31": "0.00", "2020-04-30": "0.00", "2020-01-31": "0.00", "2019-10-31": "0.00", "2019-07-31": "0.00", "2019-04-30": "0.00", "2019-01-31": "0.00", "2018-10-31": "0.00", "2018-07-31": "0.00", "2018-04-30": "0.00", "2018-01-31": "0.00", "2017-10-31": "0.00", "2017-07-31": "0.00", "2017-04-30": "0.00", "2017-01-31": "0.00", "2016-10-31": "0.00", "2016-07-31": "0.00", "2016-04-30": "0.00", "2016-01-31": "0.00", "2015-01-31": "0.00"}, "debt equity ratio": {"current": "2.51", "2020-10-31": "3.66", "2020-07-31": "3.55", "2020-04-30": "3.93", "2020-01-31": "3.82", "2019-10-31": "3.70", "2019-07-31": "3.10", "2019-04-30": "3.17", "2019-01-31": "2.90", "2018-10-31": "2.26", "2018-07-31": "2.12", "2018-04-30": "1.91", "2018-01-31": "1.00", "2017-10-31": "1.16", "2017-07-31": "1.07", "2017-04-30": "0.93", "2017-01-31": "-9.35", "2016-10-31": "0.00", "2016-07-31": "0.00", "2016-04-30": "0.00", "2016-01-31": "2.19", "2015-01-31": "0.00"}, "return on equity": {"2020-10-31": "-44.14%", "2020-07-31": "-48.61%", "2020-04-30": "-58.35%", "2020-01-31": "-64.35%", "2019-10-31": "-66.32%", "2019-07-31": "-63.22%", "2019-04-30": "-61.98%", "2019-01-31": "-50.81%", "2018-10-31": "-50.27%", "2018-07-31": "-56.94%", "2018-04-30": "-56.99%", "2018-01-31": "-65.28%", "2017-10-31": "-84.53%", "2017-07-31": "-113.53%", "2017-04-30": "-216.00%", "2017-01-31": "1900.00%"}, "return on assets": {"2020-10-31": "-9.38%", "2020-07-31": "-10.29%", "2020-04-30": "-12.42%", "2020-01-31": "-14.22%", "2019-10-31": "-15.49%", "2019-07-31": "-16.39%", "2019-04-30": "-17.16%", "2019-01-31": "-15.40%", "2018-10-31": "-17.57%", "2018-07-31": "-21.73%", "2018-04-30": "-24.28%", "2018-01-31": "-32.07%", "2017-10-31": "-35.14%", "2017-07-31": "-44.85%", "2017-04-30": "-71.84%", "2017-01-31": "-232.06%"}, "return on investments": {"2020-10-31": "-10.68%", "2020-07-31": "-12.32%", "2020-04-30": "-20.06%", "2020-01-31": "-30.30%", "2019-10-31": "-55.42%", "2019-07-31": "-118.75%", "2019-04-30": "-57.20%", "2019-01-31": "-31.09%", "2018-10-31": "-30.05%", "2018-07-31": "-47.89%", "2018-04-30": "-86.27%", "2018-01-31": "inf%", "2017-10-31": "inf%", "2017-07-31": "inf%", "2017-04-30": "inf%", "2017-01-31": "inf%"}, "return on tangible equity": {"2020-10-31": "-51.55%", "2020-07-31": "-58.37%", "2020-04-30": "-74.83%", "2020-01-31": "-85.51%", "2019-10-31": "-87.10%", "2019-07-31": "-81.89%", "2019-04-30": "-75.53%", "2019-01-31": "-57.73%", "2018-10-31": "-56.59%", "2018-07-31": "-63.52%", "2018-04-30": "-62.88%", "2018-01-31": "-72.61%", "2017-10-31": "-97.49%", "2017-07-31": "-132.82%", "2017-04-30": "-263.41%", "2017-01-31": "1125.93%"}, "dividend yield history": {"last payout": "$0.00", "last yield": "0.00%"}}