{"ticker": "ORI", "price": {"title": "Old Republic Historical Annual Stock Price Data", "value": 19.34, "historical": {"2021": {"Average Stock Price": "18.7652", "Year Open": "19.7100", "Year High": "19.7100", "Year Low": "17.9800", "Year Close": "19.3400", "Annual % Change": "-1.88%"}, "2020": {"Average Stock Price": "17.4564", "Year Open": "22.3300", "Year High": "23.4900", "Year Low": "12.3300", "Year Close": "19.7100", "Annual % Change": "-11.89%"}, "2019": {"Average Stock Price": "22.1116", "Year Open": "20.1700", "Year High": "24.0700", "Year Low": "20.0000", "Year Close": "22.3700", "Annual % Change": "8.75%"}, "2018": {"Average Stock Price": "21.1723", "Year Open": "21.0700", "Year High": "22.9500", "Year Low": "19.6500", "Year Close": "20.5700", "Annual % Change": "-3.79%"}, "2017": {"Average Stock Price": "19.9847", "Year Open": "19.0700", "Year High": "21.4600", "Year Low": "18.1100", "Year Close": "21.3800", "Annual % Change": "12.53%"}, "2016": {"Average Stock Price": "18.4387", "Year Open": "18.3300", "Year High": "19.9800", "Year Low": "16.5800", "Year Close": "19.0000", "Annual % Change": "1.99%"}, "2015": {"Average Stock Price": "16.0475", "Year Open": "14.6100", "Year High": "19.0200", "Year Low": "13.8700", "Year Close": "18.6300", "Annual % Change": "27.34%"}, "2014": {"Average Stock Price": "15.6092", "Year Open": "17.0500", "Year High": "17.2300", "Year Low": "13.7400", "Year Close": "14.6300", "Annual % Change": "-15.29%"}, "2013": {"Average Stock Price": "13.9940", "Year Open": "10.8900", "Year High": "17.3600", "Year Low": "10.8900", "Year Close": "17.2700", "Annual % Change": "62.16%"}, "2012": {"Average Stock Price": "9.7699", "Year Open": "9.2700", "Year High": "11.1900", "Year Low": "7.8300", "Year Close": "10.6500", "Annual % Change": "14.89%"}, "2011": {"Average Stock Price": "10.9975", "Year Open": "13.8400", "Year High": "13.8400", "Year Low": "7.1800", "Year Close": "9.2700", "Annual % Change": "-31.99%"}, "2010": {"Average Stock Price": "12.7427", "Year Open": "10.1600", "Year High": "15.2900", "Year Low": "10.1200", "Year Close": "13.6300", "Annual % Change": "35.76%"}, "2009": {"Average Stock Price": "10.6795", "Year Open": "11.8700", "Year High": "12.7100", "Year Low": "7.4000", "Year Close": "10.0400", "Annual % Change": "-15.77%"}, "2008": {"Average Stock Price": "12.1831", "Year Open": "15.0600", "Year High": "16.5000", "Year Low": "7.3900", "Year Close": "11.9200", "Annual % Change": "-22.65%"}, "2007": {"Average Stock Price": "19.7733", "Year Open": "23.5100", "Year High": "23.5100", "Year Low": "13.7300", "Year Close": "15.4100", "Annual % Change": "-33.81%"}, "2006": {"Average Stock Price": "21.7720", "Year Open": "21.5800", "Year High": "23.5000", "Year Low": "20.2000", "Year Close": "23.2800", "Annual % Change": "10.81%"}, "2005": {"Average Stock Price": "20.0383", "Year Open": "20.0720", "Year High": "22.4400", "Year Low": "17.8480", "Year Close": "21.0080", "Annual % Change": "3.79%"}, "2004": {"Average Stock Price": "19.2756", "Year Open": "20.2400", "Year High": "21.7520", "Year Low": "17.0960", "Year Close": "20.2400", "Annual % Change": "-0.24%"}, "2003": {"Average Stock Price": "17.2478", "Year Open": "15.5840", "Year High": "20.6293", "Year Low": "13.2213", "Year Close": "20.2880", "Annual % Change": "35.86%"}, "2002": {"Average Stock Price": "16.3197", "Year Open": "15.0133", "Year High": "18.5227", "Year Low": "13.4827", "Year Close": "14.9333", "Annual % Change": "-0.04%"}, "2001": {"Average Stock Price": "14.5907", "Year Open": "16.0320", "Year High": "16.0320", "Year Low": "12.0800", "Year Close": "14.9387", "Annual % Change": "-12.47%"}, "2000": {"Average Stock Price": "10.2606", "Year Open": "6.9973", "Year High": "17.0667", "Year Low": "5.7333", "Year Close": "17.0667", "Annual % Change": "134.78%"}, "1999": {"Average Stock Price": "9.0764", "Year Open": "12.0320", "Year High": "12.0320", "Year Low": "6.6027", "Year Close": "7.2693", "Annual % Change": "-39.42%"}, "1998": {"Average Stock Price": "13.7700", "Year Open": "13.3120", "Year High": "16.9991", "Year Low": "9.6000", "Year Close": "12.0000", "Annual % Change": "-9.25%"}, "1997": {"Average Stock Price": "11.3670", "Year Open": "9.4222", "Year High": "14.1796", "Year Low": "8.7573", "Year Close": "13.2231", "Annual % Change": "39.03%"}, "1996": {"Average Stock Price": "8.2666", "Year Open": "8.3271", "Year High": "11.7333", "Year Low": "7.2296", "Year Close": "9.5111", "Annual % Change": "13.03%"}, "1995": {"Average Stock Price": "6.4008", "Year Open": "5.0963", "Year High": "8.4148", "Year Low": "5.0086", "Year Close": "8.4148", "Annual % Change": "65.12%"}, "1994": {"Average Stock Price": "5.2266", "Year Open": "5.5111", "Year High": "5.7790", "Year Low": "4.4753", "Year Close": "5.0963", "Annual % Change": "-4.99%"}, "1993": {"Average Stock Price": "5.7969", "Year Open": "5.8382", "Year High": "6.4901", "Year Low": "5.1271", "Year Close": "5.3641", "Annual % Change": "-9.04%"}, "1992": {"Average Stock Price": "5.0747", "Year Open": "4.2074", "Year High": "6.2815", "Year Low": "4.1481", "Year Close": "5.8975", "Annual % Change": "40.17%"}, "1991": {"Average Stock Price": "3.5297", "Year Open": "2.7117", "Year High": "4.2074", "Year Low": "2.6370", "Year Close": "4.2074", "Annual % Change": "55.16%"}}}, "market cap": {"value": "$5.88B"}, "income statement": {"Revenue": {"2020-12-31": "7166.00000", "2019-12-31": "7213.70000", "2018-12-31": "6021.80000", "2017-12-31": "6263.10000", "2016-12-31": "5900.50000", "2015-12-31": "5766.10000", "2014-12-31": "5530.70000", "2013-12-31": "5442.70000", "2012-12-31": "4970.10000", "2011-12-31": "4645.50000", "2010-12-31": "4102.70000", "2009-12-31": "3803.60000", "2008-12-31": "3237.70000", "2007-12-31": "4091.00000", "2006-12-31": "3794.20000", "2005-12-31": "3805.90000"}, "Cost Of Goods Sold": {"2020-12-31": "2491.40000", "2019-12-31": "5823.80000", "2018-12-31": "5521.50000", "2017-12-31": "5454.90000", "2016-12-31": "5146.10000", "2015-12-31": "5074.30000", "2014-12-31": "4881.00000", "2013-12-31": "4732.70000", "2012-12-31": "5044.50000", "2011-12-31": "4803.00000", "2010-12-31": "4030.90000", "2009-12-31": "4045.00000", "2008-12-31": "4038.90000", "2007-12-31": "3695.80000", "2006-12-31": "3096.70000", "2005-12-31": "3043.50000"}, "Gross Profit": {"2020-12-31": "4674.60000", "2019-12-31": "1389.90000", "2018-12-31": "500.29980", "2017-12-31": "808.20020", "2016-12-31": "754.39990", "2015-12-31": "691.80030", "2014-12-31": "649.70020", "2013-12-31": "710.00000", "2012-12-31": "-74.39990", "2011-12-31": "-157.50000", "2010-12-31": "71.80010", "2009-12-31": "-241.39990", "2008-12-31": "-801.20000", "2007-12-31": "395.20020", "2006-12-31": "697.49980", "2005-12-31": "762.39990"}, "Research And Development Expenses": {"2020-12-31": "", "2019-12-31": "", "2018-12-31": "", "2017-12-31": "", "2016-12-31": "", "2015-12-31": "", "2014-12-31": "", "2013-12-31": "", "2012-12-31": "", "2011-12-31": "", "2010-12-31": "", "2009-12-31": "", "2008-12-31": "", "2007-12-31": "", "2006-12-31": "", "2005-12-31": ""}, "SG&A Expenses": {"2020-12-31": "3942.40000", "2019-12-31": "", "2018-12-31": "", "2017-12-31": "", "2016-12-31": "", "2015-12-31": "", "2014-12-31": "", "2013-12-31": "", "2012-12-31": "", "2011-12-31": "", "2010-12-31": "", "2009-12-31": "", "2008-12-31": "", "2007-12-31": "", "2006-12-31": "", "2005-12-31": ""}, "Other Operating Income Or Expenses": {"2020-12-31": "", "2019-12-31": "", "2018-12-31": "", "2017-12-31": "", "2016-12-31": "", "2015-12-31": "", "2014-12-31": "", "2013-12-31": "", "2012-12-31": "", "2011-12-31": "", "2010-12-31": "", "2009-12-31": "", "2008-12-31": "", "2007-12-31": "", "2006-12-31": "", "2005-12-31": ""}, "Operating Expenses": {"2020-12-31": "6433.80000", "2019-12-31": "5823.80000", "2018-12-31": "5521.50000", "2017-12-31": "5454.90000", "2016-12-31": "5146.10000", "2015-12-31": "5074.30000", "2014-12-31": "4881.00000", "2013-12-31": "4732.70000", "2012-12-31": "5044.50000", "2011-12-31": "4803.00000", "2010-12-31": "4030.90000", "2009-12-31": "4045.00000", "2008-12-31": "4038.90000", "2007-12-31": "3695.80000", "2006-12-31": "3096.70000", "2005-12-31": "3043.50000"}, "Operating Income": {"2020-12-31": "732.20020", "2019-12-31": "1389.90000", "2018-12-31": "500.29980", "2017-12-31": "808.20020", "2016-12-31": "754.39990", "2015-12-31": "691.80030", "2014-12-31": "649.70020", "2013-12-31": "710.00000", "2012-12-31": "-74.39990", "2011-12-31": "-157.50000", "2010-12-31": "71.80010", "2009-12-31": "-241.39990", "2008-12-31": "-801.20000", "2007-12-31": "395.20020", "2006-12-31": "697.49980", "2005-12-31": "762.39990"}, "Total Non-Operating Income/Expense": {"2020-12-31": "-43.70000", "2019-12-31": "-67.30000", "2018-12-31": "-62.00000", "2017-12-31": "-82.50000", "2016-12-31": "-68.30000", "2015-12-31": "-59.80000", "2014-12-31": "-40.00000", "2013-12-31": "-36.80000", "2012-12-31": "-54.10000", "2011-12-31": "-79.00000", "2010-12-31": "-44.10000", "2009-12-31": "-32.00000", "2008-12-31": "-17.90000", "2007-12-31": "-16.60000", "2006-12-31": "-17.20000", "2005-12-31": "-14.80000"}, "Pre-Tax Income": {"2020-12-31": "688.40000", "2019-12-31": "1322.40000", "2018-12-31": "438.10000", "2017-12-31": "725.40000", "2016-12-31": "686.00000", "2015-12-31": "631.80000", "2014-12-31": "609.40000", "2013-12-31": "672.90000", "2012-12-31": "-128.50000", "2011-12-31": "-236.70000", "2010-12-31": "27.60000", "2009-12-31": "-273.60000", "2008-12-31": "-819.20000", "2007-12-31": "378.40000", "2006-12-31": "680.10000", "2005-12-31": "747.30000"}, "Income Taxes": {"2020-12-31": "129.70000", "2019-12-31": "265.90000", "2018-12-31": "67.50000", "2017-12-31": "164.80000", "2016-12-31": "219.00000", "2015-12-31": "209.60000", "2014-12-31": "199.70000", "2013-12-31": "225.00000", "2012-12-31": "-59.80000", "2011-12-31": "-96.10000", "2010-12-31": "-2.50000", "2009-12-31": "-174.40000", "2008-12-31": "-260.80000", "2007-12-31": "105.90000", "2006-12-31": "215.20000", "2005-12-31": "195.90000"}, "Income After Taxes": {"2020-12-31": "558.70000", "2019-12-31": "1056.50000", "2018-12-31": "370.60000", "2017-12-31": "560.60000", "2016-12-31": "467.00000", "2015-12-31": "422.20000", "2014-12-31": "409.70000", "2013-12-31": "447.90000", "2012-12-31": "-68.70000", "2011-12-31": "-140.60000", "2010-12-31": "30.10000", "2009-12-31": "-99.20000", "2008-12-31": "-558.40000", "2007-12-31": "272.50000", "2006-12-31": "464.90000", "2005-12-31": "551.40000"}, "Other Income": {"2020-12-31": "", "2019-12-31": "", "2018-12-31": "", "2017-12-31": "", "2016-12-31": "", "2015-12-31": "", "2014-12-31": "", "2013-12-31": "", "2012-12-31": "", "2011-12-31": "", "2010-12-31": "", "2009-12-31": "", "2008-12-31": "", "2007-12-31": "", "2006-12-31": "", "2005-12-31": ""}, "Income From Continuous Operations": {"2020-12-31": "558.70000", "2019-12-31": "1056.50000", "2018-12-31": "370.60000", "2017-12-31": "560.60000", "2016-12-31": "467.00000", "2015-12-31": "422.20000", "2014-12-31": "409.70000", "2013-12-31": "447.90000", "2012-12-31": "-68.70000", "2011-12-31": "-140.60000", "2010-12-31": "30.10000", "2009-12-31": "-99.20000", "2008-12-31": "-558.40000", "2007-12-31": "272.50000", "2006-12-31": "464.90000", "2005-12-31": "551.40000"}, "Income From Discontinued Operations": {"2020-12-31": "", "2019-12-31": "", "2018-12-31": "", "2017-12-31": "", "2016-12-31": "", "2015-12-31": "", "2014-12-31": "", "2013-12-31": "", "2012-12-31": "", "2011-12-31": "", "2010-12-31": "", "2009-12-31": "", "2008-12-31": "", "2007-12-31": "", "2006-12-31": "", "2005-12-31": ""}, "Net Income": {"2020-12-31": "558.60000", "2019-12-31": "1056.40000", "2018-12-31": "370.50000", "2017-12-31": "560.50000", "2016-12-31": "466.90000", "2015-12-31": "422.10000", "2014-12-31": "409.70000", "2013-12-31": "447.80000", "2012-12-31": "-68.60000", "2011-12-31": "-140.50000", "2010-12-31": "30.10000", "2009-12-31": "-99.10000", "2008-12-31": "-558.30000", "2007-12-31": "272.40000", "2006-12-31": "464.80000", "2005-12-31": "551.40000"}, "EBITDA": {"2020-12-31": "732.20020", "2019-12-31": "1389.90000", "2018-12-31": "500.29980", "2017-12-31": "808.20020", "2016-12-31": "754.39990", "2015-12-31": "691.80030", "2014-12-31": "649.70020", "2013-12-31": "710.00000", "2012-12-31": "-74.39990", "2011-12-31": "-157.50000", "2010-12-31": "71.80010", "2009-12-31": "-241.39990", "2008-12-31": "-801.20000", "2007-12-31": "395.20020", "2006-12-31": "697.49980", "2005-12-31": "762.39990"}, "EBIT": {"2020-12-31": "732.20020", "2019-12-31": "1389.90000", "2018-12-31": "500.29980", "2017-12-31": "808.20020", "2016-12-31": "754.39990", "2015-12-31": "691.80030", "2014-12-31": "649.70020", "2013-12-31": "710.00000", "2012-12-31": "-74.39990", "2011-12-31": "-157.50000", "2010-12-31": "71.80010", "2009-12-31": "-241.39990", "2008-12-31": "-801.20000", "2007-12-31": "395.20020", "2006-12-31": "697.49980", "2005-12-31": "762.39990"}, "Basic Shares Outstanding": {"2020-12-31": "298.71660", "2019-12-31": "299.88500", "2018-12-31": "294.24900", "2017-12-31": "262.11500", "2016-12-31": "259.42900", "2015-12-31": "259.50200", "2014-12-31": "258.55300", "2013-12-31": "257.44400", "2012-12-31": "255.81300", "2011-12-31": "255.04500", "2010-12-31": "241.07500", "2009-12-31": "235.65700", "2008-12-31": "231.48400", "2007-12-31": "231.37000", "2006-12-31": "231.01800", "2005-12-31": "229.48700"}, "Shares Outstanding": {"2020-12-31": "298.71660", "2019-12-31": "299.88500", "2018-12-31": "294.24900", "2017-12-31": "262.11500", "2016-12-31": "296.37900", "2015-12-31": "296.08900", "2014-12-31": "295.07300", "2013-12-31": "293.68400", "2012-12-31": "255.81300", "2011-12-31": "255.04500", "2010-12-31": "241.32700", "2009-12-31": "235.65700", "2008-12-31": "231.48400", "2007-12-31": "232.91300", "2006-12-31": "233.03500", "2005-12-31": "232.10800"}, "Basic EPS": {"2020-12-31": "1.87000", "2019-12-31": "3.52000", "2018-12-31": "1.26000", "2017-12-31": "2.14000", "2016-12-31": "1.80000", "2015-12-31": "1.63000", "2014-12-31": "1.58000", "2013-12-31": "1.74000", "2012-12-31": "-0.27000", "2011-12-31": "-0.55000", "2010-12-31": "0.13000", "2009-12-31": "-0.42000", "2008-12-31": "-2.41000", "2007-12-31": "1.18000", "2006-12-31": "2.01000", "2005-12-31": "2.40000"}, "EPS - Earnings Per Share": {"2020-12-31": "1.87000", "2019-12-31": "3.51000", "2018-12-31": "1.24000", "2017-12-31": "1.92000", "2016-12-31": "1.62000", "2015-12-31": "1.48000", "2014-12-31": "1.44000", "2013-12-31": "1.57000", "2012-12-31": "-0.27000", "2011-12-31": "-0.55000", "2010-12-31": "0.13000", "2009-12-31": "-0.42000", "2008-12-31": "-2.41000", "2007-12-31": "1.17000", "2006-12-31": "1.99000", "2005-12-31": "2.37000"}}, "income statement, quarterly": {"Revenue": {"2020-12-31": "2423.20000", "2020-09-30": "1883.80000", "2020-06-30": "1970.60000", "2020-03-31": "701.50000", "2019-12-31": "1929.40000", "2019-09-30": "1771.00000", "2019-06-30": "1644.70000", "2019-03-31": "1868.60000", "2018-12-31": "1281.00000", "2018-09-30": "1779.70000", "2018-06-30": "1630.70000", "2018-03-31": "1330.40000", "2017-12-31": "1726.30000", "2017-09-30": "1593.00000", "2017-06-30": "1499.00000", "2017-03-31": "1444.80000", "2016-12-31": "1548.80000", "2016-09-30": "1496.00000", "2016-06-30": "1442.20000", "2016-03-31": "1413.50000", "2015-12-31": "1480.20000", "2015-09-30": "1545.70000", "2015-06-30": "1410.00000", "2015-03-31": "1330.20000", "2014-12-31": "1375.20000", "2014-09-30": "1391.00000", "2014-06-30": "1333.90000", "2014-03-31": "1430.60000", "2013-12-31": "1331.80000", "2013-09-30": "1379.50000", "2013-06-30": "1461.50000", "2013-03-31": "1269.90000", "2012-12-31": "1283.40000", "2012-09-30": "1304.80000", "2012-06-30": "1223.90000", "2012-03-31": "1158.00000", "2011-12-31": "1307.60000", "2011-09-30": "1113.50000", "2011-06-30": "1094.90000", "2011-03-31": "1129.50000", "2010-12-31": "1175.50000", "2010-09-30": "986.50000", "2010-06-30": "1008.10000", "2010-03-31": "932.60000", "2009-12-31": "972.30020", "2009-09-30": "1040.20000", "2009-06-30": "912.60000", "2009-03-31": "878.50000", "2008-12-31": "836.10010", "2008-09-30": "943.10000", "2008-06-30": "506.90000", "2008-03-31": "951.60000", "2007-12-31": "1055.10000", "2007-09-30": "1029.80000", "2007-06-30": "1032.20000", "2007-03-31": "973.90000", "2006-12-31": "937.49980", "2006-09-30": "964.90000", "2006-06-30": "948.90000", "2006-03-31": "942.90000", "2005-12-31": "1026.10000", "2005-09-30": "954.70000", "2005-06-30": "944.90000", "2005-03-31": "880.20000"}, "Cost Of Goods Sold": {"2020-12-31": "606.50000", "2020-09-30": "1562.30000", "2020-06-30": "1454.70000", "2020-03-31": "1456.60000", "2019-12-31": "1564.00000", "2019-09-30": "1504.50000", "2019-06-30": "1423.40000", "2019-03-31": "1331.90000", "2018-12-31": "1405.50000", "2018-09-30": "1430.30000", "2018-06-30": "1367.60000", "2018-03-31": "1318.10000", "2017-12-31": "1354.90000", "2017-09-30": "1510.10000", "2017-06-30": "1330.50000", "2017-03-31": "1259.40000", "2016-12-31": "1338.20000", "2016-09-30": "1314.70000", "2016-06-30": "1277.10000", "2016-03-31": "1216.10000", "2015-12-31": "1322.40000", "2015-09-30": "1347.30000", "2015-06-30": "1244.10000", "2015-03-31": "1160.50000", "2014-12-31": "1271.00000", "2014-09-30": "1260.90000", "2014-06-30": "1225.20000", "2014-03-31": "1123.90000", "2013-12-31": "1181.30000", "2013-09-30": "1220.80000", "2013-06-30": "1155.90000", "2013-03-31": "1174.70000", "2012-12-31": "1308.20000", "2012-09-30": "1324.30000", "2012-06-30": "1269.40000", "2012-03-31": "1142.60000", "2011-12-31": "1210.20000", "2011-09-30": "1267.70000", "2011-06-30": "1184.90000", "2011-03-31": "1140.20000", "2010-12-31": "1180.10000", "2010-09-30": "1038.50000", "2010-06-30": "920.10000", "2010-03-31": "892.20000", "2009-12-31": "1028.10000", "2009-09-30": "1058.20000", "2009-06-30": "990.90000", "2009-03-31": "967.80000", "2008-12-31": "1019.70000", "2008-09-30": "1012.30000", "2008-06-30": "1018.60000", "2008-03-31": "988.30000", "2007-12-31": "1030.90000", "2007-09-30": "991.70000", "2007-06-30": "860.10000", "2007-03-31": "813.10000", "2006-12-31": "780.80000", "2006-09-30": "791.10000", "2006-06-30": "757.70000", "2006-03-31": "767.10000", "2005-12-31": "811.09990", "2005-09-30": "771.10000", "2005-06-30": "752.40000", "2005-03-31": "708.90000"}, "Gross Profit": {"2020-12-31": "1816.70000", "2020-09-30": "321.50000", "2020-06-30": "515.90000", "2020-03-31": "-755.10010", "2019-12-31": "365.40030", "2019-09-30": "266.50000", "2019-06-30": "221.29990", "2019-03-31": "536.70000", "2018-12-31": "-124.50050", "2018-09-30": "349.39990", "2018-06-30": "263.10000", "2018-03-31": "12.30010", "2017-12-31": "371.40000", "2017-09-30": "82.90000", "2017-06-30": "168.50000", "2017-03-31": "185.40000", "2016-12-31": "210.59990", "2016-09-30": "181.30000", "2016-06-30": "165.09990", "2016-03-31": "197.40000", "2015-12-31": "157.80050", "2015-09-30": "198.39990", "2015-06-30": "165.89990", "2015-03-31": "169.70000", "2014-12-31": "104.20030", "2014-09-30": "130.10000", "2014-06-30": "108.70010", "2014-03-31": "306.70010", "2013-12-31": "150.50010", "2013-09-30": "158.70000", "2013-06-30": "305.60000", "2013-03-31": "95.20010", "2012-12-31": "-24.80010", "2012-09-30": "-19.50000", "2012-06-30": "-45.50000", "2012-03-31": "15.39990", "2011-12-31": "97.40000", "2011-09-30": "-154.20000", "2011-06-30": "-90.00000", "2011-03-31": "-10.70000", "2010-12-31": "-4.60010", "2010-09-30": "-52.00000", "2010-06-30": "88.00000", "2010-03-31": "40.40000", "2009-12-31": "-55.79980", "2009-09-30": "-18.00000", "2009-06-30": "-78.30000", "2009-03-31": "-89.30010", "2008-12-31": "-183.59980", "2008-09-30": "-69.20000", "2008-06-30": "-511.70000", "2008-03-31": "-36.70000", "2007-12-31": "24.20000", "2007-09-30": "38.10000", "2007-06-30": "172.10000", "2007-03-31": "160.80000", "2006-12-31": "156.69970", "2006-09-30": "173.80000", "2006-06-30": "191.20000", "2006-03-31": "175.80000", "2005-12-31": "215.00000", "2005-09-30": "183.60000", "2005-06-30": "192.50000", "2005-03-31": "171.30000"}, "Research And Development Expenses": {"2020-12-31": "", "2020-09-30": "", "2020-06-30": "", "2020-03-31": "", "2019-12-31": "", "2019-09-30": "", "2019-06-30": "", "2019-03-31": "", "2018-12-31": "", "2018-09-30": "", "2018-06-30": "", "2018-03-31": "", "2017-12-31": "", "2017-09-30": "", "2017-06-30": "", "2017-03-31": "", "2016-12-31": "", "2016-09-30": "", "2016-06-30": "", "2016-03-31": "", "2015-12-31": "", "2015-09-30": "", "2015-06-30": "", "2015-03-31": "", "2014-12-31": "", "2014-09-30": "", "2014-06-30": "", "2014-03-31": "", "2013-12-31": "", "2013-09-30": "", "2013-06-30": "", "2013-03-31": "", "2012-12-31": "", "2012-09-30": "", "2012-06-30": "", "2012-03-31": "", "2011-12-31": "", "2011-09-30": "", "2011-06-30": "", "2011-03-31": "", "2010-12-31": "", "2010-09-30": "", "2010-06-30": "", "2010-03-31": "", "2009-12-31": "", "2009-09-30": "", "2009-06-30": "", "2009-03-31": "", "2008-12-31": "", "2008-09-30": "", "2008-06-30": "", "2008-03-31": "", "2007-12-31": "", "2007-09-30": "", "2007-06-30": "", "2007-03-31": "", "2006-12-31": "", "2006-09-30": "", "2006-06-30": "", "2006-03-31": "", "2005-12-31": "", "2005-09-30": "", "2005-06-30": "", "2005-03-31": ""}, "SG&A Expenses": {"2020-12-31": "1152.50000", "2020-09-30": "", "2020-06-30": "", "2020-03-31": "", "2019-12-31": "", "2019-09-30": "", "2019-06-30": "", "2019-03-31": "", "2018-12-31": "", "2018-09-30": "", "2018-06-30": "", "2018-03-31": "", "2017-12-31": "", "2017-09-30": "", "2017-06-30": "", "2017-03-31": "", "2016-12-31": "", "2016-09-30": "", "2016-06-30": "", "2016-03-31": "", "2015-12-31": "", "2015-09-30": "", "2015-06-30": "", "2015-03-31": "", "2014-12-31": "", "2014-09-30": "", "2014-06-30": "", "2014-03-31": "", "2013-12-31": "", "2013-09-30": "", "2013-06-30": "", "2013-03-31": "", "2012-12-31": "", "2012-09-30": "", "2012-06-30": "", "2012-03-31": "", "2011-12-31": "", "2011-09-30": "", "2011-06-30": "", "2011-03-31": "", "2010-12-31": "", "2010-09-30": "", "2010-06-30": "", "2010-03-31": "", "2009-12-31": "", "2009-09-30": "", "2009-06-30": "", "2009-03-31": "", "2008-12-31": "", "2008-09-30": "", "2008-06-30": "", "2008-03-31": "", "2007-12-31": "", "2007-09-30": "", "2007-06-30": "", "2007-03-31": "", "2006-12-31": "", "2006-09-30": "", "2006-06-30": "", "2006-03-31": "", "2005-12-31": "", "2005-09-30": "", "2005-06-30": "", "2005-03-31": ""}, "Other Operating Income Or Expenses": {"2020-12-31": "", "2020-09-30": "", "2020-06-30": "", "2020-03-31": "", "2019-12-31": "", "2019-09-30": "", "2019-06-30": "", "2019-03-31": "", "2018-12-31": "", "2018-09-30": "", "2018-06-30": "", "2018-03-31": "", "2017-12-31": "", "2017-09-30": "", "2017-06-30": "", "2017-03-31": "", "2016-12-31": "", "2016-09-30": "", "2016-06-30": "", "2016-03-31": "", "2015-12-31": "", "2015-09-30": "", "2015-06-30": "", "2015-03-31": "", "2014-12-31": "", "2014-09-30": "", "2014-06-30": "", "2014-03-31": "", "2013-12-31": "", "2013-09-30": "", "2013-06-30": "", "2013-03-31": "", "2012-12-31": "", "2012-09-30": "", "2012-06-30": "", "2012-03-31": "", "2011-12-31": "", "2011-09-30": "", "2011-06-30": "", "2011-03-31": "", "2010-12-31": "", "2010-09-30": "", "2010-06-30": "", "2010-03-31": "", "2009-12-31": "", "2009-09-30": "", "2009-06-30": "", "2009-03-31": "", "2008-12-31": "", "2008-09-30": "", "2008-06-30": "", "2008-03-31": "", "2007-12-31": "", "2007-09-30": "", "2007-06-30": "", "2007-03-31": "", "2006-12-31": "", "2006-09-30": "", "2006-06-30": "", "2006-03-31": "", "2005-12-31": "", "2005-09-30": "", "2005-06-30": "", "2005-03-31": ""}, "Operating Expenses": {"2020-12-31": "1759.00000", "2020-09-30": "1562.30000", "2020-06-30": "1454.70000", "2020-03-31": "1456.60000", "2019-12-31": "1564.00000", "2019-09-30": "1504.50000", "2019-06-30": "1423.40000", "2019-03-31": "1331.90000", "2018-12-31": "1405.50000", "2018-09-30": "1430.30000", "2018-06-30": "1367.60000", "2018-03-31": "1318.10000", "2017-12-31": "1354.90000", "2017-09-30": "1510.10000", "2017-06-30": "1330.50000", "2017-03-31": "1259.40000", "2016-12-31": "1338.20000", "2016-09-30": "1314.70000", "2016-06-30": "1277.10000", "2016-03-31": "1216.10000", "2015-12-31": "1322.40000", "2015-09-30": "1347.30000", "2015-06-30": "1244.10000", "2015-03-31": "1160.50000", "2014-12-31": "1271.00000", "2014-09-30": "1260.90000", "2014-06-30": "1225.20000", "2014-03-31": "1123.90000", "2013-12-31": "1181.30000", "2013-09-30": "1220.80000", "2013-06-30": "1155.90000", "2013-03-31": "1174.70000", "2012-12-31": "1308.20000", "2012-09-30": "1324.30000", "2012-06-30": "1269.40000", "2012-03-31": "1142.60000", "2011-12-31": "1210.20000", "2011-09-30": "1267.70000", "2011-06-30": "1184.90000", "2011-03-31": "1140.20000", "2010-12-31": "1180.10000", "2010-09-30": "1038.50000", "2010-06-30": "920.10000", "2010-03-31": "892.20000", "2009-12-31": "1028.10000", "2009-09-30": "1058.20000", "2009-06-30": "990.90000", "2009-03-31": "967.80000", "2008-12-31": "1019.70000", "2008-09-30": "1012.30000", "2008-06-30": "1018.60000", "2008-03-31": "988.30000", "2007-12-31": "1030.90000", "2007-09-30": "991.70000", "2007-06-30": "860.10000", "2007-03-31": "813.10000", "2006-12-31": "780.80020", "2006-09-30": "791.10000", "2006-06-30": "757.70000", "2006-03-31": "767.10000", "2005-12-31": "811.09990", "2005-09-30": "771.10000", "2005-06-30": "752.40000", "2005-03-31": "708.90000"}, "Operating Income": {"2020-12-31": "664.20000", "2020-09-30": "321.50000", "2020-06-30": "515.90000", "2020-03-31": "-755.10010", "2019-12-31": "365.40040", "2019-09-30": "266.50000", "2019-06-30": "221.29990", "2019-03-31": "536.70000", "2018-12-31": "-124.50050", "2018-09-30": "349.39990", "2018-06-30": "263.10000", "2018-03-31": "12.30010", "2017-12-31": "371.40030", "2017-09-30": "82.90000", "2017-06-30": "168.50000", "2017-03-31": "185.40000", "2016-12-31": "210.60000", "2016-09-30": "181.30000", "2016-06-30": "165.09990", "2016-03-31": "197.40000", "2015-12-31": "157.80080", "2015-09-30": "198.39990", "2015-06-30": "165.89990", "2015-03-31": "169.70000", "2014-12-31": "104.20010", "2014-09-30": "130.10000", "2014-06-30": "108.70010", "2014-03-31": "306.70010", "2013-12-31": "150.50010", "2013-09-30": "158.70000", "2013-06-30": "305.60000", "2013-03-31": "95.20010", "2012-12-31": "-24.79980", "2012-09-30": "-19.50000", "2012-06-30": "-45.50000", "2012-03-31": "15.39990", "2011-12-31": "97.40020", "2011-09-30": "-154.20000", "2011-06-30": "-90.00000", "2011-03-31": "-10.70000", "2010-12-31": "-4.60020", "2010-09-30": "-52.00000", "2010-06-30": "88.00000", "2010-03-31": "40.40000", "2009-12-31": "-55.79990", "2009-09-30": "-18.00000", "2009-06-30": "-78.30000", "2009-03-31": "-89.30010", "2008-12-31": "-183.59980", "2008-09-30": "-69.20000", "2008-06-30": "-511.70000", "2008-03-31": "-36.70000", "2007-12-31": "24.20010", "2007-09-30": "38.10000", "2007-06-30": "172.10000", "2007-03-31": "160.80000", "2006-12-31": "156.69960", "2006-09-30": "173.80000", "2006-06-30": "191.20000", "2006-03-31": "175.80000", "2005-12-31": "215.00000", "2005-09-30": "183.60000", "2005-06-30": "192.50000", "2005-03-31": "171.30000"}, "Total Non-Operating Income/Expense": {"2020-12-31": "-11.80000", "2020-09-30": "-14.40000", "2020-06-30": "-16.60000", "2020-03-31": "-14.80000", "2019-12-31": "-19.60000", "2019-09-30": "-13.90000", "2019-06-30": "-15.70000", "2019-03-31": "-18.10000", "2018-12-31": "-13.40000", "2018-09-30": "-14.10000", "2018-06-30": "-16.30000", "2018-03-31": "-18.20000", "2017-12-31": "-17.00000", "2017-09-30": "-23.10000", "2017-06-30": "-21.90000", "2017-03-31": "-20.50000", "2016-12-31": "-20.30000", "2016-09-30": "-17.00000", "2016-06-30": "-16.10000", "2016-03-31": "-14.90000", "2015-12-31": "-16.70000", "2015-09-30": "-13.50000", "2015-06-30": "-13.80000", "2015-03-31": "-15.80000", "2014-12-31": "-13.00000", "2014-09-30": "-8.50000", "2014-06-30": "-8.90000", "2014-03-31": "-9.60000", "2013-12-31": "-8.40000", "2013-09-30": "-8.70000", "2013-06-30": "-9.10000", "2013-03-31": "-10.60000", "2012-12-31": "-11.80000", "2012-09-30": "-11.60000", "2012-06-30": "-12.80000", "2012-03-31": "-17.90000", "2011-12-31": "-18.40000", "2011-09-30": "-28.20000", "2011-06-30": "-18.30000", "2011-03-31": "-14.10000", "2010-12-31": "-19.50000", "2010-09-30": "-8.60000", "2010-06-30": "-7.00000", "2010-03-31": "-9.00000", "2009-12-31": "-10.40000", "2009-09-30": "-11.00000", "2009-06-30": "-7.20000", "2009-03-31": "-3.40000", "2008-12-31": "-4.90000", "2008-09-30": "-4.00000", "2008-06-30": "-6.10000", "2008-03-31": "-2.90000", "2007-12-31": "-3.90000", "2007-09-30": "-3.00000", "2007-06-30": "-4.80000", "2007-03-31": "-4.90000", "2006-12-31": "-4.50000", "2006-09-30": "-4.40000", "2006-06-30": "-4.50000", "2006-03-31": "-3.80000", "2005-12-31": "-3.70000", "2005-09-30": "-3.70000", "2005-06-30": "-4.80000", "2005-03-31": "-2.60000"}, "Pre-Tax Income": {"2020-12-31": "652.20000", "2020-09-30": "306.90000", "2020-06-30": "499.10000", "2020-03-31": "-769.90000", "2019-12-31": "346.10000", "2019-09-30": "252.40000", "2019-06-30": "205.40000", "2019-03-31": "518.50000", "2018-12-31": "-137.60000", "2018-09-30": "335.10000", "2018-06-30": "246.60000", "2018-03-31": "-6.00000", "2017-12-31": "354.80000", "2017-09-30": "59.60000", "2017-06-30": "146.30000", "2017-03-31": "164.70000", "2016-12-31": "190.90000", "2016-09-30": "164.00000", "2016-06-30": "148.80000", "2016-03-31": "182.30000", "2015-12-31": "141.60000", "2015-09-30": "184.70000", "2015-06-30": "151.80000", "2015-03-31": "153.70000", "2014-12-31": "91.50000", "2014-09-30": "121.40000", "2014-06-30": "99.60000", "2014-03-31": "296.90000", "2013-12-31": "142.40000", "2013-09-30": "149.70000", "2013-06-30": "296.30000", "2013-03-31": "84.50000", "2012-12-31": "-36.50000", "2012-09-30": "-31.10000", "2012-06-30": "-58.30000", "2012-03-31": "-2.60000", "2011-12-31": "79.20000", "2011-09-30": "-182.70000", "2011-06-30": "-108.30000", "2011-03-31": "-24.90000", "2010-12-31": "-23.70000", "2010-09-30": "-60.70000", "2010-06-30": "80.80000", "2010-03-31": "31.20000", "2009-12-31": "-66.20000", "2009-09-30": "-29.10000", "2009-06-30": "-85.60000", "2009-03-31": "-92.70000", "2008-12-31": "-188.10000", "2008-09-30": "-73.40000", "2008-06-30": "-518.10000", "2008-03-31": "-39.60000", "2007-12-31": "20.60000", "2007-09-30": "35.00000", "2007-06-30": "167.20000", "2007-03-31": "155.60000", "2006-12-31": "152.70000", "2006-09-30": "169.10000", "2006-06-30": "186.40000", "2006-03-31": "171.90000", "2005-12-31": "211.50000", "2005-09-30": "179.80000", "2005-06-30": "187.50000", "2005-03-31": "168.50000"}, "Income Taxes": {"2020-12-31": "132.50000", "2020-09-30": "60.90000", "2020-06-30": "101.40000", "2020-03-31": "-165.10000", "2019-12-31": "70.30000", "2019-09-30": "49.50000", "2019-06-30": "39.90000", "2019-03-31": "106.20000", "2018-12-31": "-31.00000", "2018-09-30": "59.80000", "2018-06-30": "48.80000", "2018-03-31": "-10.10000", "2017-12-31": "55.20000", "2017-09-30": "13.40000", "2017-06-30": "44.60000", "2017-03-31": "51.60000", "2016-12-31": "58.90000", "2016-09-30": "53.10000", "2016-06-30": "47.70000", "2016-03-31": "59.30000", "2015-12-31": "50.80000", "2015-09-30": "58.80000", "2015-06-30": "49.70000", "2015-03-31": "50.30000", "2014-12-31": "28.20000", "2014-09-30": "35.50000", "2014-06-30": "33.50000", "2014-03-31": "102.50000", "2013-12-31": "47.60000", "2013-09-30": "46.80000", "2013-06-30": "102.30000", "2013-03-31": "28.30000", "2012-12-31": "-16.30000", "2012-09-30": "-16.20000", "2012-06-30": "-24.20000", "2012-03-31": "-3.10000", "2011-12-31": "23.90000", "2011-09-30": "-66.10000", "2011-06-30": "-42.00000", "2011-03-31": "-11.90000", "2010-12-31": "-10.30000", "2010-09-30": "-21.70000", "2010-06-30": "23.30000", "2010-03-31": "6.20000", "2009-12-31": "-29.30000", "2009-09-30": "-36.50000", "2009-06-30": "-69.80000", "2009-03-31": "-38.80000", "2008-12-31": "-61.70000", "2008-09-30": "-25.30000", "2008-06-30": "-153.30000", "2008-03-31": "-20.50000", "2007-12-31": "0.30000", "2007-09-30": "5.80000", "2007-06-30": "52.00000", "2007-03-31": "47.80000", "2006-12-31": "48.10000", "2006-09-30": "52.90000", "2006-06-30": "59.70000", "2006-03-31": "54.50000", "2005-12-31": "68.40000", "2005-09-30": "58.10000", "2005-06-30": "15.20000", "2005-03-31": "54.20000"}, "Income After Taxes": {"2020-12-31": "519.70000", "2020-09-30": "246.00000", "2020-06-30": "397.70000", "2020-03-31": "-604.80000", "2019-12-31": "275.80000", "2019-09-30": "202.90000", "2019-06-30": "165.50000", "2019-03-31": "412.30000", "2018-12-31": "-106.60000", "2018-09-30": "275.30000", "2018-06-30": "197.80000", "2018-03-31": "4.10000", "2017-12-31": "299.60000", "2017-09-30": "46.20000", "2017-06-30": "101.70000", "2017-03-31": "113.10000", "2016-12-31": "132.00000", "2016-09-30": "110.90000", "2016-06-30": "101.10000", "2016-03-31": "123.00000", "2015-12-31": "90.80000", "2015-09-30": "125.90000", "2015-06-30": "102.10000", "2015-03-31": "103.40000", "2014-12-31": "63.30000", "2014-09-30": "85.90000", "2014-06-30": "66.10000", "2014-03-31": "194.40000", "2013-12-31": "94.80010", "2013-09-30": "102.90000", "2013-06-30": "194.00000", "2013-03-31": "56.20000", "2012-12-31": "-20.20000", "2012-09-30": "-14.90000", "2012-06-30": "-34.10000", "2012-03-31": "0.50000", "2011-12-31": "55.30000", "2011-09-30": "-116.60000", "2011-06-30": "-66.30000", "2011-03-31": "-13.00000", "2010-12-31": "-13.40000", "2010-09-30": "-39.00000", "2010-06-30": "57.50000", "2010-03-31": "25.00000", "2009-12-31": "-36.90000", "2009-09-30": "7.40000", "2009-06-30": "-15.80000", "2009-03-31": "-53.90000", "2008-12-31": "-126.40000", "2008-09-30": "-48.10000", "2008-06-30": "-364.80000", "2008-03-31": "-19.10000", "2007-12-31": "20.30000", "2007-09-30": "29.20000", "2007-06-30": "115.20000", "2007-03-31": "107.80000", "2006-12-31": "104.60000", "2006-09-30": "116.20000", "2006-06-30": "126.70000", "2006-03-31": "117.40000", "2005-12-31": "143.10000", "2005-09-30": "121.70000", "2005-06-30": "172.30000", "2005-03-31": "114.30000"}, "Other Income": {"2020-12-31": "", "2020-09-30": "", "2020-06-30": "", "2020-03-31": "", "2019-12-31": "", "2019-09-30": "", "2019-06-30": "", "2019-03-31": "", "2018-12-31": "", "2018-09-30": "", "2018-06-30": "", "2018-03-31": "", "2017-12-31": "", "2017-09-30": "", "2017-06-30": "", "2017-03-31": "", "2016-12-31": "", "2016-09-30": "", "2016-06-30": "", "2016-03-31": "", "2015-12-31": "", "2015-09-30": "", "2015-06-30": "", "2015-03-31": "", "2014-12-31": "", "2014-09-30": "", "2014-06-30": "", "2014-03-31": "", "2013-12-31": "", "2013-09-30": "", "2013-06-30": "", "2013-03-31": "", "2012-12-31": "", "2012-09-30": "", "2012-06-30": "", "2012-03-31": "", "2011-12-31": "", "2011-09-30": "", "2011-06-30": "", "2011-03-31": "", "2010-12-31": "", "2010-09-30": "", "2010-06-30": "", "2010-03-31": "", "2009-12-31": "", "2009-09-30": "", "2009-06-30": "", "2009-03-31": "", "2008-12-31": "", "2008-09-30": "", "2008-06-30": "", "2008-03-31": "", "2007-12-31": "", "2007-09-30": "", "2007-06-30": "", "2007-03-31": "", "2006-12-31": "", "2006-09-30": "", "2006-06-30": "", "2006-03-31": "", "2005-12-31": "", "2005-09-30": "", "2005-06-30": "", "2005-03-31": ""}, "Income From Continuous Operations": {"2020-12-31": "519.70000", "2020-09-30": "246.00000", "2020-06-30": "397.70000", "2020-03-31": "-604.80000", "2019-12-31": "275.80000", "2019-09-30": "202.90000", "2019-06-30": "165.50000", "2019-03-31": "412.30000", "2018-12-31": "-106.60000", "2018-09-30": "275.30000", "2018-06-30": "197.80000", "2018-03-31": "4.10000", "2017-12-31": "299.60000", "2017-09-30": "46.20000", "2017-06-30": "101.70000", "2017-03-31": "113.10000", "2016-12-31": "132.00000", "2016-09-30": "110.90000", "2016-06-30": "101.10000", "2016-03-31": "123.00000", "2015-12-31": "90.80000", "2015-09-30": "125.90000", "2015-06-30": "102.10000", "2015-03-31": "103.40000", "2014-12-31": "63.30000", "2014-09-30": "85.90000", "2014-06-30": "66.10000", "2014-03-31": "194.40000", "2013-12-31": "94.80010", "2013-09-30": "102.90000", "2013-06-30": "194.00000", "2013-03-31": "56.20000", "2012-12-31": "-20.20000", "2012-09-30": "-14.90000", "2012-06-30": "-34.10000", "2012-03-31": "0.50000", "2011-12-31": "55.30000", "2011-09-30": "-116.60000", "2011-06-30": "-66.30000", "2011-03-31": "-13.00000", "2010-12-31": "-13.40000", "2010-09-30": "-39.00000", "2010-06-30": "57.50000", "2010-03-31": "25.00000", "2009-12-31": "-36.90000", "2009-09-30": "7.40000", "2009-06-30": "-15.80000", "2009-03-31": "-53.90000", "2008-12-31": "-126.40000", "2008-09-30": "-48.10000", "2008-06-30": "-364.80000", "2008-03-31": "-19.10000", "2007-12-31": "20.30000", "2007-09-30": "29.20000", "2007-06-30": "115.20000", "2007-03-31": "107.80000", "2006-12-31": "104.60000", "2006-09-30": "116.20000", "2006-06-30": "126.70000", "2006-03-31": "117.40000", "2005-12-31": "143.10000", "2005-09-30": "121.70000", "2005-06-30": "172.30000", "2005-03-31": "114.30000"}, "Income From Discontinued Operations": {"2020-12-31": "", "2020-09-30": "", "2020-06-30": "", "2020-03-31": "", "2019-12-31": "", "2019-09-30": "", "2019-06-30": "", "2019-03-31": "", "2018-12-31": "", "2018-09-30": "", "2018-06-30": "", "2018-03-31": "", "2017-12-31": "", "2017-09-30": "", "2017-06-30": "", "2017-03-31": "", "2016-12-31": "", "2016-09-30": "", "2016-06-30": "", "2016-03-31": "", "2015-12-31": "", "2015-09-30": "", "2015-06-30": "", "2015-03-31": "", "2014-12-31": "", "2014-09-30": "", "2014-06-30": "", "2014-03-31": "", "2013-12-31": "", "2013-09-30": "", "2013-06-30": "", "2013-03-31": "", "2012-12-31": "", "2012-09-30": "", "2012-06-30": "", "2012-03-31": "", "2011-12-31": "", "2011-09-30": "", "2011-06-30": "", "2011-03-31": "", "2010-12-31": "", "2010-09-30": "", "2010-06-30": "", "2010-03-31": "", "2009-12-31": "", "2009-09-30": "", "2009-06-30": "", "2009-03-31": "", "2008-12-31": "", "2008-09-30": "", "2008-06-30": "", "2008-03-31": "", "2007-12-31": "", "2007-09-30": "", "2007-06-30": "", "2007-03-31": "", "2006-12-31": "", "2006-09-30": "", "2006-06-30": "", "2006-03-31": "", "2005-12-31": "", "2005-09-30": "", "2005-06-30": "", "2005-03-31": ""}, "Net Income": {"2020-12-31": "519.70000", "2020-09-30": "246.00000", "2020-06-30": "397.70000", "2020-03-31": "-604.80000", "2019-12-31": "275.90000", "2019-09-30": "202.80000", "2019-06-30": "165.50000", "2019-03-31": "412.20000", "2018-12-31": "-106.40000", "2018-09-30": "275.20000", "2018-06-30": "197.70000", "2018-03-31": "4.00000", "2017-12-31": "299.70000", "2017-09-30": "46.10000", "2017-06-30": "101.60000", "2017-03-31": "113.10000", "2016-12-31": "132.10000", "2016-09-30": "110.90000", "2016-06-30": "101.00000", "2016-03-31": "122.90000", "2015-12-31": "90.80000", "2015-09-30": "125.90000", "2015-06-30": "102.00000", "2015-03-31": "103.40000", "2014-12-31": "63.40000", "2014-09-30": "85.80000", "2014-06-30": "66.10000", "2014-03-31": "194.40000", "2013-12-31": "94.80000", "2013-09-30": "102.90000", "2013-06-30": "193.90000", "2013-03-31": "56.20000", "2012-12-31": "-20.20000", "2012-09-30": "-14.80000", "2012-06-30": "-34.00000", "2012-03-31": "0.40000", "2011-12-31": "55.20000", "2011-09-30": "-116.50000", "2011-06-30": "-66.30000", "2011-03-31": "-12.90000", "2010-12-31": "-13.40000", "2010-09-30": "-38.90000", "2010-06-30": "57.40000", "2010-03-31": "25.00000", "2009-12-31": "-36.80000", "2009-09-30": "7.40000", "2009-06-30": "-15.80000", "2009-03-31": "-53.90000", "2008-12-31": "-126.60000", "2008-09-30": "-48.00000", "2008-06-30": "-364.70000", "2008-03-31": "-19.00000", "2007-12-31": "20.40000", "2007-09-30": "29.20000", "2007-06-30": "115.10000", "2007-03-31": "107.70000", "2006-12-31": "104.70000", "2006-09-30": "116.10000", "2006-06-30": "126.60000", "2006-03-31": "117.40000", "2005-12-31": "143.20000", "2005-09-30": "121.60000", "2005-06-30": "172.30000", "2005-03-31": "114.30000"}, "EBITDA": {"2020-12-31": "", "2020-09-30": "321.50000", "2020-06-30": "515.90000", "2020-03-31": "-755.10010", "2019-12-31": "365.40040", "2019-09-30": "266.50000", "2019-06-30": "221.29990", "2019-03-31": "536.70000", "2018-12-31": "-124.50050", "2018-09-30": "349.39990", "2018-06-30": "263.10000", "2018-03-31": "12.30010", "2017-12-31": "371.40030", "2017-09-30": "82.90000", "2017-06-30": "168.50000", "2017-03-31": "185.40000", "2016-12-31": "210.60000", "2016-09-30": "181.30000", "2016-06-30": "165.09990", "2016-03-31": "197.40000", "2015-12-31": "157.80080", "2015-09-30": "198.39990", "2015-06-30": "165.89990", "2015-03-31": "169.70000", "2014-12-31": "104.20010", "2014-09-30": "130.10000", "2014-06-30": "108.70010", "2014-03-31": "306.70010", "2013-12-31": "150.50010", "2013-09-30": "158.70000", "2013-06-30": "305.60000", "2013-03-31": "95.20010", "2012-12-31": "-24.79980", "2012-09-30": "-19.50000", "2012-06-30": "-45.50000", "2012-03-31": "15.39990", "2011-12-31": "97.40020", "2011-09-30": "-154.20000", "2011-06-30": "-90.00000", "2011-03-31": "-10.70000", "2010-12-31": "-4.60020", "2010-09-30": "-52.00000", "2010-06-30": "88.00000", "2010-03-31": "40.40000", "2009-12-31": "-55.79990", "2009-09-30": "-18.00000", "2009-06-30": "-78.30000", "2009-03-31": "-89.30010", "2008-12-31": "-183.59980", "2008-09-30": "-69.20000", "2008-06-30": "-511.70000", "2008-03-31": "-36.70000", "2007-12-31": "24.20010", "2007-09-30": "38.10000", "2007-06-30": "172.10000", "2007-03-31": "160.80000", "2006-12-31": "156.69960", "2006-09-30": "173.80000", "2006-06-30": "191.20000", "2006-03-31": "175.80000", "2005-12-31": "215.00000", "2005-09-30": "183.60000", "2005-06-30": "192.50000", "2005-03-31": "171.30000"}, "EBIT": {"2020-12-31": "664.20000", "2020-09-30": "321.50000", "2020-06-30": "515.90000", "2020-03-31": "-755.10010", "2019-12-31": "365.40050", "2019-09-30": "266.50000", "2019-06-30": "221.29990", "2019-03-31": "536.70000", "2018-12-31": "-124.50010", "2018-09-30": "349.39990", "2018-06-30": "263.10000", "2018-03-31": "12.30010", "2017-12-31": "371.40010", "2017-09-30": "82.90000", "2017-06-30": "168.50000", "2017-03-31": "185.40000", "2016-12-31": "210.60000", "2016-09-30": "181.30000", "2016-06-30": "165.09990", "2016-03-31": "197.40000", "2015-12-31": "157.80050", "2015-09-30": "198.39990", "2015-06-30": "165.89990", "2015-03-31": "169.70000", "2014-12-31": "104.20010", "2014-09-30": "130.10000", "2014-06-30": "108.70010", "2014-03-31": "306.70010", "2013-12-31": "150.50000", "2013-09-30": "158.70000", "2013-06-30": "305.60000", "2013-03-31": "95.20010", "2012-12-31": "-24.79980", "2012-09-30": "-19.50000", "2012-06-30": "-45.50000", "2012-03-31": "15.39990", "2011-12-31": "97.39990", "2011-09-30": "-154.20000", "2011-06-30": "-90.00000", "2011-03-31": "-10.70000", "2010-12-31": "-4.59990", "2010-09-30": "-52.00000", "2010-06-30": "88.00000", "2010-03-31": "40.40000", "2009-12-31": "-55.79990", "2009-09-30": "-18.00000", "2009-06-30": "-78.30000", "2009-03-31": "-89.30010", "2008-12-31": "-183.59990", "2008-09-30": "-69.20000", "2008-06-30": "-511.70000", "2008-03-31": "-36.70000", "2007-12-31": "24.20010", "2007-09-30": "38.10000", "2007-06-30": "172.10000", "2007-03-31": "160.80000", "2006-12-31": "156.69960", "2006-09-30": "173.80000", "2006-06-30": "191.20000", "2006-03-31": "175.80000", "2005-12-31": "214.99990", "2005-09-30": "183.60000", "2005-06-30": "192.50000", "2005-03-31": "171.30000"}, "Basic Shares Outstanding": {"2020-12-31": "298.67820", "2020-09-30": "297.72900", "2020-06-30": "297.52400", "2020-03-31": "300.28000", "2019-12-31": "299.88500", "2019-09-30": "299.89500", "2019-06-30": "299.41800", "2019-03-31": "299.02100", "2018-12-31": "294.24900", "2018-09-30": "299.00600", "2018-06-30": "299.73900", "2018-03-31": "278.11700", "2017-12-31": "262.11500", "2017-09-30": "261.38100", "2017-06-30": "261.08100", "2017-03-31": "260.78500", "2016-12-31": "259.42900", "2016-09-30": "259.41400", "2016-06-30": "259.09300", "2016-03-31": "258.65800", "2015-12-31": "259.50200", "2015-09-30": "259.26700", "2015-06-30": "259.46900", "2015-03-31": "259.11900", "2014-12-31": "258.55300", "2014-09-30": "258.60700", "2014-06-30": "258.37900", "2014-03-31": "257.93400", "2013-12-31": "257.44400", "2013-09-30": "257.09900", "2013-06-30": "256.75000", "2013-03-31": "256.27900", "2012-12-31": "255.81300", "2012-09-30": "255.92100", "2012-06-30": "255.74700", "2012-03-31": "255.47400", "2011-12-31": "255.04500", "2011-09-30": "255.13700", "2011-06-30": "254.97300", "2011-03-31": "254.77000", "2010-12-31": "241.07500", "2010-09-30": "236.69700", "2010-06-30": "236.55200", "2010-03-31": "236.38800", "2009-12-31": "235.65700", "2009-09-30": "235.76100", "2009-06-30": "235.56300", "2009-03-31": "235.25900", "2008-12-31": "231.48400", "2008-09-30": "230.73600", "2008-06-30": "230.70200", "2008-03-31": "230.49600", "2007-12-31": "231.37000", "2007-09-30": "231.01400", "2007-06-30": "231.55800", "2007-03-31": "231.38800", "2006-12-31": "231.01800", "2006-09-30": "230.47000", "2006-06-30": "230.01400", "2006-03-31": "229.83500", "2005-12-31": "229.48700", "2005-09-30": "229.02100", "2005-06-30": "228.63000", "2005-03-31": "228.35100"}, "Shares Outstanding": {"2020-12-31": "298.67820", "2020-09-30": "297.99100", "2020-06-30": "297.77600", "2020-03-31": "300.28000", "2019-12-31": "299.88500", "2019-09-30": "301.38400", "2019-06-30": "300.75300", "2019-03-31": "300.17300", "2018-12-31": "294.24900", "2018-09-30": "300.37400", "2018-06-30": "301.07500", "2018-03-31": "279.52800", "2017-12-31": "262.11500", "2017-09-30": "298.53000", "2017-06-30": "298.31300", "2017-03-31": "298.23900", "2016-12-31": "296.37900", "2016-09-30": "296.44400", "2016-06-30": "296.06900", "2016-03-31": "295.54400", "2015-12-31": "296.08900", "2015-09-30": "295.86800", "2015-06-30": "295.98800", "2015-03-31": "295.54700", "2014-12-31": "295.07300", "2014-09-30": "295.05000", "2014-06-30": "295.05200", "2014-03-31": "294.51400", "2013-12-31": "293.68400", "2013-09-30": "293.44400", "2013-06-30": "292.84200", "2013-03-31": "292.08200", "2012-12-31": "255.81300", "2012-09-30": "255.92100", "2012-06-30": "255.74700", "2012-03-31": "255.77900", "2011-12-31": "255.04500", "2011-09-30": "255.13700", "2011-06-30": "254.97300", "2011-03-31": "254.77000", "2010-12-31": "241.32700", "2010-09-30": "236.69700", "2010-06-30": "264.22800", "2010-03-31": "236.46200", "2009-12-31": "235.65700", "2009-09-30": "235.87900", "2009-06-30": "235.56300", "2009-03-31": "235.25900", "2008-12-31": "231.48400", "2008-09-30": "230.73600", "2008-06-30": "230.70200", "2008-03-31": "230.49600", "2007-12-31": "232.91300", "2007-09-30": "232.29900", "2007-06-30": "233.55600", "2007-03-31": "233.61400", "2006-12-31": "233.03500", "2006-09-30": "232.51700", "2006-06-30": "232.24100", "2006-03-31": "231.10000", "2005-12-31": "232.10800", "2005-09-30": "232.03800", "2005-06-30": "231.19000", "2005-03-31": "230.86100"}, "Basic EPS": {"2020-12-31": "1.74000", "2020-09-30": "0.83000", "2020-06-30": "1.34000", "2020-03-31": "-2.01000", "2019-12-31": "0.91000", "2019-09-30": "0.68000", "2019-06-30": "0.55000", "2019-03-31": "1.38000", "2018-12-31": "-0.33000", "2018-09-30": "0.92000", "2018-06-30": "0.66000", "2018-03-31": "0.01000", "2017-12-31": "1.14000", "2017-09-30": "0.18000", "2017-06-30": "0.39000", "2017-03-31": "0.43000", "2016-12-31": "0.50000", "2016-09-30": "0.43000", "2016-06-30": "0.39000", "2016-03-31": "0.48000", "2015-12-31": "0.36000", "2015-09-30": "0.48000", "2015-06-30": "0.39000", "2015-03-31": "0.40000", "2014-12-31": "0.24000", "2014-09-30": "0.33000", "2014-06-30": "0.26000", "2014-03-31": "0.75000", "2013-12-31": "0.36000", "2013-09-30": "0.40000", "2013-06-30": "0.76000", "2013-03-31": "0.22000", "2012-12-31": "-0.08160", "2012-09-30": "-0.06000", "2012-06-30": "-0.13000", "2012-03-31": "0.00160", "2011-12-31": "0.22000", "2011-09-30": "-0.46000", "2011-06-30": "-0.26000", "2011-03-31": "-0.05000", "2010-12-31": "-0.06000", "2010-09-30": "-0.16000", "2010-06-30": "0.24000", "2010-03-31": "0.11000", "2009-12-31": "-0.15000", "2009-09-30": "0.03000", "2009-06-30": "-0.07000", "2009-03-31": "-0.23000", "2008-12-31": "-0.54000", "2008-09-30": "-0.21000", "2008-06-30": "-1.58000", "2008-03-31": "-0.08000", "2007-12-31": "0.08000", "2007-09-30": "0.13000", "2007-06-30": "0.50000", "2007-03-31": "0.47000", "2006-12-31": "0.45000", "2006-09-30": "0.50000", "2006-06-30": "0.55000", "2006-03-31": "0.51000", "2005-12-31": "0.62000", "2005-09-30": "0.53000", "2005-06-30": "0.75000", "2005-03-31": "0.50000"}, "EPS - Earnings Per Share": {"2020-12-31": "1.74000", "2020-09-30": "0.83000", "2020-06-30": "1.34000", "2020-03-31": "-2.01000", "2019-12-31": "0.92000", "2019-09-30": "0.67000", "2019-06-30": "0.55000", "2019-03-31": "1.37000", "2018-12-31": "-0.35000", "2018-09-30": "0.92000", "2018-06-30": "0.66000", "2018-03-31": "0.01000", "2017-12-31": "1.01000", "2017-09-30": "0.17000", "2017-06-30": "0.35000", "2017-03-31": "0.39000", "2016-12-31": "0.45000", "2016-09-30": "0.39000", "2016-06-30": "0.35000", "2016-03-31": "0.43000", "2015-12-31": "0.32000", "2015-09-30": "0.44000", "2015-06-30": "0.36000", "2015-03-31": "0.36000", "2014-12-31": "0.23000", "2014-09-30": "0.30000", "2014-06-30": "0.24000", "2014-03-31": "0.67000", "2013-12-31": "0.33000", "2013-09-30": "0.36000", "2013-06-30": "0.67000", "2013-03-31": "0.21000", "2012-12-31": "-0.08160", "2012-09-30": "-0.06000", "2012-06-30": "-0.13000", "2012-03-31": "0.00160", "2011-12-31": "0.22000", "2011-09-30": "-0.46000", "2011-06-30": "-0.26000", "2011-03-31": "-0.05000", "2010-12-31": "-0.05000", "2010-09-30": "-0.16000", "2010-06-30": "0.23000", "2010-03-31": "0.11000", "2009-12-31": "-0.15000", "2009-09-30": "0.03000", "2009-06-30": "-0.07000", "2009-03-31": "-0.23000", "2008-12-31": "-0.54000", "2008-09-30": "-0.21000", "2008-06-30": "-1.58000", "2008-03-31": "-0.08000", "2007-12-31": "0.10000", "2007-09-30": "0.12000", "2007-06-30": "0.49000", "2007-03-31": "0.46000", "2006-12-31": "0.44000", "2006-09-30": "0.50000", "2006-06-30": "0.54000", "2006-03-31": "0.51000", "2005-12-31": "0.62000", "2005-09-30": "0.52000", "2005-06-30": "0.74000", "2005-03-31": "0.49000"}}, "balance sheet": {"Cash On Hand": {"2020-12-31": "11365.10000", "2019-12-31": "78.80000", "2018-12-31": "100.30000", "2017-12-31": "125.90000", "2016-12-31": "145.70000", "2015-12-31": "159.80000", "2014-12-31": "136.70000", "2013-12-31": "153.30000", "2012-12-31": "101.20000", "2011-12-31": "93.00000", "2010-12-31": "127.30000", "2009-12-31": "77.30000", "2008-12-31": "63.90000", "2007-12-31": "54.00000", "2006-12-31": "71.60000", "2005-12-31": "68.30000"}, "Receivables": {"2020-12-31": "5956.70000", "2019-12-31": "5474.60000", "2018-12-31": "5166.90000", "2017-12-31": "4983.10000", "2016-12-31": "4764.30000", "2015-12-31": "4958.30000", "2014-12-31": "4925.00000", "2013-12-31": "4758.50000", "2012-12-31": "4793.30000", "2011-12-31": "4683.00000", "2010-12-31": "4580.60000", "2009-12-31": "3495.70000", "2008-12-31": "3363.20000", "2007-12-31": "3215.60000", "2006-12-31": "3283.10000", "2005-12-31": "3051.60000"}, "Inventory": {"2020-12-31": "", "2019-12-31": "", "2018-12-31": "", "2017-12-31": "", "2016-12-31": "", "2015-12-31": "", "2014-12-31": "", "2013-12-31": "", "2012-12-31": "", "2011-12-31": "", "2010-12-31": "", "2009-12-31": "", "2008-12-31": "", "2007-12-31": "", "2006-12-31": "", "2005-12-31": ""}, "Pre-Paid Expenses": {"2020-12-31": "", "2019-12-31": "", "2018-12-31": "", "2017-12-31": "", "2016-12-31": "", "2015-12-31": "", "2014-12-31": "", "2013-12-31": "", "2012-12-31": "", "2011-12-31": "", "2010-12-31": "", "2009-12-31": "", "2008-12-31": "", "2007-12-31": "", "2006-12-31": "", "2005-12-31": ""}, "Other Current Assets": {"2020-12-31": "", "2019-12-31": "", "2018-12-31": "", "2017-12-31": "", "2016-12-31": "", "2015-12-31": "", "2014-12-31": "", "2013-12-31": "", "2012-12-31": "", "2011-12-31": "", "2010-12-31": "", "2009-12-31": "", "2008-12-31": "", "2007-12-31": "", "2006-12-31": "", "2005-12-31": ""}, "Total Current Assets": {"2020-12-31": "17321.80000", "2019-12-31": "5553.40000", "2018-12-31": "5267.20000", "2017-12-31": "5109.00000", "2016-12-31": "4910.00000", "2015-12-31": "5118.10000", "2014-12-31": "5061.70000", "2013-12-31": "4911.80000", "2012-12-31": "4894.50000", "2011-12-31": "4776.00000", "2010-12-31": "4707.90000", "2009-12-31": "3573.00000", "2008-12-31": "3427.10000", "2007-12-31": "3269.60000", "2006-12-31": "3354.70000", "2005-12-31": "3119.90000"}, "Property, Plant, And Equipment": {"2020-12-31": "", "2019-12-31": "", "2018-12-31": "", "2017-12-31": "", "2016-12-31": "", "2015-12-31": "", "2014-12-31": "", "2013-12-31": "", "2012-12-31": "", "2011-12-31": "", "2010-12-31": "", "2009-12-31": "", "2008-12-31": "", "2007-12-31": "", "2006-12-31": "", "2005-12-31": ""}, "Long-Term Investments": {"2020-12-31": "4170.10000", "2019-12-31": "14448.50000", "2018-12-31": "13087.00000", "2017-12-31": "13410.40000", "2016-12-31": "12850.00000", "2015-12-31": "11315.60000", "2014-12-31": "11154.90000", "2013-12-31": "10955.70000", "2012-12-31": "10699.20000", "2011-12-31": "10592.00000", "2010-12-31": "10363.40000", "2009-12-31": "9801.70000", "2008-12-31": "8791.10100", "2007-12-31": "8869.90000", "2006-12-31": "8159.00000", "2005-12-31": "7325.70000"}, "Goodwill And Intangible Assets": {"2020-12-31": "", "2019-12-31": "", "2018-12-31": "", "2017-12-31": "", "2016-12-31": "", "2015-12-31": "", "2014-12-31": "", "2013-12-31": "", "2012-12-31": "", "2011-12-31": "", "2010-12-31": "", "2009-12-31": "", "2008-12-31": "", "2007-12-31": "", "2006-12-31": "", "2005-12-31": ""}, "Other Long-Term Assets": {"2020-12-31": "995.00000", "2019-12-31": "748.50000", "2018-12-31": "656.10000", "2017-12-31": "585.90000", "2016-12-31": "557.10000", "2015-12-31": "566.60000", "2014-12-31": "540.20000", "2013-12-31": "473.70000", "2012-12-31": "466.90000", "2011-12-31": "484.10000", "2010-12-31": "580.20000", "2009-12-31": "607.80000", "2008-12-31": "824.60000", "2007-12-31": "904.10000", "2006-12-31": "833.10010", "2005-12-31": "857.00000"}, "Total Long-Term Assets": {"2020-12-31": "5493.10000", "2019-12-31": "15522.40000", "2018-12-31": "14059.40000", "2017-12-31": "14294.10000", "2016-12-31": "13681.10000", "2015-12-31": "12137.60000", "2014-12-31": "11925.90000", "2013-12-31": "11622.00000", "2012-12-31": "11331.60000", "2011-12-31": "11273.70000", "2010-12-31": "11174.20000", "2009-12-31": "10616.40000", "2008-12-31": "9838.50000", "2007-12-31": "10020.50000", "2006-12-31": "9257.00000", "2005-12-31": "8422.70000"}, "Total Assets": {"2020-12-31": "22815.20000", "2019-12-31": "21076.30000", "2018-12-31": "19327.10000", "2017-12-31": "19403.50000", "2016-12-31": "18591.60000", "2015-12-31": "17101.60000", "2014-12-31": "16988.10000", "2013-12-31": "16534.40000", "2012-12-31": "16226.80000", "2011-12-31": "16050.40000", "2010-12-31": "15882.70000", "2009-12-31": "14190.00000", "2008-12-31": "13266.00000", "2007-12-31": "13290.60000", "2006-12-31": "12612.20000", "2005-12-31": "11543.20000"}, "Total Current Liabilities": {"2020-12-31": "13989.50000", "2019-12-31": "12964.60000", "2018-12-31": "12375.10000", "2017-12-31": "11980.70000", "2016-12-31": "11771.20000", "2015-12-31": "11561.30000", "2014-12-31": "11428.50000", "2013-12-31": "11571.00000", "2012-12-31": "11307.40000", "2011-12-31": "10629.00000", "2010-12-31": "10623.20000", "2009-12-31": "9459.60000", "2008-12-31": "8799.10000", "2007-12-31": "7892.20000", "2006-12-31": "7247.10000", "2005-12-31": "6474.89900"}, "Long Term Debt": {"2020-12-31": "966.40000", "2019-12-31": "974.00000", "2018-12-31": "981.40000", "2017-12-31": "1448.70000", "2016-12-31": "1528.70000", "2015-12-31": "952.80000", "2014-12-31": "965.00000", "2013-12-31": "569.20000", "2012-12-31": "572.90000", "2011-12-31": "912.80000", "2010-12-31": "475.00000", "2009-12-31": "346.70000", "2008-12-31": "233.00000", "2007-12-31": "64.10000", "2006-12-31": "144.30000", "2005-12-31": "142.70000"}, "Other Non-Current Liabilities": {"2020-12-31": "1530.80000", "2019-12-31": "1025.00000", "2018-12-31": "813.70000", "2017-12-31": "1133.50000", "2016-12-31": "788.00000", "2015-12-31": "706.20000", "2014-12-31": "670.40000", "2013-12-31": "618.80000", "2012-12-31": "749.90000", "2011-12-31": "735.70000", "2010-12-31": "662.80000", "2009-12-31": "444.30000", "2008-12-31": "416.00000", "2007-12-31": "374.70000", "2006-12-31": "381.90000", "2005-12-31": "350.30000"}, "Total Long Term Liabilities": {"2020-12-31": "2638.70000", "2019-12-31": "2111.20000", "2018-12-31": "1805.40000", "2017-12-31": "2689.20000", "2016-12-31": "2359.30000", "2015-12-31": "1659.00000", "2014-12-31": "1635.40000", "2013-12-31": "1188.00000", "2012-12-31": "1322.80000", "2011-12-31": "1648.50000", "2010-12-31": "1137.80000", "2009-12-31": "838.50000", "2008-12-31": "726.30000", "2007-12-31": "856.50000", "2006-12-31": "995.60000", "2005-12-31": "1043.90000"}, "Total Liabilities": {"2020-12-31": "16628.50000", "2019-12-31": "15076.10000", "2018-12-31": "14180.80000", "2017-12-31": "14670.20000", "2016-12-31": "14130.90000", "2015-12-31": "13220.70000", "2014-12-31": "13064.00000", "2013-12-31": "12759.40000", "2012-12-31": "12630.60000", "2011-12-31": "12277.80000", "2010-12-31": "11761.30000", "2009-12-31": "10298.60000", "2008-12-31": "9525.70000", "2007-12-31": "8749.00000", "2006-12-31": "8243.00000", "2005-12-31": "7519.10000"}, "Common Stock Net": {"2020-12-31": "", "2019-12-31": "303.60000", "2018-12-31": "302.70000", "2017-12-31": "269.20000", "2016-12-31": "262.70000", "2015-12-31": "261.90000", "2014-12-31": "260.90000", "2013-12-31": "260.40000", "2012-12-31": "259.40000", "2011-12-31": "259.30000", "2010-12-31": "259.20000", "2009-12-31": "240.60000", "2008-12-31": "240.50000", "2007-12-31": "232.00000", "2006-12-31": "231.00000", "2005-12-31": "229.50000"}, "Retained Earnings (Accumulated Deficit)": {"2020-12-31": "", "2019-12-31": "4386.00000", "2018-12-31": "3849.80000", "2017-12-31": "3206.90000", "2016-12-31": "3199.60000", "2015-12-31": "2937.50000", "2014-12-31": "2706.70000", "2013-12-31": "2485.30000", "2012-12-31": "2222.30000", "2011-12-31": "2472.40000", "2010-12-31": "2791.40000", "2009-12-31": "2927.30000", "2008-12-31": "3186.50000", "2007-12-31": "3900.10000", "2006-12-31": "3773.90000", "2005-12-31": "3444.90000"}, "Comprehensive Income": {"2020-12-31": "", "2019-12-31": "77.70000", "2018-12-31": "-210.00000", "2017-12-31": "474.20000", "2016-12-31": "323.60000", "2015-12-31": "29.20000", "2014-12-31": "292.30000", "2013-12-31": "378.20000", "2012-12-31": "481.70000", "2011-12-31": "416.00000", "2010-12-31": "459.10000", "2009-12-31": "353.70000", "2008-12-31": "-41.70000", "2007-12-31": "93.30000", "2006-12-31": "44.60000", "2005-12-31": "60.80000"}, "Other Share Holders Equity": {"2020-12-31": "", "2019-12-31": "-64.80000", "2018-12-31": "-73.90000", "2017-12-31": "-32.40000", "2016-12-31": "-39.20000", "2015-12-31": "-45.80000", "2014-12-31": "-17.60000", "2013-12-31": "-23.00000", "2012-12-31": "-28.20000", "2011-12-31": "-33.20000", "2010-12-31": "-38.00000", "2009-12-31": "-42.70000", "2008-12-31": "-50.00000", "2007-12-31": "", "2006-12-31": "", "2005-12-31": ""}, "Share Holder Equity": {"2020-12-31": "6186.60000", "2019-12-31": "6000.10000", "2018-12-31": "5146.20000", "2017-12-31": "4733.30000", "2016-12-31": "4460.60000", "2015-12-31": "3880.80000", "2014-12-31": "3924.00000", "2013-12-31": "3775.00000", "2012-12-31": "3596.20000", "2011-12-31": "3772.50000", "2010-12-31": "4121.40000", "2009-12-31": "3891.40000", "2008-12-31": "3740.30000", "2007-12-31": "4541.60000", "2006-12-31": "4369.20000", "2005-12-31": "4024.00000"}, "Total Liabilities And Share Holders Equity": {"2020-12-31": "22815.20000", "2019-12-31": "21076.30000", "2018-12-31": "19327.10000", "2017-12-31": "19403.50000", "2016-12-31": "18591.60000", "2015-12-31": "17101.60000", "2014-12-31": "16988.10000", "2013-12-31": "16534.40000", "2012-12-31": "16226.80000", "2011-12-31": "16050.40000", "2010-12-31": "15882.70000", "2009-12-31": "14190.00000", "2008-12-31": "13266.00000", "2007-12-31": "13290.60000", "2006-12-31": "12612.20000", "2005-12-31": "11543.20000"}}, "balance sheet, quarterly": {"Cash On Hand": {"2020-12-31": "11365.10000", "2020-09-30": "95.00000", "2020-06-30": "114.00000", "2020-03-31": "144.50000", "2019-12-31": "78.80000", "2019-09-30": "109.60000", "2019-06-30": "99.80000", "2019-03-31": "92.80000", "2018-12-31": "100.30000", "2018-09-30": "115.20000", "2018-06-30": "107.90000", "2018-03-31": "103.40000", "2017-12-31": "125.90000", "2017-09-30": "139.20000", "2017-06-30": "195.10000", "2017-03-31": "177.20000", "2016-12-31": "145.70000", "2016-09-30": "144.60000", "2016-06-30": "168.70000", "2016-03-31": "137.10000", "2015-12-31": "159.80000", "2015-09-30": "160.10000", "2015-06-30": "128.10000", "2015-03-31": "150.40000", "2014-12-31": "136.70000", "2014-09-30": "219.90000", "2014-06-30": "146.30000", "2014-03-31": "130.20000", "2013-12-31": "153.30000", "2013-09-30": "156.30000", "2013-06-30": "112.70000", "2013-03-31": "122.60000", "2012-12-31": "101.20000", "2012-09-30": "125.50000", "2012-06-30": "109.20000", "2012-03-31": "117.40000", "2011-12-31": "93.00000", "2011-09-30": "108.70000", "2011-06-30": "129.60000", "2011-03-31": "118.10000", "2010-12-31": "127.30000", "2010-09-30": "88.00000", "2010-06-30": "65.30000", "2010-03-31": "74.90000", "2009-12-31": "77.30000", "2009-09-30": "54.50000", "2009-06-30": "65.50000", "2009-03-31": "59.70000", "2008-12-31": "63.90000", "2008-09-30": "86.50000", "2008-06-30": "85.10000", "2008-03-31": "76.90000", "2007-12-31": "54.00000", "2007-09-30": "90.50000", "2007-06-30": "114.50000", "2007-03-31": "82.30000", "2006-12-31": "71.60000", "2006-09-30": "57.00000", "2006-06-30": "60.30000", "2006-03-31": "63.50000", "2005-12-31": "68.30000", "2005-09-30": "58.60000", "2005-06-30": "56.80000", "2005-03-31": "64.90000"}, "Receivables": {"2020-12-31": "5956.70000", "2020-09-30": "6296.00000", "2020-06-30": "6125.50000", "2020-03-31": "5790.60000", "2019-12-31": "5474.60000", "2019-09-30": "5787.80000", "2019-06-30": "5713.60000", "2019-03-31": "5311.20000", "2018-12-31": "5166.90000", "2018-09-30": "5449.20000", "2018-06-30": "5468.60000", "2018-03-31": "5066.70000", "2017-12-31": "4983.10000", "2017-09-30": "5289.20000", "2017-06-30": "5243.40000", "2017-03-31": "4865.40000", "2016-12-31": "4764.30000", "2016-09-30": "5088.60000", "2016-06-30": "5009.70000", "2016-03-31": "4708.50000", "2015-12-31": "4958.30000", "2015-09-30": "5110.50000", "2015-06-30": "5115.60000", "2015-03-31": "4931.10000", "2014-12-31": "4925.00000", "2014-09-30": "5120.80000", "2014-06-30": "5057.00000", "2014-03-31": "4825.20000", "2013-12-31": "4758.50000", "2013-09-30": "4901.10000", "2013-06-30": "4841.90000", "2013-03-31": "4791.90000", "2012-12-31": "4793.30000", "2012-09-30": "4862.89900", "2012-06-30": "4757.30000", "2012-03-31": "4755.10000", "2011-12-31": "4683.00000", "2011-09-30": "4672.60000", "2011-06-30": "4635.50000", "2011-03-31": "4623.00000", "2010-12-31": "4580.60000", "2010-09-30": "3353.00000", "2010-06-30": "3509.10000", "2010-03-31": "3521.30000", "2009-12-31": "3495.70000", "2009-09-30": "3653.10000", "2009-06-30": "3521.70000", "2009-03-31": "3444.60000", "2008-12-31": "3363.20000", "2008-09-30": "3353.50000", "2008-06-30": "3299.20000", "2008-03-31": "3237.00000", "2007-12-31": "3215.60000", "2007-09-30": "3257.70000", "2007-06-30": "3141.90000", "2007-03-31": "3207.00000", "2006-12-31": "3283.10000", "2006-09-30": "3234.00000", "2006-06-30": "3116.10000", "2006-03-31": "3129.00000", "2005-12-31": "3051.60000", "2005-09-30": "2796.00000", "2005-06-30": "2702.70000", "2005-03-31": "2547.70000"}, "Inventory": {"2020-12-31": "", "2020-09-30": "", "2020-06-30": "", "2020-03-31": "", "2019-12-31": "", "2019-09-30": "", "2019-06-30": "", "2019-03-31": "", "2018-12-31": "", "2018-09-30": "", "2018-06-30": "", "2018-03-31": "", "2017-12-31": "", "2017-09-30": "", "2017-06-30": "", "2017-03-31": "", "2016-12-31": "", "2016-09-30": "", "2016-06-30": "", "2016-03-31": "", "2015-12-31": "", "2015-09-30": "", "2015-06-30": "", "2015-03-31": "", "2014-12-31": "", "2014-09-30": "", "2014-06-30": "", "2014-03-31": "", "2013-12-31": "", "2013-09-30": "", "2013-06-30": "", "2013-03-31": "", "2012-12-31": "", "2012-09-30": "", "2012-06-30": "", "2012-03-31": "", "2011-12-31": "", "2011-09-30": "", "2011-06-30": "", "2011-03-31": "", "2010-12-31": "", "2010-09-30": "", "2010-06-30": "", "2010-03-31": "", "2009-12-31": "", "2009-09-30": "", "2009-06-30": "", "2009-03-31": "", "2008-12-31": "", "2008-09-30": "", "2008-06-30": "", "2008-03-31": "", "2007-12-31": "", "2007-09-30": "", "2007-06-30": "", "2007-03-31": "", "2006-12-31": "", "2006-09-30": "", "2006-06-30": "", "2006-03-31": "", "2005-12-31": "", "2005-09-30": "", "2005-06-30": "", "2005-03-31": ""}, "Pre-Paid Expenses": {"2020-12-31": "", "2020-09-30": "", "2020-06-30": "", "2020-03-31": "", "2019-12-31": "", "2019-09-30": "", "2019-06-30": "", "2019-03-31": "", "2018-12-31": "", "2018-09-30": "", "2018-06-30": "", "2018-03-31": "", "2017-12-31": "", "2017-09-30": "", "2017-06-30": "", "2017-03-31": "", "2016-12-31": "", "2016-09-30": "", "2016-06-30": "", "2016-03-31": "", "2015-12-31": "", "2015-09-30": "", "2015-06-30": "", "2015-03-31": "", "2014-12-31": "", "2014-09-30": "", "2014-06-30": "", "2014-03-31": "", "2013-12-31": "", "2013-09-30": "", "2013-06-30": "", "2013-03-31": "", "2012-12-31": "", "2012-09-30": "", "2012-06-30": "", "2012-03-31": "", "2011-12-31": "", "2011-09-30": "", "2011-06-30": "", "2011-03-31": "", "2010-12-31": "", "2010-09-30": "", "2010-06-30": "", "2010-03-31": "", "2009-12-31": "", "2009-09-30": "", "2009-06-30": "", "2009-03-31": "", "2008-12-31": "", "2008-09-30": "", "2008-06-30": "", "2008-03-31": "", "2007-12-31": "", "2007-09-30": "", "2007-06-30": "", "2007-03-31": "", "2006-12-31": "", "2006-09-30": "", "2006-06-30": "", "2006-03-31": "", "2005-12-31": "", "2005-09-30": "", "2005-06-30": "", "2005-03-31": ""}, "Other Current Assets": {"2020-12-31": "", "2020-09-30": "", "2020-06-30": "", "2020-03-31": "", "2019-12-31": "", "2019-09-30": "", "2019-06-30": "", "2019-03-31": "", "2018-12-31": "", "2018-09-30": "", "2018-06-30": "", "2018-03-31": "", "2017-12-31": "", "2017-09-30": "", "2017-06-30": "", "2017-03-31": "", "2016-12-31": "", "2016-09-30": "", "2016-06-30": "", "2016-03-31": "", "2015-12-31": "", "2015-09-30": "", "2015-06-30": "", "2015-03-31": "", "2014-12-31": "", "2014-09-30": "", "2014-06-30": "", "2014-03-31": "", "2013-12-31": "", "2013-09-30": "", "2013-06-30": "", "2013-03-31": "", "2012-12-31": "", "2012-09-30": "", "2012-06-30": "", "2012-03-31": "", "2011-12-31": "", "2011-09-30": "", "2011-06-30": "", "2011-03-31": "", "2010-12-31": "", "2010-09-30": "", "2010-06-30": "", "2010-03-31": "", "2009-12-31": "", "2009-09-30": "", "2009-06-30": "", "2009-03-31": "", "2008-12-31": "", "2008-09-30": "", "2008-06-30": "", "2008-03-31": "", "2007-12-31": "", "2007-09-30": "", "2007-06-30": "", "2007-03-31": "", "2006-12-31": "", "2006-09-30": "", "2006-06-30": "", "2006-03-31": "", "2005-12-31": "", "2005-09-30": "", "2005-06-30": "", "2005-03-31": ""}, "Total Current Assets": {"2020-12-31": "17321.80000", "2020-09-30": "6391.00000", "2020-06-30": "6239.50000", "2020-03-31": "5935.10000", "2019-12-31": "5553.40000", "2019-09-30": "5897.40000", "2019-06-30": "5813.40000", "2019-03-31": "5404.00000", "2018-12-31": "5267.20000", "2018-09-30": "5564.40000", "2018-06-30": "5576.50000", "2018-03-31": "5170.10000", "2017-12-31": "5109.00000", "2017-09-30": "5428.40000", "2017-06-30": "5438.50000", "2017-03-31": "5042.60000", "2016-12-31": "4910.00000", "2016-09-30": "5233.20000", "2016-06-30": "5178.40000", "2016-03-31": "4845.60000", "2015-12-31": "5118.10000", "2015-09-30": "5270.60000", "2015-06-30": "5243.70000", "2015-03-31": "5081.50000", "2014-12-31": "5061.70000", "2014-09-30": "5340.70000", "2014-06-30": "5203.30000", "2014-03-31": "4955.40000", "2013-12-31": "4911.80000", "2013-09-30": "5057.40000", "2013-06-30": "4954.60000", "2013-03-31": "4914.50000", "2012-12-31": "4894.50000", "2012-09-30": "4988.39900", "2012-06-30": "4866.50000", "2012-03-31": "4872.50000", "2011-12-31": "4776.00000", "2011-09-30": "4781.30000", "2011-06-30": "4765.10000", "2011-03-31": "4741.10000", "2010-12-31": "4707.90000", "2010-09-30": "3441.00000", "2010-06-30": "3574.40000", "2010-03-31": "3596.20000", "2009-12-31": "3573.00000", "2009-09-30": "3707.60000", "2009-06-30": "3587.20000", "2009-03-31": "3504.30000", "2008-12-31": "3427.10000", "2008-09-30": "3440.00000", "2008-06-30": "3384.30000", "2008-03-31": "3313.90000", "2007-12-31": "3269.60000", "2007-09-30": "3348.20000", "2007-06-30": "3256.40000", "2007-03-31": "3289.30000", "2006-12-31": "3354.70000", "2006-09-30": "3291.00000", "2006-06-30": "3176.40000", "2006-03-31": "3192.50000", "2005-12-31": "3119.90000", "2005-09-30": "2854.60000", "2005-06-30": "2759.50000", "2005-03-31": "2612.60000"}, "Property, Plant, And Equipment": {"2020-12-31": "", "2020-09-30": "", "2020-06-30": "", "2020-03-31": "", "2019-12-31": "", "2019-09-30": "", "2019-06-30": "", "2019-03-31": "", "2018-12-31": "", "2018-09-30": "", "2018-06-30": "", "2018-03-31": "", "2017-12-31": "", "2017-09-30": "", "2017-06-30": "", "2017-03-31": "", "2016-12-31": "", "2016-09-30": "", "2016-06-30": "", "2016-03-31": "", "2015-12-31": "", "2015-09-30": "", "2015-06-30": "", "2015-03-31": "", "2014-12-31": "", "2014-09-30": "", "2014-06-30": "", "2014-03-31": "", "2013-12-31": "", "2013-09-30": "", "2013-06-30": "", "2013-03-31": "", "2012-12-31": "", "2012-09-30": "", "2012-06-30": "", "2012-03-31": "", "2011-12-31": "", "2011-09-30": "", "2011-06-30": "", "2011-03-31": "", "2010-12-31": "", "2010-09-30": "", "2010-06-30": "", "2010-03-31": "", "2009-12-31": "", "2009-09-30": "", "2009-06-30": "", "2009-03-31": "", "2008-12-31": "", "2008-09-30": "", "2008-06-30": "", "2008-03-31": "", "2007-12-31": "", "2007-09-30": "", "2007-06-30": "", "2007-03-31": "", "2006-12-31": "", "2006-09-30": "", "2006-06-30": "", "2006-03-31": "", "2005-12-31": "", "2005-09-30": "", "2005-06-30": "", "2005-03-31": ""}, "Long-Term Investments": {"2020-12-31": "4170.10000", "2020-09-30": "14750.90000", "2020-06-30": "14327.70000", "2020-03-31": "13334.80000", "2019-12-31": "14448.50000", "2019-09-30": "14070.00000", "2019-06-30": "13981.60000", "2019-03-31": "13701.00000", "2018-12-31": "13087.00000", "2018-09-30": "13304.90000", "2018-06-30": "12964.10000", "2018-03-31": "12922.50000", "2017-12-31": "13410.40000", "2017-09-30": "13427.00000", "2017-06-30": "13032.90000", "2017-03-31": "12990.30000", "2016-12-31": "12850.00000", "2016-09-30": "12725.80000", "2016-06-30": "11969.80000", "2016-03-31": "11751.40000", "2015-12-31": "11315.60000", "2015-09-30": "11228.50000", "2015-06-30": "11220.60000", "2015-03-31": "11339.50000", "2014-12-31": "11154.90000", "2014-09-30": "10884.50000", "2014-06-30": "11253.10000", "2014-03-31": "11155.90000", "2013-12-31": "10955.70000", "2013-09-30": "10808.00000", "2013-06-30": "10705.90000", "2013-03-31": "10863.80000", "2012-12-31": "10699.20000", "2012-09-30": "10540.30000", "2012-06-30": "10354.90000", "2012-03-31": "10621.50000", "2011-12-31": "10592.00000", "2011-09-30": "10534.10000", "2011-06-30": "10540.70000", "2011-03-31": "10773.30000", "2010-12-31": "10363.40000", "2010-09-30": "9856.50000", "2010-06-30": "9692.00000", "2010-03-31": "9911.00000", "2009-12-31": "9801.70000", "2009-09-30": "9789.70000", "2009-06-30": "9324.30000", "2009-03-31": "8992.60100", "2008-12-31": "8791.10100", "2008-09-30": "8647.19900", "2008-06-30": "8605.69900", "2008-03-31": "8818.10000", "2007-12-31": "8869.90000", "2007-09-30": "8671.80000", "2007-06-30": "8292.80000", "2007-03-31": "8324.90000", "2006-12-31": "8159.00000", "2006-09-30": "7782.20000", "2006-06-30": "7452.50000", "2006-03-31": "7405.70000", "2005-12-31": "7325.70000", "2005-09-30": "7899.10000", "2005-06-30": "7705.30000", "2005-03-31": "7497.50000"}, "Goodwill And Intangible Assets": {"2020-12-31": "", "2020-09-30": "", "2020-06-30": "", "2020-03-31": "", "2019-12-31": "", "2019-09-30": "", "2019-06-30": "", "2019-03-31": "", "2018-12-31": "", "2018-09-30": "", "2018-06-30": "", "2018-03-31": "", "2017-12-31": "", "2017-09-30": "", "2017-06-30": "", "2017-03-31": "", "2016-12-31": "", "2016-09-30": "", "2016-06-30": "", "2016-03-31": "", "2015-12-31": "", "2015-09-30": "", "2015-06-30": "", "2015-03-31": "", "2014-12-31": "", "2014-09-30": "", "2014-06-30": "", "2014-03-31": "", "2013-12-31": "", "2013-09-30": "", "2013-06-30": "", "2013-03-31": "", "2012-12-31": "", "2012-09-30": "", "2012-06-30": "", "2012-03-31": "", "2011-12-31": "", "2011-09-30": "", "2011-06-30": "", "2011-03-31": "", "2010-12-31": "", "2010-09-30": "", "2010-06-30": "", "2010-03-31": "", "2009-12-31": "", "2009-09-30": "", "2009-06-30": "", "2009-03-31": "", "2008-12-31": "", "2008-09-30": "", "2008-06-30": "", "2008-03-31": "", "2007-12-31": "", "2007-09-30": "", "2007-06-30": "", "2007-03-31": "", "2006-12-31": "", "2006-09-30": "", "2006-06-30": "", "2006-03-31": "", "2005-12-31": "", "2005-09-30": "", "2005-06-30": "", "2005-03-31": ""}, "Other Long-Term Assets": {"2020-12-31": "995.00000", "2020-09-30": "777.60000", "2020-06-30": "763.20000", "2020-03-31": "758.60000", "2019-12-31": "748.50000", "2019-09-30": "880.90000", "2019-06-30": "867.40000", "2019-03-31": "871.70000", "2018-12-31": "656.10000", "2018-09-30": "616.00000", "2018-06-30": "600.70000", "2018-03-31": "601.40000", "2017-12-31": "585.90000", "2017-09-30": "589.30000", "2017-06-30": "590.10000", "2017-03-31": "590.40000", "2016-12-31": "557.10000", "2016-09-30": "574.00000", "2016-06-30": "579.90000", "2016-03-31": "575.40000", "2015-12-31": "566.60000", "2015-09-30": "558.80000", "2015-06-30": "561.40000", "2015-03-31": "543.10000", "2014-12-31": "540.20000", "2014-09-30": "533.50000", "2014-06-30": "511.10000", "2014-03-31": "494.40000", "2013-12-31": "473.70000", "2013-09-30": "471.30000", "2013-06-30": "463.10000", "2013-03-31": "464.20000", "2012-12-31": "466.90000", "2012-09-30": "481.80000", "2012-06-30": "473.50000", "2012-03-31": "480.20000", "2011-12-31": "484.10000", "2011-09-30": "481.60000", "2011-06-30": "549.20000", "2011-03-31": "553.70000", "2010-12-31": "580.20000", "2010-09-30": "500.90000", "2010-06-30": "502.20000", "2010-03-31": "531.20000", "2009-12-31": "607.80000", "2009-09-30": "597.10000", "2009-06-30": "590.60000", "2009-03-31": "579.40000", "2008-12-31": "824.60000", "2008-09-30": "881.80000", "2008-06-30": "874.30000", "2008-03-31": "877.80000", "2007-12-31": "904.10000", "2007-09-30": "899.10000", "2007-06-30": "902.00000", "2007-03-31": "904.00000", "2006-12-31": "833.10010", "2006-09-30": "792.30000", "2006-06-30": "781.80000", "2006-03-31": "778.50000", "2005-12-31": "857.00000", "2005-09-30": "351.70000", "2005-06-30": "348.90000", "2005-03-31": "339.20000"}, "Total Long-Term Assets": {"2020-12-31": "5493.10000", "2020-09-30": "15857.30000", "2020-06-30": "15410.40000", "2020-03-31": "14416.70000", "2019-12-31": "15522.40000", "2019-09-30": "15283.90000", "2019-06-30": "15173.70000", "2019-03-31": "14892.20000", "2018-12-31": "14059.40000", "2018-09-30": "14237.50000", "2018-06-30": "13877.40000", "2018-03-31": "13828.10000", "2017-12-31": "14294.10000", "2017-09-30": "14318.40000", "2017-06-30": "13918.30000", "2017-03-31": "13862.50000", "2016-12-31": "13681.10000", "2016-09-30": "13576.80000", "2016-06-30": "12812.10000", "2016-03-31": "12587.10000", "2015-12-31": "12137.60000", "2015-09-30": "12056.80000", "2015-06-30": "12032.80000", "2015-03-31": "12119.30000", "2014-12-31": "11925.90000", "2014-09-30": "11645.50000", "2014-06-30": "11980.00000", "2014-03-31": "11854.90000", "2013-12-31": "11622.00000", "2013-09-30": "11468.50000", "2013-06-30": "11344.20000", "2013-03-31": "11495.80000", "2012-12-31": "11331.60000", "2012-09-30": "11198.50000", "2012-06-30": "11008.00000", "2012-03-31": "11291.80000", "2011-12-31": "11273.70000", "2011-09-30": "11217.40000", "2011-06-30": "11321.20000", "2011-03-31": "11562.10000", "2010-12-31": "11174.20000", "2010-09-30": "10553.40000", "2010-06-30": "10394.70000", "2010-03-31": "10644.20000", "2009-12-31": "10616.40000", "2009-09-30": "10600.80000", "2009-06-30": "10130.90000", "2009-03-31": "9788.60100", "2008-12-31": "9838.50000", "2008-09-30": "9763.29900", "2008-06-30": "9719.69900", "2008-03-31": "9935.49900", "2007-12-31": "10020.50000", "2007-09-30": "9824.39900", "2007-06-30": "9448.50000", "2007-03-31": "9482.00000", "2006-12-31": "9257.00000", "2006-09-30": "8821.00000", "2006-06-30": "8475.60000", "2006-03-31": "8421.50000", "2005-12-31": "8422.70000", "2005-09-30": "8487.60000", "2005-06-30": "8284.40000", "2005-03-31": "8066.40000"}, "Total Assets": {"2020-12-31": "22815.20000", "2020-09-30": "22248.70000", "2020-06-30": "21650.30000", "2020-03-31": "20352.20000", "2019-12-31": "21076.30000", "2019-09-30": "21181.80000", "2019-06-30": "20987.70000", "2019-03-31": "20296.90000", "2018-12-31": "19327.10000", "2018-09-30": "19802.30000", "2018-06-30": "19454.20000", "2018-03-31": "18998.80000", "2017-12-31": "19403.50000", "2017-09-30": "19747.40000", "2017-06-30": "19357.10000", "2017-03-31": "18905.40000", "2016-12-31": "18591.60000", "2016-09-30": "18810.60000", "2016-06-30": "17991.20000", "2016-03-31": "17433.30000", "2015-12-31": "17101.60000", "2015-09-30": "17327.80000", "2015-06-30": "17277.00000", "2015-03-31": "17201.30000", "2014-12-31": "16988.10000", "2014-09-30": "16986.80000", "2014-06-30": "17183.90000", "2014-03-31": "16811.00000", "2013-12-31": "16534.40000", "2013-09-30": "16526.40000", "2013-06-30": "16299.30000", "2013-03-31": "16410.70000", "2012-12-31": "16226.80000", "2012-09-30": "16187.50000", "2012-06-30": "15875.20000", "2012-03-31": "16164.80000", "2011-12-31": "16050.40000", "2011-09-30": "15999.10000", "2011-06-30": "16086.90000", "2011-03-31": "16303.60000", "2010-12-31": "15882.70000", "2010-09-30": "13994.80000", "2010-06-30": "13969.60000", "2010-03-31": "14240.90000", "2009-12-31": "14190.00000", "2009-09-30": "14309.10000", "2009-06-30": "13718.60000", "2009-03-31": "13293.50000", "2008-12-31": "13266.00000", "2008-09-30": "13203.80000", "2008-06-30": "13104.50000", "2008-03-31": "13249.70000", "2007-12-31": "13290.60000", "2007-09-30": "13173.10000", "2007-06-30": "12705.50000", "2007-03-31": "12771.90000", "2006-12-31": "12612.20000", "2006-09-30": "12113.10000", "2006-06-30": "11652.50000", "2006-03-31": "11614.60000", "2005-12-31": "11543.20000", "2005-09-30": "11342.60000", "2005-06-30": "11044.40000", "2005-03-31": "10679.50000"}, "Total Current Liabilities": {"2020-12-31": "13989.50000", "2020-09-30": "14099.10000", "2020-06-30": "13736.30000", "2020-03-31": "13203.70000", "2019-12-31": "12964.60000", "2019-09-30": "13179.20000", "2019-06-30": "12998.30000", "2019-03-31": "12536.10000", "2018-12-31": "12375.10000", "2018-09-30": "12636.50000", "2018-06-30": "12570.70000", "2018-03-31": "12144.80000", "2017-12-31": "11980.70000", "2017-09-30": "12606.50000", "2017-06-30": "12345.00000", "2017-03-31": "11933.60000", "2016-12-31": "11771.20000", "2016-09-30": "12050.30000", "2016-06-30": "11881.60000", "2016-03-31": "11580.30000", "2015-12-31": "11561.30000", "2015-09-30": "11814.00000", "2015-06-30": "11711.20000", "2015-03-31": "11524.40000", "2014-12-31": "11428.50000", "2014-09-30": "11519.70000", "2014-06-30": "12100.00000", "2014-03-31": "11788.80000", "2013-12-31": "11571.00000", "2013-09-30": "11603.70000", "2013-06-30": "11441.60000", "2013-03-31": "11455.40000", "2012-12-31": "11307.40000", "2012-09-30": "11236.00000", "2012-06-30": "10927.60000", "2012-03-31": "10758.10000", "2011-12-31": "10629.00000", "2011-09-30": "10591.70000", "2011-06-30": "10539.50000", "2011-03-31": "10564.90000", "2010-12-31": "10623.20000", "2010-09-30": "8983.80000", "2010-06-30": "9092.90000", "2010-03-31": "9338.10000", "2009-12-31": "9459.60000", "2009-09-30": "9541.80000", "2009-06-30": "9171.80100", "2009-03-31": "9001.20000", "2008-12-31": "8799.10000", "2008-09-30": "8679.10100", "2008-06-30": "8411.00000", "2008-03-31": "8124.10000", "2007-12-31": "7892.20000", "2007-09-30": "7679.90000", "2007-06-30": "7342.20000", "2007-03-31": "7288.10000", "2006-12-31": "7247.10000", "2006-09-30": "6847.50000", "2006-06-30": "6652.80000", "2006-03-31": "6631.70000", "2005-12-31": "6474.89900", "2005-09-30": "6194.90000", "2005-06-30": "5968.00000", "2005-03-31": "5782.10000"}, "Long Term Debt": {"2020-12-31": "966.40000", "2020-09-30": "966.20000", "2020-06-30": "968.10000", "2020-03-31": "967.80000", "2019-12-31": "974.00000", "2019-09-30": "973.70000", "2019-06-30": "975.40000", "2019-03-31": "975.10000", "2018-12-31": "981.40000", "2018-09-30": "981.10000", "2018-06-30": "974.40000", "2018-03-31": "974.10000", "2017-12-31": "1448.70000", "2017-09-30": "1526.90000", "2017-06-30": "1526.10000", "2017-03-31": "1525.50000", "2016-12-31": "1528.70000", "2016-09-30": "1528.00000", "2016-06-30": "982.90000", "2016-03-31": "982.30000", "2015-12-31": "952.80000", "2015-09-30": "961.70000", "2015-06-30": "961.70000", "2015-03-31": "961.70000", "2014-12-31": "965.00000", "2014-09-30": "965.00000", "2014-06-30": "566.20000", "2014-03-31": "566.20000", "2013-12-31": "569.20000", "2013-09-30": "569.20000", "2013-06-30": "570.00000", "2013-03-31": "570.00000", "2012-12-31": "572.90000", "2012-09-30": "573.00000", "2012-06-30": "573.80000", "2012-03-31": "910.10000", "2011-12-31": "912.80000", "2011-09-30": "912.80000", "2011-06-30": "923.10000", "2011-03-31": "1021.50000", "2010-12-31": "475.00000", "2010-09-30": "346.40000", "2010-06-30": "346.80000", "2010-03-31": "347.20000", "2009-12-31": "346.70000", "2009-09-30": "372.20000", "2009-06-30": "372.20000", "2009-03-31": "221.10000", "2008-12-31": "233.00000", "2008-09-30": "124.10000", "2008-06-30": "66.30000", "2008-03-31": "66.90000", "2007-12-31": "64.10000", "2007-09-30": "93.80000", "2007-06-30": "23.80000", "2007-03-31": "138.80000", "2006-12-31": "144.30000", "2006-09-30": "144.00000", "2006-06-30": "142.10000", "2006-03-31": "142.20000", "2005-12-31": "142.70000", "2005-09-30": "142.80000", "2005-06-30": "142.70000", "2005-03-31": "143.20000"}, "Other Non-Current Liabilities": {"2020-12-31": "1530.80000", "2020-09-30": "1032.80000", "2020-06-30": "1043.00000", "2020-03-31": "1009.60000", "2019-12-31": "1025.00000", "2019-09-30": "1063.20000", "2019-06-30": "972.30000", "2019-03-31": "988.40000", "2018-12-31": "813.70000", "2018-09-30": "814.70000", "2018-06-30": "763.60000", "2018-03-31": "770.10000", "2017-12-31": "1133.50000", "2017-09-30": "786.90000", "2017-06-30": "744.50000", "2017-03-31": "742.30000", "2016-12-31": "788.00000", "2016-09-30": "733.50000", "2016-06-30": "699.70000", "2016-03-31": "698.90000", "2015-12-31": "706.20000", "2015-09-30": "690.70000", "2015-06-30": "666.50000", "2015-03-31": "682.00000", "2014-12-31": "670.40000", "2014-09-30": "578.80000", "2014-06-30": "564.20000", "2014-03-31": "590.00000", "2013-12-31": "618.80000", "2013-09-30": "637.10000", "2013-06-30": "702.70000", "2013-03-31": "711.50000", "2012-12-31": "749.90000", "2012-09-30": "688.10000", "2012-06-30": "661.30000", "2012-03-31": "722.90000", "2011-12-31": "735.70000", "2011-09-30": "666.20000", "2011-06-30": "651.80000", "2011-03-31": "666.90000", "2010-12-31": "662.80000", "2010-09-30": "471.20000", "2010-06-30": "435.10000", "2010-03-31": "456.60000", "2009-12-31": "444.30000", "2009-09-30": "438.50000", "2009-06-30": "410.30000", "2009-03-31": "403.60000", "2008-12-31": "416.00000", "2008-09-30": "367.30000", "2008-06-30": "379.50000", "2008-03-31": "352.80000", "2007-12-31": "374.70000", "2007-09-30": "362.40000", "2007-06-30": "356.00000", "2007-03-31": "363.00000", "2006-12-31": "381.90000", "2006-09-30": "350.00000", "2006-06-30": "327.70000", "2006-03-31": "330.40000", "2005-12-31": "350.30000", "2005-09-30": "319.40000", "2005-06-30": "301.30000", "2005-03-31": "307.90000"}, "Total Long Term Liabilities": {"2020-12-31": "2638.70000", "2020-09-30": "2074.80000", "2020-06-30": "2054.80000", "2020-03-31": "2005.30000", "2019-12-31": "2111.20000", "2019-09-30": "2208.20000", "2019-06-30": "2095.00000", "2019-03-31": "2094.70000", "2018-12-31": "1805.40000", "2018-09-30": "1854.20000", "2018-06-30": "1779.70000", "2018-03-31": "1804.80000", "2017-12-31": "2689.20000", "2017-09-30": "2410.40000", "2017-06-30": "2350.00000", "2017-03-31": "2374.70000", "2016-12-31": "2359.30000", "2016-09-30": "2313.80000", "2016-06-30": "1731.20000", "2016-03-31": "1709.80000", "2015-12-31": "1659.00000", "2015-09-30": "1659.60000", "2015-06-30": "1628.20000", "2015-03-31": "1662.40000", "2014-12-31": "1635.40000", "2014-09-30": "1543.80000", "2014-06-30": "1130.40000", "2014-03-31": "1156.20000", "2013-12-31": "1188.00000", "2013-09-30": "1206.30000", "2013-06-30": "1272.70000", "2013-03-31": "1281.50000", "2012-12-31": "1322.80000", "2012-09-30": "1261.10000", "2012-06-30": "1235.10000", "2012-03-31": "1633.00000", "2011-12-31": "1648.50000", "2011-09-30": "1579.00000", "2011-06-30": "1574.90000", "2011-03-31": "1688.40000", "2010-12-31": "1137.80000", "2010-09-30": "972.80000", "2010-06-30": "892.50000", "2010-03-31": "906.60000", "2009-12-31": "838.50000", "2009-09-30": "865.60000", "2009-06-30": "793.30000", "2009-03-31": "648.70000", "2008-12-31": "726.30000", "2008-09-30": "610.10000", "2008-06-30": "634.00000", "2008-03-31": "748.50000", "2007-12-31": "856.50000", "2007-09-30": "928.60000", "2007-06-30": "845.30000", "2007-03-31": "1011.50000", "2006-12-31": "995.60000", "2006-09-30": "953.80000", "2006-06-30": "868.70000", "2006-03-31": "915.70000", "2005-12-31": "1043.90000", "2005-09-30": "1018.80000", "2005-06-30": "1007.10000", "2005-03-31": "1016.10000"}, "Total Liabilities": {"2020-12-31": "16628.50000", "2020-09-30": "16174.00000", "2020-06-30": "15791.30000", "2020-03-31": "15209.30000", "2019-12-31": "15076.10000", "2019-09-30": "15387.90000", "2019-06-30": "15093.70000", "2019-03-31": "14631.30000", "2018-12-31": "14180.80000", "2018-09-30": "14491.10000", "2018-06-30": "14350.80000", "2018-03-31": "13950.20000", "2017-12-31": "14670.20000", "2017-09-30": "15017.30000", "2017-06-30": "14695.30000", "2017-03-31": "14308.80000", "2016-12-31": "14130.90000", "2016-09-30": "14364.40000", "2016-06-30": "13613.10000", "2016-03-31": "13290.60000", "2015-12-31": "13220.70000", "2015-09-30": "13473.90000", "2015-06-30": "13339.50000", "2015-03-31": "13187.10000", "2014-12-31": "13064.00000", "2014-09-30": "13063.80000", "2014-06-30": "13230.80000", "2014-03-31": "12945.20000", "2013-12-31": "12759.40000", "2013-09-30": "12810.30000", "2013-06-30": "12714.70000", "2013-03-31": "12737.30000", "2012-12-31": "12630.60000", "2012-09-30": "12497.30000", "2012-06-30": "12162.80000", "2012-03-31": "12391.50000", "2011-12-31": "12277.80000", "2011-09-30": "12171.10000", "2011-06-30": "12114.50000", "2011-03-31": "12253.50000", "2010-12-31": "11761.30000", "2010-09-30": "9957.10000", "2010-06-30": "9985.80000", "2010-03-31": "10245.00000", "2009-12-31": "10298.60000", "2009-09-30": "10407.70000", "2009-06-30": "9965.40000", "2009-03-31": "9650.20000", "2008-12-31": "9525.70000", "2008-09-30": "9289.50000", "2008-06-30": "9045.50000", "2008-03-31": "8873.00000", "2007-12-31": "8749.00000", "2007-09-30": "8609.10000", "2007-06-30": "8187.80000", "2007-03-31": "8300.00000", "2006-12-31": "8243.00000", "2006-09-30": "7801.50000", "2006-06-30": "7521.90000", "2006-03-31": "7547.70000", "2005-12-31": "7519.10000", "2005-09-30": "7214.00000", "2005-06-30": "6975.40000", "2005-03-31": "6798.60000"}, "Common Stock Net": {"2020-12-31": "", "2020-09-30": "304.00000", "2020-06-30": "304.00000", "2020-03-31": "303.90000", "2019-12-31": "303.60000", "2019-09-30": "303.50000", "2019-06-30": "303.20000", "2019-03-31": "302.90000", "2018-12-31": "302.70000", "2018-09-30": "302.60000", "2018-06-30": "302.40000", "2018-03-31": "302.10000", "2017-12-31": "269.20000", "2017-09-30": "263.80000", "2017-06-30": "263.60000", "2017-03-31": "263.50000", "2016-12-31": "262.70000", "2016-09-30": "262.60000", "2016-06-30": "262.40000", "2016-03-31": "262.10000", "2015-12-31": "261.90000", "2015-09-30": "261.40000", "2015-06-30": "261.30000", "2015-03-31": "261.10000", "2014-12-31": "260.90000", "2014-09-30": "260.80000", "2014-06-30": "260.80000", "2014-03-31": "260.50000", "2013-12-31": "260.40000", "2013-09-30": "259.90000", "2013-06-30": "259.80000", "2013-03-31": "259.50000", "2012-12-31": "259.40000", "2012-09-30": "259.40000", "2012-06-30": "259.40000", "2012-03-31": "259.40000", "2011-12-31": "259.30000", "2011-09-30": "259.30000", "2011-06-30": "259.20000", "2011-03-31": "259.20000", "2010-12-31": "259.20000", "2010-09-30": "241.00000", "2010-06-30": "241.00000", "2010-03-31": "241.00000", "2009-12-31": "240.60000", "2009-09-30": "240.60000", "2009-06-30": "240.50000", "2009-03-31": "240.50000", "2008-12-31": "240.50000", "2008-09-30": "230.70000", "2008-06-30": "232.20000", "2008-03-31": "232.00000", "2007-12-31": "232.00000", "2007-09-30": "231.90000", "2007-06-30": "231.50000", "2007-03-31": "231.30000", "2006-12-31": "231.00000", "2006-09-30": "230.40000", "2006-06-30": "230.00000", "2006-03-31": "229.80000", "2005-12-31": "229.50000", "2005-09-30": "186.00000", "2005-06-30": "185.70000", "2005-03-31": "185.50000"}, "Retained Earnings (Accumulated Deficit)": {"2020-12-31": "", "2020-09-30": "4234.90000", "2020-06-30": "4051.20000", "2020-03-31": "3715.80000", "2019-12-31": "4386.00000", "2019-09-30": "4170.10000", "2019-06-30": "4326.70000", "2019-03-31": "4220.80000", "2018-12-31": "3849.80000", "2018-09-30": "4014.60000", "2018-06-30": "3797.70000", "2018-03-31": "3658.10000", "2017-12-31": "3206.90000", "2017-09-30": "3323.10000", "2017-06-30": "3326.50000", "2017-03-31": "3274.30000", "2016-12-31": "3199.60000", "2016-09-30": "3127.20000", "2016-06-30": "3064.80000", "2016-03-31": "3012.10000", "2015-12-31": "2937.50000", "2015-09-30": "2894.40000", "2015-06-30": "2816.40000", "2015-03-31": "2762.30000", "2014-12-31": "2706.70000", "2014-09-30": "2690.50000", "2014-06-30": "2651.80000", "2014-03-31": "2632.80000", "2013-12-31": "2485.30000", "2013-09-30": "2436.90000", "2013-06-30": "2380.20000", "2013-03-31": "2232.40000", "2012-12-31": "2222.30000", "2012-09-30": "2287.90000", "2012-06-30": "2348.20000", "2012-03-31": "2427.60000", "2011-12-31": "2472.40000", "2011-09-30": "2461.80000", "2011-06-30": "2623.00000", "2011-03-31": "2733.90000", "2010-12-31": "2791.40000", "2010-09-30": "2848.70000", "2010-06-30": "2928.50000", "2010-03-31": "2911.80000", "2009-12-31": "2927.30000", "2009-09-30": "2950.50000", "2009-06-30": "3036.80000", "2009-03-31": "3092.70000", "2008-12-31": "3186.50000", "2008-09-30": "3353.00000", "2008-06-30": "3440.20000", "2008-03-31": "3844.20000", "2007-12-31": "3900.10000", "2007-09-30": "3917.50000", "2007-06-30": "3925.10000", "2007-03-31": "3847.00000", "2006-12-31": "3773.90000", "2006-09-30": "3703.90000", "2006-06-30": "3622.40000", "2006-03-31": "3530.20000", "2005-12-31": "3444.90000", "2005-09-30": "3562.50000", "2005-06-30": "3471.90000", "2005-03-31": "3330.70000"}, "Comprehensive Income": {"2020-12-31": "", "2020-09-30": "336.10000", "2020-06-30": "307.50000", "2020-03-31": "-69.20000", "2019-12-31": "77.70000", "2019-09-30": "92.00000", "2019-06-30": "44.80000", "2019-03-31": "-70.60000", "2018-12-31": "-210.00000", "2018-09-30": "-217.70000", "2018-06-30": "-202.60000", "2018-03-31": "-148.90000", "2017-12-31": "474.20000", "2017-09-30": "441.40000", "2017-06-30": "375.30000", "2017-03-31": "367.80000", "2016-12-31": "323.60000", "2016-09-30": "386.80000", "2016-06-30": "387.00000", "2016-03-31": "210.20000", "2015-12-31": "29.20000", "2015-09-30": "55.80000", "2015-06-30": "187.90000", "2015-03-31": "320.80000", "2014-12-31": "292.30000", "2014-09-30": "310.70000", "2014-06-30": "383.30000", "2014-03-31": "319.50000", "2013-12-31": "378.20000", "2013-09-30": "376.50000", "2013-06-30": "306.50000", "2013-03-31": "548.30000", "2012-12-31": "481.70000", "2012-09-30": "511.70000", "2012-06-30": "475.50000", "2012-03-31": "458.70000", "2011-12-31": "416.00000", "2011-09-30": "487.00000", "2011-06-30": "472.20000", "2011-03-31": "441.70000", "2010-12-31": "459.10000", "2010-09-30": "567.70000", "2010-06-30": "436.50000", "2010-03-31": "468.30000", "2009-12-31": "353.70000", "2009-09-30": "343.30000", "2009-06-30": "112.00000", "2009-03-31": "-51.00000", "2008-12-31": "-41.70000", "2008-09-30": "0.70000", "2008-06-30": "60.40000", "2008-03-31": "-21.30000", "2007-12-31": "93.30000", "2007-09-30": "101.10000", "2007-06-30": "26.50000", "2007-03-31": "63.00000", "2006-12-31": "44.60000", "2006-09-30": "67.20000", "2006-06-30": "-23.90000", "2006-03-31": "13.20000", "2005-12-31": "60.80000", "2005-09-30": "103.80000", "2005-06-30": "142.30000", "2005-03-31": "100.80000"}, "Other Share Holders Equity": {"2020-12-31": "", "2020-09-30": "-106.10000", "2020-06-30": "-109.00000", "2020-03-31": "-111.90000", "2019-12-31": "-64.80000", "2019-09-30": "-67.10000", "2019-06-30": "-69.40000", "2019-03-31": "-71.70000", "2018-12-31": "-73.90000", "2018-09-30": "-64.00000", "2018-06-30": "-66.40000", "2018-03-31": "-30.60000", "2017-12-31": "-32.40000", "2017-09-30": "-34.10000", "2017-06-30": "-35.80000", "2017-03-31": "-37.50000", "2016-12-31": "-39.20000", "2016-09-30": "-40.90000", "2016-06-30": "-42.50000", "2016-03-31": "-44.20000", "2015-12-31": "-45.80000", "2015-09-30": "-47.40000", "2015-06-30": "-14.80000", "2015-03-31": "-16.20000", "2014-12-31": "-17.60000", "2014-09-30": "-18.90000", "2014-06-30": "-20.30000", "2014-03-31": "-21.60000", "2013-12-31": "-23.00000", "2013-09-30": "-24.30000", "2013-06-30": "-25.60000", "2013-03-31": "-26.90000", "2012-12-31": "-28.20000", "2012-09-30": "-29.40000", "2012-06-30": "-30.70000", "2012-03-31": "-31.90000", "2011-12-31": "-33.20000", "2011-09-30": "-34.40000", "2011-06-30": "-35.60000", "2011-03-31": "-36.80000", "2010-12-31": "-38.00000", "2010-09-30": "-39.20000", "2010-06-30": "-40.30000", "2010-03-31": "-41.50000", "2009-12-31": "-42.70000", "2009-09-30": "-43.80000", "2009-06-30": "-45.00000", "2009-03-31": "-46.10000", "2008-12-31": "-50.00000", "2008-09-30": "", "2008-06-30": "", "2008-03-31": "", "2007-12-31": "", "2007-09-30": "", "2007-06-30": "", "2007-03-31": "", "2006-12-31": "", "2006-09-30": "", "2006-06-30": "", "2006-03-31": "", "2005-12-31": "", "2005-09-30": "", "2005-06-30": "", "2005-03-31": ""}, "Share Holder Equity": {"2020-12-31": "6186.60000", "2020-09-30": "6074.60000", "2020-06-30": "5858.90000", "2020-03-31": "5142.90000", "2019-12-31": "6000.10000", "2019-09-30": "5793.90000", "2019-06-30": "5893.90000", "2019-03-31": "5665.60000", "2018-12-31": "5146.20000", "2018-09-30": "5311.20000", "2018-06-30": "5103.40000", "2018-03-31": "5048.60000", "2017-12-31": "4733.30000", "2017-09-30": "4730.00000", "2017-06-30": "4661.80000", "2017-03-31": "4596.60000", "2016-12-31": "4460.60000", "2016-09-30": "4446.10000", "2016-06-30": "4378.00000", "2016-03-31": "4142.60000", "2015-12-31": "3880.80000", "2015-09-30": "3853.80000", "2015-06-30": "3937.40000", "2015-03-31": "4014.20000", "2014-12-31": "3924.00000", "2014-09-30": "3922.90000", "2014-06-30": "3953.10000", "2014-03-31": "3865.80000", "2013-12-31": "3775.00000", "2013-09-30": "3716.00000", "2013-06-30": "3584.50000", "2013-03-31": "3673.30000", "2012-12-31": "3596.20000", "2012-09-30": "3690.10000", "2012-06-30": "3712.30000", "2012-03-31": "3773.30000", "2011-12-31": "3772.50000", "2011-09-30": "3827.90000", "2011-06-30": "3972.40000", "2011-03-31": "4050.10000", "2010-12-31": "4121.40000", "2010-09-30": "4037.70000", "2010-06-30": "3983.80000", "2010-03-31": "3995.80000", "2009-12-31": "3891.40000", "2009-09-30": "3901.30000", "2009-06-30": "3753.10000", "2009-03-31": "3643.20000", "2008-12-31": "3740.30000", "2008-09-30": "3914.30000", "2008-06-30": "4058.90000", "2008-03-31": "4376.70000", "2007-12-31": "4541.60000", "2007-09-30": "4563.90000", "2007-06-30": "4517.60000", "2007-03-31": "4471.80000", "2006-12-31": "4369.20000", "2006-09-30": "4311.60000", "2006-06-30": "4130.60000", "2006-03-31": "4066.80000", "2005-12-31": "4024.00000", "2005-09-30": "4128.50000", "2005-06-30": "4068.90000", "2005-03-31": "3880.90000"}, "Total Liabilities And Share Holders Equity": {"2020-12-31": "22815.20000", "2020-09-30": "22248.70000", "2020-06-30": "21650.30000", "2020-03-31": "20352.20000", "2019-12-31": "21076.30000", "2019-09-30": "21181.80000", "2019-06-30": "20987.70000", "2019-03-31": "20296.90000", "2018-12-31": "19327.10000", "2018-09-30": "19802.30000", "2018-06-30": "19454.20000", "2018-03-31": "18998.80000", "2017-12-31": "19403.50000", "2017-09-30": "19747.40000", "2017-06-30": "19357.10000", "2017-03-31": "18905.40000", "2016-12-31": "18591.60000", "2016-09-30": "18810.60000", "2016-06-30": "17991.20000", "2016-03-31": "17433.30000", "2015-12-31": "17101.60000", "2015-09-30": "17327.80000", "2015-06-30": "17277.00000", "2015-03-31": "17201.30000", "2014-12-31": "16988.10000", "2014-09-30": "16986.80000", "2014-06-30": "17183.90000", "2014-03-31": "16811.00000", "2013-12-31": "16534.40000", "2013-09-30": "16526.40000", "2013-06-30": "16299.30000", "2013-03-31": "16410.70000", "2012-12-31": "16226.80000", "2012-09-30": "16187.50000", "2012-06-30": "15875.20000", "2012-03-31": "16164.80000", "2011-12-31": "16050.40000", "2011-09-30": "15999.10000", "2011-06-30": "16086.90000", "2011-03-31": "16303.60000", "2010-12-31": "15882.70000", "2010-09-30": "13994.80000", "2010-06-30": "13969.60000", "2010-03-31": "14240.90000", "2009-12-31": "14190.00000", "2009-09-30": "14309.10000", "2009-06-30": "13718.60000", "2009-03-31": "13293.50000", "2008-12-31": "13266.00000", "2008-09-30": "13203.80000", "2008-06-30": "13104.50000", "2008-03-31": "13249.70000", "2007-12-31": "13290.60000", "2007-09-30": "13173.10000", "2007-06-30": "12705.50000", "2007-03-31": "12771.90000", "2006-12-31": "12612.20000", "2006-09-30": "12113.10000", "2006-06-30": "11652.50000", "2006-03-31": "11614.60000", "2005-12-31": "11543.20000", "2005-09-30": "11342.60000", "2005-06-30": "11044.40000", "2005-03-31": "10679.50000"}}, "cash flow statement": {"Net Income/Loss": {"2020-12-31": "0.00000", "2019-12-31": "1056.40000", "2018-12-31": "370.50000", "2017-12-31": "560.50000", "2016-12-31": "466.90000", "2015-12-31": "422.10000", "2014-12-31": "409.70000", "2013-12-31": "447.80000", "2012-12-31": "-68.60000", "2011-12-31": "-140.50000", "2010-12-31": "30.10000", "2009-12-31": "-99.10000", "2008-12-31": "-558.30000", "2007-12-31": "272.40000", "2006-12-31": "464.80000", "2005-12-31": "551.40000"}, "Total Depreciation And Amortization - Cash Flow": {"2020-12-31": "", "2019-12-31": "", "2018-12-31": "", "2017-12-31": "", "2016-12-31": "", "2015-12-31": "", "2014-12-31": "", "2013-12-31": "", "2012-12-31": "", "2011-12-31": "", "2010-12-31": "", "2009-12-31": "", "2008-12-31": "", "2007-12-31": "", "2006-12-31": "", "2005-12-31": ""}, "Other Non-Cash Items": {"2020-12-31": "", "2019-12-31": "-636.10000", "2018-12-31": "235.60000", "2017-12-31": "-211.60000", "2016-12-31": "-72.80000", "2015-12-31": "-91.30000", "2014-12-31": "-272.30000", "2013-12-31": "-148.10000", "2012-12-31": "-47.80000", "2011-12-31": "-115.50000", "2010-12-31": "-109.10000", "2009-12-31": "-6.30000", "2008-12-31": "486.40000", "2007-12-31": "-70.30000", "2006-12-31": "-19.00000", "2005-12-31": "-64.90000"}, "Total Non-Cash Items": {"2020-12-31": "", "2019-12-31": "-636.10000", "2018-12-31": "235.60000", "2017-12-31": "-211.60000", "2016-12-31": "-72.80000", "2015-12-31": "-91.30000", "2014-12-31": "-272.30000", "2013-12-31": "-148.10000", "2012-12-31": "-47.80000", "2011-12-31": "-115.50000", "2010-12-31": "-109.10000", "2009-12-31": "-6.30000", "2008-12-31": "486.40000", "2007-12-31": "-70.30000", "2006-12-31": "-19.00000", "2005-12-31": "-64.90000"}, "Change In Accounts Receivable": {"2020-12-31": "", "2019-12-31": "22.80000", "2018-12-31": "-15.80000", "2017-12-31": "-54.00000", "2016-12-31": "-26.10000", "2015-12-31": "4.70000", "2014-12-31": "-26.60000", "2013-12-31": "-0.40000", "2012-12-31": "-53.90000", "2011-12-31": "-28.50000", "2010-12-31": "32.60000", "2009-12-31": "-14.40000", "2008-12-31": "66.50000", "2007-12-31": "52.90000", "2006-12-31": "-163.20000", "2005-12-31": "-58.40000"}, "Change In Inventories": {"2020-12-31": "", "2019-12-31": "", "2018-12-31": "", "2017-12-31": "", "2016-12-31": "", "2015-12-31": "", "2014-12-31": "", "2013-12-31": "", "2012-12-31": "", "2011-12-31": "", "2010-12-31": "", "2009-12-31": "", "2008-12-31": "", "2007-12-31": "", "2006-12-31": "", "2005-12-31": ""}, "Change In Accounts Payable": {"2020-12-31": "", "2019-12-31": "88.00000", "2018-12-31": "30.00000", "2017-12-31": "134.50000", "2016-12-31": "157.00000", "2015-12-31": "96.80000", "2014-12-31": "36.10000", "2013-12-31": "67.30000", "2012-12-31": "98.60000", "2011-12-31": "111.20000", "2010-12-31": "91.50000", "2009-12-31": "87.00000", "2008-12-31": "59.60000", "2007-12-31": "66.50000", "2006-12-31": "59.60000", "2005-12-31": "34.90000"}, "Change In Assets/Liabilities": {"2020-12-31": "", "2019-12-31": "", "2018-12-31": "", "2017-12-31": "", "2016-12-31": "77.60000", "2015-12-31": "69.60000", "2014-12-31": "104.40000", "2013-12-31": "", "2012-12-31": "", "2011-12-31": "", "2010-12-31": "", "2009-12-31": "", "2008-12-31": "", "2007-12-31": "", "2006-12-31": "", "2005-12-31": ""}, "Total Change In Assets/Liabilities": {"2020-12-31": "", "2019-12-31": "277.80000", "2018-12-31": "-70.80000", "2017-12-31": "98.20000", "2016-12-31": "230.00000", "2015-12-31": "167.00000", "2014-12-31": "200.90000", "2013-12-31": "170.60000", "2012-12-31": "-15.00000", "2011-12-31": "96.10000", "2010-12-31": "225.10000", "2009-12-31": "114.60000", "2008-12-31": "-115.90000", "2007-12-31": "-5.80000", "2006-12-31": "-115.40000", "2005-12-31": "-16.00000"}, "Cash Flow From Operating Activities": {"2020-12-31": "", "2019-12-31": "936.20000", "2018-12-31": "760.50000", "2017-12-31": "452.80000", "2016-12-31": "637.30000", "2015-12-31": "688.20000", "2014-12-31": "-181.20000", "2013-12-31": "686.70000", "2012-12-31": "532.00000", "2011-12-31": "-94.90000", "2010-12-31": "-282.20000", "2009-12-31": "532.90000", "2008-12-31": "565.60000", "2007-12-31": "862.50000", "2006-12-31": "1004.70000", "2005-12-31": "833.60000"}, "Net Change In Property, Plant, And Equipment": {"2020-12-31": "", "2019-12-31": "", "2018-12-31": "", "2017-12-31": "", "2016-12-31": "", "2015-12-31": "", "2014-12-31": "", "2013-12-31": "", "2012-12-31": "", "2011-12-31": "", "2010-12-31": "", "2009-12-31": "", "2008-12-31": "", "2007-12-31": "", "2006-12-31": "", "2005-12-31": "-31.90000"}, "Net Change In Intangible Assets": {"2020-12-31": "", "2019-12-31": "", "2018-12-31": "", "2017-12-31": "", "2016-12-31": "", "2015-12-31": "", "2014-12-31": "", "2013-12-31": "", "2012-12-31": "", "2011-12-31": "", "2010-12-31": "", "2009-12-31": "", "2008-12-31": "", "2007-12-31": "", "2006-12-31": "", "2005-12-31": ""}, "Net Acquisitions/Divestitures": {"2020-12-31": "", "2019-12-31": "-1.20000", "2018-12-31": "-13.10000", "2017-12-31": "", "2016-12-31": "", "2015-12-31": "", "2014-12-31": "-2.80000", "2013-12-31": "-5.10000", "2012-12-31": "5.80000", "2011-12-31": "", "2010-12-31": "", "2009-12-31": "-6.00000", "2008-12-31": "-4.30000", "2007-12-31": "-4.40000", "2006-12-31": "-51.50000", "2005-12-31": "-10.10000"}, "Net Change In Short-term Investments": {"2020-12-31": "", "2019-12-31": "-129.70000", "2018-12-31": "314.20000", "2017-12-31": "11.80000", "2016-12-31": "-12.10000", "2015-12-31": "-55.50000", "2014-12-31": "513.00000", "2013-12-31": "139.10000", "2012-12-31": "211.50000", "2011-12-31": "-476.00000", "2010-12-31": "157.80000", "2009-12-31": "64.70000", "2008-12-31": "-427.20000", "2007-12-31": "32.40000", "2006-12-31": "-218.20000", "2005-12-31": "120.10000"}, "Net Change In Long-Term Investments": {"2020-12-31": "", "2019-12-31": "-232.70000", "2018-12-31": "-489.29990", "2017-12-31": "-251.39990", "2016-12-31": "-1033.50000", "2015-12-31": "-381.80000", "2014-12-31": "-521.10010", "2013-12-31": "-575.60000", "2012-12-31": "-210.60000", "2011-12-31": "308.29980", "2010-12-31": "368.10010", "2009-12-31": "-501.00000", "2008-12-31": "-198.29990", "2007-12-31": "-656.20000", "2006-12-31": "-602.10000", "2005-12-31": "-633.50000"}, "Net Change In Investments - Total": {"2020-12-31": "", "2019-12-31": "-362.40000", "2018-12-31": "-175.09990", "2017-12-31": "-239.59990", "2016-12-31": "-1045.60000", "2015-12-31": "-437.30000", "2014-12-31": "-8.10010", "2013-12-31": "-436.50000", "2012-12-31": "0.90000", "2011-12-31": "-167.70020", "2010-12-31": "525.90010", "2009-12-31": "-436.30000", "2008-12-31": "-625.49990", "2007-12-31": "-623.79990", "2006-12-31": "-820.30000", "2005-12-31": "-513.40000"}, "Investing Activities - Other": {"2020-12-31": "", "2019-12-31": "-60.90000", "2018-12-31": "-51.50000", "2017-12-31": "-54.40000", "2016-12-31": "9.10000", "2015-12-31": "-12.50000", "2014-12-31": "-32.40000", "2013-12-31": "-15.70000", "2012-12-31": "-10.50000", "2011-12-31": "-19.60000", "2010-12-31": "-25.90000", "2009-12-31": "-22.40000", "2008-12-31": "22.40000", "2007-12-31": "-14.90000", "2006-12-31": "-15.80000", "2005-12-31": "11.70000"}, "Cash Flow From Investing Activities": {"2020-12-31": "", "2019-12-31": "-424.60000", "2018-12-31": "-239.50000", "2017-12-31": "-293.90000", "2016-12-31": "-1036.40000", "2015-12-31": "-449.80000", "2014-12-31": "-43.30000", "2013-12-31": "-457.60000", "2012-12-31": "-3.70000", "2011-12-31": "-187.10000", "2010-12-31": "499.80000", "2009-12-31": "-464.50000", "2008-12-31": "-607.30000", "2007-12-31": "-643.00000", "2006-12-31": "-887.40000", "2005-12-31": "-543.50000"}, "Net Long-Term Debt": {"2020-12-31": "", "2019-12-31": "-8.40000", "2018-12-31": "-4.70000", "2017-12-31": "-3.90000", "2016-12-31": "573.30000", "2015-12-31": "-3.30000", "2014-12-31": "390.20000", "2013-12-31": "-3.60000", "2012-12-31": "-339.80000", "2011-12-31": "424.90000", "2010-12-31": "-3.90000", "2009-12-31": "103.40000", "2008-12-31": "169.10000", "2007-12-31": "-80.30000", "2006-12-31": "1.70000", "2005-12-31": "-0.40000"}, "Net Current Debt": {"2020-12-31": "", "2019-12-31": "", "2018-12-31": "", "2017-12-31": "", "2016-12-31": "", "2015-12-31": "", "2014-12-31": "", "2013-12-31": "", "2012-12-31": "", "2011-12-31": "", "2010-12-31": "", "2009-12-31": "", "2008-12-31": "", "2007-12-31": "", "2006-12-31": "", "2005-12-31": ""}, "Debt Issuance/Retirement Net - Total": {"2020-12-31": "", "2019-12-31": "-8.40000", "2018-12-31": "-4.70000", "2017-12-31": "-3.90000", "2016-12-31": "573.30000", "2015-12-31": "-3.30000", "2014-12-31": "390.20000", "2013-12-31": "-3.60000", "2012-12-31": "-339.80000", "2011-12-31": "424.90000", "2010-12-31": "-3.90000", "2009-12-31": "103.40000", "2008-12-31": "169.10000", "2007-12-31": "-80.30000", "2006-12-31": "1.70000", "2005-12-31": "-0.40000"}, "Net Common Equity Issued/Repurchased": {"2020-12-31": "", "2019-12-31": "13.80000", "2018-12-31": "-36.90000", "2017-12-31": "17.80000", "2016-12-31": "8.40000", "2015-12-31": "-22.00000", "2014-12-31": "5.70000", "2013-12-31": "11.80000", "2012-12-31": "1.00000", "2011-12-31": "1.20000", "2010-12-31": "3.20000", "2009-12-31": "1.40000", "2008-12-31": "36.10000", "2007-12-31": "-13.30000", "2006-12-31": "18.90000", "2005-12-31": "18.40000"}, "Net Total Equity Issued/Repurchased": {"2020-12-31": "", "2019-12-31": "13.80000", "2018-12-31": "-36.90000", "2017-12-31": "17.80000", "2016-12-31": "8.40000", "2015-12-31": "-22.00000", "2014-12-31": "5.70000", "2013-12-31": "11.80000", "2012-12-31": "1.00000", "2011-12-31": "1.20000", "2010-12-31": "3.20000", "2009-12-31": "1.40000", "2008-12-31": "36.10000", "2007-12-31": "-13.30000", "2006-12-31": "18.90000", "2005-12-31": "18.40000"}, "Total Common And Preferred Stock Dividends Paid": {"2020-12-31": "", "2019-12-31": "-538.70000", "2018-12-31": "-498.80000", "2017-12-31": "-198.80000", "2016-12-31": "-193.80000", "2015-12-31": "-191.30000", "2014-12-31": "-188.30000", "2013-12-31": "-184.80000", "2012-12-31": "-181.50000", "2011-12-31": "-178.40000", "2010-12-31": "-166.10000", "2009-12-31": "-160.00000", "2008-12-31": "-155.20000", "2007-12-31": "-145.40000", "2006-12-31": "-135.80000", "2005-12-31": "-300.70000"}, "Financial Activities - Other": {"2020-12-31": "", "2019-12-31": "0.20000", "2018-12-31": "-6.00000", "2017-12-31": "6.40000", "2016-12-31": "-2.80000", "2015-12-31": "1.30000", "2014-12-31": "0.40000", "2013-12-31": "-0.30000", "2012-12-31": "0.20000", "2011-12-31": "0.10000", "2010-12-31": "-0.70000", "2009-12-31": "", "2008-12-31": "1.60000", "2007-12-31": "1.80000", "2006-12-31": "1.20000", "2005-12-31": "0.20000"}, "Cash Flow From Financial Activities": {"2020-12-31": "", "2019-12-31": "-533.10000", "2018-12-31": "-546.50000", "2017-12-31": "-178.50000", "2016-12-31": "385.00000", "2015-12-31": "-215.20000", "2014-12-31": "207.90000", "2013-12-31": "-176.90000", "2012-12-31": "-520.00000", "2011-12-31": "247.80000", "2010-12-31": "-167.60000", "2009-12-31": "-55.10000", "2008-12-31": "51.50000", "2007-12-31": "-237.10000", "2006-12-31": "-113.90000", "2005-12-31": "-282.40000"}, "Net Cash Flow": {"2020-12-31": "", "2019-12-31": "-21.40000", "2018-12-31": "-25.60000", "2017-12-31": "-19.70000", "2016-12-31": "-14.10000", "2015-12-31": "23.00000", "2014-12-31": "-16.60000", "2013-12-31": "52.00000", "2012-12-31": "8.10000", "2011-12-31": "-34.20000", "2010-12-31": "50.00000", "2009-12-31": "13.30000", "2008-12-31": "9.90000", "2007-12-31": "-17.60000", "2006-12-31": "3.30000", "2005-12-31": "7.70000"}, "Stock-Based Compensation": {"2020-12-31": "", "2019-12-31": "", "2018-12-31": "", "2017-12-31": "", "2016-12-31": "", "2015-12-31": "", "2014-12-31": "", "2013-12-31": "", "2012-12-31": "", "2011-12-31": "", "2010-12-31": "", "2009-12-31": "", "2008-12-31": "", "2007-12-31": "", "2006-12-31": "", "2005-12-31": ""}, "Common Stock Dividends Paid": {"2020-12-31": "", "2019-12-31": "-538.70000", "2018-12-31": "-498.80000", "2017-12-31": "-198.80000", "2016-12-31": "-193.80000", "2015-12-31": "-191.30000", "2014-12-31": "-188.30000", "2013-12-31": "-184.80000", "2012-12-31": "-181.50000", "2011-12-31": "-178.40000", "2010-12-31": "-166.10000", "2009-12-31": "-160.00000", "2008-12-31": "-155.20000", "2007-12-31": "-145.40000", "2006-12-31": "-135.80000", "2005-12-31": "-300.70000"}}, "cash flow statement, quarterly": {"Net Income/Loss": {"2020-12-31": -38.9, "2020-09-30": 245.9, "2020-06-30": 397.8, "2020-03-31": "-604.80000", "2019-12-31": 275.8, "2019-09-30": 202.9, "2019-06-30": 165.5, "2019-03-31": "412.20000", "2018-12-31": -106.5, "2018-09-30": 275.2, "2018-06-30": 197.8, "2018-03-31": "4.00000", "2017-12-31": 299.6, "2017-09-30": 46.2, "2017-06-30": 101.6, "2017-03-31": "113.10000", "2016-12-31": 131.9, "2016-09-30": 111, "2016-06-30": 101.1, "2016-03-31": "122.90000", "2015-12-31": 90.7, "2015-09-30": 125.9, "2015-06-30": 102.1, "2015-03-31": "103.40000", "2014-12-31": 63.3, "2014-09-30": 85.9, "2014-06-30": 66.1, "2014-03-31": "194.40000", "2013-12-31": 94.7, "2013-09-30": 102.9, "2013-06-30": 194, "2013-03-31": "56.20000", "2012-12-31": -20.2, "2012-09-30": -14.9, "2012-06-30": -33.9, "2012-03-31": "0.40000", "2011-12-31": 55.2, "2011-09-30": -116.5, "2011-06-30": -66.3, "2011-03-31": "-12.90000", "2010-12-31": -13.4, "2010-09-30": -39, "2010-06-30": 57.5, "2010-03-31": "25.00000", "2009-12-31": -36.8, "2009-09-30": 7.5, "2009-06-30": -15.9, "2009-03-31": "-53.90000", "2008-12-31": -126.5, "2008-09-30": -48, "2008-06-30": -364.8, "2008-03-31": "-19.00000", "2007-12-31": 20.3, "2007-09-30": 29.2, "2007-06-30": 115.2, "2007-03-31": "107.70000", "2006-12-31": 104.6, "2006-09-30": 116.2, "2006-06-30": 126.6, "2006-03-31": "117.40000", "2005-12-31": 143.2, "2005-09-30": 121.6, "2005-06-30": 172.3, "2005-03-31": "114.30000"}, "Total Depreciation And Amortization - Cash Flow": {"2020-12-31": 0, "2020-09-30": 0, "2020-06-30": 0, "2020-03-31": "", "2019-12-31": 0, "2019-09-30": 0, "2019-06-30": 0, "2019-03-31": "", "2018-12-31": 0, "2018-09-30": 0, "2018-06-30": 0, "2018-03-31": "", "2017-12-31": 0, "2017-09-30": 0, "2017-06-30": 0, "2017-03-31": "", "2016-12-31": 0, "2016-09-30": 0, "2016-06-30": 0, "2016-03-31": "", "2015-12-31": 0, "2015-09-30": 0, "2015-06-30": 0, "2015-03-31": "", "2014-12-31": 0, "2014-09-30": 0, "2014-06-30": 0, "2014-03-31": "", "2013-12-31": 0, "2013-09-30": 0, "2013-06-30": 0, "2013-03-31": "", "2012-12-31": 0, "2012-09-30": 0, "2012-06-30": 0, "2012-03-31": "", "2011-12-31": 0, "2011-09-30": 0, "2011-06-30": 0, "2011-03-31": "", "2010-12-31": 0, "2010-09-30": 0, "2010-06-30": 0, "2010-03-31": "", "2009-12-31": 0, "2009-09-30": 0, "2009-06-30": 0, "2009-03-31": "", "2008-12-31": 0, "2008-09-30": 0, "2008-06-30": 0, "2008-03-31": "", "2007-12-31": 0, "2007-09-30": 0, "2007-06-30": 0, "2007-03-31": "", "2006-12-31": 0, "2006-09-30": 0, "2006-06-30": 0, "2006-03-31": "", "2005-12-31": 0, "2005-09-30": 0, "2005-06-30": 0, "2005-03-31": ""}, "Other Non-Cash Items": {"2020-12-31": -516.7, "2020-09-30": -80.8, "2020-06-30": -346.7, "2020-03-31": "944.20000", "2019-12-31": -167.5, "2019-09-30": -63.7, "2019-06-30": -37, "2019-03-31": "-367.90000", "2018-12-31": 308.1, "2018-09-30": -95.9, "2018-06-30": -113.1, "2018-03-31": "136.50000", "2017-12-31": -154.1, "2017-09-30": -35.8, "2017-06-30": -6.9, "2017-03-31": "-14.80000", "2016-12-31": -14.7, "2016-09-30": -7.3, "2016-06-30": -6.7, "2016-03-31": "-44.10000", "2015-12-31": -14.3, "2015-09-30": -41.5, "2015-06-30": -16.7, "2015-03-31": "-18.80000", "2014-12-31": -9.5, "2014-09-30": -21.6, "2014-06-30": -50, "2014-03-31": "-191.20000", "2013-12-31": -1.5, "2013-09-30": -4.9, "2013-06-30": -137.2, "2013-03-31": "-4.50000", "2012-12-31": -4.2, "2012-09-30": -18.7, "2012-06-30": -22, "2012-03-31": "-2.90000", "2011-12-31": -127.5, "2011-09-30": 15.5, "2011-06-30": 2.9, "2011-03-31": "-6.40000", "2010-12-31": -29.4, "2010-09-30": -3.9, "2010-06-30": -72.9, "2010-03-31": "-2.90000", "2009-12-31": -6.8, "2009-09-30": 0.8, "2009-06-30": -0.3, "2009-03-31": "", "2008-12-31": 63.6, "2008-09-30": -6.8, "2008-06-30": 430.5, "2008-03-31": "-0.90000", "2007-12-31": -50, "2007-09-30": -4, "2007-06-30": -13.4, "2007-03-31": "-2.90000", "2006-12-31": -1.1, "2006-09-30": -2.2, "2006-06-30": -8.2, "2006-03-31": "-7.50000", "2005-12-31": -40.4, "2005-09-30": -3.7, "2005-06-30": -12.9, "2005-03-31": "-7.90000"}, "Total Non-Cash Items": {"2020-12-31": -516.7, "2020-09-30": -80.8, "2020-06-30": -346.7, "2020-03-31": "944.20000", "2019-12-31": -167.5, "2019-09-30": -63.7, "2019-06-30": -37, "2019-03-31": "-367.90000", "2018-12-31": 308.1, "2018-09-30": -95.9, "2018-06-30": -113.1, "2018-03-31": "136.50000", "2017-12-31": -154.1, "2017-09-30": -35.8, "2017-06-30": -6.9, "2017-03-31": "-14.80000", "2016-12-31": -14.7, "2016-09-30": -7.3, "2016-06-30": -6.7, "2016-03-31": "-44.10000", "2015-12-31": -14.3, "2015-09-30": -41.5, "2015-06-30": -16.7, "2015-03-31": "-18.80000", "2014-12-31": -9.5, "2014-09-30": -21.6, "2014-06-30": -50, "2014-03-31": "-191.20000", "2013-12-31": -1.5, "2013-09-30": -4.9, "2013-06-30": -137.2, "2013-03-31": "-4.50000", "2012-12-31": -4.2, "2012-09-30": -18.7, "2012-06-30": -22, "2012-03-31": "-2.90000", "2011-12-31": -127.5, "2011-09-30": 15.5, "2011-06-30": 2.9, "2011-03-31": "-6.40000", "2010-12-31": -29.4, "2010-09-30": -3.9, "2010-06-30": -72.9, "2010-03-31": "-2.90000", "2009-12-31": -6.8, "2009-09-30": 0.8, "2009-06-30": -0.3, "2009-03-31": "", "2008-12-31": 63.6, "2008-09-30": -6.8, "2008-06-30": 430.5, "2008-03-31": "-0.90000", "2007-12-31": -50, "2007-09-30": -4, "2007-06-30": -13.4, "2007-03-31": "-2.90000", "2006-12-31": -1.1, "2006-09-30": -2.2, "2006-06-30": -8.2, "2006-03-31": "-7.50000", "2005-12-31": -40.4, "2005-09-30": -3.7, "2005-06-30": -12.9, "2005-03-31": "-7.90000"}, "Change In Accounts Receivable": {"2020-12-31": 70.4, "2020-09-30": -13.7, "2020-06-30": -26.7, "2020-03-31": "-30.00000", "2019-12-31": 80.6, "2019-09-30": 1, "2019-06-30": -16.2, "2019-03-31": "-42.60000", "2018-12-31": 47, "2018-09-30": -3.8, "2018-06-30": -33.1, "2018-03-31": "-25.90000", "2017-12-31": 70.4, "2017-09-30": -39.9, "2017-06-30": -56, "2017-03-31": "-28.50000", "2016-12-31": 60, "2016-09-30": -19.5, "2016-06-30": -34.9, "2016-03-31": "-31.70000", "2015-12-31": 53.5, "2015-09-30": -34.3, "2015-06-30": -21.6, "2015-03-31": "7.10000", "2014-12-31": 45.7, "2014-09-30": -18.5, "2014-06-30": -27.6, "2014-03-31": "-26.20000", "2013-12-31": 30.9, "2013-09-30": 4.1, "2013-06-30": -14.5, "2013-03-31": "-20.90000", "2012-12-31": 52.1, "2012-09-30": -51.5, "2012-06-30": 17.5, "2012-03-31": "-72.00000", "2011-12-31": 8.2, "2011-09-30": -1.3, "2011-06-30": 5.4, "2011-03-31": "-40.80000", "2010-12-31": 33.3, "2010-09-30": 35.3, "2010-06-30": -50.7, "2010-03-31": "14.70000", "2009-12-31": 83.9, "2009-09-30": -81.6, "2009-06-30": -19.2, "2009-03-31": "2.50000", "2008-12-31": 17.1, "2008-09-30": 17.4, "2008-06-30": 26.8, "2008-03-31": "5.20000", "2007-12-31": 35.4, "2007-09-30": -35, "2007-06-30": 1.3, "2007-03-31": "51.20000", "2006-12-31": -73.2, "2006-09-30": -36.7, "2006-06-30": -43, "2006-03-31": "-10.30000", "2005-12-31": 0.3, "2005-09-30": -53.5, "2005-06-30": -7.7, "2005-03-31": "2.50000"}, "Change In Inventories": {"2020-12-31": 0, "2020-09-30": 0, "2020-06-30": 0, "2020-03-31": "", "2019-12-31": 0, "2019-09-30": 0, "2019-06-30": 0, "2019-03-31": "", "2018-12-31": 0, "2018-09-30": 0, "2018-06-30": 0, "2018-03-31": "", "2017-12-31": 0, "2017-09-30": 0, "2017-06-30": 0, "2017-03-31": "", "2016-12-31": 0, "2016-09-30": 0, "2016-06-30": 0, "2016-03-31": "", "2015-12-31": 0, "2015-09-30": 0, "2015-06-30": 0, "2015-03-31": "", "2014-12-31": 0, "2014-09-30": 0, "2014-06-30": 0, "2014-03-31": "", "2013-12-31": 0, "2013-09-30": 0, "2013-06-30": 0, "2013-03-31": "", "2012-12-31": 0, "2012-09-30": 0, "2012-06-30": 0, "2012-03-31": "", "2011-12-31": 0, "2011-09-30": 0, "2011-06-30": 0, "2011-03-31": "", "2010-12-31": 0, "2010-09-30": 0, "2010-06-30": 0, "2010-03-31": "", "2009-12-31": 0, "2009-09-30": 0, "2009-06-30": 0, "2009-03-31": "", "2008-12-31": 0, "2008-09-30": 0, "2008-06-30": 0, "2008-03-31": "", "2007-12-31": 0, "2007-09-30": 0, "2007-06-30": 0, "2007-03-31": "", "2006-12-31": 0, "2006-09-30": 0, "2006-06-30": 0, "2006-03-31": "", "2005-12-31": 0, "2005-09-30": 0, "2005-06-30": 0, "2005-03-31": ""}, "Change In Accounts Payable": {"2020-12-31": -51.9, "2020-09-30": -2.8, "2020-06-30": 52.8, "2020-03-31": "1.90000", "2019-12-31": -28.1, "2019-09-30": 113.5, "2019-06-30": 7.9, "2019-03-31": "-5.30000", "2018-12-31": 9, "2018-09-30": 68.4, "2018-06-30": 21.3, "2018-03-31": "-68.70000", "2017-12-31": 62.7, "2017-09-30": 58.1, "2017-06-30": 29.3, "2017-03-31": "-15.60000", "2016-12-31": 32.1, "2016-09-30": 78.6, "2016-06-30": 21.9, "2016-03-31": "24.40000", "2015-12-31": 24.9, "2015-09-30": 44.1, "2015-06-30": -1.4, "2015-03-31": "29.20000", "2014-12-31": 32.4, "2014-09-30": 20.5, "2014-06-30": -3.1, "2014-03-31": "-13.70000", "2013-12-31": 31.2, "2013-09-30": 30.1, "2013-06-30": 21.7, "2013-03-31": "-15.70000", "2012-12-31": 83.7, "2012-09-30": 35.9, "2012-06-30": -29.1, "2012-03-31": "8.10000", "2011-12-31": 37.3, "2011-09-30": 37.8, "2011-06-30": 14.1, "2011-03-31": "22.00000", "2010-12-31": 20.7, "2010-09-30": 52.3, "2010-06-30": 1.3, "2010-03-31": "17.20000", "2009-12-31": 15.9, "2009-09-30": 45.2, "2009-06-30": 14.7, "2009-03-31": "11.20000", "2008-12-31": 28.3, "2008-09-30": 10.6, "2008-06-30": 23.5, "2008-03-31": "-2.80000", "2007-12-31": 38.2, "2007-09-30": 20.5, "2007-06-30": 7.2, "2007-03-31": "0.60000", "2006-12-31": 12.4, "2006-09-30": 35.1, "2006-06-30": 14.2, "2006-03-31": "-2.10000", "2005-12-31": 35.3, "2005-09-30": 22.1, "2005-06-30": 11.2, "2005-03-31": "-33.70000"}, "Change In Assets/Liabilities": {"2020-12-31": 0, "2020-09-30": 23.7, "2020-06-30": -24.4, "2020-03-31": "0.70000", "2019-12-31": 0, "2019-09-30": -33.3, "2019-06-30": 21.2, "2019-03-31": "12.10000", "2018-12-31": -103.8, "2018-09-30": -6.8, "2018-06-30": 110.6, "2018-03-31": "", "2017-12-31": -164.2, "2017-09-30": 164.2, "2017-06-30": 0, "2017-03-31": "", "2016-12-31": -9.5, "2016-09-30": 87.1, "2016-06-30": 0, "2016-03-31": "", "2015-12-31": 69.6, "2015-09-30": 0, "2015-06-30": -10.4, "2015-03-31": "10.40000", "2014-12-31": 104.4, "2014-09-30": 0, "2014-06-30": 0, "2014-03-31": "", "2013-12-31": 0, "2013-09-30": -57.1, "2013-06-30": 57.1, "2013-03-31": "", "2012-12-31": 0, "2012-09-30": 0, "2012-06-30": 0, "2012-03-31": "", "2011-12-31": 0, "2011-09-30": 0, "2011-06-30": 0, "2011-03-31": "", "2010-12-31": 0, "2010-09-30": 0, "2010-06-30": 0, "2010-03-31": "", "2009-12-31": 0, "2009-09-30": 0, "2009-06-30": 0, "2009-03-31": "", "2008-12-31": 0, "2008-09-30": 0, "2008-06-30": 0, "2008-03-31": "", "2007-12-31": 0, "2007-09-30": 0, "2007-06-30": 0, "2007-03-31": "", "2006-12-31": 0, "2006-09-30": 0, "2006-06-30": 0, "2006-03-31": "", "2005-12-31": 0, "2005-09-30": 0, "2005-06-30": 0, "2005-03-31": ""}, "Total Change In Assets/Liabilities": {"2020-12-31": 118.2, "2020-09-30": 48.3, "2020-06-30": 32.4, "2020-03-31": "-198.90000", "2019-12-31": 131, "2019-09-30": 82.6, "2019-06-30": -1, "2019-03-31": "65.20000", "2018-12-31": -133.6, "2018-09-30": 79.3, "2018-06-30": 93.1, "2018-03-31": "-109.60000", "2017-12-31": 6.5, "2017-09-30": 195.9, "2017-06-30": -84.8, "2017-03-31": "-19.40000", "2016-12-31": 109.5, "2016-09-30": 156.9, "2016-06-30": -67.2, "2016-03-31": "30.80000", "2015-12-31": 130, "2015-09-30": 24.3, "2015-06-30": -75.2, "2015-03-31": "87.90000", "2014-12-31": 198.5, "2014-09-30": 68.8, "2014-06-30": -108.3, "2014-03-31": "41.90000", "2013-12-31": 60, "2013-09-30": -33.7, "2013-06-30": 134.5, "2013-03-31": "9.80000", "2012-12-31": 120.8, "2012-09-30": -28.5, "2012-06-30": -35.7, "2012-03-31": "-71.60000", "2011-12-31": 68.6, "2011-09-30": 33.1, "2011-06-30": -12.5, "2011-03-31": "6.90000", "2010-12-31": 43.6, "2010-09-30": 69.3, "2010-06-30": -6.8, "2010-03-31": "119.00000", "2009-12-31": 61.2, "2009-09-30": -76.6, "2009-06-30": -84.8, "2009-03-31": "214.80000", "2008-12-31": 22.8, "2008-09-30": -12.9, "2008-06-30": -139, "2008-03-31": "13.20000", "2007-12-31": 18.4, "2007-09-30": -28.5, "2007-06-30": -25.5, "2007-03-31": "29.80000", "2006-12-31": -52.8, "2006-09-30": 10.8, "2006-06-30": -56.1, "2006-03-31": "-17.30000", "2005-12-31": 53.3, "2005-09-30": 30.6, "2005-06-30": -66, "2005-03-31": "-33.90000"}, "Cash Flow From Operating Activities": {"2020-12-31": -808.9, "2020-09-30": 370.6, "2020-06-30": 222, "2020-03-31": "216.30000", "2019-12-31": 270, "2019-09-30": 352.8, "2019-06-30": 177.2, "2019-03-31": "136.20000", "2018-12-31": 163.4, "2018-09-30": 309.8, "2018-06-30": 156.5, "2018-03-31": "130.80000", "2017-12-31": -69.3, "2017-09-30": 263.1, "2017-06-30": 112.9, "2017-03-31": "146.10000", "2016-12-31": 235.4, "2016-09-30": 238.1, "2016-06-30": 37.9, "2016-03-31": "125.90000", "2015-12-31": 121.7, "2015-09-30": 262.8, "2015-06-30": 112.9, "2015-03-31": "190.80000", "2014-12-31": 188.8, "2014-09-30": -542.3, "2014-06-30": 36.9, "2014-03-31": "135.40000", "2013-12-31": 227.7, "2013-09-30": 180.7, "2013-06-30": 135.1, "2013-03-31": "143.20000", "2012-12-31": 209.7, "2012-09-30": 192, "2012-06-30": 81.3, "2012-03-31": "49.00000", "2011-12-31": 32.7, "2011-09-30": 25.8, "2011-06-30": -101.3, "2011-03-31": "-52.10000", "2010-12-31": -109.3, "2010-09-30": 38.4, "2010-06-30": -192, "2010-03-31": "-19.30000", "2009-12-31": 94.9, "2009-09-30": 157.6, "2009-06-30": 17.1, "2009-03-31": "263.30000", "2008-12-31": 98, "2008-09-30": 138.8, "2008-06-30": 129.5, "2008-03-31": "199.30000", "2007-12-31": 219.8, "2007-09-30": 237.9, "2007-06-30": 207.7, "2007-03-31": "197.10000", "2006-12-31": 447.6, "2006-09-30": 231.6, "2006-06-30": 140.9, "2006-03-31": "184.60000", "2005-12-31": 224.3, "2005-09-30": 284.6, "2005-06-30": 175.6, "2005-03-31": "149.10000"}, "Net Change In Property, Plant, And Equipment": {"2020-12-31": 0, "2020-09-30": 0, "2020-06-30": 0, "2020-03-31": "", "2019-12-31": 0, "2019-09-30": 0, "2019-06-30": 0, "2019-03-31": "", "2018-12-31": 0, "2018-09-30": 0, "2018-06-30": 0, "2018-03-31": "", "2017-12-31": 0, "2017-09-30": 0, "2017-06-30": 0, "2017-03-31": "", "2016-12-31": 0, "2016-09-30": 0, "2016-06-30": 0, "2016-03-31": "", "2015-12-31": 0, "2015-09-30": 0, "2015-06-30": 0, "2015-03-31": "", "2014-12-31": 0, "2014-09-30": 0, "2014-06-30": 0, "2014-03-31": "", "2013-12-31": 0, "2013-09-30": 0, "2013-06-30": 0, "2013-03-31": "", "2012-12-31": 0, "2012-09-30": 0, "2012-06-30": 0, "2012-03-31": "", "2011-12-31": 0, "2011-09-30": 0, "2011-06-30": 0, "2011-03-31": "", "2010-12-31": 0, "2010-09-30": 0, "2010-06-30": 0, "2010-03-31": "", "2009-12-31": 0, "2009-09-30": 0, "2009-06-30": 0, "2009-03-31": "", "2008-12-31": 0, "2008-09-30": 0, "2008-06-30": 0, "2008-03-31": "", "2007-12-31": 0, "2007-09-30": 0, "2007-06-30": 3.6, "2007-03-31": "-3.60000", "2006-12-31": 0, "2006-09-30": 0, "2006-06-30": 3.6, "2006-03-31": "-3.60000", "2005-12-31": -11.2, "2005-09-30": -3.4, "2005-06-30": -16.3, "2005-03-31": "-1.00000"}, "Net Change In Intangible Assets": {"2020-12-31": 0, "2020-09-30": 0, "2020-06-30": 0, "2020-03-31": "", "2019-12-31": 0, "2019-09-30": 0, "2019-06-30": 0, "2019-03-31": "", "2018-12-31": 0, "2018-09-30": 0, "2018-06-30": 0, "2018-03-31": "", "2017-12-31": 0, "2017-09-30": 0, "2017-06-30": 0, "2017-03-31": "", "2016-12-31": 0, "2016-09-30": 0, "2016-06-30": 0, "2016-03-31": "", "2015-12-31": 0, "2015-09-30": 0, "2015-06-30": 0, "2015-03-31": "", "2014-12-31": 0, "2014-09-30": 0, "2014-06-30": 0, "2014-03-31": "", "2013-12-31": 0, "2013-09-30": 0, "2013-06-30": 0, "2013-03-31": "", "2012-12-31": 0, "2012-09-30": 0, "2012-06-30": 0, "2012-03-31": "", "2011-12-31": 0, "2011-09-30": 0, "2011-06-30": 0, "2011-03-31": "", "2010-12-31": 0, "2010-09-30": 0, "2010-06-30": 0, "2010-03-31": "", "2009-12-31": 0, "2009-09-30": 0, "2009-06-30": 0, "2009-03-31": "", "2008-12-31": 0, "2008-09-30": 0, "2008-06-30": 0, "2008-03-31": "", "2007-12-31": 0, "2007-09-30": 0, "2007-06-30": 0, "2007-03-31": "", "2006-12-31": 0, "2006-09-30": 0, "2006-06-30": 0, "2006-03-31": "", "2005-12-31": 0, "2005-09-30": 0, "2005-06-30": 0, "2005-03-31": ""}, "Net Acquisitions/Divestitures": {"2020-12-31": 0, "2020-09-30": 0, "2020-06-30": 0, "2020-03-31": "", "2019-12-31": -1.2, "2019-09-30": 0, "2019-06-30": 0, "2019-03-31": "", "2018-12-31": -13.1, "2018-09-30": 0, "2018-06-30": 0, "2018-03-31": "", "2017-12-31": 0, "2017-09-30": 0, "2017-06-30": 0, "2017-03-31": "", "2016-12-31": 0, "2016-09-30": 0, "2016-06-30": 0, "2016-03-31": "", "2015-12-31": 0, "2015-09-30": 0, "2015-06-30": 0, "2015-03-31": "", "2014-12-31": -2.8, "2014-09-30": 0, "2014-06-30": 0, "2014-03-31": "", "2013-12-31": 0, "2013-09-30": -28.4, "2013-06-30": 23.3, "2013-03-31": "", "2012-12-31": 5.8, "2012-09-30": 0, "2012-06-30": 0, "2012-03-31": "", "2011-12-31": 0, "2011-09-30": 0, "2011-06-30": 0, "2011-03-31": "", "2010-12-31": 0, "2010-09-30": 0, "2010-06-30": 0, "2010-03-31": "", "2009-12-31": -6, "2009-09-30": 0, "2009-06-30": 0, "2009-03-31": "", "2008-12-31": 0, "2008-09-30": 0, "2008-06-30": 0, "2008-03-31": "-4.30000", "2007-12-31": -0.1, "2007-09-30": 0, "2007-06-30": -4.3, "2007-03-31": "", "2006-12-31": -51.5, "2006-09-30": 0, "2006-06-30": 0, "2006-03-31": "", "2005-12-31": -10.1, "2005-09-30": 0, "2005-06-30": 0, "2005-03-31": ""}, "Net Change In Short-term Investments": {"2020-12-31": 263.6, "2020-09-30": 47.9, "2020-06-30": -301.7, "2020-03-31": "-9.80000", "2019-12-31": 2.3, "2019-09-30": -133.5, "2019-06-30": -2.4, "2019-03-31": "3.90000", "2018-12-31": 225.5, "2018-09-30": -64.1, "2018-06-30": -42.3, "2018-03-31": "195.10000", "2017-12-31": 175.2, "2017-09-30": -258.9, "2017-06-30": 68.3, "2017-03-31": "27.20000", "2016-12-31": 25.3, "2016-09-30": -156, "2016-06-30": 99.4, "2016-03-31": "19.20000", "2015-12-31": -64.3, "2015-09-30": 52.5, "2015-06-30": -71.7, "2015-03-31": "28.00000", "2014-12-31": 399.5, "2014-09-30": 278.8, "2014-06-30": 1.5, "2014-03-31": "-166.80000", "2013-12-31": 24.1, "2013-09-30": -57, "2013-06-30": 107.1, "2013-03-31": "64.90000", "2012-12-31": 55.4, "2012-09-30": -111.5, "2012-06-30": 226.6, "2012-03-31": "41.00000", "2011-12-31": -164.2, "2011-09-30": -207.3, "2011-06-30": 285, "2011-03-31": "-389.50000", "2010-12-31": 247.9, "2010-09-30": -65.2, "2010-06-30": -68.4, "2010-03-31": "43.50000", "2009-12-31": 169.8, "2009-09-30": -14.5, "2009-06-30": 104.3, "2009-03-31": "-194.90000", "2008-12-31": -160.2, "2008-09-30": -173.5, "2008-06-30": 61.7, "2008-03-31": "-155.20000", "2007-12-31": 2.1, "2007-09-30": 0.5, "2007-06-30": 96, "2007-03-31": "-66.20000", "2006-12-31": 327.8, "2006-09-30": -363.9, "2006-06-30": -131.3, "2006-03-31": "-50.80000", "2005-12-31": 216.7, "2005-09-30": -37.1, "2005-06-30": 59.3, "2005-03-31": "-118.80000"}, "Net Change In Long-Term Investments": {"2020-12-31": 263.2, "2020-09-30": -363.0001, "2020-06-30": 118.8002, "2020-03-31": "-19.00010", "2019-12-31": -201.4001, "2019-09-30": 160.5001, "2019-06-30": -116.1, "2019-03-31": "-75.70000", "2018-12-31": -305.6999, "2018-09-30": -150.7, "2018-06-30": -26.9, "2018-03-31": "-6.00000", "2017-12-31": -42.0999, "2017-09-30": -4.5, "2017-06-30": -112, "2017-03-31": "-92.80000", "2016-12-31": -242.4, "2016-09-30": -604.2, "2016-06-30": -46.3, "2016-03-31": "-140.60000", "2015-12-31": -24.6999, "2015-09-30": -195.3001, "2015-06-30": -11.3, "2015-03-31": "-150.50000", "2014-12-31": -632.4, "2014-09-30": 11.8999, "2014-06-30": 36, "2014-03-31": "63.40000", "2013-12-31": -202.3, "2013-09-30": -24.3, "2013-06-30": -202.2, "2013-03-31": "-146.80000", "2012-12-31": -244.6, "2012-09-30": -11.7, "2012-06-30": 67, "2012-03-31": "-21.30000", "2011-12-31": 167.0997, "2011-09-30": 224.1001, "2011-06-30": -21.3, "2011-03-31": "-61.60000", "2010-12-31": -39.8999, "2010-09-30": 96.5, "2010-06-30": 295.8, "2010-03-31": "15.70000", "2009-12-31": -168.4, "2009-09-30": -108.7, "2009-06-30": -207, "2009-03-31": "-16.90000", "2008-12-31": -69.2999, "2008-09-30": 38.6, "2008-06-30": -162, "2008-03-31": "-5.60000", "2007-12-31": -183.6, "2007-09-30": -272.9, "2007-06-30": -120, "2007-03-31": "-79.70000", "2006-12-31": -671.9, "2006-09-30": 163.6, "2006-06-30": 24.5, "2006-03-31": "-118.30000", "2005-12-31": -210, "2005-09-30": -223.5, "2005-06-30": -194.3, "2005-03-31": "-5.70000"}, "Net Change In Investments - Total": {"2020-12-31": 526.7999, "2020-09-30": -315.0999, "2020-06-30": -182.8999, "2020-03-31": "-28.80010", "2019-12-31": -199.1001, "2019-09-30": 27.0001, "2019-06-30": -118.5, "2019-03-31": "-71.80000", "2018-12-31": -80.1999, "2018-09-30": -214.8, "2018-06-30": -69.2, "2018-03-31": "189.10000", "2017-12-31": 133.1001, "2017-09-30": -263.4, "2017-06-30": -43.7, "2017-03-31": "-65.60000", "2016-12-31": -217.1, "2016-09-30": -760.2, "2016-06-30": 53.1, "2016-03-31": "-121.40000", "2015-12-31": -88.9999, "2015-09-30": -142.8001, "2015-06-30": -83, "2015-03-31": "-122.50000", "2014-12-31": -232.9, "2014-09-30": 290.6999, "2014-06-30": 37.5, "2014-03-31": "-103.40000", "2013-12-31": -178.2, "2013-09-30": -81.3, "2013-06-30": -95.1, "2013-03-31": "-81.90000", "2012-12-31": -189.2, "2012-09-30": -123.2, "2012-06-30": 293.6, "2012-03-31": "19.70000", "2011-12-31": 2.8997, "2011-09-30": 16.8001, "2011-06-30": 263.7, "2011-03-31": "-451.10000", "2010-12-31": 208.0001, "2010-09-30": 31.3, "2010-06-30": 227.4, "2010-03-31": "59.20000", "2009-12-31": 1.4, "2009-09-30": -123.2, "2009-06-30": -102.7, "2009-03-31": "-211.80000", "2008-12-31": -229.4999, "2008-09-30": -134.9, "2008-06-30": -100.3, "2008-03-31": "-160.80000", "2007-12-31": -181.4999, "2007-09-30": -272.4, "2007-06-30": -24, "2007-03-31": "-145.90000", "2006-12-31": -344.1, "2006-09-30": -200.3, "2006-06-30": -106.8, "2006-03-31": "-169.10000", "2005-12-31": 6.7, "2005-09-30": -260.6, "2005-06-30": -135, "2005-03-31": "-124.50000"}, "Investing Activities - Other": {"2020-12-31": 25, "2020-09-30": -10, "2020-06-30": -7.3, "2020-03-31": "-7.70000", "2019-12-31": -45.5, "2019-09-30": -10.3, "2019-06-30": 4.2, "2019-03-31": "-9.30000", "2018-12-31": -17.6, "2018-09-30": -33.2, "2018-06-30": 9.6, "2018-03-31": "-10.30000", "2017-12-31": -37.2, "2017-09-30": -8.4, "2017-06-30": -2, "2017-03-31": "-6.80000", "2016-12-31": 30, "2016-09-30": 0.1, "2016-06-30": -13.5, "2016-03-31": "-7.50000", "2015-12-31": 4.6, "2015-09-30": -6.9, "2015-06-30": -5.9, "2015-03-31": "-4.30000", "2014-12-31": 9, "2014-09-30": -22.2, "2014-06-30": -14, "2014-03-31": "-5.20000", "2013-12-31": -13.5, "2013-09-30": 17.8, "2013-06-30": -29.8, "2013-03-31": "9.80000", "2012-12-31": -6.1, "2012-09-30": -6.9, "2012-06-30": -1.3, "2012-03-31": "3.80000", "2011-12-31": -6.9, "2011-09-30": -9.5, "2011-06-30": -7.6, "2011-03-31": "4.40000", "2010-12-31": -13.5, "2010-09-30": -5.9, "2010-06-30": -4.7, "2010-03-31": "-1.80000", "2009-12-31": -2.6, "2009-09-30": -6.1, "2009-06-30": -9.8, "2009-03-31": "-3.90000", "2008-12-31": 6.5, "2008-09-30": -21.4, "2008-06-30": 15.3, "2008-03-31": "22.00000", "2007-12-31": -7.2, "2007-09-30": -0.8, "2007-06-30": -4.7, "2007-03-31": "-2.20000", "2006-12-31": -10.9, "2006-09-30": -8.5, "2006-06-30": -9.2, "2006-03-31": "12.80000", "2005-12-31": 11, "2005-09-30": 2, "2005-06-30": -1.7, "2005-03-31": "0.40000"}, "Cash Flow From Investing Activities": {"2020-12-31": 551.9, "2020-09-30": -325.2, "2020-06-30": -190.3, "2020-03-31": "-36.40000", "2019-12-31": -246, "2019-09-30": 16.5, "2019-06-30": -114.2, "2019-03-31": "-80.90000", "2018-12-31": -110.8, "2018-09-30": -247.9, "2018-06-30": -59.7, "2018-03-31": "178.90000", "2017-12-31": 96, "2017-09-30": -271.9, "2017-06-30": -45.7, "2017-03-31": "-72.30000", "2016-12-31": -186.9, "2016-09-30": -760.3, "2016-06-30": 39.6, "2016-03-31": "-128.80000", "2015-12-31": -84.5, "2015-09-30": -149.6, "2015-06-30": -89, "2015-03-31": "-126.70000", "2014-12-31": -226.6, "2014-09-30": 268.4, "2014-06-30": 23.4, "2014-03-31": "-108.50000", "2013-12-31": -192.1, "2013-09-30": -92, "2013-06-30": -101.4, "2013-03-31": "-72.10000", "2012-12-31": -189.4, "2012-09-30": -130.1, "2012-06-30": 292.4, "2012-03-31": "23.40000", "2011-12-31": -3.7, "2011-09-30": 7.1, "2011-06-30": 256.2, "2011-03-31": "-446.70000", "2010-12-31": 194.3, "2010-09-30": 25.3, "2010-06-30": 222.8, "2010-03-31": "57.40000", "2009-12-31": -7, "2009-09-30": -129.3, "2009-06-30": -112.6, "2009-03-31": "-215.60000", "2008-12-31": -222.8, "2008-09-30": -156.6, "2008-06-30": -85, "2008-03-31": "-142.90000", "2007-12-31": -188.8, "2007-09-30": -273.2, "2007-06-30": -29.3, "2007-03-31": "-151.70000", "2006-12-31": -406.1, "2006-09-30": -209, "2006-06-30": -112.4, "2006-03-31": "-159.90000", "2005-12-31": -3.4, "2005-09-30": -262, "2005-06-30": -152.9, "2005-03-31": "-125.20000"}, "Net Long-Term Debt": {"2020-12-31": 8.6, "2020-09-30": -2.1, "2020-06-30": 0, "2020-03-31": "-6.50000", "2019-12-31": 0, "2019-09-30": -1.9, "2019-06-30": 0, "2019-03-31": "-6.50000", "2018-12-31": 0, "2018-09-30": 0, "2018-06-30": 0, "2018-03-31": "-4.70000", "2017-12-31": 0, "2017-09-30": 0, "2017-06-30": 0, "2017-03-31": "-3.90000", "2016-12-31": 0, "2016-09-30": 544.4, "2016-06-30": 0, "2016-03-31": "28.90000", "2015-12-31": 0, "2015-09-30": 0, "2015-06-30": 0, "2015-03-31": "-3.30000", "2014-12-31": -0.8, "2014-09-30": 394, "2014-06-30": 0, "2014-03-31": "-3.00000", "2013-12-31": 0.1, "2013-09-30": -0.9, "2013-06-30": 0, "2013-03-31": "-2.80000", "2012-12-31": -0.1, "2012-09-30": -0.8, "2012-06-30": -336.3, "2012-03-31": "-2.60000", "2011-12-31": 0, "2011-09-30": -10.2, "2011-06-30": -98.5, "2011-03-31": "533.60000", "2010-12-31": -0.7, "2010-09-30": -0.3, "2010-06-30": -0.4, "2010-03-31": "-2.50000", "2009-12-31": -25.6, "2009-09-30": 0.1, "2009-06-30": 141.2, "2009-03-31": "-12.30000", "2008-12-31": 109.2, "2008-09-30": 57.9, "2008-06-30": -0.8, "2008-03-31": "2.80000", "2007-12-31": -30.3, "2007-09-30": 70.6, "2007-06-30": -115.1, "2007-03-31": "-5.50000", "2006-12-31": 0.4, "2006-09-30": 1.8, "2006-06-30": -0.1, "2006-03-31": "-0.40000", "2005-12-31": -0.1, "2005-09-30": -0.2, "2005-06-30": -0.5, "2005-03-31": "0.40000"}, "Net Current Debt": {"2020-12-31": 0, "2020-09-30": 0, "2020-06-30": 0, "2020-03-31": "", "2019-12-31": 0, "2019-09-30": 0, "2019-06-30": 0, "2019-03-31": "", "2018-12-31": 0, "2018-09-30": 0, "2018-06-30": 0, "2018-03-31": "", "2017-12-31": 0, "2017-09-30": 0, "2017-06-30": 0, "2017-03-31": "", "2016-12-31": 0, "2016-09-30": 0, "2016-06-30": 0, "2016-03-31": "", "2015-12-31": 0, "2015-09-30": 0, "2015-06-30": 0, "2015-03-31": "", "2014-12-31": 0, "2014-09-30": 0, "2014-06-30": 0, "2014-03-31": "", "2013-12-31": 0, "2013-09-30": 0, "2013-06-30": 0, "2013-03-31": "", "2012-12-31": 0, "2012-09-30": 0, "2012-06-30": 0, "2012-03-31": "", "2011-12-31": 0, "2011-09-30": 0, "2011-06-30": 0, "2011-03-31": "", "2010-12-31": 0, "2010-09-30": 0, "2010-06-30": 0, "2010-03-31": "", "2009-12-31": 0, "2009-09-30": 0, "2009-06-30": 0, "2009-03-31": "", "2008-12-31": 0, "2008-09-30": 0, "2008-06-30": 0, "2008-03-31": "", "2007-12-31": 0, "2007-09-30": 0, "2007-06-30": 0, "2007-03-31": "", "2006-12-31": 0, "2006-09-30": 0, "2006-06-30": 0, "2006-03-31": "", "2005-12-31": 0, "2005-09-30": 0, "2005-06-30": 0, "2005-03-31": ""}, "Debt Issuance/Retirement Net - Total": {"2020-12-31": 8.6, "2020-09-30": -2.1, "2020-06-30": 0, "2020-03-31": "-6.50000", "2019-12-31": 0, "2019-09-30": -1.9, "2019-06-30": 0, "2019-03-31": "-6.50000", "2018-12-31": 0, "2018-09-30": 0, "2018-06-30": 0, "2018-03-31": "-4.70000", "2017-12-31": 0, "2017-09-30": 0, "2017-06-30": 0, "2017-03-31": "-3.90000", "2016-12-31": 0, "2016-09-30": 544.4, "2016-06-30": 0, "2016-03-31": "28.90000", "2015-12-31": 0, "2015-09-30": 0, "2015-06-30": 0, "2015-03-31": "-3.30000", "2014-12-31": -0.8, "2014-09-30": 394, "2014-06-30": 0, "2014-03-31": "-3.00000", "2013-12-31": 0.1, "2013-09-30": -0.9, "2013-06-30": 0, "2013-03-31": "-2.80000", "2012-12-31": -0.1, "2012-09-30": -0.8, "2012-06-30": -336.3, "2012-03-31": "-2.60000", "2011-12-31": 0, "2011-09-30": -10.2, "2011-06-30": -98.5, "2011-03-31": "533.60000", "2010-12-31": -0.7, "2010-09-30": -0.3, "2010-06-30": -0.4, "2010-03-31": "-2.50000", "2009-12-31": -25.6, "2009-09-30": 0.1, "2009-06-30": 141.2, "2009-03-31": "-12.30000", "2008-12-31": 109.2, "2008-09-30": 57.9, "2008-06-30": -0.8, "2008-03-31": "2.80000", "2007-12-31": -30.3, "2007-09-30": 70.6, "2007-06-30": -115.1, "2007-03-31": "-5.50000", "2006-12-31": 0.4, "2006-09-30": 1.8, "2006-06-30": -0.1, "2006-03-31": "-0.40000", "2005-12-31": -0.1, "2005-09-30": -0.2, "2005-06-30": -0.5, "2005-03-31": "0.40000"}, "Net Common Equity Issued/Repurchased": {"2020-12-31": 44, "2020-09-30": 0.4, "2020-06-30": 0.6, "2020-03-31": "-45.00000", "2019-12-31": 1.1, "2019-09-30": 5.8, "2019-06-30": 3.7, "2019-03-31": "3.20000", "2018-12-31": -11.7, "2018-09-30": 2.5, "2018-06-30": -33.9, "2018-03-31": "6.20000", "2017-12-31": 3.8, "2017-09-30": 1.6, "2017-06-30": 1.3, "2017-03-31": "11.10000", "2016-12-31": 1.5, "2016-09-30": 1.9, "2016-06-30": 3.2, "2016-03-31": "1.80000", "2015-12-31": 6.4, "2015-09-30": -32.5, "2015-06-30": 2.2, "2015-03-31": "1.90000", "2014-12-31": 0.7, "2014-09-30": 0.8, "2014-06-30": 3.2, "2014-03-31": "1.00000", "2013-12-31": 5.7, "2013-09-30": 2.3, "2013-06-30": 3.3, "2013-03-31": "0.50000", "2012-12-31": 0.3, "2012-09-30": 0.2, "2012-06-30": 0.2, "2012-03-31": "0.30000", "2011-12-31": 0.2, "2011-09-30": 0.2, "2011-06-30": 0.3, "2011-03-31": "0.50000", "2010-12-31": 0.3, "2010-09-30": 0.2, "2010-06-30": 0.4, "2010-03-31": "2.30000", "2009-12-31": 0.3, "2009-09-30": 0.5, "2009-06-30": 0.3, "2009-03-31": "0.30000", "2008-12-31": 33.1, "2008-09-30": 0.4, "2008-06-30": 2.2, "2008-03-31": "0.40000", "2007-12-31": 1, "2007-09-30": -22.4, "2007-06-30": 2.7, "2007-03-31": "5.40000", "2006-12-31": 7.1, "2006-09-30": 5.5, "2006-06-30": 2.6, "2006-03-31": "3.70000", "2005-12-31": 7.5, "2005-09-30": 5.4, "2005-06-30": 3.5, "2005-03-31": "2.00000"}, "Net Total Equity Issued/Repurchased": {"2020-12-31": 44, "2020-09-30": 0.4, "2020-06-30": 0.6, "2020-03-31": "-45.00000", "2019-12-31": 1.1, "2019-09-30": 5.8, "2019-06-30": 3.7, "2019-03-31": "3.20000", "2018-12-31": -11.7, "2018-09-30": 2.5, "2018-06-30": -33.9, "2018-03-31": "6.20000", "2017-12-31": 3.8, "2017-09-30": 1.6, "2017-06-30": 1.3, "2017-03-31": "11.10000", "2016-12-31": 1.5, "2016-09-30": 1.9, "2016-06-30": 3.2, "2016-03-31": "1.80000", "2015-12-31": 6.4, "2015-09-30": -32.5, "2015-06-30": 2.2, "2015-03-31": "1.90000", "2014-12-31": 0.7, "2014-09-30": 0.8, "2014-06-30": 3.2, "2014-03-31": "1.00000", "2013-12-31": 5.7, "2013-09-30": 2.3, "2013-06-30": 3.3, "2013-03-31": "0.50000", "2012-12-31": 0.3, "2012-09-30": 0.2, "2012-06-30": 0.2, "2012-03-31": "0.30000", "2011-12-31": 0.2, "2011-09-30": 0.2, "2011-06-30": 0.3, "2011-03-31": "0.50000", "2010-12-31": 0.3, "2010-09-30": 0.2, "2010-06-30": 0.4, "2010-03-31": "2.30000", "2009-12-31": 0.3, "2009-09-30": 0.5, "2009-06-30": 0.3, "2009-03-31": "0.30000", "2008-12-31": 33.1, "2008-09-30": 0.4, "2008-06-30": 2.2, "2008-03-31": "0.40000", "2007-12-31": 1, "2007-09-30": -22.4, "2007-06-30": 2.7, "2007-03-31": "5.40000", "2006-12-31": 7.1, "2006-09-30": 5.5, "2006-06-30": 2.6, "2006-03-31": "3.70000", "2005-12-31": 7.5, "2005-09-30": 5.4, "2005-06-30": 3.5, "2005-03-31": "2.00000"}, "Total Common And Preferred Stock Dividends Paid": {"2020-12-31": 187.7, "2020-09-30": -62.4, "2020-06-30": -62.4, "2020-03-31": "-62.90000", "2019-12-31": -59.9, "2019-09-30": -359.4, "2019-06-30": -59.8, "2019-03-31": "-59.60000", "2018-12-31": -58.3, "2018-09-30": -58.2, "2018-06-30": -58.2, "2018-03-31": "-324.10000", "2017-12-31": -50.5, "2017-09-30": -49.5, "2017-06-30": -49.5, "2017-03-31": "-49.30000", "2016-12-31": -48.5, "2016-09-30": -48.6, "2016-06-30": -48.4, "2016-03-31": "-48.30000", "2015-12-31": -47.6, "2015-09-30": -48, "2015-06-30": -47.9, "2015-03-31": "-47.80000", "2014-12-31": -47.1, "2014-09-30": -47.1, "2014-06-30": -47.2, "2014-03-31": "-46.90000", "2013-12-31": -46.4, "2013-09-30": -46.2, "2013-06-30": -46.2, "2013-03-31": "-46.00000", "2012-12-31": -45.5, "2012-09-30": -45.4, "2012-06-30": -45.4, "2012-03-31": "-45.20000", "2011-12-31": -44.6, "2011-09-30": -44.7, "2011-06-30": -44.6, "2011-03-31": "-44.50000", "2010-12-31": -44, "2010-09-30": -40.7, "2010-06-30": -40.8, "2010-03-31": "-40.60000", "2009-12-31": -40.1, "2009-09-30": -40, "2009-06-30": -40, "2009-03-31": "-39.90000", "2008-12-31": -40, "2008-09-30": -39.2, "2008-06-30": -39.2, "2008-03-31": "-36.80000", "2007-12-31": -36.9, "2007-09-30": -36.8, "2007-06-30": -37, "2007-03-31": "-34.70000", "2006-12-31": -34.6, "2006-09-30": -34.6, "2006-06-30": -34.5, "2006-03-31": "-32.10000", "2005-12-31": -214.8, "2005-09-30": -31.1, "2005-06-30": -31.1, "2005-03-31": "-23.70000"}, "Financial Activities - Other": {"2020-12-31": 0.5, "2020-09-30": -0.3, "2020-06-30": -0.3, "2020-03-31": "0.10000", "2019-12-31": 3.9, "2019-09-30": -3.7, "2019-06-30": -0.1, "2019-03-31": "0.10000", "2018-12-31": 2.6, "2018-09-30": 1.2, "2018-06-30": -0.3, "2018-03-31": "-9.50000", "2017-12-31": 6.7, "2017-09-30": 0.9, "2017-06-30": -1.2, "2017-03-31": "", "2016-12-31": -0.3, "2016-09-30": 0.3, "2016-06-30": -0.6, "2016-03-31": "-2.20000", "2015-12-31": 3.6, "2015-09-30": -0.8, "2015-06-30": -0.3, "2015-03-31": "-1.20000", "2014-12-31": 1.9, "2014-09-30": -0.2, "2014-06-30": -0.3, "2014-03-31": "-1.00000", "2013-12-31": 2, "2013-09-30": -0.4, "2013-06-30": -0.6, "2013-03-31": "-1.30000", "2012-12-31": 0.7, "2012-09-30": 0.4, "2012-06-30": -0.4, "2012-03-31": "-0.50000", "2011-12-31": -0.1, "2011-09-30": 0.6, "2011-06-30": -0.4, "2011-03-31": "", "2010-12-31": -1.3, "2010-09-30": 0, "2010-06-30": 0.3, "2010-03-31": "0.30000", "2009-12-31": 0, "2009-09-30": 0.1, "2009-06-30": -0.2, "2009-03-31": "0.10000", "2008-12-31": -0.3, "2008-09-30": 0.2, "2008-06-30": 1.4, "2008-03-31": "0.30000", "2007-12-31": -1.5, "2007-09-30": 0.1, "2007-06-30": 3.2, "2007-03-31": "", "2006-12-31": 0.2, "2006-09-30": 1.3, "2006-06-30": 0.2, "2006-03-31": "-0.50000", "2005-12-31": -3.8, "2005-09-30": 4.8, "2005-06-30": -2.5, "2005-03-31": "1.70000"}, "Cash Flow From Financial Activities": {"2020-12-31": 240.8, "2020-09-30": -64.5, "2020-06-30": -62.1, "2020-03-31": "-114.20000", "2019-12-31": -54.8, "2019-09-30": -359.5, "2019-06-30": -56.1, "2019-03-31": "-62.70000", "2018-12-31": -67.4, "2018-09-30": -54.5, "2018-06-30": -92.4, "2018-03-31": "-332.20000", "2017-12-31": -39.9, "2017-09-30": -47.1, "2017-06-30": -49.3, "2017-03-31": "-42.20000", "2016-12-31": -47.3, "2016-09-30": 497.9, "2016-06-30": -45.8, "2016-03-31": "-19.80000", "2015-12-31": -37.4, "2015-09-30": -81.3, "2015-06-30": -46.1, "2015-03-31": "-50.40000", "2014-12-31": -45.3, "2014-09-30": 347.4, "2014-06-30": -44.2, "2014-03-31": "-50.00000", "2013-12-31": -38.5, "2013-09-30": -45.2, "2013-06-30": -43.5, "2013-03-31": "-49.70000", "2012-12-31": -44.3, "2012-09-30": -45.7, "2012-06-30": -381.8, "2012-03-31": "-48.20000", "2011-12-31": -44.6, "2011-09-30": -54, "2011-06-30": -143.2, "2011-03-31": "489.60000", "2010-12-31": -45.9, "2010-09-30": -40.9, "2010-06-30": -40.3, "2010-03-31": "-40.50000", "2009-12-31": -65.1, "2009-09-30": -39.3, "2009-06-30": 101.1, "2009-03-31": "-51.80000", "2008-12-31": 102, "2008-09-30": 19.1, "2008-06-30": -36.3, "2008-03-31": "-33.30000", "2007-12-31": -67.6, "2007-09-30": 11.4, "2007-06-30": -146.3, "2007-03-31": "-34.60000", "2006-12-31": -26.9, "2006-09-30": -25.8, "2006-06-30": -31.8, "2006-03-31": "-29.40000", "2005-12-31": -211.3, "2005-09-30": -20.9, "2005-06-30": -30.7, "2005-03-31": "-19.50000"}, "Net Cash Flow": {"2020-12-31": -16.1, "2020-09-30": -19.1, "2020-06-30": -30.4, "2020-03-31": "65.60000", "2019-12-31": -30.6, "2019-09-30": 9.7, "2019-06-30": 7, "2019-03-31": "-7.50000", "2018-12-31": -14.9, "2018-09-30": 7.3, "2018-06-30": 4.5, "2018-03-31": "-22.50000", "2017-12-31": -13.3, "2017-09-30": -55.7, "2017-06-30": 17.8, "2017-03-31": "31.50000", "2016-12-31": 1, "2016-09-30": -23.9, "2016-06-30": 31.5, "2016-03-31": "-22.70000", "2015-12-31": -0.3, "2015-09-30": 31.9, "2015-06-30": -22.2, "2015-03-31": "13.60000", "2014-12-31": -83.1, "2014-09-30": 73.4, "2014-06-30": 16.2, "2014-03-31": "-23.10000", "2013-12-31": -3, "2013-09-30": 43.6, "2013-06-30": -9.9, "2013-03-31": "21.30000", "2012-12-31": -24.3, "2012-09-30": 16.3, "2012-06-30": -8.2, "2012-03-31": "24.30000", "2011-12-31": -15.6, "2011-09-30": -20.9, "2011-06-30": 11.4, "2011-03-31": "-9.10000", "2010-12-31": 39.3, "2010-09-30": 22.6, "2010-06-30": -9.6, "2010-03-31": "-2.30000", "2009-12-31": 22.7, "2009-09-30": -10.9, "2009-06-30": 5.7, "2009-03-31": "-4.20000", "2008-12-31": -22.6, "2008-09-30": 1.4, "2008-06-30": 8.2, "2008-03-31": "22.90000", "2007-12-31": -36.5, "2007-09-30": -23.9, "2007-06-30": 32.2, "2007-03-31": "10.60000", "2006-12-31": 14.5, "2006-09-30": -3.3, "2006-06-30": -3.2, "2006-03-31": "-4.70000", "2005-12-31": 9.6, "2005-09-30": 1.8, "2005-06-30": -8, "2005-03-31": "4.30000"}, "Stock-Based Compensation": {"2020-12-31": 0, "2020-09-30": 0, "2020-06-30": 0, "2020-03-31": "", "2019-12-31": 0, "2019-09-30": 0, "2019-06-30": 0, "2019-03-31": "", "2018-12-31": 0, "2018-09-30": 0, "2018-06-30": 0, "2018-03-31": "", "2017-12-31": 0, "2017-09-30": 0, "2017-06-30": 0, "2017-03-31": "", "2016-12-31": 0, "2016-09-30": 0, "2016-06-30": 0, "2016-03-31": "", "2015-12-31": 0, "2015-09-30": 0, "2015-06-30": 0, "2015-03-31": "", "2014-12-31": 0, "2014-09-30": 0, "2014-06-30": 0, "2014-03-31": "", "2013-12-31": 0, "2013-09-30": 0, "2013-06-30": 0, "2013-03-31": "", "2012-12-31": 0, "2012-09-30": 0, "2012-06-30": 0, "2012-03-31": "", "2011-12-31": 0, "2011-09-30": 0, "2011-06-30": 0, "2011-03-31": "", "2010-12-31": 0, "2010-09-30": 0, "2010-06-30": 0, "2010-03-31": "", "2009-12-31": 0, "2009-09-30": 0, "2009-06-30": 0, "2009-03-31": "", "2008-12-31": 0, "2008-09-30": 0, "2008-06-30": 0, "2008-03-31": "", "2007-12-31": 0, "2007-09-30": 0, "2007-06-30": 0, "2007-03-31": "", "2006-12-31": 0, "2006-09-30": 0, "2006-06-30": 0, "2006-03-31": "", "2005-12-31": 0, "2005-09-30": 0, "2005-06-30": 0, "2005-03-31": ""}, "Common Stock Dividends Paid": {"2020-12-31": 187.7, "2020-09-30": -62.4, "2020-06-30": -62.4, "2020-03-31": "-62.90000", "2019-12-31": -59.9, "2019-09-30": -359.4, "2019-06-30": -59.8, "2019-03-31": "-59.60000", "2018-12-31": -58.3, "2018-09-30": -58.2, "2018-06-30": -58.2, "2018-03-31": "-324.10000", "2017-12-31": -50.5, "2017-09-30": -49.5, "2017-06-30": -49.5, "2017-03-31": "-49.30000", "2016-12-31": -48.5, "2016-09-30": -48.6, "2016-06-30": -48.4, "2016-03-31": "-48.30000", "2015-12-31": -47.6, "2015-09-30": -48, "2015-06-30": -47.9, "2015-03-31": "-47.80000", "2014-12-31": -47.1, "2014-09-30": -47.1, "2014-06-30": -47.2, "2014-03-31": "-46.90000", "2013-12-31": -46.4, "2013-09-30": -46.2, "2013-06-30": -46.2, "2013-03-31": "-46.00000", "2012-12-31": -45.5, "2012-09-30": -45.4, "2012-06-30": -45.4, "2012-03-31": "-45.20000", "2011-12-31": -44.6, "2011-09-30": -44.7, "2011-06-30": -44.6, "2011-03-31": "-44.50000", "2010-12-31": -44, "2010-09-30": -40.7, "2010-06-30": -40.8, "2010-03-31": "-40.60000", "2009-12-31": -40.1, "2009-09-30": -40, "2009-06-30": -40, "2009-03-31": "-39.90000", "2008-12-31": -40, "2008-09-30": -39.2, "2008-06-30": -39.2, "2008-03-31": "-36.80000", "2007-12-31": -36.9, "2007-09-30": -36.8, "2007-06-30": -37, "2007-03-31": "-34.70000", "2006-12-31": -34.6, "2006-09-30": -34.6, "2006-06-30": -34.5, "2006-03-31": "-32.10000", "2005-12-31": -214.8, "2005-09-30": -31.1, "2005-06-30": -31.1, "2005-03-31": "-23.70000"}}, "financial ratios": {"Current Ratio": {"2019-12-31": "", "2018-12-31": "", "2017-12-31": "", "2016-12-31": "", "2015-12-31": "", "2014-12-31": "", "2013-12-31": "", "2012-12-31": "", "2011-12-31": "", "2010-12-31": "", "2009-12-31": "", "2008-12-31": "", "2007-12-31": "", "2006-12-31": "", "2005-12-31": ""}, "Long-term Debt / Capital": {"2019-12-31": "0.13970", "2018-12-31": "0.16020", "2017-12-31": "0.23430", "2016-12-31": "0.25520", "2015-12-31": "0.19710", "2014-12-31": "0.19740", "2013-12-31": "0.13100", "2012-12-31": "0.13740", "2011-12-31": "0.19480", "2010-12-31": "0.10330", "2009-12-31": "0.08180", "2008-12-31": "0.05860", "2007-12-31": "0.01390", "2006-12-31": "0.03200", "2005-12-31": "0.03420"}, "Debt/Equity Ratio": {"2019-12-31": "0.16230", "2018-12-31": "0.19070", "2017-12-31": "0.30610", "2016-12-31": "0.34270", "2015-12-31": "0.24550", "2014-12-31": "0.24590", "2013-12-31": "0.15080", "2012-12-31": "0.15930", "2011-12-31": "0.24200", "2010-12-31": "0.11530", "2009-12-31": "0.08910", "2008-12-31": "0.06230", "2007-12-31": "0.01410", "2006-12-31": "0.03300", "2005-12-31": "0.03550"}, "Gross Margin": {"2019-12-31": "", "2018-12-31": "", "2017-12-31": "", "2016-12-31": "", "2015-12-31": "", "2014-12-31": "", "2013-12-31": "", "2012-12-31": "", "2011-12-31": "", "2010-12-31": "", "2009-12-31": "", "2008-12-31": "", "2007-12-31": "", "2006-12-31": "", "2005-12-31": ""}, "Operating Margin": {"2019-12-31": "19.26750", "2018-12-31": "8.30810", "2017-12-31": "12.90420", "2016-12-31": "12.78540", "2015-12-31": "11.99770", "2014-12-31": "11.74720", "2013-12-31": "13.04500", "2012-12-31": "-1.49700", "2011-12-31": "-3.39040", "2010-12-31": "1.75010", "2009-12-31": "-6.34660", "2008-12-31": "-24.74600", "2007-12-31": "9.66020", "2006-12-31": "18.38330", "2005-12-31": "20.03210"}, "EBIT Margin": {"2019-12-31": "19.26750", "2018-12-31": "8.30810", "2017-12-31": "12.90420", "2016-12-31": "12.78540", "2015-12-31": "11.99770", "2014-12-31": "11.74720", "2013-12-31": "13.04500", "2012-12-31": "-1.49700", "2011-12-31": "-3.39040", "2010-12-31": "1.75010", "2009-12-31": "-6.34660", "2008-12-31": "-24.74600", "2007-12-31": "9.66020", "2006-12-31": "18.38330", "2005-12-31": "20.03210"}, "EBITDA Margin": {"2019-12-31": "19.26750", "2018-12-31": "8.30810", "2017-12-31": "12.90420", "2016-12-31": "12.78540", "2015-12-31": "11.99770", "2014-12-31": "11.74720", "2013-12-31": "13.04500", "2012-12-31": "-1.49700", "2011-12-31": "-3.39040", "2010-12-31": "1.75010", "2009-12-31": "-6.34660", "2008-12-31": "-24.74600", "2007-12-31": "9.66020", "2006-12-31": "18.38330", "2005-12-31": "20.03210"}, "Pre-Tax Profit Margin": {"2019-12-31": "18.33180", "2018-12-31": "7.27520", "2017-12-31": "11.58210", "2016-12-31": "11.62610", "2015-12-31": "10.95720", "2014-12-31": "11.01850", "2013-12-31": "12.36340", "2012-12-31": "-2.58550", "2011-12-31": "-5.09530", "2010-12-31": "0.67270", "2009-12-31": "-7.19320", "2008-12-31": "-25.30190", "2007-12-31": "9.24960", "2006-12-31": "17.92470", "2005-12-31": "19.63530"}, "Net Profit Margin": {"2019-12-31": "14.64440", "2018-12-31": "6.15260", "2017-12-31": "8.94920", "2016-12-31": "7.91290", "2015-12-31": "7.32040", "2014-12-31": "7.40770", "2013-12-31": "8.22750", "2012-12-31": "-1.38030", "2011-12-31": "-3.02440", "2010-12-31": "0.73370", "2009-12-31": "-2.60540", "2008-12-31": "-17.24370", "2007-12-31": "6.65850", "2006-12-31": "12.25030", "2005-12-31": "14.48800"}, "Asset Turnover": {"2019-12-31": "0.34230", "2018-12-31": "0.31160", "2017-12-31": "0.32280", "2016-12-31": "0.31740", "2015-12-31": "0.33720", "2014-12-31": "0.32560", "2013-12-31": "0.32920", "2012-12-31": "0.30630", "2011-12-31": "0.28940", "2010-12-31": "0.25830", "2009-12-31": "0.26800", "2008-12-31": "0.24410", "2007-12-31": "0.30780", "2006-12-31": "0.30080", "2005-12-31": "0.32970"}, "Inventory Turnover Ratio": {"2019-12-31": "", "2018-12-31": "", "2017-12-31": "", "2016-12-31": "", "2015-12-31": "", "2014-12-31": "", "2013-12-31": "", "2012-12-31": "", "2011-12-31": "", "2010-12-31": "", "2009-12-31": "", "2008-12-31": "", "2007-12-31": "", "2006-12-31": "", "2005-12-31": ""}, "Receiveable Turnover": {"2019-12-31": "", "2018-12-31": "", "2017-12-31": "", "2016-12-31": "", "2015-12-31": "", "2014-12-31": "", "2013-12-31": "", "2012-12-31": "", "2011-12-31": "", "2010-12-31": "", "2009-12-31": "", "2008-12-31": "", "2007-12-31": "", "2006-12-31": "", "2005-12-31": ""}, "Days Sales In Receivables": {"2019-12-31": "", "2018-12-31": "", "2017-12-31": "", "2016-12-31": "", "2015-12-31": "", "2014-12-31": "", "2013-12-31": "", "2012-12-31": "", "2011-12-31": "", "2010-12-31": "", "2009-12-31": "", "2008-12-31": "", "2007-12-31": "", "2006-12-31": "", "2005-12-31": ""}, "ROE - Return On Equity": {"2019-12-31": "17.60830", "2018-12-31": "7.20140", "2017-12-31": "11.84430", "2016-12-31": "10.46970", "2015-12-31": "10.87920", "2014-12-31": "10.44110", "2013-12-31": "11.86550", "2012-12-31": "-1.91040", "2011-12-31": "-3.72710", "2010-12-31": "0.73040", "2009-12-31": "-2.54930", "2008-12-31": "-14.92930", "2007-12-31": "6.00020", "2006-12-31": "10.64090", "2005-12-31": "13.70350"}, "Return On Tangible Equity": {"2019-12-31": "17.60770", "2018-12-31": "7.20130", "2017-12-31": "11.84380", "2016-12-31": "10.46920", "2015-12-31": "10.87890", "2014-12-31": "10.44060", "2013-12-31": "11.86490", "2012-12-31": "-1.91030", "2011-12-31": "-3.72690", "2010-12-31": "0.73030", "2009-12-31": "-2.54920", "2008-12-31": "-14.92930", "2007-12-31": "6.00010", "2006-12-31": "10.64040", "2005-12-31": "13.70240"}, "ROA - Return On Assets": {"2019-12-31": "5.01270", "2018-12-31": "1.91750", "2017-12-31": "2.88920", "2016-12-31": "2.51190", "2015-12-31": "2.46880", "2014-12-31": "2.41170", "2013-12-31": "2.70890", "2012-12-31": "-0.42340", "2011-12-31": "-0.87600", "2010-12-31": "0.18950", "2009-12-31": "-0.69910", "2008-12-31": "-4.20930", "2007-12-31": "2.05030", "2006-12-31": "3.68610", "2005-12-31": "4.77680"}, "ROI - Return On Investment": {"2019-12-31": "15.14890", "2018-12-31": "6.04800", "2017-12-31": "9.06830", "2016-12-31": "7.79720", "2015-12-31": "8.73470", "2014-12-31": "8.38000", "2013-12-31": "10.31030", "2012-12-31": "-1.64780", "2011-12-31": "-3.00090", "2010-12-31": "0.65490", "2009-12-31": "-2.34070", "2008-12-31": "-14.05380", "2007-12-31": "5.91660", "2006-12-31": "10.30020", "2005-12-31": "13.23350"}, "Book Value Per Share": {"2019-12-31": "19.75970", "2018-12-31": "17.00020", "2017-12-31": "17.58030", "2016-12-31": "16.97850", "2015-12-31": "14.81400", "2014-12-31": "15.03750", "2013-12-31": "14.49350", "2012-12-31": "13.85870", "2011-12-31": "14.54720", "2010-12-31": "15.89910", "2009-12-31": "16.16800", "2008-12-31": "15.55090", "2007-12-31": "19.70570", "2006-12-31": "18.91040", "2005-12-31": "17.52800"}, "Operating Cash Flow Per Share": {"2019-12-31": 0.5374, "2018-12-31": 0.857, "2017-12-31": -0.4228, "2016-12-31": -0.174, "2015-12-31": 2.9384, "2014-12-31": -2.9523, "2013-12-31": 0.2586, "2012-12-31": 2.4517, "2011-12-31": 0.7973, "2010-12-31": -3.4307, "2009-12-31": -0.1821, "2008-12-31": -1.2597, "2007-12-31": -0.6083, "2006-12-31": 0.72, "2005-12-31": 3.5914}, "Free Cash Flow Per Share": {"2019-12-31": 0.5374, "2018-12-31": 0.857, "2017-12-31": -0.4228, "2016-12-31": -0.174, "2015-12-31": 2.9384, "2014-12-31": -2.9523, "2013-12-31": 0.2586, "2012-12-31": 2.4517, "2011-12-31": 0.7973, "2010-12-31": -3.4307, "2009-12-31": -0.1821, "2008-12-31": -1.2597, "2007-12-31": -0.6083, "2006-12-31": 0.8574, "2005-12-31": 3.454}}, "financial ratios, quarterly": {"Current Ratio": {"2020-09-30": "", "2020-06-30": "", "2020-03-31": "", "2019-12-31": "", "2019-09-30": "", "2019-06-30": "", "2019-03-31": "", "2018-12-31": "", "2018-09-30": "", "2018-06-30": "", "2018-03-31": "", "2017-12-31": "", "2017-09-30": "", "2017-06-30": "", "2017-03-31": "", "2016-12-31": "", "2016-09-30": "", "2016-06-30": "", "2016-03-31": "", "2015-12-31": "", "2015-09-30": "", "2015-06-30": "", "2015-03-31": "", "2014-12-31": "", "2014-09-30": "", "2014-06-30": "", "2014-03-31": "", "2013-12-31": "", "2013-09-30": "", "2013-06-30": "", "2013-03-31": "", "2012-12-31": "", "2012-09-30": "", "2012-06-30": "", "2012-03-31": "", "2011-12-31": "", "2011-09-30": "", "2011-06-30": "", "2011-03-31": "", "2010-12-31": "", "2010-09-30": "", "2010-06-30": "", "2010-03-31": "", "2009-12-31": "", "2009-09-30": "", "2009-06-30": "", "2009-03-31": "", "2008-12-31": "", "2008-09-30": "", "2008-06-30": "", "2008-03-31": "", "2007-12-31": "", "2007-09-30": "", "2007-06-30": "", "2007-03-31": "", "2006-12-31": "", "2006-09-30": "", "2006-06-30": "", "2006-03-31": "", "2005-12-31": "", "2005-09-30": "", "2005-06-30": "", "2005-03-31": ""}, "Long-term Debt / Capital": {"2020-09-30": "0.13720", "2020-06-30": "0.14180", "2020-03-31": "0.15840", "2019-12-31": "0.13970", "2019-09-30": "0.14390", "2019-06-30": "0.14200", "2019-03-31": "0.14680", "2018-12-31": "0.16020", "2018-09-30": "0.15590", "2018-06-30": "0.16030", "2018-03-31": "0.16170", "2017-12-31": "0.23430", "2017-09-30": "0.24400", "2017-06-30": "0.24660", "2017-03-31": "0.24920", "2016-12-31": "0.25520", "2016-09-30": "0.25580", "2016-06-30": "0.18330", "2016-03-31": "0.19170", "2015-12-31": "0.19710", "2015-09-30": "0.19970", "2015-06-30": "0.19630", "2015-03-31": "0.19330", "2014-12-31": "0.19740", "2014-09-30": "0.19740", "2014-06-30": "0.12530", "2014-03-31": "0.12780", "2013-12-31": "0.13100", "2013-09-30": "0.13280", "2013-06-30": "0.13720", "2013-03-31": "0.13430", "2012-12-31": "0.13740", "2012-09-30": "0.13440", "2012-06-30": "0.13390", "2012-03-31": "0.19430", "2011-12-31": "0.19480", "2011-09-30": "0.19250", "2011-06-30": "0.18860", "2011-03-31": "0.20140", "2010-12-31": "0.10330", "2010-09-30": "0.07900", "2010-06-30": "0.08010", "2010-03-31": "0.07990", "2009-12-31": "0.08180", "2009-09-30": "0.08710", "2009-06-30": "0.09020", "2009-03-31": "0.05720", "2008-12-31": "0.05860", "2008-09-30": "0.03070", "2008-06-30": "0.01610", "2008-03-31": "0.01510", "2007-12-31": "0.01390", "2007-09-30": "0.02010", "2007-06-30": "0.00520", "2007-03-31": "0.03010", "2006-12-31": "0.03200", "2006-09-30": "0.03230", "2006-06-30": "0.03330", "2006-03-31": "0.03380", "2005-12-31": "0.03420", "2005-09-30": "0.03340", "2005-06-30": "0.03390", "2005-03-31": "0.03560"}, "Debt/Equity Ratio": {"2020-09-30": "0.15910", "2020-06-30": "0.16520", "2020-03-31": "0.18820", "2019-12-31": "0.16230", "2019-09-30": "0.16810", "2019-06-30": "0.16550", "2019-03-31": "0.17210", "2018-12-31": "0.19070", "2018-09-30": "0.18470", "2018-06-30": "0.19090", "2018-03-31": "0.19290", "2017-12-31": "0.30610", "2017-09-30": "0.32280", "2017-06-30": "0.32740", "2017-03-31": "0.33190", "2016-12-31": "0.34270", "2016-09-30": "0.34370", "2016-06-30": "0.22450", "2016-03-31": "0.23710", "2015-12-31": "0.24550", "2015-09-30": "0.24950", "2015-06-30": "0.24420", "2015-03-31": "0.23960", "2014-12-31": "0.24590", "2014-09-30": "0.24600", "2014-06-30": "0.14320", "2014-03-31": "0.14650", "2013-12-31": "0.15080", "2013-09-30": "0.15320", "2013-06-30": "0.15900", "2013-03-31": "0.15520", "2012-12-31": "0.15930", "2012-09-30": "0.15530", "2012-06-30": "0.15460", "2012-03-31": "0.24120", "2011-12-31": "0.24200", "2011-09-30": "0.23850", "2011-06-30": "0.23240", "2011-03-31": "0.25220", "2010-12-31": "0.11530", "2010-09-30": "0.08580", "2010-06-30": "0.08710", "2010-03-31": "0.08690", "2009-12-31": "0.08910", "2009-09-30": "0.09540", "2009-06-30": "0.09920", "2009-03-31": "0.06070", "2008-12-31": "0.06230", "2008-09-30": "0.03170", "2008-06-30": "0.01630", "2008-03-31": "0.01530", "2007-12-31": "0.01410", "2007-09-30": "0.02060", "2007-06-30": "0.00530", "2007-03-31": "0.03100", "2006-12-31": "0.03300", "2006-09-30": "0.03340", "2006-06-30": "0.03440", "2006-03-31": "0.03500", "2005-12-31": "0.03550", "2005-09-30": "0.03460", "2005-06-30": "0.03510", "2005-03-31": "0.03690"}, "Gross Margin": {"2020-09-30": "", "2020-06-30": "", "2020-03-31": "", "2019-12-31": "", "2019-09-30": "", "2019-06-30": "", "2019-03-31": "", "2018-12-31": "", "2018-09-30": "", "2018-06-30": "", "2018-03-31": "", "2017-12-31": "", "2017-09-30": "", "2017-06-30": "", "2017-03-31": "", "2016-12-31": "", "2016-09-30": "", "2016-06-30": "", "2016-03-31": "", "2015-12-31": "", "2015-09-30": "", "2015-06-30": "", "2015-03-31": "", "2014-12-31": "", "2014-09-30": "", "2014-06-30": "", "2014-03-31": "", "2013-12-31": "", "2013-09-30": "", "2013-06-30": "", "2013-03-31": "", "2012-12-31": "", "2012-09-30": "", "2012-06-30": "", "2012-03-31": "", "2011-12-31": "", "2011-09-30": "", "2011-06-30": "", "2011-03-31": "", "2010-12-31": "", "2010-09-30": "", "2010-06-30": "", "2010-03-31": "", "2009-12-31": "", "2009-09-30": "", "2009-06-30": "", "2009-03-31": "", "2008-12-31": "", "2008-09-30": "", "2008-06-30": "", "2008-03-31": "", "2007-12-31": "", "2007-09-30": "", "2007-06-30": "", "2007-03-31": "", "2006-12-31": "", "2006-09-30": "", "2006-06-30": "", "2006-03-31": "", "2005-12-31": "", "2005-09-30": "", "2005-06-30": "", "2005-03-31": ""}, "Operating Margin": {"2020-09-30": "17.06660", "2020-06-30": "26.17980", "2020-03-31": "-107.64080", "2019-12-31": "18.93860", "2019-09-30": "15.04800", "2019-06-30": "13.45530", "2019-03-31": "28.72200", "2018-12-31": "-9.71900", "2018-09-30": "19.63250", "2018-06-30": "16.13420", "2018-03-31": "0.92450", "2017-12-31": "21.51420", "2017-09-30": "5.20400", "2017-06-30": "11.24080", "2017-03-31": "12.83220", "2016-12-31": "13.59760", "2016-09-30": "12.11900", "2016-06-30": "11.44780", "2016-03-31": "13.96530", "2015-12-31": "10.66080", "2015-09-30": "12.83560", "2015-06-30": "11.76600", "2015-03-31": "12.75750", "2014-12-31": "7.57710", "2014-09-30": "9.35300", "2014-06-30": "8.14900", "2014-03-31": "21.43860", "2013-12-31": "11.30050", "2013-09-30": "11.50420", "2013-06-30": "20.91000", "2013-03-31": "7.49670", "2012-12-31": "-1.93240", "2012-09-30": "-1.49450", "2012-06-30": "-3.71760", "2012-03-31": "1.32990", "2011-12-31": "7.44880", "2011-09-30": "-13.84820", "2011-06-30": "-8.21990", "2011-03-31": "-0.94730", "2010-12-31": "-0.39130", "2010-09-30": "-5.27120", "2010-06-30": "8.72930", "2010-03-31": "4.33200", "2009-12-31": "-5.73900", "2009-09-30": "-1.73040", "2009-06-30": "-8.57990", "2009-03-31": "-10.16510", "2008-12-31": "-21.95910", "2008-09-30": "-7.33750", "2008-06-30": "-100.94690", "2008-03-31": "-3.85670", "2007-12-31": "2.29360", "2007-09-30": "3.69980", "2007-06-30": "16.67310", "2007-03-31": "16.51090", "2006-12-31": "16.71460", "2006-09-30": "18.01220", "2006-06-30": "20.14970", "2006-03-31": "18.64460", "2005-12-31": "20.95310", "2005-09-30": "19.23120", "2005-06-30": "20.37250", "2005-03-31": "19.46150"}, "EBIT Margin": {"2020-09-30": "17.06660", "2020-06-30": "26.17980", "2020-03-31": "-107.64080", "2019-12-31": "18.93860", "2019-09-30": "15.04800", "2019-06-30": "13.45530", "2019-03-31": "28.72200", "2018-12-31": "-9.71900", "2018-09-30": "19.63250", "2018-06-30": "16.13420", "2018-03-31": "0.92450", "2017-12-31": "21.51420", "2017-09-30": "5.20400", "2017-06-30": "11.24080", "2017-03-31": "12.83220", "2016-12-31": "13.59760", "2016-09-30": "12.11900", "2016-06-30": "11.44780", "2016-03-31": "13.96530", "2015-12-31": "10.66080", "2015-09-30": "12.83560", "2015-06-30": "11.76600", "2015-03-31": "12.75750", "2014-12-31": "7.57710", "2014-09-30": "9.35300", "2014-06-30": "8.14900", "2014-03-31": "21.43860", "2013-12-31": "11.30050", "2013-09-30": "11.50420", "2013-06-30": "20.91000", "2013-03-31": "7.49670", "2012-12-31": "-1.93240", "2012-09-30": "-1.49450", "2012-06-30": "-3.71760", "2012-03-31": "1.32990", "2011-12-31": "7.44880", "2011-09-30": "-13.84820", "2011-06-30": "-8.21990", "2011-03-31": "-0.94730", "2010-12-31": "-0.39130", "2010-09-30": "-5.27120", "2010-06-30": "8.72930", "2010-03-31": "4.33200", "2009-12-31": "-5.73900", "2009-09-30": "-1.73040", "2009-06-30": "-8.57990", "2009-03-31": "-10.16510", "2008-12-31": "-21.95910", "2008-09-30": "-7.33750", "2008-06-30": "-100.94690", "2008-03-31": "-3.85670", "2007-12-31": "2.29360", "2007-09-30": "3.69980", "2007-06-30": "16.67310", "2007-03-31": "16.51090", "2006-12-31": "16.71460", "2006-09-30": "18.01220", "2006-06-30": "20.14970", "2006-03-31": "18.64460", "2005-12-31": "20.95310", "2005-09-30": "19.23120", "2005-06-30": "20.37250", "2005-03-31": "19.46150"}, "EBITDA Margin": {"2020-09-30": "", "2020-06-30": "", "2020-03-31": "", "2019-12-31": "", "2019-09-30": "", "2019-06-30": "", "2019-03-31": "", "2018-12-31": "", "2018-09-30": "", "2018-06-30": "", "2018-03-31": "", "2017-12-31": "", "2017-09-30": "", "2017-06-30": "", "2017-03-31": "", "2016-12-31": "", "2016-09-30": "", "2016-06-30": "", "2016-03-31": "", "2015-12-31": "", "2015-09-30": "", "2015-06-30": "", "2015-03-31": "", "2014-12-31": "", "2014-09-30": "", "2014-06-30": "", "2014-03-31": "", "2013-12-31": "", "2013-09-30": "", "2013-06-30": "", "2013-03-31": "", "2012-12-31": "", "2012-09-30": "", "2012-06-30": "", "2012-03-31": "", "2011-12-31": "", "2011-09-30": "", "2011-06-30": "", "2011-03-31": "", "2010-12-31": "", "2010-09-30": "", "2010-06-30": "", "2010-03-31": "", "2009-12-31": "", "2009-09-30": "", "2009-06-30": "", "2009-03-31": "", "2008-12-31": "", "2008-09-30": "", "2008-06-30": "", "2008-03-31": "", "2007-12-31": "", "2007-09-30": "", "2007-06-30": "", "2007-03-31": "", "2006-12-31": "", "2006-09-30": "", "2006-06-30": "", "2006-03-31": "", "2005-12-31": "", "2005-09-30": "", "2005-06-30": "", "2005-03-31": ""}, "Pre-Tax Profit Margin": {"2020-09-30": "16.29150", "2020-06-30": "25.32730", "2020-03-31": "-109.75050", "2019-12-31": "17.93820", "2019-09-30": "14.25180", "2019-06-30": "12.48860", "2019-03-31": "27.74810", "2018-12-31": "-10.74160", "2018-09-30": "18.82900", "2018-06-30": "15.12230", "2018-03-31": "-0.45100", "2017-12-31": "20.55260", "2017-09-30": "3.74140", "2017-06-30": "9.75980", "2017-03-31": "11.39950", "2016-12-31": "12.32570", "2016-09-30": "10.96260", "2016-06-30": "10.31760", "2016-03-31": "12.89710", "2015-12-31": "9.56630", "2015-09-30": "11.94930", "2015-06-30": "10.76600", "2015-03-31": "11.55470", "2014-12-31": "6.65360", "2014-09-30": "8.72750", "2014-06-30": "7.46680", "2014-03-31": "20.75350", "2013-12-31": "10.69230", "2013-09-30": "10.85180", "2013-06-30": "20.27370", "2013-03-31": "6.65410", "2012-12-31": "-2.84400", "2012-09-30": "-2.38350", "2012-06-30": "-4.76350", "2012-03-31": "-0.22450", "2011-12-31": "6.05690", "2011-09-30": "-16.40770", "2011-06-30": "-9.89130", "2011-03-31": "-2.20450", "2010-12-31": "-2.01620", "2010-09-30": "-6.15310", "2010-06-30": "8.01510", "2010-03-31": "3.34550", "2009-12-31": "-6.80860", "2009-09-30": "-2.79750", "2009-06-30": "-9.37980", "2009-03-31": "-10.55210", "2008-12-31": "-22.49730", "2008-09-30": "-7.78280", "2008-06-30": "-102.20950", "2008-03-31": "-4.16140", "2007-12-31": "1.95240", "2007-09-30": "3.39870", "2007-06-30": "16.19840", "2007-03-31": "15.97700", "2006-12-31": "16.28800", "2006-09-30": "17.52510", "2006-06-30": "19.64380", "2006-03-31": "18.23100", "2005-12-31": "20.61200", "2005-09-30": "18.83310", "2005-06-30": "19.84340", "2005-03-31": "19.14340"}, "Net Profit Margin": {"2020-09-30": "13.05870", "2020-06-30": "20.18170", "2020-03-31": "-86.21530", "2019-12-31": "14.29980", "2019-09-30": "11.45120", "2019-06-30": "10.06260", "2019-03-31": "22.05930", "2018-12-31": "-8.30600", "2018-09-30": "15.46330", "2018-06-30": "12.12360", "2018-03-31": "0.30070", "2017-12-31": "17.36080", "2017-09-30": "2.89390", "2017-06-30": "6.77790", "2017-03-31": "7.82810", "2016-12-31": "8.52920", "2016-09-30": "7.41310", "2016-06-30": "7.00320", "2016-03-31": "8.69470", "2015-12-31": "6.13430", "2015-09-30": "8.14520", "2015-06-30": "7.23400", "2015-03-31": "7.77330", "2014-12-31": "4.61020", "2014-09-30": "6.16820", "2014-06-30": "4.95540", "2014-03-31": "13.58870", "2013-12-31": "7.11820", "2013-09-30": "7.45920", "2013-06-30": "13.26720", "2013-03-31": "4.42550", "2012-12-31": "-1.57390", "2012-09-30": "-1.13430", "2012-06-30": "-2.77800", "2012-03-31": "0.03450", "2011-12-31": "4.22150", "2011-09-30": "-10.46250", "2011-06-30": "-6.05530", "2011-03-31": "-1.14210", "2010-12-31": "-1.13990", "2010-09-30": "-3.94320", "2010-06-30": "5.69390", "2010-03-31": "2.68070", "2009-12-31": "-3.78480", "2009-09-30": "0.71140", "2009-06-30": "-1.73130", "2009-03-31": "-6.13550", "2008-12-31": "-15.14170", "2008-09-30": "-5.08960", "2008-06-30": "-71.94710", "2008-03-31": "-1.99660", "2007-12-31": "1.93350", "2007-09-30": "2.83550", "2007-06-30": "11.15090", "2007-03-31": "11.05860", "2006-12-31": "11.16800", "2006-09-30": "12.03230", "2006-06-30": "13.34180", "2006-03-31": "12.45100", "2005-12-31": "13.95580", "2005-09-30": "12.73700", "2005-06-30": "18.23470", "2005-03-31": "12.98570"}, "Asset Turnover": {"2020-09-30": "0.08470", "2020-06-30": "0.09100", "2020-03-31": "0.03450", "2019-12-31": "0.09150", "2019-09-30": "0.08360", "2019-06-30": "0.07840", "2019-03-31": "0.09210", "2018-12-31": "0.06630", "2018-09-30": "0.08990", "2018-06-30": "0.08380", "2018-03-31": "0.07000", "2017-12-31": "0.08900", "2017-09-30": "0.08070", "2017-06-30": "0.07740", "2017-03-31": "0.07640", "2016-12-31": "0.08330", "2016-09-30": "0.07950", "2016-06-30": "0.08020", "2016-03-31": "0.08110", "2015-12-31": "0.08660", "2015-09-30": "0.08920", "2015-06-30": "0.08160", "2015-03-31": "0.07730", "2014-12-31": "0.08100", "2014-09-30": "0.08190", "2014-06-30": "0.07760", "2014-03-31": "0.08510", "2013-12-31": "0.08050", "2013-09-30": "0.08350", "2013-06-30": "0.08970", "2013-03-31": "0.07740", "2012-12-31": "0.07910", "2012-09-30": "0.08060", "2012-06-30": "0.07710", "2012-03-31": "0.07160", "2011-12-31": "0.08150", "2011-09-30": "0.06960", "2011-06-30": "0.06810", "2011-03-31": "0.06930", "2010-12-31": "0.07400", "2010-09-30": "0.07050", "2010-06-30": "0.07220", "2010-03-31": "0.06550", "2009-12-31": "0.06850", "2009-09-30": "0.07270", "2009-06-30": "0.06650", "2009-03-31": "0.06610", "2008-12-31": "0.06300", "2008-09-30": "0.07140", "2008-06-30": "0.03870", "2008-03-31": "0.07180", "2007-12-31": "0.07940", "2007-09-30": "0.07820", "2007-06-30": "0.08120", "2007-03-31": "0.07630", "2006-12-31": "0.07430", "2006-09-30": "0.07970", "2006-06-30": "0.08140", "2006-03-31": "0.08120", "2005-12-31": "0.08890", "2005-09-30": "0.08420", "2005-06-30": "0.08560", "2005-03-31": "0.08240"}, "Inventory Turnover Ratio": {"2020-09-30": "", "2020-06-30": "", "2020-03-31": "", "2019-12-31": "", "2019-09-30": "", "2019-06-30": "", "2019-03-31": "", "2018-12-31": "", "2018-09-30": "", "2018-06-30": "", "2018-03-31": "", "2017-12-31": "", "2017-09-30": "", "2017-06-30": "", "2017-03-31": "", "2016-12-31": "", "2016-09-30": "", "2016-06-30": "", "2016-03-31": "", "2015-12-31": "", "2015-09-30": "", "2015-06-30": "", "2015-03-31": "", "2014-12-31": "", "2014-09-30": "", "2014-06-30": "", "2014-03-31": "", "2013-12-31": "", "2013-09-30": "", "2013-06-30": "", "2013-03-31": "", "2012-12-31": "", "2012-09-30": "", "2012-06-30": "", "2012-03-31": "", "2011-12-31": "", "2011-09-30": "", "2011-06-30": "", "2011-03-31": "", "2010-12-31": "", "2010-09-30": "", "2010-06-30": "", "2010-03-31": "", "2009-12-31": "", "2009-09-30": "", "2009-06-30": "", "2009-03-31": "", "2008-12-31": "", "2008-09-30": "", "2008-06-30": "", "2008-03-31": "", "2007-12-31": "", "2007-09-30": "", "2007-06-30": "", "2007-03-31": "", "2006-12-31": "", "2006-09-30": "", "2006-06-30": "", "2006-03-31": "", "2005-12-31": "", "2005-09-30": "", "2005-06-30": "", "2005-03-31": ""}, "Receiveable Turnover": {"2020-09-30": "", "2020-06-30": "", "2020-03-31": "", "2019-12-31": "", "2019-09-30": "", "2019-06-30": "", "2019-03-31": "", "2018-12-31": "", "2018-09-30": "", "2018-06-30": "", "2018-03-31": "", "2017-12-31": "", "2017-09-30": "", "2017-06-30": "", "2017-03-31": "", "2016-12-31": "", "2016-09-30": "", "2016-06-30": "", "2016-03-31": "", "2015-12-31": "", "2015-09-30": "", "2015-06-30": "", "2015-03-31": "", "2014-12-31": "", "2014-09-30": "", "2014-06-30": "", "2014-03-31": "", "2013-12-31": "", "2013-09-30": "", "2013-06-30": "", "2013-03-31": "", "2012-12-31": "", "2012-09-30": "", "2012-06-30": "", "2012-03-31": "", "2011-12-31": "", "2011-09-30": "", "2011-06-30": "", "2011-03-31": "", "2010-12-31": "", "2010-09-30": "", "2010-06-30": "", "2010-03-31": "", "2009-12-31": "", "2009-09-30": "", "2009-06-30": "", "2009-03-31": "", "2008-12-31": "", "2008-09-30": "", "2008-06-30": "", "2008-03-31": "", "2007-12-31": "", "2007-09-30": "", "2007-06-30": "", "2007-03-31": "", "2006-12-31": "", "2006-09-30": "", "2006-06-30": "", "2006-03-31": "", "2005-12-31": "", "2005-09-30": "", "2005-06-30": "", "2005-03-31": ""}, "Days Sales In Receivables": {"2020-09-30": "", "2020-06-30": "", "2020-03-31": "", "2019-12-31": "", "2019-09-30": "", "2019-06-30": "", "2019-03-31": "", "2018-12-31": "", "2018-09-30": "", "2018-06-30": "", "2018-03-31": "", "2017-12-31": "", "2017-09-30": "", "2017-06-30": "", "2017-03-31": "", "2016-12-31": "", "2016-09-30": "", "2016-06-30": "", "2016-03-31": "", "2015-12-31": "", "2015-09-30": "", "2015-06-30": "", "2015-03-31": "", "2014-12-31": "", "2014-09-30": "", "2014-06-30": "", "2014-03-31": "", "2013-12-31": "", "2013-09-30": "", "2013-06-30": "", "2013-03-31": "", "2012-12-31": "", "2012-09-30": "", "2012-06-30": "", "2012-03-31": "", "2011-12-31": "", "2011-09-30": "", "2011-06-30": "", "2011-03-31": "", "2010-12-31": "", "2010-09-30": "", "2010-06-30": "", "2010-03-31": "", "2009-12-31": "", "2009-09-30": "", "2009-06-30": "", "2009-03-31": "", "2008-12-31": "", "2008-09-30": "", "2008-06-30": "", "2008-03-31": "", "2007-12-31": "", "2007-09-30": "", "2007-06-30": "", "2007-03-31": "", "2006-12-31": "", "2006-09-30": "", "2006-06-30": "", "2006-03-31": "", "2005-12-31": "", "2005-09-30": "", "2005-06-30": "", "2005-03-31": ""}, "ROE - Return On Equity": {"2020-09-30": "4.04970", "2020-06-30": "6.78810", "2020-03-31": "-11.76010", "2019-12-31": "4.59670", "2019-09-30": "3.50210", "2019-06-30": "2.80800", "2019-03-31": "7.27740", "2018-12-31": "-2.07140", "2018-09-30": "5.18350", "2018-06-30": "3.87590", "2018-03-31": "0.08120", "2017-12-31": "6.32990", "2017-09-30": "0.97680", "2017-06-30": "2.18170", "2017-03-31": "2.46060", "2016-12-31": "2.95930", "2016-09-30": "2.49430", "2016-06-30": "2.30930", "2016-03-31": "2.96920", "2015-12-31": "2.33970", "2015-09-30": "3.26700", "2015-06-30": "2.59310", "2015-03-31": "2.57600", "2014-12-31": "1.61320", "2014-09-30": "2.18980", "2014-06-30": "1.67210", "2014-03-31": "5.02880", "2013-12-31": "2.51140", "2013-09-30": "2.76930", "2013-06-30": "5.41230", "2013-03-31": "1.53000", "2012-12-31": "-0.56170", "2012-09-30": "-0.40380", "2012-06-30": "-0.91860", "2012-03-31": "0.01330", "2011-12-31": "1.46590", "2011-09-30": "-3.04610", "2011-06-30": "-1.66910", "2011-03-31": "-0.32100", "2010-12-31": "-0.32510", "2010-09-30": "-0.96590", "2010-06-30": "1.44330", "2010-03-31": "0.62570", "2009-12-31": "-0.94830", "2009-09-30": "0.18970", "2009-06-30": "-0.42100", "2009-03-31": "-1.47940", "2008-12-31": "-3.37940", "2008-09-30": "-1.22890", "2008-06-30": "-8.98790", "2008-03-31": "-0.43640", "2007-12-31": "0.44700", "2007-09-30": "0.63980", "2007-06-30": "2.55010", "2007-03-31": "2.41080", "2006-12-31": "2.39410", "2006-09-30": "2.69520", "2006-06-30": "3.06740", "2006-03-31": "2.88690", "2005-12-31": "3.55630", "2005-09-30": "2.94790", "2005-06-30": "4.23480", "2005-03-31": "2.94530"}, "Return On Tangible Equity": {"2020-09-30": "4.04960", "2020-06-30": "6.78780", "2020-03-31": "-11.75990", "2019-12-31": "4.59650", "2019-09-30": "3.50200", "2019-06-30": "2.80790", "2019-03-31": "7.27730", "2018-12-31": "-2.07140", "2018-09-30": "5.18340", "2018-06-30": "3.87580", "2018-03-31": "0.08120", "2017-12-31": "6.32960", "2017-09-30": "0.97670", "2017-06-30": "2.18160", "2017-03-31": "2.46050", "2016-12-31": "2.95920", "2016-09-30": "2.49430", "2016-06-30": "2.30920", "2016-03-31": "2.96910", "2015-12-31": "2.33970", "2015-09-30": "3.26680", "2015-06-30": "2.59300", "2015-03-31": "2.57590", "2014-12-31": "1.61310", "2014-09-30": "2.18970", "2014-06-30": "1.67210", "2014-03-31": "5.02870", "2013-12-31": "2.51130", "2013-09-30": "2.76900", "2013-06-30": "5.41200", "2013-03-31": "1.52990", "2012-12-31": "-0.56170", "2012-09-30": "-0.40380", "2012-06-30": "-0.91850", "2012-03-31": "0.01330", "2011-12-31": "1.46580", "2011-09-30": "-3.04600", "2011-06-30": "-1.66900", "2011-03-31": "-0.32100", "2010-12-31": "-0.32510", "2010-09-30": "-0.96590", "2010-06-30": "1.44330", "2010-03-31": "0.62560", "2009-12-31": "-0.94820", "2009-09-30": "0.18970", "2009-06-30": "-0.42100", "2009-03-31": "-1.47940", "2008-12-31": "-3.37940", "2008-09-30": "-1.22880", "2008-06-30": "-8.98740", "2008-03-31": "-0.43640", "2007-12-31": "0.44700", "2007-09-30": "0.63980", "2007-06-30": "2.55000", "2007-03-31": "2.41060", "2006-12-31": "2.39400", "2006-09-30": "2.69510", "2006-06-30": "3.06740", "2006-03-31": "2.88670", "2005-12-31": "3.55610", "2005-09-30": "2.94770", "2005-06-30": "4.23450", "2005-03-31": "2.94520"}, "ROA - Return On Assets": {"2020-09-30": "1.10570", "2020-06-30": "1.83690", "2020-03-31": "-2.97170", "2019-12-31": "1.30860", "2019-09-30": "0.95790", "2019-06-30": "0.78860", "2019-03-31": "2.03130", "2018-12-31": "-0.55160", "2018-09-30": "1.39020", "2018-06-30": "1.01670", "2018-03-31": "0.02160", "2017-12-31": "1.54410", "2017-09-30": "0.23400", "2017-06-30": "0.52540", "2017-03-31": "0.59820", "2016-12-31": "0.71000", "2016-09-30": "0.58960", "2016-06-30": "0.56190", "2016-03-31": "0.70550", "2015-12-31": "0.53090", "2015-09-30": "0.72660", "2015-06-30": "0.59100", "2015-03-31": "0.60110", "2014-12-31": "0.37260", "2014-09-30": "0.50570", "2014-06-30": "0.38470", "2014-03-31": "1.15640", "2013-12-31": "0.57340", "2013-09-30": "0.62260", "2013-06-30": "1.19020", "2013-03-31": "0.34250", "2012-12-31": "-0.12450", "2012-09-30": "-0.09200", "2012-06-30": "-0.21480", "2012-03-31": "0.00310", "2011-12-31": "0.34450", "2011-09-30": "-0.72880", "2011-06-30": "-0.41210", "2011-03-31": "-0.07970", "2010-12-31": "-0.08440", "2010-09-30": "-0.27870", "2010-06-30": "0.41160", "2010-03-31": "0.17560", "2009-12-31": "-0.26000", "2009-09-30": "0.05170", "2009-06-30": "-0.11520", "2009-03-31": "-0.40550", "2008-12-31": "-0.95280", "2008-09-30": "-0.36430", "2008-06-30": "-2.78380", "2008-03-31": "-0.14420", "2007-12-31": "0.15270", "2007-09-30": "0.22170", "2007-06-30": "0.90670", "2007-03-31": "0.84400", "2006-12-31": "0.82940", "2006-09-30": "0.95930", "2006-06-30": "1.08730", "2006-03-31": "1.01080", "2005-12-31": "1.23970", "2005-09-30": "1.07290", "2005-06-30": "1.56010", "2005-03-31": "1.07030"}, "ROI - Return On Investment": {"2020-09-30": "3.49390", "2020-06-30": "5.82540", "2020-03-31": "-9.89740", "2019-12-31": "3.95460", "2019-09-30": "2.99810", "2019-06-30": "2.40930", "2019-03-31": "6.20870", "2018-12-31": "-1.73970", "2018-09-30": "4.37520", "2018-06-30": "3.25450", "2018-03-31": "0.06810", "2017-12-31": "4.84630", "2017-09-30": "0.73840", "2017-06-30": "1.64350", "2017-03-31": "1.84740", "2016-12-31": "2.20390", "2016-09-30": "1.85630", "2016-06-30": "1.88590", "2016-03-31": "2.40000", "2015-12-31": "1.87850", "2015-09-30": "2.61450", "2015-06-30": "2.08410", "2015-03-31": "2.07800", "2014-12-31": "1.29470", "2014-09-30": "1.75740", "2014-06-30": "1.46260", "2014-03-31": "4.38630", "2013-12-31": "2.18220", "2013-09-30": "2.40130", "2013-06-30": "4.66960", "2013-03-31": "1.32440", "2012-12-31": "-0.48450", "2012-09-30": "-0.34950", "2012-06-30": "-0.79560", "2012-03-31": "0.01070", "2011-12-31": "1.18030", "2011-09-30": "-2.45960", "2011-06-30": "-1.35430", "2011-03-31": "-0.25630", "2010-12-31": "-0.29150", "2010-09-30": "-0.88960", "2010-06-30": "1.32780", "2010-03-31": "0.57560", "2009-12-31": "-0.87070", "2009-09-30": "0.17320", "2009-06-30": "-0.38300", "2009-03-31": "-1.39480", "2008-12-31": "-3.18120", "2008-09-30": "-1.19110", "2008-06-30": "-8.84320", "2008-03-31": "-0.42980", "2007-12-31": "0.44080", "2007-09-30": "0.62690", "2007-06-30": "2.53670", "2007-03-31": "2.33810", "2006-12-31": "2.31750", "2006-09-30": "2.60800", "2006-06-30": "2.96530", "2006-03-31": "2.78930", "2005-12-31": "3.43440", "2005-09-30": "2.84930", "2005-06-30": "4.09110", "2005-03-31": "2.84040"}, "Book Value Per Share": {"2020-09-30": "19.97810", "2020-06-30": "19.27040", "2020-03-31": "16.91780", "2019-12-31": "19.75970", "2019-09-30": "19.08590", "2019-06-30": "19.43890", "2019-03-31": "18.70140", "2018-12-31": "17.00020", "2018-09-30": "17.54940", "2018-06-30": "16.87300", "2018-03-31": "16.70690", "2017-12-31": "17.58030", "2017-09-30": "17.92980", "2017-06-30": "17.67920", "2017-03-31": "17.43860", "2016-12-31": "16.97850", "2016-09-30": "16.93110", "2016-06-30": "16.68150", "2016-03-31": "15.80080", "2015-12-31": "14.81400", "2015-09-30": "14.74030", "2015-06-30": "15.06810", "2015-03-31": "15.37050", "2014-12-31": "15.03750", "2014-09-30": "15.03670", "2014-06-30": "15.15600", "2014-03-31": "14.83730", "2013-12-31": "14.49350", "2013-09-30": "14.29240", "2013-06-30": "13.79700", "2013-03-31": "14.15120", "2012-12-31": "13.85870", "2012-09-30": "14.22210", "2012-06-30": "14.30880", "2012-03-31": "14.54330", "2011-12-31": "14.54720", "2011-09-30": "14.76220", "2011-06-30": "15.32080", "2011-03-31": "15.62120", "2010-12-31": "15.89910", "2010-09-30": "16.74850", "2010-06-30": "16.52610", "2010-03-31": "16.57810", "2009-12-31": "16.16800", "2009-09-30": "16.21120", "2009-06-30": "15.59980", "2009-03-31": "15.14500", "2008-12-31": "15.55090", "2008-09-30": "16.96310", "2008-06-30": "17.59250", "2008-03-31": "18.98680", "2007-12-31": "19.70570", "2007-09-30": "19.80830", "2007-06-30": "19.50870", "2007-03-31": "19.32520", "2006-12-31": "18.91040", "2006-09-30": "18.70710", "2006-06-30": "17.95710", "2006-03-31": "17.69360", "2005-12-31": "17.52800", "2005-09-30": "17.74830", "2005-06-30": "17.52150", "2005-03-31": "16.73100"}, "Operating Cash Flow Per Share": {"2020-09-30": 1.2426, "2020-06-30": 0.7516, "2020-03-31": "0.72030", "2019-12-31": 0.9114, "2019-09-30": 1.1684, "2019-06-30": 0.5884, "2019-03-31": "0.45370", "2018-12-31": 0.5966, "2018-09-30": 1.0337, "2018-06-30": 0.4863, "2018-03-31": "0.46790", "2017-12-31": -0.0214, "2017-09-30": 0.8807, "2017-06-30": 0.3783, "2017-03-31": "0.48990", "2016-12-31": 0.7946, "2016-09-30": 0.8025, "2016-06-30": 0.1272, "2016-03-31": "0.42600", "2015-12-31": 0.4096, "2015-09-30": 0.8886, "2015-06-30": 0.3805, "2015-03-31": "0.64560", "2014-12-31": 0.6399, "2014-09-30": -1.838, "2014-06-30": 0.1243, "2014-03-31": "0.45970", "2013-12-31": 0.774, "2013-09-30": 0.6139, "2013-06-30": 0.46, "2013-03-31": "0.49030", "2012-12-31": 0.8202, "2012-09-30": 0.7499, "2012-06-30": 0.3179, "2012-03-31": "0.19160", "2011-12-31": 0.128, "2011-09-30": 0.1015, "2011-06-30": -0.3971, "2011-03-31": "-0.20450", "2010-12-31": -0.4389, "2010-09-30": 0.0692, "2010-06-30": -0.7181, "2010-03-31": "-0.08160", "2009-12-31": 0.4044, "2009-09-30": 0.6666, "2009-06-30": 0.0711, "2009-03-31": "1.11920", "2008-12-31": 0.4168, "2008-09-30": 0.6014, "2008-06-30": 0.5605, "2008-03-31": "0.86470", "2007-12-31": 0.9364, "2007-09-30": 1.0335, "2007-06-30": 0.8895, "2007-03-31": "0.84370", "2006-12-31": 1.9154, "2006-09-30": 0.9944, "2006-06-30": 0.6028, "2006-03-31": "0.79880", "2005-12-31": 0.9655, "2005-09-30": 1.2214, "2005-06-30": 0.7587, "2005-03-31": "0.64580"}, "Free Cash Flow Per Share": {"2020-09-30": 1.2426, "2020-06-30": 0.7516, "2020-03-31": "0.72030", "2019-12-31": 0.9114, "2019-09-30": 1.1684, "2019-06-30": 0.5884, "2019-03-31": "0.45370", "2018-12-31": 0.5966, "2018-09-30": 1.0337, "2018-06-30": 0.4863, "2018-03-31": "0.46790", "2017-12-31": -0.0214, "2017-09-30": 0.8807, "2017-06-30": 0.3783, "2017-03-31": "0.48990", "2016-12-31": 0.7946, "2016-09-30": 0.8025, "2016-06-30": 0.1272, "2016-03-31": "0.42600", "2015-12-31": 0.4096, "2015-09-30": 0.8886, "2015-06-30": 0.3805, "2015-03-31": "0.64560", "2014-12-31": 0.6399, "2014-09-30": -1.838, "2014-06-30": 0.1243, "2014-03-31": "0.45970", "2013-12-31": 0.774, "2013-09-30": 0.6139, "2013-06-30": 0.46, "2013-03-31": "0.49030", "2012-12-31": 0.8202, "2012-09-30": 0.7499, "2012-06-30": 0.3179, "2012-03-31": "0.19160", "2011-12-31": 0.128, "2011-09-30": 0.1015, "2011-06-30": -0.3971, "2011-03-31": "-0.20450", "2010-12-31": -0.4389, "2010-09-30": 0.0692, "2010-06-30": -0.7181, "2010-03-31": "-0.08160", "2009-12-31": 0.4044, "2009-09-30": 0.6666, "2009-06-30": 0.0711, "2009-03-31": "1.11920", "2008-12-31": 0.4168, "2008-09-30": 0.6014, "2008-06-30": 0.5605, "2008-03-31": "0.86470", "2007-12-31": 0.9364, "2007-09-30": 1.0335, "2007-06-30": 0.9049, "2007-03-31": "0.82830", "2006-12-31": 1.9154, "2006-09-30": 0.9944, "2006-06-30": 0.6184, "2006-03-31": "0.78320", "2005-12-31": 0.9173, "2005-09-30": 1.2071, "2005-06-30": 0.6881, "2005-03-31": "0.64150"}}, "revenue": {"Old Republic Annual Revenue (Millions of US $)": {"2020": "$7,166", "2019": "$7,214", "2018": "$6,022", "2017": "$6,263", "2016": "$5,901", "2015": "$5,766", "2014": "$5,531", "2013": "$5,443", "2012": "$4,970", "2011": "$4,646", "2010": "$4,103", "2009": "$3,804", "2008": "$3,238", "2007": "$4,091", "2006": "$3,794", "2005": "$3,806"}, "Old Republic Quarterly Revenue (Millions of US $)": {"2020-12-31": "$2,423", "2020-09-30": "$1,884", "2020-06-30": "$1,971", "2020-03-31": "$702", "2019-12-31": "$1,929", "2019-09-30": "$1,771", "2019-06-30": "$1,645", "2019-03-31": "$1,869", "2018-12-31": "$1,281", "2018-09-30": "$1,780", "2018-06-30": "$1,631", "2018-03-31": "$1,330", "2017-12-31": "$1,726", "2017-09-30": "$1,593", "2017-06-30": "$1,499", "2017-03-31": "$1,445", "2016-12-31": "$1,549", "2016-09-30": "$1,496", "2016-06-30": "$1,442", "2016-03-31": "$1,414", "2015-12-31": "$1,480", "2015-09-30": "$1,546", "2015-06-30": "$1,410", "2015-03-31": "$1,330", "2014-12-31": "$1,375", "2014-09-30": "$1,391", "2014-06-30": "$1,334", "2014-03-31": "$1,431", "2013-12-31": "$1,332", "2013-09-30": "$1,380", "2013-06-30": "$1,462", "2013-03-31": "$1,270", "2012-12-31": "$1,283", "2012-09-30": "$1,305", "2012-06-30": "$1,224", "2012-03-31": "$1,158", "2011-12-31": "$1,308", "2011-09-30": "$1,114", "2011-06-30": "$1,095", "2011-03-31": "$1,130", "2010-12-31": "$1,176", "2010-09-30": "$987", "2010-06-30": "$1,008", "2010-03-31": "$933", "2009-12-31": "$972", "2009-09-30": "$1,040", "2009-06-30": "$913", "2009-03-31": "$879", "2008-12-31": "$836", "2008-09-30": "$943", "2008-06-30": "$507", "2008-03-31": "$952", "2007-12-31": "$1,055", "2007-09-30": "$1,030", "2007-06-30": "$1,032", "2007-03-31": "$974", "2006-12-31": "$938", "2006-09-30": "$965", "2006-06-30": "$949", "2006-03-31": "$943", "2005-12-31": "$1,026", "2005-09-30": "$955", "2005-06-30": "$945", "2005-03-31": "$880"}}, "gross-profit": {"Old Republic Annual Gross Profit (Millions of US $)": {"2020": "$4,675", "2019": "$1,390", "2018": "$500", "2017": "$808", "2016": "$754", "2015": "$692", "2014": "$650", "2013": "$710", "2012": "$-74", "2011": "$-158", "2010": "$72", "2009": "$-241", "2008": "$-801", "2007": "$395", "2006": "$698", "2005": "$762"}, "Old Republic Quarterly Gross Profit (Millions of US $)": {"2020-12-31": "$1,817", "2020-09-30": "$322", "2020-06-30": "$516", "2020-03-31": "$-755", "2019-12-31": "$365", "2019-09-30": "$267", "2019-06-30": "$221", "2019-03-31": "$537", "2018-12-31": "$-125", "2018-09-30": "$349", "2018-06-30": "$263", "2018-03-31": "$12", "2017-12-31": "$371", "2017-09-30": "$83", "2017-06-30": "$169", "2017-03-31": "$185", "2016-12-31": "$211", "2016-09-30": "$181", "2016-06-30": "$165", "2016-03-31": "$197", "2015-12-31": "$158", "2015-09-30": "$198", "2015-06-30": "$166", "2015-03-31": "$170", "2014-12-31": "$104", "2014-09-30": "$130", "2014-06-30": "$109", "2014-03-31": "$307", "2013-12-31": "$151", "2013-09-30": "$159", "2013-06-30": "$306", "2013-03-31": "$95", "2012-12-31": "$-25", "2012-09-30": "$-20", "2012-06-30": "$-46", "2012-03-31": "$15", "2011-12-31": "$97", "2011-09-30": "$-154", "2011-06-30": "$-90", "2011-03-31": "$-11", "2010-12-31": "$-5", "2010-09-30": "$-52", "2010-06-30": "$88", "2010-03-31": "$40", "2009-12-31": "$-56", "2009-09-30": "$-18", "2009-06-30": "$-78", "2009-03-31": "$-89", "2008-12-31": "$-184", "2008-09-30": "$-69", "2008-06-30": "$-512", "2008-03-31": "$-37", "2007-12-31": "$24", "2007-09-30": "$38", "2007-06-30": "$172", "2007-03-31": "$161", "2006-12-31": "$157", "2006-09-30": "$174", "2006-06-30": "$191", "2006-03-31": "$176", "2005-12-31": "$215", "2005-09-30": "$184", "2005-06-30": "$193", "2005-03-31": "$171"}}, "operating-income": {"Old Republic Annual Operating Income (Millions of US $)": {"2020": "$732", "2019": "$1,390", "2018": "$500", "2017": "$808", "2016": "$754", "2015": "$692", "2014": "$650", "2013": "$710", "2012": "$-74", "2011": "$-158", "2010": "$72", "2009": "$-241", "2008": "$-801", "2007": "$395", "2006": "$698", "2005": "$762"}, "Old Republic Quarterly Operating Income (Millions of US $)": {"2020-12-31": "$664", "2020-09-30": "$322", "2020-06-30": "$516", "2020-03-31": "$-755", "2019-12-31": "$365", "2019-09-30": "$267", "2019-06-30": "$221", "2019-03-31": "$537", "2018-12-31": "$-125", "2018-09-30": "$349", "2018-06-30": "$263", "2018-03-31": "$12", "2017-12-31": "$371", "2017-09-30": "$83", "2017-06-30": "$169", "2017-03-31": "$185", "2016-12-31": "$211", "2016-09-30": "$181", "2016-06-30": "$165", "2016-03-31": "$197", "2015-12-31": "$158", "2015-09-30": "$198", "2015-06-30": "$166", "2015-03-31": "$170", "2014-12-31": "$104", "2014-09-30": "$130", "2014-06-30": "$109", "2014-03-31": "$307", "2013-12-31": "$151", "2013-09-30": "$159", "2013-06-30": "$306", "2013-03-31": "$95", "2012-12-31": "$-25", "2012-09-30": "$-20", "2012-06-30": "$-46", "2012-03-31": "$15", "2011-12-31": "$97", "2011-09-30": "$-154", "2011-06-30": "$-90", "2011-03-31": "$-11", "2010-12-31": "$-5", "2010-09-30": "$-52", "2010-06-30": "$88", "2010-03-31": "$40", "2009-12-31": "$-56", "2009-09-30": "$-18", "2009-06-30": "$-78", "2009-03-31": "$-89", "2008-12-31": "$-184", "2008-09-30": "$-69", "2008-06-30": "$-512", "2008-03-31": "$-37", "2007-12-31": "$24", "2007-09-30": "$38", "2007-06-30": "$172", "2007-03-31": "$161", "2006-12-31": "$157", "2006-09-30": "$174", "2006-06-30": "$191", "2006-03-31": "$176", "2005-12-31": "$215", "2005-09-30": "$184", "2005-06-30": "$193", "2005-03-31": "$171"}}, "ebitda": {"Old Republic Annual EBITDA (Millions of US $)": {"2019": "$1,390", "2018": "$500", "2017": "$808", "2016": "$754", "2015": "$692", "2014": "$650", "2013": "$710", "2012": "$-74", "2011": "$-158", "2010": "$72", "2009": "$-241", "2008": "$-801", "2007": "$395", "2006": "$698", "2005": "$762"}, "Old Republic Quarterly EBITDA (Millions of US $)": {"2020-09-30": "$322", "2020-06-30": "$516", "2020-03-31": "$-755", "2019-12-31": "$365", "2019-09-30": "$267", "2019-06-30": "$221", "2019-03-31": "$537", "2018-12-31": "$-125", "2018-09-30": "$349", "2018-06-30": "$263", "2018-03-31": "$12", "2017-12-31": "$371", "2017-09-30": "$83", "2017-06-30": "$169", "2017-03-31": "$185", "2016-12-31": "$211", "2016-09-30": "$181", "2016-06-30": "$165", "2016-03-31": "$197", "2015-12-31": "$158", "2015-09-30": "$198", "2015-06-30": "$166", "2015-03-31": "$170", "2014-12-31": "$104", "2014-09-30": "$130", "2014-06-30": "$109", "2014-03-31": "$307", "2013-12-31": "$151", "2013-09-30": "$159", "2013-06-30": "$306", "2013-03-31": "$95", "2012-12-31": "$-25", "2012-09-30": "$-20", "2012-06-30": "$-46", "2012-03-31": "$15", "2011-12-31": "$97", "2011-09-30": "$-154", "2011-06-30": "$-90", "2011-03-31": "$-11", "2010-12-31": "$-5", "2010-09-30": "$-52", "2010-06-30": "$88", "2010-03-31": "$40", "2009-12-31": "$-56", "2009-09-30": "$-18", "2009-06-30": "$-78", "2009-03-31": "$-89", "2008-12-31": "$-184", "2008-09-30": "$-69", "2008-06-30": "$-512", "2008-03-31": "$-37", "2007-12-31": "$24", "2007-09-30": "$38", "2007-06-30": "$172", "2007-03-31": "$161", "2006-12-31": "$157", "2006-09-30": "$174", "2006-06-30": "$191", "2006-03-31": "$176", "2005-12-31": "$215", "2005-09-30": "$184", "2005-06-30": "$193", "2005-03-31": "$171"}}, "net-income": {"Old Republic Annual Net Income (Millions of US $)": {"2020": "$559", "2019": "$1,056", "2018": "$371", "2017": "$561", "2016": "$467", "2015": "$422", "2014": "$410", "2013": "$448", "2012": "$-69", "2011": "$-141", "2010": "$30", "2009": "$-99", "2008": "$-558", "2007": "$272", "2006": "$465", "2005": "$551"}, "Old Republic Quarterly Net Income (Millions of US $)": {"2020-12-31": "$520", "2020-09-30": "$246", "2020-06-30": "$398", "2020-03-31": "$-605", "2019-12-31": "$276", "2019-09-30": "$203", "2019-06-30": "$166", "2019-03-31": "$412", "2018-12-31": "$-106", "2018-09-30": "$275", "2018-06-30": "$198", "2018-03-31": "$4", "2017-12-31": "$300", "2017-09-30": "$46", "2017-06-30": "$102", "2017-03-31": "$113", "2016-12-31": "$132", "2016-09-30": "$111", "2016-06-30": "$101", "2016-03-31": "$123", "2015-12-31": "$91", "2015-09-30": "$126", "2015-06-30": "$102", "2015-03-31": "$103", "2014-12-31": "$63", "2014-09-30": "$86", "2014-06-30": "$66", "2014-03-31": "$194", "2013-12-31": "$95", "2013-09-30": "$103", "2013-06-30": "$194", "2013-03-31": "$56", "2012-12-31": "$-20", "2012-09-30": "$-15", "2012-06-30": "$-34", "2012-03-31": "$0", "2011-12-31": "$55", "2011-09-30": "$-117", "2011-06-30": "$-66", "2011-03-31": "$-13", "2010-12-31": "$-13", "2010-09-30": "$-39", "2010-06-30": "$57", "2010-03-31": "$25", "2009-12-31": "$-37", "2009-09-30": "$7", "2009-06-30": "$-16", "2009-03-31": "$-54", "2008-12-31": "$-127", "2008-09-30": "$-48", "2008-06-30": "$-365", "2008-03-31": "$-19", "2007-12-31": "$20", "2007-09-30": "$29", "2007-06-30": "$115", "2007-03-31": "$108", "2006-12-31": "$105", "2006-09-30": "$116", "2006-06-30": "$127", "2006-03-31": "$117", "2005-12-31": "$143", "2005-09-30": "$122", "2005-06-30": "$172", "2005-03-31": "$114"}}, "eps-earnings-per-share-diluted": {"Old Republic Annual EPS": {"2020": "$1.87", "2019": "$3.51", "2018": "$1.24", "2017": "$1.92", "2016": "$1.62", "2015": "$1.48", "2014": "$1.44", "2013": "$1.57", "2012": "$-0.27", "2011": "$-0.55", "2010": "$0.13", "2009": "$-0.42", "2008": "$-2.41", "2007": "$1.17", "2006": "$1.99", "2005": "$2.37"}, "Old Republic Quarterly EPS": {"2020-12-31": "$1.74", "2020-09-30": "$0.83", "2020-06-30": "$1.34", "2020-03-31": "$-2.01", "2019-12-31": "$0.92", "2019-09-30": "$0.67", "2019-06-30": "$0.55", "2019-03-31": "$1.37", "2018-12-31": "$-0.35", "2018-09-30": "$0.92", "2018-06-30": "$0.66", "2018-03-31": "$0.01", "2017-12-31": "$1.01", "2017-09-30": "$0.17", "2017-06-30": "$0.35", "2017-03-31": "$0.39", "2016-12-31": "$0.45", "2016-09-30": "$0.39", "2016-06-30": "$0.35", "2016-03-31": "$0.43", "2015-12-31": "$0.32", "2015-09-30": "$0.44", "2015-06-30": "$0.36", "2015-03-31": "$0.36", "2014-12-31": "$0.23", "2014-09-30": "$0.30", "2014-06-30": "$0.24", "2014-03-31": "$0.67", "2013-12-31": "$0.33", "2013-09-30": "$0.36", "2013-06-30": "$0.67", "2013-03-31": "$0.21", "2012-12-31": "$-0.08", "2012-09-30": "$-0.06", "2012-06-30": "$-0.13", "2012-03-31": "$0.00", "2011-12-31": "$0.22", "2011-09-30": "$-0.46", "2011-06-30": "$-0.26", "2011-03-31": "$-0.05", "2010-12-31": "$-0.05", "2010-09-30": "$-0.16", "2010-06-30": "$0.23", "2010-03-31": "$0.11", "2009-12-31": "$-0.15", "2009-09-30": "$0.03", "2009-06-30": "$-0.07", "2009-03-31": "$-0.23", "2008-12-31": "$-0.54", "2008-09-30": "$-0.21", "2008-06-30": "$-1.58", "2008-03-31": "$-0.08", "2007-12-31": "$0.10", "2007-09-30": "$0.12", "2007-06-30": "$0.49", "2007-03-31": "$0.46", "2006-12-31": "$0.44", "2006-09-30": "$0.50", "2006-06-30": "$0.54", "2006-03-31": "$0.51", "2005-12-31": "$0.62", "2005-09-30": "$0.52", "2005-06-30": "$0.74", "2005-03-31": "$0.49"}}, "shares-outstanding": {"Old Republic Annual Shares Outstanding (Millions of Shares)": {"2020": "299", "2019": "300", "2018": "294", "2017": "262", "2016": "296", "2015": "296", "2014": "295", "2013": "294", "2012": "256", "2011": "255", "2010": "241", "2009": "236", "2008": "231", "2007": "233", "2006": "233", "2005": "232"}, "Old Republic Quarterly Shares Outstanding (Millions of Shares)": {"2020-12-31": "299", "2020-09-30": "298", "2020-06-30": "298", "2020-03-31": "300", "2019-12-31": "300", "2019-09-30": "301", "2019-06-30": "301", "2019-03-31": "300", "2018-12-31": "294", "2018-09-30": "300", "2018-06-30": "301", "2018-03-31": "280", "2017-12-31": "262", "2017-09-30": "299", "2017-06-30": "298", "2017-03-31": "298", "2016-12-31": "296", "2016-09-30": "296", "2016-06-30": "296", "2016-03-31": "296", "2015-12-31": "296", "2015-09-30": "296", "2015-06-30": "296", "2015-03-31": "296", "2014-12-31": "295", "2014-09-30": "295", "2014-06-30": "295", "2014-03-31": "295", "2013-12-31": "294", "2013-09-30": "293", "2013-06-30": "293", "2013-03-31": "292", "2012-12-31": "256", "2012-09-30": "256", "2012-06-30": "256", "2012-03-31": "256", "2011-12-31": "255", "2011-09-30": "255", "2011-06-30": "255", "2011-03-31": "255", "2010-12-31": "241", "2010-09-30": "237", "2010-06-30": "264", "2010-03-31": "236", "2009-12-31": "236", "2009-09-30": "236", "2009-06-30": "236", "2009-03-31": "235", "2008-12-31": "231", "2008-09-30": "231", "2008-06-30": "231", "2008-03-31": "230", "2007-12-31": "233", "2007-09-30": "232", "2007-06-30": "234", "2007-03-31": "234", "2006-12-31": "233", "2006-09-30": "233", "2006-06-30": "232", "2006-03-31": "231", "2005-12-31": "232", "2005-09-30": "232", "2005-06-30": "231", "2005-03-31": "231"}}, "total-assets": {"Old Republic Annual Total Assets (Millions of US $)": {"2019": "$21,076", "2018": "$19,327", "2017": "$19,404", "2016": "$18,592", "2015": "$17,102", "2014": "$16,988", "2013": "$16,534", "2012": "$16,227", "2011": "$16,050", "2010": "$15,883", "2009": "$14,190", "2008": "$13,266", "2007": "$13,291", "2006": "$12,612", "2005": "$11,543"}, "Old Republic Quarterly Total Assets (Millions of US $)": {"2020-09-30": "$22,249", "2020-06-30": "$21,650", "2020-03-31": "$20,352", "2019-12-31": "$21,076", "2019-09-30": "$21,182", "2019-06-30": "$20,988", "2019-03-31": "$20,297", "2018-12-31": "$19,327", "2018-09-30": "$19,802", "2018-06-30": "$19,454", "2018-03-31": "$18,999", "2017-12-31": "$19,404", "2017-09-30": "$19,747", "2017-06-30": "$19,357", "2017-03-31": "$18,905", "2016-12-31": "$18,592", "2016-09-30": "$18,811", "2016-06-30": "$17,991", "2016-03-31": "$17,433", "2015-12-31": "$17,102", "2015-09-30": "$17,328", "2015-06-30": "$17,277", "2015-03-31": "$17,201", "2014-12-31": "$16,988", "2014-09-30": "$16,987", "2014-06-30": "$17,184", "2014-03-31": "$16,811", "2013-12-31": "$16,534", "2013-09-30": "$16,526", "2013-06-30": "$16,299", "2013-03-31": "$16,411", "2012-12-31": "$16,227", "2012-09-30": "$16,188", "2012-06-30": "$15,875", "2012-03-31": "$16,165", "2011-12-31": "$16,050", "2011-09-30": "$15,999", "2011-06-30": "$16,087", "2011-03-31": "$16,304", "2010-12-31": "$15,883", "2010-09-30": "$13,995", "2010-06-30": "$13,970", "2010-03-31": "$14,241", "2009-12-31": "$14,190", "2009-09-30": "$14,309", "2009-06-30": "$13,719", "2009-03-31": "$13,294", "2008-12-31": "$13,266", "2008-09-30": "$13,204", "2008-06-30": "$13,105", "2008-03-31": "$13,250", "2007-12-31": "$13,291", "2007-09-30": "$13,173", "2007-06-30": "$12,706", "2007-03-31": "$12,772", "2006-12-31": "$12,612", "2006-09-30": "$12,113", "2006-06-30": "$11,653", "2006-03-31": "$11,615", "2005-12-31": "$11,543", "2005-09-30": "$11,343", "2005-06-30": "$11,044", "2005-03-31": "$10,680"}}, "cash-on-hand": {"Old Republic Annual Cash on Hand (Millions of US $)": {"2019": "$79", "2018": "$100", "2017": "$126", "2016": "$146", "2015": "$160", "2014": "$137", "2013": "$153", "2012": "$101", "2011": "$93", "2010": "$127", "2009": "$77", "2008": "$64", "2007": "$54", "2006": "$72", "2005": "$68"}, "Old Republic Quarterly Cash on Hand (Millions of US $)": {"2020-09-30": "$95", "2020-06-30": "$114", "2020-03-31": "$145", "2019-12-31": "$79", "2019-09-30": "$110", "2019-06-30": "$100", "2019-03-31": "$93", "2018-12-31": "$100", "2018-09-30": "$115", "2018-06-30": "$108", "2018-03-31": "$103", "2017-12-31": "$126", "2017-09-30": "$139", "2017-06-30": "$195", "2017-03-31": "$177", "2016-12-31": "$146", "2016-09-30": "$145", "2016-06-30": "$169", "2016-03-31": "$137", "2015-12-31": "$160", "2015-09-30": "$160", "2015-06-30": "$128", "2015-03-31": "$150", "2014-12-31": "$137", "2014-09-30": "$220", "2014-06-30": "$146", "2014-03-31": "$130", "2013-12-31": "$153", "2013-09-30": "$156", "2013-06-30": "$113", "2013-03-31": "$123", "2012-12-31": "$101", "2012-09-30": "$126", "2012-06-30": "$109", "2012-03-31": "$117", "2011-12-31": "$93", "2011-09-30": "$109", "2011-06-30": "$130", "2011-03-31": "$118", "2010-12-31": "$127", "2010-09-30": "$88", "2010-06-30": "$65", "2010-03-31": "$75", "2009-12-31": "$77", "2009-09-30": "$55", "2009-06-30": "$66", "2009-03-31": "$60", "2008-12-31": "$64", "2008-09-30": "$87", "2008-06-30": "$85", "2008-03-31": "$77", "2007-12-31": "$54", "2007-09-30": "$91", "2007-06-30": "$115", "2007-03-31": "$82", "2006-12-31": "$72", "2006-09-30": "$57", "2006-06-30": "$60", "2006-03-31": "$64", "2005-12-31": "$68", "2005-09-30": "$59", "2005-06-30": "$57", "2005-03-31": "$65"}}, "long-term-debt": {"Old Republic Annual Long Term Debt (Millions of US $)": {"2019": "$974", "2018": "$981", "2017": "$1,449", "2016": "$1,529", "2015": "$953", "2014": "$965", "2013": "$569", "2012": "$573", "2011": "$913", "2010": "$475", "2009": "$347", "2008": "$233", "2007": "$64", "2006": "$144", "2005": "$143"}, "Old Republic Quarterly Long Term Debt (Millions of US $)": {"2020-09-30": "$966", "2020-06-30": "$968", "2020-03-31": "$968", "2019-12-31": "$974", "2019-09-30": "$974", "2019-06-30": "$975", "2019-03-31": "$975", "2018-12-31": "$981", "2018-09-30": "$981", "2018-06-30": "$974", "2018-03-31": "$974", "2017-12-31": "$1,449", "2017-09-30": "$1,527", "2017-06-30": "$1,526", "2017-03-31": "$1,526", "2016-12-31": "$1,529", "2016-09-30": "$1,528", "2016-06-30": "$983", "2016-03-31": "$982", "2015-12-31": "$953", "2015-09-30": "$962", "2015-06-30": "$962", "2015-03-31": "$962", "2014-12-31": "$965", "2014-09-30": "$965", "2014-06-30": "$566", "2014-03-31": "$566", "2013-12-31": "$569", "2013-09-30": "$569", "2013-06-30": "$570", "2013-03-31": "$570", "2012-12-31": "$573", "2012-09-30": "$573", "2012-06-30": "$574", "2012-03-31": "$910", "2011-12-31": "$913", "2011-09-30": "$913", "2011-06-30": "$923", "2011-03-31": "$1,022", "2010-12-31": "$475", "2010-09-30": "$346", "2010-06-30": "$347", "2010-03-31": "$347", "2009-12-31": "$347", "2009-09-30": "$372", "2009-06-30": "$372", "2009-03-31": "$221", "2008-12-31": "$233", "2008-09-30": "$124", "2008-06-30": "$66", "2008-03-31": "$67", "2007-12-31": "$64", "2007-09-30": "$94", "2007-06-30": "$24", "2007-03-31": "$139", "2006-12-31": "$144", "2006-09-30": "$144", "2006-06-30": "$142", "2006-03-31": "$142", "2005-12-31": "$143", "2005-09-30": "$143", "2005-06-30": "$143", "2005-03-31": "$143"}}, "total-liabilities": {"Old Republic Annual Total Liabilities (Millions of US $)": {"2019": "$15,076", "2018": "$14,181", "2017": "$14,670", "2016": "$14,131", "2015": "$13,221", "2014": "$13,064", "2013": "$12,759", "2012": "$12,631", "2011": "$12,278", "2010": "$11,761", "2009": "$10,299", "2008": "$9,526", "2007": "$8,749", "2006": "$8,243", "2005": "$7,519"}, "Old Republic Quarterly Total Liabilities (Millions of US $)": {"2020-09-30": "$16,174", "2020-06-30": "$15,791", "2020-03-31": "$15,209", "2019-12-31": "$15,076", "2019-09-30": "$15,388", "2019-06-30": "$15,094", "2019-03-31": "$14,631", "2018-12-31": "$14,181", "2018-09-30": "$14,491", "2018-06-30": "$14,351", "2018-03-31": "$13,950", "2017-12-31": "$14,670", "2017-09-30": "$15,017", "2017-06-30": "$14,695", "2017-03-31": "$14,309", "2016-12-31": "$14,131", "2016-09-30": "$14,364", "2016-06-30": "$13,613", "2016-03-31": "$13,291", "2015-12-31": "$13,221", "2015-09-30": "$13,474", "2015-06-30": "$13,340", "2015-03-31": "$13,187", "2014-12-31": "$13,064", "2014-09-30": "$13,064", "2014-06-30": "$13,231", "2014-03-31": "$12,945", "2013-12-31": "$12,759", "2013-09-30": "$12,810", "2013-06-30": "$12,715", "2013-03-31": "$12,737", "2012-12-31": "$12,631", "2012-09-30": "$12,497", "2012-06-30": "$12,163", "2012-03-31": "$12,392", "2011-12-31": "$12,278", "2011-09-30": "$12,171", "2011-06-30": "$12,115", "2011-03-31": "$12,254", "2010-12-31": "$11,761", "2010-09-30": "$9,957", "2010-06-30": "$9,986", "2010-03-31": "$10,245", "2009-12-31": "$10,299", "2009-09-30": "$10,408", "2009-06-30": "$9,965", "2009-03-31": "$9,650", "2008-12-31": "$9,526", "2008-09-30": "$9,290", "2008-06-30": "$9,046", "2008-03-31": "$8,873", "2007-12-31": "$8,749", "2007-09-30": "$8,609", "2007-06-30": "$8,188", "2007-03-31": "$8,300", "2006-12-31": "$8,243", "2006-09-30": "$7,802", "2006-06-30": "$7,522", "2006-03-31": "$7,548", "2005-12-31": "$7,519", "2005-09-30": "$7,214", "2005-06-30": "$6,975", "2005-03-31": "$6,799"}}, "total-share-holder-equity": {"Old Republic Annual Share Holder Equity (Millions of US $)": {"2019": "$6,000", "2018": "$5,146", "2017": "$4,733", "2016": "$4,461", "2015": "$3,881", "2014": "$3,924", "2013": "$3,775", "2012": "$3,596", "2011": "$3,773", "2010": "$4,121", "2009": "$3,891", "2008": "$3,740", "2007": "$4,542", "2006": "$4,369", "2005": "$4,024"}, "Old Republic Quarterly Share Holder Equity (Millions of US $)": {"2020-09-30": "$6,075", "2020-06-30": "$5,859", "2020-03-31": "$5,143", "2019-12-31": "$6,000", "2019-09-30": "$5,794", "2019-06-30": "$5,894", "2019-03-31": "$5,666", "2018-12-31": "$5,146", "2018-09-30": "$5,311", "2018-06-30": "$5,103", "2018-03-31": "$5,049", "2017-12-31": "$4,733", "2017-09-30": "$4,730", "2017-06-30": "$4,662", "2017-03-31": "$4,597", "2016-12-31": "$4,461", "2016-09-30": "$4,446", "2016-06-30": "$4,378", "2016-03-31": "$4,143", "2015-12-31": "$3,881", "2015-09-30": "$3,854", "2015-06-30": "$3,937", "2015-03-31": "$4,014", "2014-12-31": "$3,924", "2014-09-30": "$3,923", "2014-06-30": "$3,953", "2014-03-31": "$3,866", "2013-12-31": "$3,775", "2013-09-30": "$3,716", "2013-06-30": "$3,585", "2013-03-31": "$3,673", "2012-12-31": "$3,596", "2012-09-30": "$3,690", "2012-06-30": "$3,712", "2012-03-31": "$3,773", "2011-12-31": "$3,773", "2011-09-30": "$3,828", "2011-06-30": "$3,972", "2011-03-31": "$4,050", "2010-12-31": "$4,121", "2010-09-30": "$4,038", "2010-06-30": "$3,984", "2010-03-31": "$3,996", "2009-12-31": "$3,891", "2009-09-30": "$3,901", "2009-06-30": "$3,753", "2009-03-31": "$3,643", "2008-12-31": "$3,740", "2008-09-30": "$3,914", "2008-06-30": "$4,059", "2008-03-31": "$4,377", "2007-12-31": "$4,542", "2007-09-30": "$4,564", "2007-06-30": "$4,518", "2007-03-31": "$4,472", "2006-12-31": "$4,369", "2006-09-30": "$4,312", "2006-06-30": "$4,131", "2006-03-31": "$4,067", "2005-12-31": "$4,024", "2005-09-30": "$4,129", "2005-06-30": "$4,069", "2005-03-31": "$3,881"}}, "profit-margins": {"current": "8%"}, "gross margin": {"2020-12-31": "27.22%", "2020-09-30": "6.91%", "2020-06-30": "6.17%", "2020-03-31": "1.62%", "2019-12-31": "19.27%", "2019-09-30": "13.71%", "2019-06-30": "14.94%", "2019-03-31": "15.61%", "2018-12-31": "8.29%", "2018-09-30": "15.39%", "2018-06-30": "11.61%", "2018-03-31": "10.33%", "2017-12-31": "12.90%", "2017-09-30": "10.65%", "2017-06-30": "12.46%", "2017-03-31": "12.51%", "2016-12-31": "12.78%", "2016-09-30": "12.02%", "2016-06-30": "12.21%", "2016-03-31": "12.29%", "2015-12-31": "12.00%", "2015-09-30": "11.27%", "2015-06-30": "10.35%", "2015-03-31": "9.45%", "2014-12-31": "11.75%", "2014-09-30": "12.70%", "2014-06-30": "13.26%", "2014-03-31": "16.47%", "2013-12-31": "13.06%", "2013-09-30": "9.92%", "2013-06-30": "6.69%", "2013-03-31": "0.08%", "2012-12-31": "-1.53%", "2012-09-30": "0.92%", "2012-06-30": "-1.83%", "2012-03-31": "-2.82%", "2011-12-31": "-3.40%", "2011-09-30": "-5.76%", "2011-06-30": "-3.60%", "2011-03-31": "0.47%", "2010-12-31": "1.73%", "2010-09-30": "0.51%", "2010-06-30": "1.37%", "2010-03-31": "-2.90%", "2009-12-31": "-6.34%", "2009-09-30": "-10.06%", "2009-06-30": "-11.76%", "2009-03-31": "-26.98%", "2008-12-31": "-24.77%", "2008-09-30": "-17.18%", "2008-06-30": "-13.74%", "2008-03-31": "4.84%", "2007-12-31": "9.66%", "2007-09-30": "13.29%", "2007-06-30": "16.99%", "2007-03-31": "17.86%", "2006-12-31": "18.40%", "2006-09-30": "19.47%", "2006-06-30": "19.78%", "2006-03-31": "19.85%", "2005-12-31": "20.05%"}, "operating margin": {"2020-12-31": "10.70%", "2020-09-30": "6.91%", "2020-06-30": "6.17%", "2020-03-31": "1.62%", "2019-12-31": "19.27%", "2019-09-30": "13.71%", "2019-06-30": "14.94%", "2019-03-31": "15.61%", "2018-12-31": "8.29%", "2018-09-30": "15.39%", "2018-06-30": "11.61%", "2018-03-31": "10.33%", "2017-12-31": "12.90%", "2017-09-30": "10.65%", "2017-06-30": "12.46%", "2017-03-31": "12.51%", "2016-12-31": "12.78%", "2016-09-30": "12.02%", "2016-06-30": "12.21%", "2016-03-31": "12.29%", "2015-12-31": "12.00%", "2015-09-30": "11.27%", "2015-06-30": "10.35%", "2015-03-31": "9.45%", "2014-12-31": "11.75%", "2014-09-30": "12.70%", "2014-06-30": "13.26%", "2014-03-31": "16.47%", "2013-12-31": "13.06%", "2013-09-30": "9.92%", "2013-06-30": "6.69%", "2013-03-31": "0.08%", "2012-12-31": "-1.53%", "2012-09-30": "0.92%", "2012-06-30": "-1.83%", "2012-03-31": "-2.82%", "2011-12-31": "-3.40%", "2011-09-30": "-5.76%", "2011-06-30": "-3.60%", "2011-03-31": "0.47%", "2010-12-31": "1.73%", "2010-09-30": "0.51%", "2010-06-30": "1.37%", "2010-03-31": "-2.90%", "2009-12-31": "-6.34%", "2009-09-30": "-10.06%", "2009-06-30": "-11.76%", "2009-03-31": "-26.98%", "2008-12-31": "-24.77%", "2008-09-30": "-17.18%", "2008-06-30": "-13.74%", "2008-03-31": "4.84%", "2007-12-31": "9.66%", "2007-09-30": "13.29%", "2007-06-30": "16.99%", "2007-03-31": "17.86%", "2006-12-31": "18.40%", "2006-09-30": "19.47%", "2006-06-30": "19.78%", "2006-03-31": "19.85%", "2005-12-31": "20.05%"}, "ebitda margin": {"2020-09-30": "6.91%", "2020-06-30": "6.17%", "2020-03-31": "1.62%", "2019-12-31": "19.27%", "2019-09-30": "13.71%", "2019-06-30": "14.94%", "2019-03-31": "15.61%", "2018-12-31": "8.29%", "2018-09-30": "15.39%", "2018-06-30": "11.61%", "2018-03-31": "10.33%", "2017-12-31": "12.90%", "2017-09-30": "10.65%", "2017-06-30": "12.46%", "2017-03-31": "12.51%", "2016-12-31": "12.78%", "2016-09-30": "12.02%", "2016-06-30": "12.21%", "2016-03-31": "12.29%", "2015-12-31": "12.00%", "2015-09-30": "11.27%", "2015-06-30": "10.35%", "2015-03-31": "9.45%", "2014-12-31": "11.75%", "2014-09-30": "12.70%", "2014-06-30": "13.26%", "2014-03-31": "16.47%", "2013-12-31": "13.06%", "2013-09-30": "9.92%", "2013-06-30": "6.69%", "2013-03-31": "0.08%", "2012-12-31": "-1.53%", "2012-09-30": "0.92%", "2012-06-30": "-1.83%", "2012-03-31": "-2.82%", "2011-12-31": "-3.40%", "2011-09-30": "-5.76%", "2011-06-30": "-3.60%", "2011-03-31": "0.47%", "2010-12-31": "1.73%", "2010-09-30": "0.51%", "2010-06-30": "1.37%", "2010-03-31": "-2.90%", "2009-12-31": "-6.34%", "2009-09-30": "-10.06%", "2009-06-30": "-11.76%", "2009-03-31": "-26.98%", "2008-12-31": "-24.77%", "2008-09-30": "-17.18%", "2008-06-30": "-13.74%", "2008-03-31": "4.84%", "2007-12-31": "9.66%", "2007-09-30": "13.29%", "2007-06-30": "16.99%", "2007-03-31": "17.86%", "2006-12-31": "18.40%", "2006-09-30": "19.47%", "2006-06-30": "19.78%", "2006-03-31": "19.85%", "2005-12-31": "20.05%"}, "pre tax profit margin": {"2020-12-31": "9.86%", "2020-09-30": "5.89%", "2020-06-30": "5.13%", "2020-03-31": "0.55%", "2019-12-31": "18.33%", "2019-09-30": "12.76%", "2019-06-30": "14.01%", "2019-03-31": "14.68%", "2018-12-31": "7.27%", "2018-09-30": "14.40%", "2018-06-30": "10.45%", "2018-03-31": "9.03%", "2017-12-31": "11.59%", "2017-09-30": "9.23%", "2017-06-30": "11.12%", "2017-03-31": "11.28%", "2016-12-31": "11.63%", "2016-09-30": "10.92%", "2016-06-30": "11.19%", "2016-03-31": "11.30%", "2015-12-31": "10.98%", "2015-09-30": "10.30%", "2015-06-30": "9.43%", "2015-03-31": "8.60%", "2014-12-31": "11.03%", "2014-09-30": "12.03%", "2014-06-30": "12.58%", "2014-03-31": "15.79%", "2013-12-31": "12.36%", "2013-09-30": "9.16%", "2013-06-30": "5.88%", "2013-03-31": "-0.81%", "2012-12-31": "-2.60%", "2012-09-30": "-0.26%", "2012-06-30": "-3.43%", "2012-03-31": "-4.60%", "2011-12-31": "-5.10%", "2011-09-30": "-7.53%", "2011-06-30": "-4.97%", "2011-03-31": "-0.67%", "2010-12-31": "0.66%", "2010-09-30": "-0.38%", "2010-06-30": "0.43%", "2010-03-31": "-3.89%", "2009-12-31": "-7.20%", "2009-09-30": "-10.80%", "2009-06-30": "-12.32%", "2009-03-31": "-27.55%", "2008-12-31": "-25.29%", "2008-09-30": "-17.65%", "2008-06-30": "-14.16%", "2008-03-31": "4.50%", "2007-12-31": "9.26%", "2007-09-30": "12.86%", "2007-06-30": "16.50%", "2007-03-31": "17.36%", "2006-12-31": "17.92%", "2006-09-30": "19.03%", "2006-06-30": "19.36%", "2006-03-31": "19.44%", "2005-12-31": "19.68%"}, "net profit margin": {"2020-12-31": "8.01%", "2020-09-30": "4.86%", "2020-06-30": "4.27%", "2020-03-31": "0.66%", "2019-12-31": "14.65%", "2019-09-30": "10.28%", "2019-06-30": "11.36%", "2019-03-31": "11.87%", "2018-12-31": "6.16%", "2018-09-30": "12.01%", "2018-06-30": "8.73%", "2018-03-31": "7.35%", "2017-12-31": "8.96%", "2017-09-30": "6.46%", "2017-06-30": "7.65%", "2017-03-31": "7.70%", "2016-12-31": "7.91%", "2016-09-30": "7.30%", "2016-06-30": "7.50%", "2016-03-31": "7.56%", "2015-12-31": "7.32%", "2015-09-30": "6.96%", "2015-06-30": "6.43%", "2015-03-31": "5.86%", "2014-12-31": "7.39%", "2014-09-30": "8.04%", "2014-06-30": "8.36%", "2014-03-31": "10.45%", "2013-12-31": "8.23%", "2013-09-30": "6.17%", "2013-06-30": "4.04%", "2013-03-31": "-0.26%", "2012-12-31": "-1.39%", "2012-09-30": "0.12%", "2012-06-30": "-2.00%", "2012-03-31": "-2.74%", "2011-12-31": "-3.03%", "2011-09-30": "-4.63%", "2011-06-30": "-2.99%", "2011-03-31": "-0.19%", "2010-12-31": "0.73%", "2010-09-30": "0.15%", "2010-06-30": "1.32%", "2010-03-31": "-0.54%", "2009-12-31": "-2.63%", "2009-09-30": "-5.18%", "2009-06-30": "-6.86%", "2009-03-31": "-18.77%", "2008-12-31": "-17.26%", "2008-09-30": "-11.92%", "2008-06-30": "-9.45%", "2008-03-31": "3.56%", "2007-12-31": "6.65%", "2007-09-30": "8.99%", "2007-06-30": "11.36%", "2007-03-31": "11.92%", "2006-12-31": "12.26%", "2006-09-30": "12.95%", "2006-06-30": "13.14%", "2006-03-31": "14.32%", "2005-12-31": "14.48%"}, "pe ratio": {"current": "8.56", "2021-02-05": "120.88", "2020-12-31": "116.80", "2020-09-30": "12.91", "2020-06-30": "16.58", "2020-03-31": "116.14", "2019-12-31": "5.78", "2019-09-30": "9.48", "2019-06-30": "7.68", "2019-03-31": "6.81", "2018-12-31": "13.97", "2018-09-30": "7.13", "2018-06-30": "8.84", "2018-03-31": "11.33", "2017-12-31": "8.54", "2017-09-30": "10.92", "2017-06-30": "9.24", "2017-03-31": "9.60", "2016-12-31": "8.61", "2016-09-30": "8.64", "2016-06-30": "9.07", "2016-03-31": "8.45", "2015-12-31": "8.93", "2015-09-30": "7.91", "2015-06-30": "8.68", "2015-03-31": "9.07", "2014-12-31": "6.88", "2014-09-30": "6.21", "2014-06-30": "6.84", "2014-03-31": "5.29", "2013-12-31": "7.11", "2013-09-30": "8.49", "2013-06-30": "10.99", "2013-03-31": "0.00", "2012-12-31": "0.00", "2012-09-30": "187.22", "2012-06-30": "0.00", "2012-03-31": "0.00", "2011-12-31": "0.00", "2011-09-30": "0.00", "2011-06-30": "0.00", "2011-03-31": "0.00", "2010-12-31": "55.09", "2010-09-30": "239.40", "2010-06-30": "0.00", "2010-03-31": "0.00", "2009-12-31": "0.00", "2009-09-30": "0.00", "2009-06-30": "0.00", "2009-03-31": "0.00", "2008-12-31": "0.00", "2008-09-30": "0.00", "2008-06-30": "0.00", "2008-03-31": "9.29", "2007-12-31": "5.85", "2007-09-30": "5.38", "2007-06-30": "4.84", "2007-03-31": "4.87", "2006-12-31": "4.96"}, "price sales": {"2021-02-05": "0.83", "2020-12-31": "0.80", "2020-09-30": "0.64", "2020-06-30": "0.71", "2020-03-31": "0.69", "2019-12-31": "0.84", "2019-09-30": "0.96", "2019-06-30": "0.87", "2019-03-31": "0.81", "2018-12-31": "0.84", "2018-09-30": "0.82", "2018-06-30": "0.74", "2018-03-31": "0.80", "2017-12-31": "0.75", "2017-09-30": "0.73", "2017-06-30": "0.73", "2017-03-31": "0.76", "2016-12-31": "0.70", "2016-09-30": "0.65", "2016-06-30": "0.70", "2016-03-31": "0.66", "2015-12-31": "0.68", "2015-09-30": "0.57", "2015-06-30": "0.58", "2015-03-31": "0.56", "2014-12-31": "0.53", "2014-09-30": "0.51", "2014-06-30": "0.59", "2014-03-31": "0.56", "2013-12-31": "0.60", "2013-09-30": "0.52", "2013-06-30": "0.42", "2013-03-31": "0.41", "2012-12-31": "0.34", "2012-09-30": "0.29", "2012-06-30": "0.26", "2012-03-31": "0.33", "2011-12-31": "0.29", "2011-09-30": "0.27", "2011-06-30": "0.36", "2011-03-31": "0.39", "2010-12-31": "0.43", "2010-09-30": "0.45", "2010-06-30": "0.38", "2010-03-31": "0.39", "2009-12-31": "0.31", "2009-09-30": "0.38", "2009-06-30": "0.31", "2009-03-31": "0.38", "2008-12-31": "0.40", "2008-09-30": "0.39", "2008-06-30": "0.35", "2008-03-31": "0.33", "2007-12-31": "0.39", "2007-09-30": "0.48", "2007-06-30": "0.55", "2007-03-31": "0.58", "2006-12-31": "0.61"}, "price book": {"current": "0.95", "2021-02-05": "0.97", "2020-09-30": "0.69", "2020-06-30": "0.78", "2020-03-31": "0.82", "2019-12-31": "1.02", "2019-09-30": "1.11", "2019-06-30": "0.98", "2019-03-31": "0.94", "2018-12-31": "1.01", "2018-09-30": "1.06", "2018-06-30": "0.97", "2018-03-31": "1.04", "2017-12-31": "0.93", "2017-09-30": "0.83", "2017-06-30": "0.83", "2017-03-31": "0.88", "2016-12-31": "0.83", "2016-09-30": "0.76", "2016-06-30": "0.84", "2016-03-31": "0.83", "2015-12-31": "0.89", "2015-09-30": "0.75", "2015-06-30": "0.72", "2015-03-31": "0.67", "2014-12-31": "0.66", "2014-09-30": "0.64", "2014-06-30": "0.72", "2014-03-31": "0.72", "2013-12-31": "0.77", "2013-09-30": "0.69", "2013-06-30": "0.59", "2013-03-31": "0.56", "2012-12-31": "0.47", "2012-09-30": "0.39", "2012-06-30": "0.34", "2012-03-31": "0.42", "2011-12-31": "0.36", "2011-09-30": "0.33", "2011-06-30": "0.41", "2011-03-31": "0.43", "2010-12-31": "0.45", "2010-09-30": "0.43", "2010-06-30": "0.38", "2010-03-31": "0.39", "2009-12-31": "0.31", "2009-09-30": "0.37", "2009-06-30": "0.30", "2009-03-31": "0.34", "2008-12-31": "0.36", "2008-09-30": "0.34", "2008-06-30": "0.30", "2008-03-31": "0.30", "2007-12-31": "0.34", "2007-09-30": "0.41", "2007-06-30": "0.47", "2007-03-31": "0.49", "2006-12-31": "0.52", "2006-09-30": "0.50", "2006-06-30": "0.50", "2006-03-31": "0.51"}, "price fcf": {"2021-02-05": "", "2020-09-30": "$3.63", "2020-06-30": "$3.55", "2020-03-31": "$3.39", "2019-12-31": "$3.12", "2019-09-30": "$2.81", "2019-06-30": "$2.67", "2019-03-31": "$2.57", "2018-12-31": "$2.58", "2018-09-30": "$1.97", "2018-06-30": "$1.81", "2018-03-31": "$1.71", "2017-12-31": "$1.73", "2017-09-30": "$2.54", "2017-06-30": "$2.47", "2017-03-31": "$2.21", "2016-12-31": "$2.15", "2016-09-30": "$1.77", "2016-06-30": "$1.85", "2016-03-31": "$2.10", "2015-12-31": "$2.32", "2015-09-30": "$2.55", "2015-06-30": "$-0.17", "2015-03-31": "$-0.43", "2014-12-31": "$-0.61", "2014-09-30": "$-0.48", "2014-06-30": "$1.97", "2014-03-31": "$2.31", "2013-12-31": "$2.34", "2013-09-30": "$2.38", "2013-06-30": "$2.52", "2013-03-31": "$2.38", "2012-12-31": "$2.08", "2012-09-30": "$1.39", "2012-06-30": "$0.74", "2012-03-31": "$0.02", "2011-12-31": "$-0.37", "2011-09-30": "$-0.94", "2011-06-30": "$-0.97", "2011-03-31": "$-1.29", "2010-12-31": "$-1.17", "2010-09-30": "$-0.33", "2010-06-30": "$0.27", "2010-03-31": "$1.06", "2009-12-31": "$2.26", "2009-09-30": "$2.27", "2009-06-30": "$2.21", "2009-03-31": "$2.70", "2008-12-31": "$2.44", "2008-09-30": "$2.96", "2008-06-30": "$3.40", "2008-03-31": "$3.74", "2007-12-31": "$3.70", "2007-09-30": "$4.68", "2007-06-30": "$4.64", "2007-03-31": "$4.36", "2006-12-31": "$4.31"}, "net worth": {"value": "$5.88B"}, "current ratio": {"2020-12-31": "1.24", "2020-09-30": "0.45", "2020-06-30": "0.45", "2020-03-31": "0.45", "2019-12-31": "0.43", "2019-09-30": "0.45", "2019-06-30": "0.45", "2019-03-31": "0.43", "2018-12-31": "0.43", "2018-09-30": "0.44", "2018-06-30": "0.44", "2018-03-31": "0.43", "2017-12-31": "0.43", "2017-09-30": "0.43", "2017-06-30": "0.44", "2017-03-31": "0.42", "2016-12-31": "0.42", "2016-09-30": "0.43", "2016-06-30": "0.44", "2016-03-31": "0.42", "2015-12-31": "0.44", "2015-09-30": "0.45", "2015-06-30": "0.45", "2015-03-31": "0.44", "2014-12-31": "0.44", "2014-09-30": "0.46", "2014-06-30": "0.43", "2014-03-31": "0.42", "2013-12-31": "0.42", "2013-09-30": "0.44", "2013-06-30": "0.43", "2013-03-31": "0.43", "2012-12-31": "0.43", "2012-09-30": "0.44", "2012-06-30": "0.45", "2012-03-31": "0.45", "2011-12-31": "0.45", "2011-09-30": "0.45", "2011-06-30": "0.45", "2011-03-31": "0.45", "2010-12-31": "0.44", "2010-09-30": "0.38", "2010-06-30": "0.39", "2010-03-31": "0.39", "2009-12-31": "0.38", "2009-09-30": "0.39", "2009-06-30": "0.39", "2009-03-31": "0.39", "2008-12-31": "0.39", "2008-09-30": "0.40", "2008-06-30": "0.40", "2008-03-31": "0.41", "2007-12-31": "0.41", "2007-09-30": "0.44", "2007-06-30": "0.44", "2007-03-31": "0.45", "2006-12-31": "0.46", "2006-09-30": "0.48", "2006-06-30": "0.48", "2006-03-31": "0.48", "2005-12-31": "0.48", "2005-09-30": "0.46", "2005-06-30": "0.46", "2005-03-31": "0.45"}, "quick ratio": {"2020-12-31": "0.00", "2020-09-30": "0.00", "2020-06-30": "0.00", "2020-03-31": "0.00", "2019-12-31": "0.00", "2019-09-30": "0.00", "2019-06-30": "0.00", "2019-03-31": "0.00", "2018-12-31": "0.00", "2018-09-30": "0.00", "2018-06-30": "0.00", "2018-03-31": "0.00", "2017-12-31": "0.00", "2017-09-30": "0.00", "2017-06-30": "0.00", "2017-03-31": "0.00", "2016-12-31": "0.00", "2016-09-30": "0.00", "2016-06-30": "0.00", "2016-03-31": "0.00", "2015-12-31": "0.00", "2015-09-30": "0.00", "2015-06-30": "0.00", "2015-03-31": "0.00", "2014-12-31": "0.00", "2014-09-30": "0.00", "2014-06-30": "0.00", "2014-03-31": "0.00", "2013-12-31": "0.00", "2013-09-30": "0.00", "2013-06-30": "0.00", "2013-03-31": "0.00", "2012-12-31": "0.00", "2012-09-30": "0.00", "2012-06-30": "0.00", "2012-03-31": "0.00", "2011-12-31": "0.00", "2011-09-30": "0.00", "2011-06-30": "0.00", "2011-03-31": "0.00", "2010-12-31": "0.00", "2010-09-30": "0.00", "2010-06-30": "0.00", "2010-03-31": "0.00", "2009-12-31": "0.00", "2009-09-30": "0.00", "2009-06-30": "0.00", "2009-03-31": "0.00", "2008-12-31": "0.00", "2008-09-30": "0.00", "2008-06-30": "0.00", "2008-03-31": "0.00", "2007-12-31": "0.00", "2007-09-30": "0.00", "2007-06-30": "0.00", "2007-03-31": "0.00", "2006-12-31": "0.00", "2006-09-30": "0.00", "2006-06-30": "0.00", "2006-03-31": "0.00", "2005-12-31": "0.00", "2005-09-30": "0.00", "2005-06-30": "0.00", "2005-03-31": "0.00"}, "debt equity ratio": {"current": "0.16", "2020-12-31": "2.69", "2020-09-30": "2.66", "2020-06-30": "2.70", "2020-03-31": "2.96", "2019-12-31": "2.51", "2019-09-30": "2.66", "2019-06-30": "2.56", "2019-03-31": "2.58", "2018-12-31": "2.76", "2018-09-30": "2.73", "2018-06-30": "2.81", "2018-03-31": "2.76", "2017-12-31": "3.10", "2017-09-30": "3.18", "2017-06-30": "3.15", "2017-03-31": "3.11", "2016-12-31": "3.17", "2016-09-30": "3.23", "2016-06-30": "3.11", "2016-03-31": "3.21", "2015-12-31": "3.41", "2015-09-30": "3.50", "2015-06-30": "3.39", "2015-03-31": "3.29", "2014-12-31": "3.33", "2014-09-30": "3.33", "2014-06-30": "3.35", "2014-03-31": "3.35", "2013-12-31": "3.38", "2013-09-30": "3.45", "2013-06-30": "3.55", "2013-03-31": "3.47", "2012-12-31": "3.51", "2012-09-30": "3.39", "2012-06-30": "3.28", "2012-03-31": "3.28", "2011-12-31": "3.26", "2011-09-30": "3.18", "2011-06-30": "3.05", "2011-03-31": "3.03", "2010-12-31": "2.85", "2010-09-30": "2.47", "2010-06-30": "2.51", "2010-03-31": "2.56", "2009-12-31": "2.65", "2009-09-30": "2.67", "2009-06-30": "2.66", "2009-03-31": "2.65", "2008-12-31": "2.55", "2008-09-30": "2.37", "2008-06-30": "2.23", "2008-03-31": "2.03", "2007-12-31": "1.93", "2007-09-30": "1.89", "2007-06-30": "1.81", "2007-03-31": "1.86", "2006-12-31": "1.89", "2006-09-30": "1.81", "2006-06-30": "1.82", "2006-03-31": "1.86", "2005-12-31": "1.87", "2005-09-30": "1.75", "2005-06-30": "1.71", "2005-03-31": "1.75"}, "return on equity": {"2020-12-31": "9.61%", "2020-09-30": "5.46%", "2020-06-30": "4.77%", "2020-03-31": "0.70%", "2019-12-31": "18.10%", "2019-09-30": "12.00%", "2019-06-30": "13.57%", "2019-03-31": "14.68%", "2018-12-31": "7.20%", "2018-09-30": "15.39%", "2018-06-30": "11.18%", "2018-03-31": "9.43%", "2017-12-31": "11.99%", "2017-09-30": "8.52%", "2017-06-30": "10.08%", "2017-03-31": "10.22%", "2016-12-31": "10.72%", "2016-09-30": "10.11%", "2016-06-30": "10.85%", "2016-03-31": "11.18%", "2015-12-31": "10.76%", "2015-09-30": "10.02%", "2015-06-30": "8.96%", "2015-03-31": "8.04%", "2014-12-31": "10.44%", "2014-09-30": "11.37%", "2014-06-30": "11.97%", "2014-03-31": "15.69%", "2013-12-31": "12.15%", "2013-09-30": "9.14%", "2013-06-30": "5.91%", "2013-03-31": "-0.35%", "2012-12-31": "-1.87%", "2012-09-30": "0.16%", "2012-06-30": "-2.55%", "2012-03-31": "-3.34%", "2011-12-31": "-3.61%", "2011-09-30": "-5.23%", "2011-06-30": "-3.24%", "2011-03-31": "-0.20%", "2010-12-31": "0.74%", "2010-09-30": "0.15%", "2010-06-30": "1.32%", "2010-03-31": "-0.54%", "2009-12-31": "-2.63%", "2009-09-30": "-5.05%", "2009-06-30": "-6.51%", "2009-03-31": "-15.47%", "2008-12-31": "-13.90%", "2008-09-30": "-9.76%", "2008-06-30": "-7.64%", "2008-03-31": "3.22%", "2007-12-31": "6.01%", "2007-09-30": "7.97%", "2007-06-30": "10.05%", "2007-03-31": "10.55%", "2006-12-31": "11.02%", "2006-09-30": "12.17%", "2006-06-30": "12.45%", "2006-03-31": "13.60%", "2005-12-31": "13.69%"}, "return on assets": {"2020-12-31": "2.57%", "2020-09-30": "1.48%", "2020-06-30": "1.29%", "2020-03-31": "0.19%", "2019-12-31": "5.06%", "2019-09-30": "3.30%", "2019-06-30": "3.72%", "2019-03-31": "3.95%", "2018-12-31": "1.91%", "2018-09-30": "4.00%", "2018-06-30": "2.82%", "2018-03-31": "2.33%", "2017-12-31": "2.90%", "2017-09-30": "2.05%", "2017-06-30": "2.42%", "2017-03-31": "2.46%", "2016-12-31": "2.56%", "2016-09-30": "2.39%", "2016-06-30": "2.53%", "2016-03-31": "2.56%", "2015-12-31": "2.45%", "2015-09-30": "2.29%", "2015-06-30": "2.07%", "2015-03-31": "1.86%", "2014-12-31": "2.41%", "2014-09-30": "2.61%", "2014-06-30": "2.73%", "2014-03-31": "3.54%", "2013-12-31": "2.72%", "2013-09-30": "2.03%", "2013-06-30": "1.32%", "2013-03-31": "-0.08%", "2012-12-31": "-0.43%", "2012-09-30": "0.04%", "2012-06-30": "-0.60%", "2012-03-31": "-0.80%", "2011-12-31": "-0.88%", "2011-09-30": "-1.30%", "2011-06-30": "-0.84%", "2011-03-31": "-0.05%", "2010-12-31": "0.21%", "2010-09-30": "0.04%", "2010-06-30": "0.37%", "2010-03-31": "-0.15%", "2009-12-31": "-0.72%", "2009-09-30": "-1.39%", "2009-06-30": "-1.83%", "2009-03-31": "-4.49%", "2008-12-31": "-4.23%", "2008-09-30": "-3.12%", "2008-06-30": "-2.54%", "2008-03-31": "1.11%", "2007-12-31": "2.09%", "2007-09-30": "2.79%", "2007-06-30": "3.54%", "2007-03-31": "3.71%", "2006-12-31": "3.88%", "2006-09-30": "4.29%", "2006-06-30": "4.41%", "2006-03-31": "4.87%", "2005-12-31": "4.94%"}, "return on investments": {"2020-12-31": "11.01%", "2020-09-30": "6.65%", "2020-06-30": "5.89%", "2020-03-31": "1.47%", "2019-12-31": "20.40%", "2019-09-30": "13.63%", "2019-06-30": "15.15%", "2019-03-31": "16.29%", "2018-12-31": "8.14%", "2018-09-30": "16.20%", "2018-06-30": "11.88%", "2018-03-31": "10.30%", "2017-12-31": "13.06%", "2017-09-30": "10.56%", "2017-06-30": "12.29%", "2017-03-31": "12.66%", "2016-12-31": "13.43%", "2016-09-30": "13.17%", "2016-06-30": "14.26%", "2016-03-31": "14.62%", "2015-12-31": "14.18%", "2015-09-30": "13.03%", "2015-06-30": "11.60%", "2015-03-31": "10.65%", "2014-12-31": "13.88%", "2014-09-30": "15.33%", "2014-06-30": "16.52%", "2014-03-31": "21.45%", "2013-12-31": "16.70%", "2013-09-30": "12.70%", "2013-06-30": "8.46%", "2013-03-31": "0.09%", "2012-12-31": "-1.75%", "2012-09-30": "1.03%", "2012-06-30": "-1.91%", "2012-03-31": "-2.78%", "2011-12-31": "-3.26%", "2011-09-30": "-5.39%", "2011-06-30": "-3.34%", "2011-03-31": "0.44%", "2010-12-31": "1.61%", "2010-09-30": "0.46%", "2010-06-30": "1.26%", "2010-03-31": "-2.64%", "2009-12-31": "-5.84%", "2009-09-30": "-9.09%", "2009-06-30": "-10.50%", "2009-03-31": "-21.35%", "2008-12-31": "-19.35%", "2008-09-30": "-13.80%", "2008-06-30": "-10.92%", "2008-03-31": "4.32%", "2007-12-31": "8.58%", "2007-09-30": "11.53%", "2007-06-30": "14.66%", "2007-03-31": "15.30%", "2006-12-31": "16.00%", "2006-09-30": "17.68%", "2006-06-30": "18.11%", "2006-03-31": "18.22%", "2005-12-31": "18.30%"}, "return on tangible equity": {"2020-09-30": "5.46%", "2020-06-30": "4.77%", "2020-03-31": "0.70%", "2019-12-31": "18.10%", "2019-09-30": "12.00%", "2019-06-30": "13.57%", "2019-03-31": "14.68%", "2018-12-31": "7.20%", "2018-09-30": "15.39%", "2018-06-30": "11.18%", "2018-03-31": "9.43%", "2017-12-31": "11.99%", "2017-09-30": "8.52%", "2017-06-30": "10.08%", "2017-03-31": "10.22%", "2016-12-31": "10.72%", "2016-09-30": "10.11%", "2016-06-30": "10.85%", "2016-03-31": "11.18%", "2015-12-31": "10.76%", "2015-09-30": "10.02%", "2015-06-30": "8.96%", "2015-03-31": "8.04%", "2014-12-31": "10.44%", "2014-09-30": "11.37%", "2014-06-30": "11.97%", "2014-03-31": "15.69%", "2013-12-31": "12.15%", "2013-09-30": "9.14%", "2013-06-30": "5.91%", "2013-03-31": "-0.35%", "2012-12-31": "-1.87%", "2012-09-30": "0.16%", "2012-06-30": "-2.55%", "2012-03-31": "-3.34%", "2011-12-31": "-3.61%", "2011-09-30": "-5.23%", "2011-06-30": "-3.24%", "2011-03-31": "-0.20%", "2010-12-31": "0.74%", "2010-09-30": "0.15%", "2010-06-30": "1.32%", "2010-03-31": "-0.54%", "2009-12-31": "-2.63%", "2009-09-30": "-5.05%", "2009-06-30": "-6.51%", "2009-03-31": "-15.47%", "2008-12-31": "-13.90%", "2008-09-30": "-9.76%", "2008-06-30": "-7.64%", "2008-03-31": "3.22%", "2007-12-31": "6.01%", "2007-09-30": "7.97%", "2007-06-30": "10.05%", "2007-03-31": "10.55%", "2006-12-31": "11.02%", "2006-09-30": "12.17%", "2006-06-30": "12.45%", "2006-03-31": "13.60%", "2005-12-31": "13.69%"}, "dividend yield history": {"last payout": "$0.84", "last yield": "4.34%"}}