{"ticker": "OLN", "price": {"title": "Olin Historical Annual Stock Price Data", "value": 27.26, "historical": {"2021": {"Average Stock Price": "26.1933", "Year Open": "24.2800", "Year High": "28.0700", "Year Low": "23.8500", "Year Close": "27.2600", "Annual % Change": "10.99%"}, "2020": {"Average Stock Price": "14.9512", "Year Open": "17.0900", "Year High": "26.1500", "Year Low": "9.3400", "Year Close": "24.5600", "Annual % Change": "42.38%"}, "2019": {"Average Stock Price": "20.6863", "Year Open": "20.6800", "Year High": "27.1200", "Year Low": "15.4100", "Year Close": "17.2500", "Annual % Change": "-14.22%"}, "2018": {"Average Stock Price": "28.9202", "Year Open": "36.6200", "Year High": "38.6000", "Year Low": "18.0900", "Year Close": "20.1100", "Annual % Change": "-43.48%"}, "2017": {"Average Stock Price": "31.8358", "Year Open": "25.9800", "Year High": "37.1500", "Year Low": "25.9800", "Year Close": "35.5800", "Annual % Change": "38.93%"}, "2016": {"Average Stock Price": "20.6181", "Year Open": "17.5800", "Year High": "26.8300", "Year Low": "12.7800", "Year Close": "25.6100", "Annual % Change": "48.38%"}, "2015": {"Average Stock Price": "24.1662", "Year Open": "23.0000", "Year High": "32.4100", "Year Low": "15.8200", "Year Close": "17.2600", "Annual % Change": "-24.20%"}, "2014": {"Average Stock Price": "26.3742", "Year Open": "28.5000", "Year High": "28.7600", "Year Low": "21.2200", "Year Close": "22.7700", "Annual % Change": "-21.07%"}, "2013": {"Average Stock Price": "24.1207", "Year Open": "21.9900", "Year High": "29.0300", "Year Low": "21.9900", "Year Close": "28.8500", "Annual % Change": "33.63%"}, "2012": {"Average Stock Price": "21.1022", "Year Open": "20.0600", "Year High": "23.1900", "Year Low": "18.5100", "Year Close": "21.5900", "Annual % Change": "9.87%"}, "2011": {"Average Stock Price": "20.6884", "Year Open": "20.6000", "Year High": "26.4000", "Year Low": "16.7100", "Year Close": "19.6500", "Annual % Change": "-4.24%"}, "2010": {"Average Stock Price": "19.2224", "Year Open": "18.1400", "Year High": "22.3300", "Year Low": "15.4000", "Year Close": "20.5200", "Annual % Change": "17.12%"}, "2009": {"Average Stock Price": "14.7564", "Year Open": "18.1700", "Year High": "19.3000", "Year Low": "9.0500", "Year Close": "17.5200", "Annual % Change": "-3.10%"}, "2008": {"Average Stock Price": "20.9645", "Year Open": "18.8500", "Year High": "30.1400", "Year Low": "12.6000", "Year Close": "18.0800", "Annual % Change": "-6.47%"}, "2007": {"Average Stock Price": "19.3770", "Year Open": "16.7700", "Year High": "23.5200", "Year Low": "16.1400", "Year Close": "19.3300", "Annual % Change": "17.01%"}, "2006": {"Average Stock Price": "18.1353", "Year Open": "19.9600", "Year High": "22.5100", "Year Low": "14.4600", "Year Close": "16.5200", "Annual % Change": "-16.06%"}, "2005": {"Average Stock Price": "19.9706", "Year Open": "21.5400", "Year High": "25.0000", "Year Low": "17.1500", "Year Close": "19.6800", "Annual % Change": "-10.63%"}, "2004": {"Average Stock Price": "18.4217", "Year Open": "20.1100", "Year High": "22.7900", "Year Low": "15.5000", "Year Close": "22.0200", "Annual % Change": "9.77%"}, "2003": {"Average Stock Price": "17.5065", "Year Open": "16.0000", "Year High": "20.4700", "Year Low": "15.1700", "Year Close": "20.0600", "Annual % Change": "29.00%"}, "2002": {"Average Stock Price": "17.3616", "Year Open": "15.7000", "Year High": "22.1500", "Year Low": "14.0100", "Year Close": "15.5500", "Annual % Change": "-3.66%"}, "2001": {"Average Stock Price": "17.6747", "Year Open": "20.3800", "Year High": "22.5300", "Year Low": "12.2100", "Year Close": "16.1400", "Annual % Change": "-27.07%"}, "2000": {"Average Stock Price": "17.2216", "Year Open": "18.9400", "Year High": "23.0600", "Year Low": "14.5000", "Year Close": "22.1300", "Annual % Change": "11.71%"}, "1999": {"Average Stock Price": "15.0426", "Year Open": "28.7500", "Year High": "29.1300", "Year Low": "9.6880", "Year Close": "19.8100", "Annual % Change": "-30.02%"}, "1998": {"Average Stock Price": "38.1019", "Year Open": "45.6900", "Year High": "48.6900", "Year Low": "25.0600", "Year Close": "28.3100", "Annual % Change": "-39.61%"}, "1997": {"Average Stock Price": "42.6191", "Year Open": "37.5000", "Year High": "51.2500", "Year Low": "35.3800", "Year Close": "46.8800", "Annual % Change": "24.58%"}, "1996": {"Average Stock Price": "42.1356", "Year Open": "37.7500", "Year High": "47.5000", "Year Low": "34.9375", "Year Close": "37.6300", "Annual % Change": "1.36%"}, "1995": {"Average Stock Price": "29.7131", "Year Open": "25.8150", "Year High": "38.5000", "Year Low": "24.3150", "Year Close": "37.1250", "Annual % Change": "44.17%"}, "1994": {"Average Stock Price": "26.2885", "Year Open": "24.1900", "Year High": "30.0650", "Year Low": "23.1250", "Year Close": "25.7500", "Annual % Change": "4.29%"}, "1993": {"Average Stock Price": "22.0802", "Year Open": "22.8150", "Year High": "25.0000", "Year Low": "20.0650", "Year Close": "24.6900", "Annual % Change": "7.93%"}, "1992": {"Average Stock Price": "22.7547", "Year Open": "20.0650", "Year High": "27.1250", "Year Low": "18.8150", "Year Close": "22.8750", "Annual % Change": "13.30%"}, "1991": {"Average Stock Price": "22.8111", "Year Open": "18.5000", "Year High": "26.8150", "Year Low": "16.7500", "Year Close": "20.1900", "Annual % Change": "6.97%"}, "1990": {"Average Stock Price": "23.3354", "Year Open": "29.8150", "Year High": "30.2500", "Year Low": "14.0650", "Year Close": "18.8750", "Annual % Change": "-37.08%"}, "1989": {"Average Stock Price": "28.5341", "Year Open": "24.9350", "Year High": "34.1250", "Year Low": "24.7500", "Year Close": "30.0000", "Annual % Change": "17.65%"}, "1988": {"Average Stock Price": "23.7049", "Year Open": "20.8750", "Year High": "29.0000", "Year Low": "20.1250", "Year Close": "25.5000", "Annual % Change": "21.43%"}}}, "market cap": {"value": "$4.3B"}, "income statement": {"Revenue": {"2020-12-31": "5758.00000", "2019-12-31": "6110.00000", "2018-12-31": "6946.10000", "2017-12-31": "6268.40000", "2016-12-31": "5550.60000", "2015-12-31": "2854.40000", "2014-12-31": "2241.20000", "2013-12-31": "2515.00000", "2012-12-31": "2184.70000", "2011-12-31": "1961.10000", "2010-12-31": "1585.90000", "2009-12-31": "1531.50000", "2008-12-31": "1764.50000", "2007-12-31": "1276.80000", "2006-12-31": "1039.70000", "2005-12-31": "955.00000"}, "Cost Of Goods Sold": {"2020-12-31": "5374.60000", "2019-12-31": "5439.20000", "2018-12-31": "5822.10000", "2017-12-31": "5554.90000", "2016-12-31": "4944.50000", "2015-12-31": "2486.80000", "2014-12-31": "1853.20000", "2013-12-31": "2033.70000", "2012-12-31": "1748.00000", "2011-12-31": "1573.90000", "2010-12-31": "1349.90000", "2009-12-31": "1222.70000", "2008-12-31": "1377.20000", "2007-12-31": "1035.50000", "2006-12-31": "792.20000", "2005-12-31": "681.80000"}, "Gross Profit": {"2020-12-31": "383.39990", "2019-12-31": "670.79980", "2018-12-31": "1124.00000", "2017-12-31": "713.50000", "2016-12-31": "606.10010", "2015-12-31": "367.59990", "2014-12-31": "388.00000", "2013-12-31": "481.30000", "2012-12-31": "436.70000", "2011-12-31": "387.20000", "2010-12-31": "236.00000", "2009-12-31": "308.80000", "2008-12-31": "387.30000", "2007-12-31": "241.30000", "2006-12-31": "247.49990", "2005-12-31": "273.20000"}, "Research And Development Expenses": {"2020-12-31": "", "2019-12-31": "", "2018-12-31": "", "2017-12-31": "", "2016-12-31": "", "2015-12-31": "", "2014-12-31": "", "2013-12-31": "", "2012-12-31": "", "2011-12-31": "", "2010-12-31": "", "2009-12-31": "", "2008-12-31": "", "2007-12-31": "", "2006-12-31": "", "2005-12-31": ""}, "SG&A Expenses": {"2020-12-31": "422.00000", "2019-12-31": "416.90000", "2018-12-31": "430.60000", "2017-12-31": "369.80000", "2016-12-31": "347.20000", "2015-12-31": "186.30000", "2014-12-31": "166.10000", "2013-12-31": "190.00000", "2012-12-31": "168.60000", "2011-12-31": "160.60000", "2010-12-31": "134.40000", "2009-12-31": "135.30000", "2008-12-31": "137.30000", "2007-12-31": "129.20000", "2006-12-31": "128.70000", "2005-12-31": "128.40000"}, "Other Operating Income Or Expenses": {"2020-12-31": "0.70000", "2019-12-31": "0.40000", "2018-12-31": "6.40000", "2017-12-31": "3.30000", "2016-12-31": "10.60000", "2015-12-31": "45.70000", "2014-12-31": "1.50000", "2013-12-31": "0.70000", "2012-12-31": "7.60000", "2011-12-31": "8.80000", "2010-12-31": "2.50000", "2009-12-31": "9.10000", "2008-12-31": "1.20000", "2007-12-31": "1.90000", "2006-12-31": "6.70000", "2005-12-31": "9.10000"}, "Operating Expenses": {"2020-12-31": "6504.70000", "2019-12-31": "5932.20000", "2018-12-31": "6269.20000", "2017-12-31": "5971.80000", "2016-12-31": "5442.80000", "2015-12-31": "2753.50000", "2014-12-31": "2037.70000", "2013-12-31": "2228.50000", "2012-12-31": "1925.80000", "2011-12-31": "1737.20000", "2010-12-31": "1516.00000", "2009-12-31": "1348.90000", "2008-12-31": "1513.30000", "2007-12-31": "1162.80000", "2006-12-31": "914.20000", "2005-12-31": "801.10000"}, "Operating Income": {"2020-12-31": "-746.69970", "2019-12-31": "177.79980", "2018-12-31": "676.89990", "2017-12-31": "296.60010", "2016-12-31": "107.79980", "2015-12-31": "100.89970", "2014-12-31": "203.50000", "2013-12-31": "286.50000", "2012-12-31": "258.89990", "2011-12-31": "223.90000", "2010-12-31": "69.90000", "2009-12-31": "182.60000", "2008-12-31": "251.20000", "2007-12-31": "114.00010", "2006-12-31": "125.49990", "2005-12-31": "153.90000"}, "Total Non-Operating Income/Expense": {"2020-12-31": "-273.30000", "2019-12-31": "-214.70000", "2018-12-31": "-239.60000", "2017-12-31": "-179.40000", "2016-12-31": "-142.00000", "2015-12-31": "-94.20000", "2014-12-31": "-40.80000", "2013-12-31": "-36.50000", "2012-12-31": "-33.70000", "2011-12-31": "155.50000", "2010-12-31": "7.00000", "2009-12-31": "27.30000", "2008-12-31": "6.30000", "2007-12-31": "36.70000", "2006-12-31": "37.70000", "2005-12-31": "37.40000"}, "Pre-Tax Income": {"2020-12-31": "-1020.00000", "2019-12-31": "-36.90000", "2018-12-31": "437.30000", "2017-12-31": "117.20000", "2016-12-31": "-34.20000", "2015-12-31": "6.70000", "2014-12-31": "162.70000", "2013-12-31": "250.00000", "2012-12-31": "225.20000", "2011-12-31": "379.40000", "2010-12-31": "76.90000", "2009-12-31": "209.90000", "2008-12-31": "257.50000", "2007-12-31": "150.70000", "2006-12-31": "163.20000", "2005-12-31": "191.30000"}, "Income Taxes": {"2020-12-31": "-50.10000", "2019-12-31": "-25.60000", "2018-12-31": "109.40000", "2017-12-31": "-432.30000", "2016-12-31": "-30.30000", "2015-12-31": "8.10000", "2014-12-31": "57.70000", "2013-12-31": "71.40000", "2012-12-31": "75.60000", "2011-12-31": "137.70000", "2010-12-31": "12.10000", "2009-12-31": "74.20000", "2008-12-31": "99.80000", "2007-12-31": "49.90000", "2006-12-31": "39.50000", "2005-12-31": "73.50000"}, "Income After Taxes": {"2020-12-31": "-969.90000", "2019-12-31": "-11.30000", "2018-12-31": "327.90000", "2017-12-31": "549.50000", "2016-12-31": "-3.90000", "2015-12-31": "-1.40000", "2014-12-31": "105.00000", "2013-12-31": "178.60000", "2012-12-31": "149.60000", "2011-12-31": "241.70000", "2010-12-31": "64.80000", "2009-12-31": "135.70000", "2008-12-31": "157.70000", "2007-12-31": "100.80000", "2006-12-31": "123.70000", "2005-12-31": "117.80000"}, "Other Income": {"2020-12-31": "", "2019-12-31": "", "2018-12-31": "", "2017-12-31": "", "2016-12-31": "", "2015-12-31": "", "2014-12-31": "", "2013-12-31": "", "2012-12-31": "", "2011-12-31": "", "2010-12-31": "", "2009-12-31": "", "2008-12-31": "", "2007-12-31": "", "2006-12-31": "", "2005-12-31": ""}, "Income From Continuous Operations": {"2020-12-31": "-969.90000", "2019-12-31": "-11.30000", "2018-12-31": "327.90000", "2017-12-31": "549.50000", "2016-12-31": "-3.90000", "2015-12-31": "-1.40000", "2014-12-31": "105.00000", "2013-12-31": "178.60000", "2012-12-31": "149.60000", "2011-12-31": "241.70000", "2010-12-31": "64.80000", "2009-12-31": "135.70000", "2008-12-31": "157.70000", "2007-12-31": "100.80000", "2006-12-31": "123.70000", "2005-12-31": "117.80000"}, "Income From Discontinued Operations": {"2020-12-31": "", "2019-12-31": "", "2018-12-31": "", "2017-12-31": "", "2016-12-31": "", "2015-12-31": "", "2014-12-31": "0.70000", "2013-12-31": "", "2012-12-31": "", "2011-12-31": "", "2010-12-31": "", "2009-12-31": "", "2008-12-31": "", "2007-12-31": "-110.00000", "2006-12-31": "26.00000", "2005-12-31": "21.10000"}, "Net Income": {"2020-12-31": "-969.90000", "2019-12-31": "-11.30000", "2018-12-31": "327.90000", "2017-12-31": "549.50000", "2016-12-31": "-3.90000", "2015-12-31": "-1.40000", "2014-12-31": "105.70000", "2013-12-31": "178.60000", "2012-12-31": "149.60000", "2011-12-31": "241.70000", "2010-12-31": "64.80000", "2009-12-31": "135.70000", "2008-12-31": "157.70000", "2007-12-31": "-9.20000", "2006-12-31": "149.70000", "2005-12-31": "133.30000"}, "EBITDA": {"2020-12-31": "521.50020", "2019-12-31": "775.19980", "2018-12-31": "1278.30000", "2017-12-31": "855.50010", "2016-12-31": "641.29980", "2015-12-31": "329.79970", "2014-12-31": "342.60000", "2013-12-31": "421.80000", "2012-12-31": "369.79990", "2011-12-31": "323.20000", "2010-12-31": "156.80000", "2009-12-31": "254.30000", "2008-12-31": "320.80000", "2007-12-31": "162.00010", "2006-12-31": "163.29990", "2005-12-31": "189.90000"}, "EBIT": {"2020-12-31": "-746.69970", "2019-12-31": "177.79980", "2018-12-31": "676.89990", "2017-12-31": "296.60010", "2016-12-31": "107.79980", "2015-12-31": "100.89970", "2014-12-31": "203.50000", "2013-12-31": "286.50000", "2012-12-31": "258.89990", "2011-12-31": "223.90000", "2010-12-31": "69.90000", "2009-12-31": "182.60000", "2008-12-31": "251.20000", "2007-12-31": "114.00010", "2006-12-31": "125.49990", "2005-12-31": "153.90000"}, "Basic Shares Outstanding": {"2020-12-31": "157.90000", "2019-12-31": "162.30000", "2018-12-31": "166.80000", "2017-12-31": "166.20000", "2016-12-31": "165.20000", "2015-12-31": "103.40000", "2014-12-31": "78.60000", "2013-12-31": "79.90000", "2012-12-31": "80.10000", "2011-12-31": "80.00000", "2010-12-31": "79.20000", "2009-12-31": "78.10000", "2008-12-31": "75.80000", "2007-12-31": "74.00000", "2006-12-31": "72.60000", "2005-12-31": "71.30000"}, "Shares Outstanding": {"2020-12-31": "157.90000", "2019-12-31": "162.30000", "2018-12-31": "168.40000", "2017-12-31": "168.50000", "2016-12-31": "165.20000", "2015-12-31": "103.40000", "2014-12-31": "79.70000", "2013-12-31": "80.90000", "2012-12-31": "81.00000", "2011-12-31": "80.80000", "2010-12-31": "79.90000", "2009-12-31": "78.30000", "2008-12-31": "76.10000", "2007-12-31": "74.30000", "2006-12-31": "72.80000", "2005-12-31": "71.60000"}, "Basic EPS": {"2020-12-31": "-6.14000", "2019-12-31": "-0.07000", "2018-12-31": "1.97000", "2017-12-31": "3.31000", "2016-12-31": "-0.02000", "2015-12-31": "-0.01000", "2014-12-31": "1.34000", "2013-12-31": "2.24000", "2012-12-31": "1.87000", "2011-12-31": "3.02000", "2010-12-31": "0.82000", "2009-12-31": "1.74000", "2008-12-31": "2.08000", "2007-12-31": "-0.12000", "2006-12-31": "2.06000", "2005-12-31": "1.87000"}, "EPS - Earnings Per Share": {"2020-12-31": "-6.14000", "2019-12-31": "-0.07000", "2018-12-31": "1.95000", "2017-12-31": "3.26000", "2016-12-31": "-0.02000", "2015-12-31": "-0.01000", "2014-12-31": "1.33000", "2013-12-31": "2.21000", "2012-12-31": "1.85000", "2011-12-31": "2.99000", "2010-12-31": "0.81000", "2009-12-31": "1.73000", "2008-12-31": "2.07000", "2007-12-31": "-0.12000", "2006-12-31": "2.06000", "2005-12-31": "1.86000"}}, "income statement, quarterly": {"Revenue": {"2020-12-31": "1654.10000", "2020-09-30": "1437.60000", "2020-06-30": "1241.20000", "2020-03-31": "1425.10000", "2019-12-31": "1387.10000", "2019-09-30": "1576.60000", "2019-06-30": "1592.90000", "2019-03-31": "1553.40000", "2018-12-31": "1635.00000", "2018-09-30": "1872.40000", "2018-06-30": "1728.40000", "2018-03-31": "1710.30000", "2017-12-31": "1619.90000", "2017-09-30": "1554.90000", "2017-06-30": "1526.50000", "2017-03-31": "1567.10000", "2016-12-31": "1385.70000", "2016-09-30": "1452.70000", "2016-06-30": "1364.00000", "2016-03-31": "1348.20000", "2015-12-31": "1267.40000", "2015-09-30": "533.60000", "2015-06-30": "535.40000", "2015-03-31": "518.00000", "2014-12-31": "499.79990", "2014-09-30": "593.60000", "2014-06-30": "570.40000", "2014-03-31": "577.40000", "2013-12-31": "562.10010", "2013-09-30": "670.70000", "2013-06-30": "652.20000", "2013-03-31": "630.00000", "2012-12-31": "587.60000", "2012-09-30": "581.20000", "2012-06-30": "508.70000", "2012-03-31": "507.20000", "2011-12-31": "445.79990", "2011-09-30": "550.20000", "2011-06-30": "529.10000", "2011-03-31": "436.00000", "2010-12-31": "385.40010", "2010-09-30": "432.80000", "2010-06-30": "405.70000", "2010-03-31": "362.00000", "2009-12-31": "350.90000", "2009-09-30": "397.00000", "2009-06-30": "383.00000", "2009-03-31": "400.60000", "2008-12-31": "434.20000", "2008-09-30": "502.90000", "2008-06-30": "428.30000", "2008-03-31": "399.10000", "2007-12-31": "404.80000", "2007-09-30": "350.30000", "2007-06-30": "266.20000", "2007-03-31": "255.50000", "2006-12-31": "247.10000", "2006-09-30": "273.70000", "2006-06-30": "826.40000", "2006-03-31": "725.10000", "2005-12-31": "604.10000", "2005-09-30": "599.00000", "2005-06-30": "593.70000", "2005-03-31": "560.90000"}, "Cost Of Goods Sold": {"2020-12-31": "1457.30000", "2020-09-30": "1307.40000", "2020-06-30": "1235.70000", "2020-03-31": "1374.20000", "2019-12-31": "1270.60000", "2019-09-30": "1357.60000", "2019-06-30": "1463.70000", "2019-03-31": "1347.30000", "2018-12-31": "1391.00000", "2018-09-30": "1441.70000", "2018-06-30": "1460.70000", "2018-03-31": "1528.70000", "2017-12-31": "1400.20000", "2017-09-30": "1349.30000", "2017-06-30": "1407.90000", "2017-03-31": "1397.50000", "2016-12-31": "1247.80000", "2016-09-30": "1284.40000", "2016-06-30": "1236.90000", "2016-03-31": "1175.40000", "2015-12-31": "1148.10000", "2015-09-30": "460.00000", "2015-06-30": "445.50000", "2015-03-31": "433.20000", "2014-12-31": "421.89990", "2014-09-30": "492.30000", "2014-06-30": "463.60000", "2014-03-31": "475.40000", "2013-12-31": "469.70000", "2013-09-30": "528.50000", "2013-06-30": "531.10000", "2013-03-31": "504.40000", "2012-12-31": "487.89990", "2012-09-30": "475.80000", "2012-06-30": "391.40000", "2012-03-31": "392.90000", "2011-12-31": "368.29990", "2011-09-30": "432.70000", "2011-06-30": "413.70000", "2011-03-31": "359.20000", "2010-12-31": "323.20000", "2010-09-30": "366.50000", "2010-06-30": "347.70000", "2010-03-31": "312.50000", "2009-12-31": "288.09990", "2009-09-30": "316.40000", "2009-06-30": "312.00000", "2009-03-31": "306.20000", "2008-12-31": "335.99990", "2008-09-30": "380.00000", "2008-06-30": "347.20000", "2008-03-31": "314.00000", "2007-12-31": "334.60000", "2007-09-30": "281.80000", "2007-06-30": "211.90000", "2007-03-31": "207.20000", "2006-12-31": "197.90000", "2006-09-30": "213.00000", "2006-06-30": "741.20000", "2006-03-31": "618.90000", "2005-12-31": "514.00000", "2005-09-30": "505.40000", "2005-06-30": "505.50000", "2005-03-31": "473.90000"}, "Gross Profit": {"2020-12-31": "196.79990", "2020-09-30": "130.20000", "2020-06-30": "5.50000", "2020-03-31": "50.90000", "2019-12-31": "116.49990", "2019-09-30": "219.00000", "2019-06-30": "129.20010", "2019-03-31": "206.10000", "2018-12-31": "243.99980", "2018-09-30": "430.70010", "2018-06-30": "267.70010", "2018-03-31": "181.60010", "2017-12-31": "219.70030", "2017-09-30": "205.60000", "2017-06-30": "118.60000", "2017-03-31": "169.60000", "2016-12-31": "137.90030", "2016-09-30": "168.29990", "2016-06-30": "127.10000", "2016-03-31": "172.79990", "2015-12-31": "119.29970", "2015-09-30": "73.60000", "2015-06-30": "89.90000", "2015-03-31": "84.80000", "2014-12-31": "77.90000", "2014-09-30": "101.30000", "2014-06-30": "106.80000", "2014-03-31": "102.00000", "2013-12-31": "92.40010", "2013-09-30": "142.20000", "2013-06-30": "121.10000", "2013-03-31": "125.60000", "2012-12-31": "99.70010", "2012-09-30": "105.40000", "2012-06-30": "117.30000", "2012-03-31": "114.30000", "2011-12-31": "77.50000", "2011-09-30": "117.50000", "2011-06-30": "115.40000", "2011-03-31": "76.80000", "2010-12-31": "62.20010", "2010-09-30": "66.30000", "2010-06-30": "58.00000", "2010-03-31": "49.50000", "2009-12-31": "62.80010", "2009-09-30": "80.60000", "2009-06-30": "71.00000", "2009-03-31": "94.40000", "2008-12-31": "98.20000", "2008-09-30": "122.90000", "2008-06-30": "81.10000", "2008-03-31": "85.10000", "2007-12-31": "70.20000", "2007-09-30": "68.50000", "2007-06-30": "54.30000", "2007-03-31": "48.30000", "2006-12-31": "49.20000", "2006-09-30": "60.70000", "2006-06-30": "85.20000", "2006-03-31": "106.20000", "2005-12-31": "90.10000", "2005-09-30": "93.60000", "2005-06-30": "88.20000", "2005-03-31": "87.00000"}, "Research And Development Expenses": {"2020-12-31": "", "2020-09-30": "", "2020-06-30": "", "2020-03-31": "", "2019-12-31": "", "2019-09-30": "", "2019-06-30": "", "2019-03-31": "", "2018-12-31": "", "2018-09-30": "", "2018-06-30": "", "2018-03-31": "", "2017-12-31": "", "2017-09-30": "", "2017-06-30": "", "2017-03-31": "", "2016-12-31": "", "2016-09-30": "", "2016-06-30": "", "2016-03-31": "", "2015-12-31": "", "2015-09-30": "", "2015-06-30": "", "2015-03-31": "", "2014-12-31": "", "2014-09-30": "", "2014-06-30": "", "2014-03-31": "", "2013-12-31": "", "2013-09-30": "", "2013-06-30": "", "2013-03-31": "", "2012-12-31": "", "2012-09-30": "", "2012-06-30": "", "2012-03-31": "", "2011-12-31": "", "2011-09-30": "", "2011-06-30": "", "2011-03-31": "", "2010-12-31": "", "2010-09-30": "", "2010-06-30": "", "2010-03-31": "", "2009-12-31": "", "2009-09-30": "", "2009-06-30": "", "2009-03-31": "", "2008-12-31": "", "2008-09-30": "", "2008-06-30": "", "2008-03-31": "", "2007-12-31": "", "2007-09-30": "", "2007-06-30": "", "2007-03-31": "", "2006-12-31": "", "2006-09-30": "", "2006-06-30": "1.10000", "2006-03-31": "1.20000", "2005-12-31": "1.10000", "2005-09-30": "1.00000", "2005-06-30": "0.90000", "2005-03-31": "1.20000"}, "SG&A Expenses": {"2020-12-31": "112.90000", "2020-09-30": "112.70000", "2020-06-30": "99.70000", "2020-03-31": "96.70000", "2019-12-31": "102.10000", "2019-09-30": "110.80000", "2019-06-30": "97.00000", "2019-03-31": "107.00000", "2018-12-31": "109.00000", "2018-09-30": "110.80000", "2018-06-30": "110.30000", "2018-03-31": "100.50000", "2017-12-31": "101.00000", "2017-09-30": "91.10000", "2017-06-30": "84.80000", "2017-03-31": "92.90000", "2016-12-31": "97.80000", "2016-09-30": "82.00000", "2016-06-30": "79.30000", "2016-03-31": "88.10000", "2015-12-31": "63.60000", "2015-09-30": "35.80000", "2015-06-30": "39.90000", "2015-03-31": "47.00000", "2014-12-31": "39.10000", "2014-09-30": "41.80000", "2014-06-30": "41.70000", "2014-03-31": "43.50000", "2013-12-31": "55.70000", "2013-09-30": "36.50000", "2013-06-30": "48.70000", "2013-03-31": "49.10000", "2012-12-31": "37.40000", "2012-09-30": "42.40000", "2012-06-30": "45.10000", "2012-03-31": "43.70000", "2011-12-31": "38.80000", "2011-09-30": "39.80000", "2011-06-30": "42.50000", "2011-03-31": "39.50000", "2010-12-31": "33.10000", "2010-09-30": "33.30000", "2010-06-30": "35.90000", "2010-03-31": "32.10000", "2009-12-31": "28.80000", "2009-09-30": "31.20000", "2009-06-30": "36.10000", "2009-03-31": "39.20000", "2008-12-31": "32.80000", "2008-09-30": "35.60000", "2008-06-30": "35.60000", "2008-03-31": "33.30000", "2007-12-31": "35.00000", "2007-09-30": "31.00000", "2007-06-30": "32.80000", "2007-03-31": "30.40000", "2006-12-31": "30.20000", "2006-09-30": "31.40000", "2006-06-30": "44.10000", "2006-03-31": "45.80000", "2005-12-31": "47.90000", "2005-09-30": "48.30000", "2005-06-30": "41.30000", "2005-03-31": "38.80000"}, "Other Operating Income Or Expenses": {"2020-12-31": "0.80000", "2020-09-30": "-0.20000", "2020-06-30": "0.10000", "2020-03-31": "", "2019-12-31": "0.10000", "2019-09-30": "0.10000", "2019-06-30": "0.10000", "2019-03-31": "0.10000", "2018-12-31": "", "2018-09-30": "-1.70000", "2018-06-30": "", "2018-03-31": "8.10000", "2017-12-31": "3.40000", "2017-09-30": "", "2017-06-30": "0.30000", "2017-03-31": "-0.40000", "2016-12-31": "0.10000", "2016-09-30": "-0.20000", "2016-06-30": "-0.20000", "2016-03-31": "10.90000", "2015-12-31": "3.60000", "2015-09-30": "-0.10000", "2015-06-30": "42.40000", "2015-03-31": "-0.20000", "2014-12-31": "0.70000", "2014-09-30": "", "2014-06-30": "0.90000", "2014-03-31": "-0.10000", "2013-12-31": "-0.60000", "2013-09-30": "-0.40000", "2013-06-30": "1.50000", "2013-03-31": "0.20000", "2012-12-31": "6.10000", "2012-09-30": "1.10000", "2012-06-30": "-0.10000", "2012-03-31": "0.50000", "2011-12-31": "2.90000", "2011-09-30": "4.30000", "2011-06-30": "0.20000", "2011-03-31": "1.40000", "2010-12-31": "-0.10000", "2010-09-30": "0.30000", "2010-06-30": "", "2010-03-31": "2.30000", "2009-12-31": "2.20000", "2009-09-30": "1.20000", "2009-06-30": "0.20000", "2009-03-31": "5.50000", "2008-12-31": "0.50000", "2008-09-30": "-0.30000", "2008-06-30": "0.40000", "2008-03-31": "0.60000", "2007-12-31": "1.40000", "2007-09-30": "0.30000", "2007-06-30": "0.20000", "2007-03-31": "", "2006-12-31": "6.00000", "2006-09-30": "", "2006-06-30": "0.70000", "2006-03-31": "", "2005-12-31": "0.00000", "2005-09-30": "0.90000", "2005-06-30": "", "2005-03-31": "8.20000"}, "Operating Expenses": {"2020-12-31": "1573.70000", "2020-09-30": "2121.40000", "2020-06-30": "1337.00000", "2020-03-31": "1472.60000", "2019-12-31": "1436.40000", "2019-09-30": "1473.20000", "2019-06-30": "1564.40000", "2019-03-31": "1458.20000", "2018-12-31": "1508.20000", "2018-09-30": "1557.90000", "2018-06-30": "1577.70000", "2018-03-31": "1625.40000", "2017-12-31": "1509.80000", "2017-09-30": "1450.70000", "2017-06-30": "1505.30000", "2017-03-31": "1506.00000", "2016-12-31": "1361.40100", "2016-09-30": "1384.90000", "2016-06-30": "1340.90000", "2016-03-31": "1355.60000", "2015-12-31": "1296.60000", "2015-09-30": "510.70000", "2015-06-30": "454.20000", "2015-03-31": "492.00000", "2014-12-31": "474.29990", "2014-09-30": "536.30000", "2014-06-30": "506.90000", "2014-03-31": "520.20000", "2013-12-31": "527.40000", "2013-09-30": "567.00000", "2013-06-30": "578.50000", "2013-03-31": "555.60000", "2012-12-31": "521.70010", "2012-09-30": "527.70000", "2012-06-30": "438.40000", "2012-03-31": "438.00000", "2011-12-31": "409.09990", "2011-09-30": "472.30000", "2011-06-30": "458.40000", "2011-03-31": "397.40000", "2010-12-31": "390.60000", "2010-09-30": "399.50000", "2010-06-30": "383.60000", "2010-03-31": "342.30000", "2009-12-31": "314.70000", "2009-09-30": "346.40000", "2009-06-30": "347.90000", "2009-03-31": "339.90000", "2008-12-31": "368.30000", "2008-09-30": "415.90000", "2008-06-30": "382.40000", "2008-03-31": "346.70000", "2007-12-31": "368.20000", "2007-09-30": "312.50000", "2007-06-30": "244.50000", "2007-03-31": "237.60000", "2006-12-31": "222.10000", "2006-09-30": "244.40000", "2006-06-30": "785.70000", "2006-03-31": "681.60000", "2005-12-31": "563.00000", "2005-09-30": "553.80000", "2005-06-30": "547.70000", "2005-03-31": "506.00000"}, "Operating Income": {"2020-12-31": "80.39990", "2020-09-30": "-683.79990", "2020-06-30": "-95.79990", "2020-03-31": "-47.49990", "2019-12-31": "-49.30010", "2019-09-30": "103.39990", "2019-06-30": "28.50000", "2019-03-31": "95.20000", "2018-12-31": "126.79990", "2018-09-30": "314.50010", "2018-06-30": "150.70010", "2018-03-31": "84.90000", "2017-12-31": "110.10050", "2017-09-30": "104.20000", "2017-06-30": "21.20000", "2017-03-31": "61.10000", "2016-12-31": "24.29990", "2016-09-30": "67.79990", "2016-06-30": "23.10000", "2016-03-31": "-7.40000", "2015-12-31": "-29.20060", "2015-09-30": "22.90000", "2015-06-30": "81.20000", "2015-03-31": "26.00000", "2014-12-31": "25.50010", "2014-09-30": "57.30000", "2014-06-30": "63.50000", "2014-03-31": "57.20000", "2013-12-31": "34.70010", "2013-09-30": "103.70000", "2013-06-30": "73.70000", "2013-03-31": "74.40000", "2012-12-31": "65.90000", "2012-09-30": "53.50000", "2012-06-30": "70.30000", "2012-03-31": "69.20000", "2011-12-31": "36.70010", "2011-09-30": "77.90000", "2011-06-30": "70.70000", "2011-03-31": "38.60000", "2010-12-31": "-5.19990", "2010-09-30": "33.30000", "2010-06-30": "22.10000", "2010-03-31": "19.70000", "2009-12-31": "36.20000", "2009-09-30": "50.60000", "2009-06-30": "35.10000", "2009-03-31": "60.70000", "2008-12-31": "65.90000", "2008-09-30": "87.00000", "2008-06-30": "45.90000", "2008-03-31": "52.40000", "2007-12-31": "36.60010", "2007-09-30": "37.80000", "2007-06-30": "21.70000", "2007-03-31": "17.90000", "2006-12-31": "25.00000", "2006-09-30": "29.30000", "2006-06-30": "40.70010", "2006-03-31": "43.49990", "2005-12-31": "41.10000", "2005-09-30": "45.20000", "2005-06-30": "46.00000", "2005-03-31": "54.90000"}, "Total Non-Operating Income/Expense": {"2020-12-31": "-81.00000", "2020-09-30": "-69.60000", "2020-06-30": "-64.30000", "2020-03-31": "-58.40000", "2019-12-31": "-59.60000", "2019-09-30": "-59.60000", "2019-06-30": "-53.40000", "2019-03-31": "-42.10000", "2018-12-31": "-52.70000", "2018-09-30": "-53.10000", "2018-06-30": "-76.40000", "2018-03-31": "-57.40000", "2017-12-31": "-49.40000", "2017-09-30": "-43.80000", "2017-06-30": "-43.00000", "2017-03-31": "-43.20000", "2016-12-31": "-0.80000", "2016-09-30": "-46.50000", "2016-06-30": "-46.70000", "2016-03-31": "-48.00000", "2015-12-31": "-56.70000", "2015-09-30": "-13.60000", "2015-06-30": "-17.50000", "2015-03-31": "-6.40000", "2014-12-31": "-6.10000", "2014-09-30": "-17.00000", "2014-06-30": "-8.70000", "2014-03-31": "-9.00000", "2013-12-31": "-4.20000", "2013-09-30": "-10.70000", "2013-06-30": "-11.00000", "2013-03-31": "-10.60000", "2012-12-31": "-11.20000", "2012-09-30": "-6.80000", "2012-06-30": "-7.00000", "2012-03-31": "-8.70000", "2011-12-31": "-10.20000", "2011-09-30": "-8.50000", "2011-06-30": "-7.00000", "2011-03-31": "181.20000", "2010-12-31": "2.90000", "2010-09-30": "5.50000", "2010-06-30": "3.10000", "2010-03-31": "-4.50000", "2009-12-31": "-1.40000", "2009-09-30": "5.30000", "2009-06-30": "9.70000", "2009-03-31": "13.70000", "2008-12-31": "7.60000", "2008-09-30": "-16.70000", "2008-06-30": "8.90000", "2008-03-31": "6.50000", "2007-12-31": "8.80000", "2007-09-30": "10.80000", "2007-06-30": "10.50000", "2007-03-31": "6.60000", "2006-12-31": "6.40000", "2006-09-30": "10.00000", "2006-06-30": "11.10000", "2006-03-31": "10.90000", "2005-12-31": "21.00000", "2005-09-30": "6.00000", "2005-06-30": "6.90000", "2005-03-31": "4.50000"}, "Pre-Tax Income": {"2020-12-31": "-0.60000", "2020-09-30": "-753.40000", "2020-06-30": "-160.10000", "2020-03-31": "-105.90000", "2019-12-31": "-108.90000", "2019-09-30": "43.80000", "2019-06-30": "-24.90000", "2019-03-31": "53.10000", "2018-12-31": "74.10000", "2018-09-30": "261.40000", "2018-06-30": "74.30000", "2018-03-31": "27.50000", "2017-12-31": "60.70000", "2017-09-30": "60.40000", "2017-06-30": "-21.80000", "2017-03-31": "17.90000", "2016-12-31": "23.50000", "2016-09-30": "21.30000", "2016-06-30": "-23.60000", "2016-03-31": "-55.40000", "2015-12-31": "-85.90000", "2015-09-30": "9.30000", "2015-06-30": "63.70000", "2015-03-31": "19.60000", "2014-12-31": "19.40000", "2014-09-30": "40.30000", "2014-06-30": "54.80000", "2014-03-31": "48.20000", "2013-12-31": "30.50000", "2013-09-30": "93.00000", "2013-06-30": "62.70000", "2013-03-31": "63.80000", "2012-12-31": "54.70000", "2012-09-30": "46.70000", "2012-06-30": "63.30000", "2012-03-31": "60.50000", "2011-12-31": "26.50000", "2011-09-30": "69.40000", "2011-06-30": "63.70000", "2011-03-31": "219.80000", "2010-12-31": "-2.30000", "2010-09-30": "38.80000", "2010-06-30": "25.20000", "2010-03-31": "15.20000", "2009-12-31": "34.80000", "2009-09-30": "55.90000", "2009-06-30": "44.80000", "2009-03-31": "74.40000", "2008-12-31": "73.50000", "2008-09-30": "70.30000", "2008-06-30": "54.80000", "2008-03-31": "58.90000", "2007-12-31": "45.40000", "2007-09-30": "48.60000", "2007-06-30": "32.20000", "2007-03-31": "24.50000", "2006-12-31": "31.40000", "2006-09-30": "39.30000", "2006-06-30": "51.80000", "2006-03-31": "54.40000", "2005-12-31": "62.10000", "2005-09-30": "51.20000", "2005-06-30": "52.90000", "2005-03-31": "59.40000"}, "Income Taxes": {"2020-12-31": "32.40000", "2020-09-30": "-16.60000", "2020-06-30": "-40.00000", "2020-03-31": "-25.90000", "2019-12-31": "-31.70000", "2019-09-30": "-0.40000", "2019-06-30": "-4.90000", "2019-03-31": "11.40000", "2018-12-31": "20.80000", "2018-09-30": "66.30000", "2018-06-30": "15.70000", "2018-03-31": "6.60000", "2017-12-31": "-428.60000", "2017-09-30": "7.70000", "2017-06-30": "-15.90000", "2017-03-31": "4.50000", "2016-12-31": "6.00000", "2016-09-30": "3.80000", "2016-06-30": "-22.60000", "2016-03-31": "-17.50000", "2015-12-31": "-23.20000", "2015-09-30": "3.40000", "2015-06-30": "21.40000", "2015-03-31": "6.50000", "2014-12-31": "6.60000", "2014-09-30": "14.20000", "2014-06-30": "18.20000", "2014-03-31": "18.70000", "2013-12-31": "5.80000", "2013-09-30": "23.30000", "2013-06-30": "19.00000", "2013-03-31": "23.30000", "2012-12-31": "20.10000", "2012-09-30": "18.00000", "2012-06-30": "15.70000", "2012-03-31": "21.80000", "2011-12-31": "7.80000", "2011-09-30": "22.20000", "2011-06-30": "21.60000", "2011-03-31": "86.10000", "2010-12-31": "-4.30000", "2010-09-30": "7.00000", "2010-06-30": "8.30000", "2010-03-31": "1.10000", "2009-12-31": "13.00000", "2009-09-30": "16.50000", "2009-06-30": "17.00000", "2009-03-31": "27.70000", "2008-12-31": "26.30000", "2008-09-30": "32.60000", "2008-06-30": "19.30000", "2008-03-31": "21.60000", "2007-12-31": "15.80000", "2007-09-30": "15.90000", "2007-06-30": "10.30000", "2007-03-31": "7.90000", "2006-12-31": "15.80000", "2006-09-30": "-11.40000", "2006-06-30": "18.80000", "2006-03-31": "20.70000", "2005-12-31": "23.10000", "2005-09-30": "19.80000", "2005-06-30": "20.80000", "2005-03-31": "22.20000"}, "Income After Taxes": {"2020-12-31": "-33.00000", "2020-09-30": "-736.80000", "2020-06-30": "-120.10000", "2020-03-31": "-80.00000", "2019-12-31": "-77.20000", "2019-09-30": "44.20000", "2019-06-30": "-20.00000", "2019-03-31": "41.70000", "2018-12-31": "53.30000", "2018-09-30": "195.10000", "2018-06-30": "58.60000", "2018-03-31": "20.90000", "2017-12-31": "489.30000", "2017-09-30": "52.70000", "2017-06-30": "-5.90000", "2017-03-31": "13.40000", "2016-12-31": "17.50000", "2016-09-30": "17.50000", "2016-06-30": "-1.00000", "2016-03-31": "-37.90000", "2015-12-31": "-62.70000", "2015-09-30": "5.90000", "2015-06-30": "42.30000", "2015-03-31": "13.10000", "2014-12-31": "12.80000", "2014-09-30": "26.10000", "2014-06-30": "36.60000", "2014-03-31": "29.50000", "2013-12-31": "24.70000", "2013-09-30": "69.70000", "2013-06-30": "43.70000", "2013-03-31": "40.50000", "2012-12-31": "34.60000", "2012-09-30": "28.70000", "2012-06-30": "47.60000", "2012-03-31": "38.70000", "2011-12-31": "18.70000", "2011-09-30": "47.20000", "2011-06-30": "42.10000", "2011-03-31": "133.70000", "2010-12-31": "2.00000", "2010-09-30": "31.80000", "2010-06-30": "16.90000", "2010-03-31": "14.10000", "2009-12-31": "21.80000", "2009-09-30": "39.40000", "2009-06-30": "27.80000", "2009-03-31": "46.70000", "2008-12-31": "47.20000", "2008-09-30": "37.70000", "2008-06-30": "35.50000", "2008-03-31": "37.30000", "2007-12-31": "29.60000", "2007-09-30": "32.70000", "2007-06-30": "21.90000", "2007-03-31": "16.60000", "2006-12-31": "15.60000", "2006-09-30": "50.70000", "2006-06-30": "33.00000", "2006-03-31": "33.70000", "2005-12-31": "39.00000", "2005-09-30": "31.40000", "2005-06-30": "32.10000", "2005-03-31": "37.20000"}, "Other Income": {"2020-12-31": "", "2020-09-30": "", "2020-06-30": "", "2020-03-31": "", "2019-12-31": "", "2019-09-30": "", "2019-06-30": "", "2019-03-31": "", "2018-12-31": "", "2018-09-30": "", "2018-06-30": "", "2018-03-31": "", "2017-12-31": "", "2017-09-30": "", "2017-06-30": "", "2017-03-31": "", "2016-12-31": "", "2016-09-30": "", "2016-06-30": "", "2016-03-31": "", "2015-12-31": "", "2015-09-30": "", "2015-06-30": "", "2015-03-31": "", "2014-12-31": "", "2014-09-30": "", "2014-06-30": "", "2014-03-31": "", "2013-12-31": "", "2013-09-30": "", "2013-06-30": "", "2013-03-31": "", "2012-12-31": "", "2012-09-30": "", "2012-06-30": "", "2012-03-31": "", "2011-12-31": "", "2011-09-30": "", "2011-06-30": "", "2011-03-31": "", "2010-12-31": "", "2010-09-30": "", "2010-06-30": "", "2010-03-31": "", "2009-12-31": "", "2009-09-30": "", "2009-06-30": "", "2009-03-31": "", "2008-12-31": "", "2008-09-30": "", "2008-06-30": "", "2008-03-31": "", "2007-12-31": "", "2007-09-30": "", "2007-06-30": "", "2007-03-31": "", "2006-12-31": "", "2006-09-30": "", "2006-06-30": "", "2006-03-31": "", "2005-12-31": "", "2005-09-30": "", "2005-06-30": "", "2005-03-31": ""}, "Income From Continuous Operations": {"2020-12-31": "-33.00000", "2020-09-30": "-736.80000", "2020-06-30": "-120.10000", "2020-03-31": "-80.00000", "2019-12-31": "-77.20000", "2019-09-30": "44.20000", "2019-06-30": "-20.00000", "2019-03-31": "41.70000", "2018-12-31": "53.30000", "2018-09-30": "195.10000", "2018-06-30": "58.60000", "2018-03-31": "20.90000", "2017-12-31": "489.30000", "2017-09-30": "52.70000", "2017-06-30": "-5.90000", "2017-03-31": "13.40000", "2016-12-31": "17.50000", "2016-09-30": "17.50000", "2016-06-30": "-1.00000", "2016-03-31": "-37.90000", "2015-12-31": "-62.70000", "2015-09-30": "5.90000", "2015-06-30": "42.30000", "2015-03-31": "13.10000", "2014-12-31": "12.80000", "2014-09-30": "26.10000", "2014-06-30": "36.60000", "2014-03-31": "29.50000", "2013-12-31": "24.70000", "2013-09-30": "69.70000", "2013-06-30": "43.70000", "2013-03-31": "40.50000", "2012-12-31": "34.60000", "2012-09-30": "28.70000", "2012-06-30": "47.60000", "2012-03-31": "38.70000", "2011-12-31": "18.70000", "2011-09-30": "47.20000", "2011-06-30": "42.10000", "2011-03-31": "133.70000", "2010-12-31": "2.00000", "2010-09-30": "31.80000", "2010-06-30": "16.90000", "2010-03-31": "14.10000", "2009-12-31": "21.80000", "2009-09-30": "39.40000", "2009-06-30": "27.80000", "2009-03-31": "46.70000", "2008-12-31": "47.20000", "2008-09-30": "37.70000", "2008-06-30": "35.50000", "2008-03-31": "37.30000", "2007-12-31": "29.60000", "2007-09-30": "32.70000", "2007-06-30": "21.90000", "2007-03-31": "16.60000", "2006-12-31": "15.60000", "2006-09-30": "50.70000", "2006-06-30": "33.00000", "2006-03-31": "33.70000", "2005-12-31": "39.00000", "2005-09-30": "31.40000", "2005-06-30": "32.10000", "2005-03-31": "37.20000"}, "Income From Discontinued Operations": {"2020-12-31": "", "2020-09-30": "", "2020-06-30": "", "2020-03-31": "", "2019-12-31": "", "2019-09-30": "", "2019-06-30": "", "2019-03-31": "", "2018-12-31": "", "2018-09-30": "", "2018-06-30": "", "2018-03-31": "", "2017-12-31": "", "2017-09-30": "", "2017-06-30": "", "2017-03-31": "", "2016-12-31": "", "2016-09-30": "", "2016-06-30": "", "2016-03-31": "", "2015-12-31": "", "2015-09-30": "", "2015-06-30": "", "2015-03-31": "", "2014-12-31": "", "2014-09-30": "", "2014-06-30": "0.70000", "2014-03-31": "", "2013-12-31": "", "2013-09-30": "", "2013-06-30": "0.00000", "2013-03-31": "", "2012-12-31": "", "2012-09-30": "", "2012-06-30": "", "2012-03-31": "", "2011-12-31": "", "2011-09-30": "", "2011-06-30": "", "2011-03-31": "", "2010-12-31": "", "2010-09-30": "", "2010-06-30": "", "2010-03-31": "", "2009-12-31": "", "2009-09-30": "", "2009-06-30": "", "2009-03-31": "", "2008-12-31": "", "2008-09-30": "", "2008-06-30": "", "2008-03-31": "", "2007-12-31": "-14.30000", "2007-09-30": "-115.90000", "2007-06-30": "13.70000", "2007-03-31": "6.50000", "2006-12-31": "11.20000", "2006-09-30": "5.50000", "2006-06-30": "", "2006-03-31": "", "2005-12-31": "", "2005-09-30": "", "2005-06-30": "", "2005-03-31": ""}, "Net Income": {"2020-12-31": "-33.00000", "2020-09-30": "-736.80000", "2020-06-30": "-120.10000", "2020-03-31": "-80.00000", "2019-12-31": "-77.20000", "2019-09-30": "44.20000", "2019-06-30": "-20.00000", "2019-03-31": "41.70000", "2018-12-31": "53.30000", "2018-09-30": "195.10000", "2018-06-30": "58.60000", "2018-03-31": "20.90000", "2017-12-31": "489.30000", "2017-09-30": "52.70000", "2017-06-30": "-5.90000", "2017-03-31": "13.40000", "2016-12-31": "17.50000", "2016-09-30": "17.50000", "2016-06-30": "-1.00000", "2016-03-31": "-37.90000", "2015-12-31": "-62.70000", "2015-09-30": "5.90000", "2015-06-30": "42.30000", "2015-03-31": "13.10000", "2014-12-31": "12.80000", "2014-09-30": "26.10000", "2014-06-30": "37.30000", "2014-03-31": "29.50000", "2013-12-31": "24.70000", "2013-09-30": "69.70000", "2013-06-30": "43.70000", "2013-03-31": "40.50000", "2012-12-31": "34.60000", "2012-09-30": "28.70000", "2012-06-30": "47.60000", "2012-03-31": "38.70000", "2011-12-31": "18.70000", "2011-09-30": "47.20000", "2011-06-30": "42.10000", "2011-03-31": "133.70000", "2010-12-31": "2.00000", "2010-09-30": "31.80000", "2010-06-30": "16.90000", "2010-03-31": "14.10000", "2009-12-31": "21.80000", "2009-09-30": "39.40000", "2009-06-30": "27.80000", "2009-03-31": "46.70000", "2008-12-31": "47.20000", "2008-09-30": "37.70000", "2008-06-30": "35.50000", "2008-03-31": "37.30000", "2007-12-31": "15.30000", "2007-09-30": "-83.20000", "2007-06-30": "35.60000", "2007-03-31": "23.10000", "2006-12-31": "26.80000", "2006-09-30": "56.20000", "2006-06-30": "33.00000", "2006-03-31": "33.70000", "2005-12-31": "32.60000", "2005-09-30": "31.40000", "2005-06-30": "32.10000", "2005-03-31": "37.20000"}, "EBITDA": {"2020-12-31": "", "2020-09-30": "158.10010", "2020-06-30": "40.70010", "2020-03-31": "99.00010", "2019-12-31": "87.80000", "2019-09-30": "259.39990", "2019-06-30": "179.90000", "2019-03-31": "248.09990", "2018-12-31": "277.20000", "2018-09-30": "468.10010", "2018-06-30": "301.40010", "2018-03-31": "231.60000", "2017-12-31": "257.60050", "2017-09-30": "243.39990", "2017-06-30": "158.30000", "2017-03-31": "196.20000", "2016-12-31": "160.39990", "2016-09-30": "203.09990", "2016-06-30": "155.50000", "2016-03-31": "122.30000", "2015-12-31": "94.79940", "2015-09-30": "58.70000", "2015-06-30": "115.90000", "2015-03-31": "60.40000", "2014-12-31": "60.30010", "2014-09-30": "92.20000", "2014-06-30": "98.70000", "2014-03-31": "91.40000", "2013-12-31": "68.80010", "2013-09-30": "137.80000", "2013-06-30": "107.90000", "2013-03-31": "107.30000", "2012-12-31": "98.10000", "2012-09-30": "80.10000", "2012-06-30": "96.90000", "2012-03-31": "94.70000", "2011-12-31": "61.90010", "2011-09-30": "103.40000", "2011-06-30": "96.10000", "2011-03-31": "61.80000", "2010-12-31": "16.90010", "2010-09-30": "54.90000", "2010-06-30": "43.70000", "2010-03-31": "41.30000", "2009-12-31": "57.40000", "2009-09-30": "67.70000", "2009-06-30": "51.90000", "2009-03-31": "77.30000", "2008-12-31": "83.30000", "2008-09-30": "104.30000", "2008-06-30": "63.50000", "2008-03-31": "69.70000", "2007-12-31": "53.40010", "2007-09-30": "49.90000", "2007-06-30": "31.20000", "2007-03-31": "27.50000", "2006-12-31": "34.20000", "2006-09-30": "22.40000", "2006-06-30": "58.80010", "2006-03-31": "60.89990", "2005-12-31": "23.40000", "2005-09-30": "45.20000", "2005-06-30": "46.00000", "2005-03-31": "72.40000"}, "EBIT": {"2020-12-31": "80.39990", "2020-09-30": "-683.79990", "2020-06-30": "-95.79990", "2020-03-31": "-47.49990", "2019-12-31": "-49.30010", "2019-09-30": "103.39990", "2019-06-30": "28.50000", "2019-03-31": "95.20000", "2018-12-31": "126.79970", "2018-09-30": "314.50010", "2018-06-30": "150.70010", "2018-03-31": "84.90000", "2017-12-31": "110.10020", "2017-09-30": "104.20000", "2017-06-30": "21.20000", "2017-03-31": "61.10000", "2016-12-31": "24.29990", "2016-09-30": "67.79990", "2016-06-30": "23.10000", "2016-03-31": "-7.40000", "2015-12-31": "-29.20030", "2015-09-30": "22.90000", "2015-06-30": "81.20000", "2015-03-31": "26.00000", "2014-12-31": "25.50000", "2014-09-30": "57.30000", "2014-06-30": "63.50000", "2014-03-31": "57.20000", "2013-12-31": "34.70000", "2013-09-30": "103.70000", "2013-06-30": "73.70000", "2013-03-31": "74.40000", "2012-12-31": "65.89990", "2012-09-30": "53.50000", "2012-06-30": "70.30000", "2012-03-31": "69.20000", "2011-12-31": "36.70010", "2011-09-30": "77.90000", "2011-06-30": "70.70000", "2011-03-31": "38.60000", "2010-12-31": "-5.20000", "2010-09-30": "33.30000", "2010-06-30": "22.10000", "2010-03-31": "19.70000", "2009-12-31": "36.20000", "2009-09-30": "50.60000", "2009-06-30": "35.10000", "2009-03-31": "60.70000", "2008-12-31": "65.90000", "2008-09-30": "87.00000", "2008-06-30": "45.90000", "2008-03-31": "52.40000", "2007-12-31": "36.60010", "2007-09-30": "37.80000", "2007-06-30": "21.70000", "2007-03-31": "17.90000", "2006-12-31": "25.00000", "2006-09-30": "29.30000", "2006-06-30": "40.70010", "2006-03-31": "43.49990", "2005-12-31": "41.10000", "2005-09-30": "45.20000", "2005-06-30": "46.00000", "2005-03-31": "54.90000"}, "Basic Shares Outstanding": {"2020-12-31": "157.90000", "2020-09-30": "157.90000", "2020-06-30": "157.90000", "2020-03-31": "157.80000", "2019-12-31": "162.30000", "2019-09-30": "161.90000", "2019-06-30": "164.60000", "2019-03-31": "165.00000", "2018-12-31": "166.80000", "2018-09-30": "167.00000", "2018-06-30": "167.10000", "2018-03-31": "167.20000", "2017-12-31": "166.20000", "2017-09-30": "166.30000", "2017-06-30": "166.10000", "2017-03-31": "165.60000", "2016-12-31": "165.20000", "2016-09-30": "165.20000", "2016-06-30": "165.20000", "2016-03-31": "165.10000", "2015-12-31": "103.40000", "2015-09-30": "77.60000", "2015-06-30": "77.50000", "2015-03-31": "77.40000", "2014-12-31": "78.60000", "2014-09-30": "78.40000", "2014-06-30": "78.80000", "2014-03-31": "79.20000", "2013-12-31": "79.90000", "2013-09-30": "79.80000", "2013-06-30": "80.20000", "2013-03-31": "80.20000", "2012-12-31": "80.10000", "2012-09-30": "80.10000", "2012-06-30": "80.10000", "2012-03-31": "80.10000", "2011-12-31": "80.00000", "2011-09-30": "80.20000", "2011-06-30": "80.00000", "2011-03-31": "79.60000", "2010-12-31": "79.20000", "2010-09-30": "79.40000", "2010-06-30": "79.00000", "2010-03-31": "78.80000", "2009-12-31": "78.10000", "2009-09-30": "78.40000", "2009-06-30": "78.10000", "2009-03-31": "77.50000", "2008-12-31": "75.80000", "2008-09-30": "76.30000", "2008-06-30": "75.00000", "2008-03-31": "74.60000", "2007-12-31": "74.00000", "2007-09-30": "74.10000", "2007-06-30": "73.80000", "2007-03-31": "73.50000", "2006-12-31": "73.10000", "2006-09-30": "72.70000", "2006-06-30": "72.40000", "2006-03-31": "72.00000", "2005-12-31": "71.30000", "2005-09-30": "71.60000", "2005-06-30": "71.20000", "2005-03-31": "70.80000"}, "Shares Outstanding": {"2020-12-31": "157.90000", "2020-09-30": "157.90000", "2020-06-30": "157.90000", "2020-03-31": "157.80000", "2019-12-31": "162.30000", "2019-09-30": "162.80000", "2019-06-30": "164.60000", "2019-03-31": "166.10000", "2018-12-31": "168.40000", "2018-09-30": "168.60000", "2018-06-30": "168.80000", "2018-03-31": "169.20000", "2017-12-31": "168.50000", "2017-09-30": "168.50000", "2017-06-30": "166.10000", "2017-03-31": "167.90000", "2016-12-31": "165.20000", "2016-09-30": "166.50000", "2016-06-30": "165.20000", "2016-03-31": "165.10000", "2015-12-31": "103.40000", "2015-09-30": "78.30000", "2015-06-30": "78.70000", "2015-03-31": "78.50000", "2014-12-31": "79.70000", "2014-09-30": "79.50000", "2014-06-30": "80.00000", "2014-03-31": "80.50000", "2013-12-31": "80.90000", "2013-09-30": "80.80000", "2013-06-30": "81.20000", "2013-03-31": "81.20000", "2012-12-31": "81.00000", "2012-09-30": "81.00000", "2012-06-30": "80.70000", "2012-03-31": "80.90000", "2011-12-31": "80.80000", "2011-09-30": "80.80000", "2011-06-30": "81.10000", "2011-03-31": "80.40000", "2010-12-31": "79.90000", "2010-09-30": "80.20000", "2010-06-30": "79.80000", "2010-03-31": "79.40000", "2009-12-31": "78.30000", "2009-09-30": "78.60000", "2009-06-30": "78.10000", "2009-03-31": "77.60000", "2008-12-31": "76.10000", "2008-09-30": "76.70000", "2008-06-30": "75.40000", "2008-03-31": "75.00000", "2007-12-31": "74.30000", "2007-09-30": "74.60000", "2007-06-30": "74.20000", "2007-03-31": "73.80000", "2006-12-31": "73.30000", "2006-09-30": "72.80000", "2006-06-30": "72.60000", "2006-03-31": "72.40000", "2005-12-31": "71.90000", "2005-09-30": "71.70000", "2005-06-30": "71.40000", "2005-03-31": "71.40000"}, "Basic EPS": {"2020-12-31": "-0.21000", "2020-09-30": "-4.67000", "2020-06-30": "-0.76000", "2020-03-31": "-0.51000", "2019-12-31": "-0.47000", "2019-09-30": "0.27000", "2019-06-30": "-0.12000", "2019-03-31": "0.25000", "2018-12-31": "0.32000", "2018-09-30": "1.17000", "2018-06-30": "0.35000", "2018-03-31": "0.13000", "2017-12-31": "2.95000", "2017-09-30": "0.32000", "2017-06-30": "-0.04000", "2017-03-31": "0.08000", "2016-12-31": "0.11000", "2016-09-30": "0.11000", "2016-06-30": "-0.01000", "2016-03-31": "-0.23000", "2015-12-31": "-0.81000", "2015-09-30": "0.08000", "2015-06-30": "0.55000", "2015-03-31": "0.17000", "2014-12-31": "0.17000", "2014-09-30": "0.33000", "2014-06-30": "0.47000", "2014-03-31": "0.37000", "2013-12-31": "0.33000", "2013-09-30": "0.87000", "2013-06-30": "0.54000", "2013-03-31": "0.50000", "2012-12-31": "0.44000", "2012-09-30": "0.36000", "2012-06-30": "0.59000", "2012-03-31": "0.48000", "2011-12-31": "0.22000", "2011-09-30": "0.59000", "2011-06-30": "0.53000", "2011-03-31": "1.68000", "2010-12-31": "0.03000", "2010-09-30": "0.40000", "2010-06-30": "0.21000", "2010-03-31": "0.18000", "2009-12-31": "0.28000", "2009-09-30": "0.50000", "2009-06-30": "0.36000", "2009-03-31": "0.60000", "2008-12-31": "0.62000", "2008-09-30": "0.49000", "2008-06-30": "0.47000", "2008-03-31": "0.50000", "2007-12-31": "0.21000", "2007-09-30": "-1.12000", "2007-06-30": "0.48000", "2007-03-31": "0.31000", "2006-12-31": "0.37000", "2006-09-30": "0.77000", "2006-06-30": "0.46000", "2006-03-31": "0.47000", "2005-12-31": "0.00000", "2005-09-30": "0.44000", "2005-06-30": "0.45000", "2005-03-31": "0.52000"}, "EPS - Earnings Per Share": {"2020-12-31": "-0.21000", "2020-09-30": "-4.67000", "2020-06-30": "-0.76000", "2020-03-31": "-0.51000", "2019-12-31": "-0.47000", "2019-09-30": "0.27000", "2019-06-30": "-0.12000", "2019-03-31": "0.25000", "2018-12-31": "0.32000", "2018-09-30": "1.16000", "2018-06-30": "0.35000", "2018-03-31": "0.12000", "2017-12-31": "2.91000", "2017-09-30": "0.31000", "2017-06-30": "-0.04000", "2017-03-31": "0.08000", "2016-12-31": "0.11000", "2016-09-30": "0.11000", "2016-06-30": "-0.01000", "2016-03-31": "-0.23000", "2015-12-31": "-0.80000", "2015-09-30": "0.08000", "2015-06-30": "0.54000", "2015-03-31": "0.17000", "2014-12-31": "0.16000", "2014-09-30": "0.33000", "2014-06-30": "0.47000", "2014-03-31": "0.37000", "2013-12-31": "0.31000", "2013-09-30": "0.86000", "2013-06-30": "0.54000", "2013-03-31": "0.50000", "2012-12-31": "0.43000", "2012-09-30": "0.35000", "2012-06-30": "0.59000", "2012-03-31": "0.48000", "2011-12-31": "0.23000", "2011-09-30": "0.58000", "2011-06-30": "0.52000", "2011-03-31": "1.66000", "2010-12-31": "0.02000", "2010-09-30": "0.40000", "2010-06-30": "0.21000", "2010-03-31": "0.18000", "2009-12-31": "0.27000", "2009-09-30": "0.50000", "2009-06-30": "0.36000", "2009-03-31": "0.60000", "2008-12-31": "0.61000", "2008-09-30": "0.49000", "2008-06-30": "0.47000", "2008-03-31": "0.50000", "2007-12-31": "0.21000", "2007-09-30": "-1.12000", "2007-06-30": "0.48000", "2007-03-31": "0.31000", "2006-12-31": "0.37000", "2006-09-30": "0.77000", "2006-06-30": "0.45000", "2006-03-31": "0.47000", "2005-12-31": "0.45000", "2005-09-30": "0.44000", "2005-06-30": "0.45000", "2005-03-31": "0.52000"}}, "balance sheet": {"Cash On Hand": {"2020-12-31": "189.70000", "2019-12-31": "220.90000", "2018-12-31": "178.80000", "2017-12-31": "218.40000", "2016-12-31": "184.50000", "2015-12-31": "392.00000", "2014-12-31": "256.80000", "2013-12-31": "307.80000", "2012-12-31": "165.20000", "2011-12-31": "304.80000", "2010-12-31": "458.60000", "2009-12-31": "458.50000", "2008-12-31": "246.50000", "2007-12-31": "332.60000", "2006-12-31": "276.40000", "2005-12-31": "303.70000"}, "Receivables": {"2020-12-31": "786.00000", "2019-12-31": "774.30000", "2018-12-31": "782.20000", "2017-12-31": "750.10000", "2016-12-31": "700.50000", "2015-12-31": "816.30000", "2014-12-31": "284.70000", "2013-12-31": "282.00000", "2012-12-31": "307.20000", "2011-12-31": "237.80000", "2010-12-31": "193.00000", "2009-12-31": "202.70000", "2008-12-31": "213.00000", "2007-12-31": "202.00000", "2006-12-31": "135.40000", "2005-12-31": "295.00000"}, "Inventory": {"2020-12-31": "674.70000", "2019-12-31": "695.70000", "2018-12-31": "711.40000", "2017-12-31": "682.60000", "2016-12-31": "630.40000", "2015-12-31": "685.20000", "2014-12-31": "210.10000", "2013-12-31": "186.50000", "2012-12-31": "195.10000", "2011-12-31": "176.60000", "2010-12-31": "155.60000", "2009-12-31": "123.80000", "2008-12-31": "131.40000", "2007-12-31": "106.70000", "2006-12-31": "82.70000", "2005-12-31": "262.60000"}, "Pre-Paid Expenses": {"2020-12-31": "", "2019-12-31": "", "2018-12-31": "", "2017-12-31": "", "2016-12-31": "", "2015-12-31": "", "2014-12-31": "", "2013-12-31": "", "2012-12-31": "", "2011-12-31": "", "2010-12-31": "", "2009-12-31": "", "2008-12-31": "", "2007-12-31": "", "2006-12-31": "", "2005-12-31": ""}, "Other Current Assets": {"2020-12-31": "66.70000", "2019-12-31": "23.10000", "2018-12-31": "35.00000", "2017-12-31": "48.10000", "2016-12-31": "30.80000", "2015-12-31": "39.90000", "2014-12-31": "10.30000", "2013-12-31": "13.20000", "2012-12-31": "20.30000", "2011-12-31": "10.20000", "2010-12-31": "29.60000", "2009-12-31": "24.80000", "2008-12-31": "10.90000", "2007-12-31": "14.70000", "2006-12-31": "19.30000", "2005-12-31": "12.10000"}, "Total Current Assets": {"2020-12-31": "1717.10000", "2019-12-31": "1714.00000", "2018-12-31": "1707.40000", "2017-12-31": "1699.20000", "2016-12-31": "1546.20000", "2015-12-31": "1933.40000", "2014-12-31": "816.10000", "2013-12-31": "839.90000", "2012-12-31": "749.10000", "2011-12-31": "780.30000", "2010-12-31": "882.80000", "2009-12-31": "860.30000", "2008-12-31": "670.30000", "2007-12-31": "727.30000", "2006-12-31": "924.90000", "2005-12-31": "873.40000"}, "Property, Plant, And Equipment": {"2020-12-31": "3171.00000", "2019-12-31": "3323.80000", "2018-12-31": "3482.10000", "2017-12-31": "3575.80000", "2016-12-31": "3704.90000", "2015-12-31": "3953.40000", "2014-12-31": "931.00000", "2013-12-31": "987.80000", "2012-12-31": "1034.30000", "2011-12-31": "885.40000", "2010-12-31": "675.00000", "2009-12-31": "695.40000", "2008-12-31": "629.90000", "2007-12-31": "503.60000", "2006-12-31": "251.20000", "2005-12-31": "482.20000"}, "Long-Term Investments": {"2020-12-31": "", "2019-12-31": "", "2018-12-31": "", "2017-12-31": "", "2016-12-31": "", "2015-12-31": "", "2014-12-31": "", "2013-12-31": "", "2012-12-31": "", "2011-12-31": "", "2010-12-31": "", "2009-12-31": "", "2008-12-31": "", "2007-12-31": "", "2006-12-31": "", "2005-12-31": ""}, "Goodwill And Intangible Assets": {"2020-12-31": "1819.60000", "2019-12-31": "2567.80000", "2018-12-31": "2631.20000", "2017-12-31": "2698.50000", "2016-12-31": "2747.60000", "2015-12-31": "2851.60000", "2014-12-31": "870.60000", "2013-12-31": "747.10000", "2012-12-31": "747.10000", "2011-12-31": "627.40000", "2010-12-31": "300.30000", "2009-12-31": "300.30000", "2008-12-31": "300.30000", "2007-12-31": "301.90000", "2006-12-31": "", "2005-12-31": "75.10000"}, "Other Long-Term Assets": {"2020-12-31": "1191.30000", "2019-12-31": "1169.10000", "2018-12-31": "1150.40000", "2017-12-31": "1208.40000", "2016-12-31": "644.40000", "2015-12-31": "454.60000", "2014-12-31": "67.90000", "2013-12-31": "217.30000", "2012-12-31": "236.00000", "2011-12-31": "137.30000", "2010-12-31": "174.30000", "2009-12-31": "71.00000", "2008-12-31": "70.80000", "2007-12-31": "58.90000", "2006-12-31": "12.30000", "2005-12-31": "31.90000"}, "Total Long-Term Assets": {"2020-12-31": "6553.80100", "2019-12-31": "7473.80000", "2018-12-31": "7290.00000", "2017-12-31": "7519.10000", "2016-12-31": "7216.40000", "2015-12-31": "7355.50000", "2014-12-31": "1882.00000", "2013-12-31": "1962.90000", "2012-12-31": "2028.60000", "2011-12-31": "1669.30000", "2010-12-31": "1165.90000", "2009-12-31": "1071.70000", "2008-12-31": "1049.40000", "2007-12-31": "1004.10000", "2006-12-31": "717.30000", "2005-12-31": "923.80000"}, "Total Assets": {"2020-12-31": "8270.90000", "2019-12-31": "9187.80000", "2018-12-31": "8997.40000", "2017-12-31": "9218.30000", "2016-12-31": "8762.60000", "2015-12-31": "9288.90000", "2014-12-31": "2698.10000", "2013-12-31": "2802.80000", "2012-12-31": "2777.70000", "2011-12-31": "2449.60000", "2010-12-31": "2048.70000", "2009-12-31": "1932.00000", "2008-12-31": "1719.70000", "2007-12-31": "1731.40000", "2006-12-31": "1642.20000", "2005-12-31": "1797.20000"}, "Total Current Liabilities": {"2020-12-31": "1196.90000", "2019-12-31": "1082.20000", "2018-12-31": "1118.30000", "2017-12-31": "954.30000", "2016-12-31": "922.60000", "2015-12-31": "1146.20000", "2014-12-31": "377.70000", "2013-12-31": "407.50000", "2012-12-31": "434.00000", "2011-12-31": "399.10000", "2010-12-31": "391.00000", "2009-12-31": "310.90000", "2008-12-31": "399.80000", "2007-12-31": "408.20000", "2006-12-31": "425.10000", "2005-12-31": "367.10000"}, "Long Term Debt": {"2020-12-31": "3837.50000", "2019-12-31": "3338.70000", "2018-12-31": "3104.40000", "2017-12-31": "3611.30000", "2016-12-31": "3537.10000", "2015-12-31": "3643.80000", "2014-12-31": "658.70000", "2013-12-31": "678.40000", "2012-12-31": "690.10000", "2011-12-31": "524.20000", "2010-12-31": "418.20000", "2009-12-31": "398.40000", "2008-12-31": "252.40000", "2007-12-31": "249.20000", "2006-12-31": "252.20000", "2005-12-31": "257.20000"}, "Other Non-Current Liabilities": {"2020-12-31": "315.10000", "2019-12-31": "793.79990", "2018-12-31": "749.30000", "2017-12-31": "751.90000", "2016-12-31": "359.30000", "2015-12-31": "336.00000", "2014-12-31": "359.30000", "2013-12-31": "382.80000", "2012-12-31": "380.50000", "2011-12-31": "381.80000", "2010-12-31": "327.10000", "2009-12-31": "318.00000", "2008-12-31": "304.50000", "2007-12-31": "329.80000", "2006-12-31": "184.50000", "2005-12-31": "189.50000"}, "Total Long Term Liabilities": {"2020-12-31": "5621.70000", "2019-12-31": "5688.10000", "2018-12-31": "5046.90000", "2017-12-31": "5510.30000", "2016-12-31": "5567.00000", "2015-12-31": "5723.90000", "2014-12-31": "1307.10000", "2013-12-31": "1294.20000", "2012-12-31": "1345.30000", "2011-12-31": "1064.70000", "2010-12-31": "827.40000", "2009-12-31": "798.80000", "2008-12-31": "614.90000", "2007-12-31": "659.50000", "2006-12-31": "673.80000", "2005-12-31": "1003.50000"}, "Total Liabilities": {"2020-12-31": "6818.60000", "2019-12-31": "6770.30000", "2018-12-31": "6165.20000", "2017-12-31": "6464.60000", "2016-12-31": "6489.60000", "2015-12-31": "6870.10000", "2014-12-31": "1684.80000", "2013-12-31": "1701.70000", "2012-12-31": "1779.30000", "2011-12-31": "1463.80000", "2010-12-31": "1218.40000", "2009-12-31": "1109.70000", "2008-12-31": "1014.70000", "2007-12-31": "1067.70000", "2006-12-31": "1098.90000", "2005-12-31": "1370.60000"}, "Common Stock Net": {"2020-12-31": "158.00000", "2019-12-31": "157.70000", "2018-12-31": "165.30000", "2017-12-31": "167.10000", "2016-12-31": "165.40000", "2015-12-31": "165.10000", "2014-12-31": "77.40000", "2013-12-31": "79.40000", "2012-12-31": "80.20000", "2011-12-31": "80.10000", "2010-12-31": "79.60000", "2009-12-31": "78.70000", "2008-12-31": "77.30000", "2007-12-31": "74.50000", "2006-12-31": "73.30000", "2005-12-31": "71.90000"}, "Retained Earnings (Accumulated Deficit)": {"2020-12-31": "-155.10000", "2019-12-31": "941.10000", "2018-12-31": "1070.50000", "2017-12-31": "790.30000", "2016-12-31": "373.80000", "2015-12-31": "509.80000", "2014-12-31": "590.70000", "2013-12-31": "548.00000", "2012-12-31": "433.40000", "2011-12-31": "347.90000", "2010-12-31": "170.20000", "2009-12-31": "168.70000", "2008-12-31": "95.50000", "2007-12-31": "-1.60000", "2006-12-31": "66.90000", "2005-12-31": "-24.70000"}, "Comprehensive Income": {"2020-12-31": "-688.40000", "2019-12-31": "-803.40000", "2018-12-31": "-651.00000", "2017-12-31": "-484.60000", "2016-12-31": "-510.00000", "2015-12-31": "-492.50000", "2014-12-31": "-443.10000", "2013-12-31": "-365.10000", "2012-12-31": "-371.30000", "2011-12-31": "-294.20000", "2010-12-31": "-261.80000", "2009-12-31": "-248.20000", "2008-12-31": "-269.40000", "2007-12-31": "-151.20000", "2006-12-31": "-318.50000", "2005-12-31": "-304.40000"}, "Other Share Holders Equity": {"2020-12-31": "", "2019-12-31": "", "2018-12-31": "", "2017-12-31": "", "2016-12-31": "", "2015-12-31": "", "2014-12-31": "", "2013-12-31": "", "2012-12-31": "", "2011-12-31": "", "2010-12-31": "", "2009-12-31": "", "2008-12-31": "", "2007-12-31": "", "2006-12-31": "", "2005-12-31": ""}, "Share Holder Equity": {"2020-12-31": "1452.30000", "2019-12-31": "2417.50000", "2018-12-31": "2832.20000", "2017-12-31": "2753.70000", "2016-12-31": "2273.00000", "2015-12-31": "2418.80000", "2014-12-31": "1013.30000", "2013-12-31": "1101.10000", "2012-12-31": "998.40000", "2011-12-31": "985.80000", "2010-12-31": "830.30000", "2009-12-31": "822.30000", "2008-12-31": "705.00000", "2007-12-31": "663.70000", "2006-12-31": "543.30000", "2005-12-31": "426.60000"}, "Total Liabilities And Share Holders Equity": {"2020-12-31": "8270.90000", "2019-12-31": "9187.80000", "2018-12-31": "8997.40000", "2017-12-31": "9218.30000", "2016-12-31": "8762.60000", "2015-12-31": "9288.90000", "2014-12-31": "2698.10000", "2013-12-31": "2802.80000", "2012-12-31": "2777.70000", "2011-12-31": "2449.60000", "2010-12-31": "2048.70000", "2009-12-31": "1932.00000", "2008-12-31": "1719.70000", "2007-12-31": "1731.40000", "2006-12-31": "1642.20000", "2005-12-31": "1797.20000"}}, "balance sheet, quarterly": {"Cash On Hand": {"2020-12-31": "189.70000", "2020-09-30": "282.70000", "2020-06-30": "237.90000", "2020-03-31": "194.50000", "2019-12-31": "220.90000", "2019-09-30": "177.40000", "2019-06-30": "126.90000", "2019-03-31": "105.70000", "2018-12-31": "178.80000", "2018-09-30": "156.70000", "2018-06-30": "144.20000", "2018-03-31": "109.10000", "2017-12-31": "218.40000", "2017-09-30": "255.90000", "2017-06-30": "184.50000", "2017-03-31": "168.50000", "2016-12-31": "184.50000", "2016-09-30": "127.00000", "2016-06-30": "66.60000", "2016-03-31": "315.60000", "2015-12-31": "392.00000", "2015-09-30": "254.00000", "2015-06-30": "232.40000", "2015-03-31": "196.80000", "2014-12-31": "256.80000", "2014-09-30": "263.60000", "2014-06-30": "245.60000", "2014-03-31": "242.90000", "2013-12-31": "307.80000", "2013-09-30": "283.80000", "2013-06-30": "141.60000", "2013-03-31": "93.00000", "2012-12-31": "165.20000", "2012-09-30": "103.10000", "2012-06-30": "198.60000", "2012-03-31": "220.60000", "2011-12-31": "304.80000", "2011-09-30": "318.30000", "2011-06-30": "276.50000", "2011-03-31": "280.40000", "2010-12-31": "458.60000", "2010-09-30": "393.40000", "2010-06-30": "388.40000", "2010-03-31": "411.00000", "2009-12-31": "458.50000", "2009-09-30": "376.60000", "2009-06-30": "192.20000", "2009-03-31": "168.60000", "2008-12-31": "246.50000", "2008-09-30": "200.20000", "2008-06-30": "206.90000", "2008-03-31": "276.00000", "2007-12-31": "332.60000", "2007-09-30": "68.70000", "2007-06-30": "257.10000", "2007-03-31": "282.80000", "2006-12-31": "276.40000", "2006-09-30": "219.50000", "2006-06-30": "193.70000", "2006-03-31": "256.00000", "2005-12-31": "303.70000", "2005-09-30": "227.10000", "2005-06-30": "146.50000", "2005-03-31": "156.80000"}, "Receivables": {"2020-12-31": "786.00000", "2020-09-30": "736.90000", "2020-06-30": "717.80000", "2020-03-31": "822.80000", "2019-12-31": "774.30000", "2019-09-30": "867.40000", "2019-06-30": "871.60000", "2019-03-31": "814.60000", "2018-12-31": "782.20000", "2018-09-30": "1022.00000", "2018-06-30": "855.00000", "2018-03-31": "853.10000", "2017-12-31": "750.10000", "2017-09-30": "745.40000", "2017-06-30": "803.10000", "2017-03-31": "800.00000", "2016-12-31": "700.50000", "2016-09-30": "793.10000", "2016-06-30": "836.30000", "2016-03-31": "849.50000", "2015-12-31": "816.30000", "2015-09-30": "300.40000", "2015-06-30": "324.50000", "2015-03-31": "318.90000", "2014-12-31": "284.70000", "2014-09-30": "337.70000", "2014-06-30": "350.40000", "2014-03-31": "333.30000", "2013-12-31": "282.00000", "2013-09-30": "347.80000", "2013-06-30": "380.60000", "2013-03-31": "367.10000", "2012-12-31": "307.20000", "2012-09-30": "363.20000", "2012-06-30": "285.70000", "2012-03-31": "279.90000", "2011-12-31": "237.80000", "2011-09-30": "292.70000", "2011-06-30": "310.50000", "2011-03-31": "262.20000", "2010-12-31": "193.00000", "2010-09-30": "243.60000", "2010-06-30": "227.50000", "2010-03-31": "216.40000", "2009-12-31": "202.70000", "2009-09-30": "268.60000", "2009-06-30": "219.40000", "2009-03-31": "219.10000", "2008-12-31": "213.00000", "2008-09-30": "264.40000", "2008-06-30": "251.00000", "2008-03-31": "229.70000", "2007-12-31": "202.00000", "2007-09-30": "234.20000", "2007-06-30": "172.90000", "2007-03-31": "157.30000", "2006-12-31": "135.40000", "2006-09-30": "156.30000", "2006-06-30": "411.40000", "2006-03-31": "376.60000", "2005-12-31": "295.00000", "2005-09-30": "305.60000", "2005-06-30": "306.20000", "2005-03-31": "307.50000"}, "Inventory": {"2020-12-31": "674.70000", "2020-09-30": "608.40000", "2020-06-30": "619.10000", "2020-03-31": "667.50000", "2019-12-31": "695.70000", "2019-09-30": "700.70000", "2019-06-30": "698.90000", "2019-03-31": "717.50000", "2018-12-31": "711.40000", "2018-09-30": "724.40000", "2018-06-30": "716.30000", "2018-03-31": "675.60000", "2017-12-31": "682.60000", "2017-09-30": "689.50000", "2017-06-30": "666.20000", "2017-03-31": "656.30000", "2016-12-31": "630.40000", "2016-09-30": "617.00000", "2016-06-30": "636.20000", "2016-03-31": "679.50000", "2015-12-31": "685.20000", "2015-09-30": "232.50000", "2015-06-30": "221.60000", "2015-03-31": "216.10000", "2014-12-31": "210.10000", "2014-09-30": "198.80000", "2014-06-30": "220.90000", "2014-03-31": "187.60000", "2013-12-31": "186.50000", "2013-09-30": "183.50000", "2013-06-30": "204.80000", "2013-03-31": "193.30000", "2012-12-31": "195.10000", "2012-09-30": "214.30000", "2012-06-30": "197.60000", "2012-03-31": "186.00000", "2011-12-31": "176.60000", "2011-09-30": "166.30000", "2011-06-30": "182.00000", "2011-03-31": "179.70000", "2010-12-31": "155.60000", "2010-09-30": "157.30000", "2010-06-30": "163.00000", "2010-03-31": "156.40000", "2009-12-31": "123.80000", "2009-09-30": "126.00000", "2009-06-30": "162.70000", "2009-03-31": "166.50000", "2008-12-31": "131.40000", "2008-09-30": "146.10000", "2008-06-30": "150.80000", "2008-03-31": "130.20000", "2007-12-31": "106.70000", "2007-09-30": "114.00000", "2007-06-30": "105.60000", "2007-03-31": "93.90000", "2006-12-31": "82.70000", "2006-09-30": "90.60000", "2006-06-30": "279.10000", "2006-03-31": "253.60000", "2005-12-31": "262.60000", "2005-09-30": "241.40000", "2005-06-30": "267.80000", "2005-03-31": "263.60000"}, "Pre-Paid Expenses": {"2020-12-31": "", "2020-09-30": "", "2020-06-30": "", "2020-03-31": "", "2019-12-31": "", "2019-09-30": "", "2019-06-30": "", "2019-03-31": "", "2018-12-31": "", "2018-09-30": "", "2018-06-30": "", "2018-03-31": "", "2017-12-31": "", "2017-09-30": "", "2017-06-30": "", "2017-03-31": "", "2016-12-31": "", "2016-09-30": "", "2016-06-30": "", "2016-03-31": "", "2015-12-31": "", "2015-09-30": "", "2015-06-30": "", "2015-03-31": "", "2014-12-31": "", "2014-09-30": "", "2014-06-30": "", "2014-03-31": "", "2013-12-31": "", "2013-09-30": "", "2013-06-30": "", "2013-03-31": "", "2012-12-31": "", "2012-09-30": "", "2012-06-30": "", "2012-03-31": "", "2011-12-31": "", "2011-09-30": "", "2011-06-30": "", "2011-03-31": "", "2010-12-31": "", "2010-09-30": "", "2010-06-30": "", "2010-03-31": "", "2009-12-31": "", "2009-09-30": "", "2009-06-30": "", "2009-03-31": "", "2008-12-31": "", "2008-09-30": "", "2008-06-30": "", "2008-03-31": "", "2007-12-31": "", "2007-09-30": "", "2007-06-30": "", "2007-03-31": "", "2006-12-31": "", "2006-09-30": "", "2006-06-30": "", "2006-03-31": "", "2005-12-31": "", "2005-09-30": "", "2005-06-30": "", "2005-03-31": ""}, "Other Current Assets": {"2020-12-31": "66.70000", "2020-09-30": "44.50000", "2020-06-30": "42.00000", "2020-03-31": "54.50000", "2019-12-31": "23.10000", "2019-09-30": "24.10000", "2019-06-30": "28.80000", "2019-03-31": "46.70000", "2018-12-31": "35.00000", "2018-09-30": "35.20000", "2018-06-30": "47.70000", "2018-03-31": "61.20000", "2017-12-31": "48.10000", "2017-09-30": "27.10000", "2017-06-30": "37.20000", "2017-03-31": "44.90000", "2016-12-31": "30.80000", "2016-09-30": "16.10000", "2016-06-30": "23.80000", "2016-03-31": "32.80000", "2015-12-31": "39.90000", "2015-09-30": "12.40000", "2015-06-30": "16.10000", "2015-03-31": "17.40000", "2014-12-31": "10.30000", "2014-09-30": "11.10000", "2014-06-30": "13.80000", "2014-03-31": "15.30000", "2013-12-31": "13.20000", "2013-09-30": "10.30000", "2013-06-30": "13.30000", "2013-03-31": "15.60000", "2012-12-31": "20.30000", "2012-09-30": "20.20000", "2012-06-30": "11.40000", "2012-03-31": "14.10000", "2011-12-31": "10.20000", "2011-09-30": "11.10000", "2011-06-30": "25.70000", "2011-03-31": "28.80000", "2010-12-31": "29.60000", "2010-09-30": "17.60000", "2010-06-30": "10.80000", "2010-03-31": "22.30000", "2009-12-31": "24.80000", "2009-09-30": "21.70000", "2009-06-30": "10.30000", "2009-03-31": "11.50000", "2008-12-31": "10.90000", "2008-09-30": "12.90000", "2008-06-30": "16.20000", "2008-03-31": "22.70000", "2007-12-31": "14.70000", "2007-09-30": "31.20000", "2007-06-30": "25.70000", "2007-03-31": "15.00000", "2006-12-31": "19.30000", "2006-09-30": "13.30000", "2006-06-30": "27.20000", "2006-03-31": "15.00000", "2005-12-31": "12.10000", "2005-09-30": "10.50000", "2005-06-30": "10.70000", "2005-03-31": "13.00000"}, "Total Current Assets": {"2020-12-31": "1717.10000", "2020-09-30": "1672.50000", "2020-06-30": "1616.80000", "2020-03-31": "1739.30000", "2019-12-31": "1714.00000", "2019-09-30": "1769.60000", "2019-06-30": "1726.20000", "2019-03-31": "1684.50000", "2018-12-31": "1707.40000", "2018-09-30": "1938.30000", "2018-06-30": "1763.20000", "2018-03-31": "1699.00000", "2017-12-31": "1699.20000", "2017-09-30": "1717.90000", "2017-06-30": "1691.00000", "2017-03-31": "1669.70000", "2016-12-31": "1546.20000", "2016-09-30": "1553.20000", "2016-06-30": "1562.90000", "2016-03-31": "1877.40000", "2015-12-31": "1933.40000", "2015-09-30": "868.40000", "2015-06-30": "844.30000", "2015-03-31": "803.20000", "2014-12-31": "816.10000", "2014-09-30": "857.00000", "2014-06-30": "879.00000", "2014-03-31": "828.70000", "2013-12-31": "839.90000", "2013-09-30": "877.10000", "2013-06-30": "793.90000", "2013-03-31": "722.40000", "2012-12-31": "749.10000", "2012-09-30": "757.30000", "2012-06-30": "749.30000", "2012-03-31": "751.90000", "2011-12-31": "780.30000", "2011-09-30": "838.80000", "2011-06-30": "842.30000", "2011-03-31": "797.40000", "2010-12-31": "882.80000", "2010-09-30": "852.80000", "2010-06-30": "840.10000", "2010-03-31": "856.20000", "2009-12-31": "860.30000", "2009-09-30": "853.90000", "2009-06-30": "646.20000", "2009-03-31": "625.80000", "2008-12-31": "670.30000", "2008-09-30": "684.00000", "2008-06-30": "694.70000", "2008-03-31": "722.80000", "2007-12-31": "727.30000", "2007-09-30": "852.70000", "2007-06-30": "942.80000", "2007-03-31": "949.70000", "2006-12-31": "924.90000", "2006-09-30": "913.20000", "2006-06-30": "921.60000", "2006-03-31": "911.40000", "2005-12-31": "873.40000", "2005-09-30": "801.50000", "2005-06-30": "753.20000", "2005-03-31": "772.10000"}, "Property, Plant, And Equipment": {"2020-12-31": "3171.00000", "2020-09-30": "3179.80000", "2020-06-30": "3234.90000", "2020-03-31": "3282.70000", "2019-12-31": "3323.80000", "2019-09-30": "3367.00000", "2019-06-30": "3410.50000", "2019-03-31": "3433.50000", "2018-12-31": "3482.10000", "2018-09-30": "3456.70000", "2018-06-30": "3501.40000", "2018-03-31": "3539.40000", "2017-12-31": "3575.80000", "2017-09-30": "3579.20000", "2017-06-30": "3627.40000", "2017-03-31": "3659.20000", "2016-12-31": "3704.90000", "2016-09-30": "3713.90000", "2016-06-30": "3793.30000", "2016-03-31": "3859.00000", "2015-12-31": "3953.40000", "2015-09-30": "913.70000", "2015-06-30": "917.60000", "2015-03-31": "919.90000", "2014-12-31": "931.00000", "2014-09-30": "936.40000", "2014-06-30": "951.30000", "2014-03-31": "968.60000", "2013-12-31": "987.80000", "2013-09-30": "991.70000", "2013-06-30": "1013.50000", "2013-03-31": "1025.40000", "2012-12-31": "1034.30000", "2012-09-30": "1019.40000", "2012-06-30": "961.40000", "2012-03-31": "914.70000", "2011-12-31": "885.40000", "2011-09-30": "821.30000", "2011-06-30": "780.60000", "2011-03-31": "763.20000", "2010-12-31": "675.00000", "2010-09-30": "683.80000", "2010-06-30": "683.90000", "2010-03-31": "688.50000", "2009-12-31": "695.40000", "2009-09-30": "688.90000", "2009-06-30": "683.50000", "2009-03-31": "659.40000", "2008-12-31": "629.90000", "2008-09-30": "592.10000", "2008-06-30": "541.40000", "2008-03-31": "518.20000", "2007-12-31": "503.60000", "2007-09-30": "481.50000", "2007-06-30": "239.70000", "2007-03-31": "236.30000", "2006-12-31": "251.20000", "2006-09-30": "236.30000", "2006-06-30": "477.10000", "2006-03-31": "479.00000", "2005-12-31": "482.20000", "2005-09-30": "465.10000", "2005-06-30": "465.60000", "2005-03-31": "468.40000"}, "Long-Term Investments": {"2020-12-31": "", "2020-09-30": "", "2020-06-30": "", "2020-03-31": "", "2019-12-31": "", "2019-09-30": "", "2019-06-30": "", "2019-03-31": "", "2018-12-31": "", "2018-09-30": "", "2018-06-30": "", "2018-03-31": "", "2017-12-31": "", "2017-09-30": "", "2017-06-30": "", "2017-03-31": "", "2016-12-31": "", "2016-09-30": "", "2016-06-30": "", "2016-03-31": "", "2015-12-31": "", "2015-09-30": "", "2015-06-30": "", "2015-03-31": "", "2014-12-31": "", "2014-09-30": "", "2014-06-30": "", "2014-03-31": "", "2013-12-31": "", "2013-09-30": "", "2013-06-30": "", "2013-03-31": "", "2012-12-31": "", "2012-09-30": "", "2012-06-30": "", "2012-03-31": "", "2011-12-31": "", "2011-09-30": "", "2011-06-30": "", "2011-03-31": "", "2010-12-31": "", "2010-09-30": "", "2010-06-30": "", "2010-03-31": "", "2009-12-31": "", "2009-09-30": "", "2009-06-30": "", "2009-03-31": "", "2008-12-31": "", "2008-09-30": "", "2008-06-30": "", "2008-03-31": "", "2007-12-31": "", "2007-09-30": "", "2007-06-30": "", "2007-03-31": "", "2006-12-31": "", "2006-09-30": "", "2006-06-30": "", "2006-03-31": "", "2005-12-31": "", "2005-09-30": "", "2005-06-30": "", "2005-03-31": ""}, "Goodwill And Intangible Assets": {"2020-12-31": "1819.60000", "2020-09-30": "1825.00000", "2020-06-30": "2536.60000", "2020-03-31": "2551.00000", "2019-12-31": "2567.80000", "2019-09-30": "2581.00000", "2019-06-30": "2600.20000", "2019-03-31": "2613.70000", "2018-12-31": "2631.20000", "2018-09-30": "2647.90000", "2018-06-30": "2664.00000", "2018-03-31": "2685.40000", "2017-12-31": "2698.50000", "2017-09-30": "2712.70000", "2017-06-30": "2725.10000", "2017-03-31": "2734.40000", "2016-12-31": "2747.60000", "2016-09-30": "2773.20000", "2016-06-30": "2857.50000", "2016-03-31": "2809.30000", "2015-12-31": "2851.60000", "2015-09-30": "859.60000", "2015-06-30": "863.30000", "2015-03-31": "866.90000", "2014-12-31": "870.60000", "2014-09-30": "747.10000", "2014-06-30": "747.10000", "2014-03-31": "747.10000", "2013-12-31": "747.10000", "2013-09-30": "747.10000", "2013-06-30": "747.10000", "2013-03-31": "747.10000", "2012-12-31": "747.10000", "2012-09-30": "747.10000", "2012-06-30": "627.40000", "2012-03-31": "627.40000", "2011-12-31": "627.40000", "2011-09-30": "627.40000", "2011-06-30": "627.40000", "2011-03-31": "628.20000", "2010-12-31": "300.30000", "2010-09-30": "300.30000", "2010-06-30": "300.30000", "2010-03-31": "300.30000", "2009-12-31": "300.30000", "2009-09-30": "300.30000", "2009-06-30": "301.90000", "2009-03-31": "301.90000", "2008-12-31": "300.30000", "2008-09-30": "303.70000", "2008-06-30": "301.90000", "2008-03-31": "301.90000", "2007-12-31": "301.90000", "2007-09-30": "299.10000", "2007-06-30": "", "2007-03-31": "", "2006-12-31": "", "2006-09-30": "", "2006-06-30": "78.40000", "2006-03-31": "75.10000", "2005-12-31": "75.10000", "2005-09-30": "74.90000", "2005-06-30": "74.70000", "2005-03-31": "74.60000"}, "Other Long-Term Assets": {"2020-12-31": "1191.30000", "2020-09-30": "1177.00000", "2020-06-30": "1179.70000", "2020-03-31": "1205.30000", "2019-12-31": "1169.10000", "2019-09-30": "1170.10000", "2019-06-30": "1174.50000", "2019-03-31": "1131.40000", "2018-12-31": "1150.40000", "2018-09-30": "1159.60000", "2018-06-30": "1169.50000", "2018-03-31": "1197.00000", "2017-12-31": "1208.40000", "2017-09-30": "1215.60000", "2017-06-30": "625.60000", "2017-03-31": "637.20000", "2016-12-31": "644.40000", "2016-09-30": "640.30000", "2016-06-30": "588.60000", "2016-03-31": "463.80000", "2015-12-31": "454.60000", "2015-09-30": "47.30000", "2015-06-30": "54.80000", "2015-03-31": "70.20000", "2014-12-31": "67.90000", "2014-09-30": "199.70000", "2014-06-30": "202.70000", "2014-03-31": "208.80000", "2013-12-31": "217.30000", "2013-09-30": "216.60000", "2013-06-30": "221.10000", "2013-03-31": "230.30000", "2012-12-31": "236.00000", "2012-09-30": "241.90000", "2012-06-30": "107.30000", "2012-03-31": "117.20000", "2011-12-31": "137.30000", "2011-09-30": "158.40000", "2011-06-30": "177.30000", "2011-03-31": "175.60000", "2010-12-31": "174.30000", "2010-09-30": "92.20000", "2010-06-30": "84.80000", "2010-03-31": "71.80000", "2009-12-31": "71.00000", "2009-09-30": "71.20000", "2009-06-30": "77.40000", "2009-03-31": "83.30000", "2008-12-31": "70.80000", "2008-09-30": "66.20000", "2008-06-30": "69.20000", "2008-03-31": "71.30000", "2007-12-31": "58.90000", "2007-09-30": "26.10000", "2007-06-30": "18.90000", "2007-03-31": "17.70000", "2006-12-31": "12.30000", "2006-09-30": "13.60000", "2006-06-30": "25.80000", "2006-03-31": "30.20000", "2005-12-31": "31.90000", "2005-09-30": "33.20000", "2005-06-30": "40.00000", "2005-03-31": "32.10000"}, "Total Long-Term Assets": {"2020-12-31": "6553.80100", "2020-09-30": "6594.10000", "2020-06-30": "7361.30000", "2020-03-31": "7445.10100", "2019-12-31": "7473.80000", "2019-09-30": "7463.00000", "2019-06-30": "7509.10000", "2019-03-31": "7485.40000", "2018-12-31": "7290.00000", "2018-09-30": "7289.00000", "2018-06-30": "7374.60000", "2018-03-31": "7461.20000", "2017-12-31": "7519.10000", "2017-09-30": "7648.60100", "2017-06-30": "7103.30000", "2017-03-31": "7143.50000", "2016-12-31": "7216.40000", "2016-09-30": "7239.60000", "2016-06-30": "7346.40000", "2016-03-31": "7239.50000", "2015-12-31": "7355.50000", "2015-09-30": "1832.50000", "2015-06-30": "1848.80000", "2015-03-31": "1869.90000", "2014-12-31": "1882.00000", "2014-09-30": "1896.00000", "2014-06-30": "1911.70000", "2014-03-31": "1935.10000", "2013-12-31": "1962.90000", "2013-09-30": "1965.90000", "2013-06-30": "1992.60000", "2013-03-31": "2013.80000", "2012-12-31": "2028.60000", "2012-09-30": "2059.50000", "2012-06-30": "1736.60000", "2012-03-31": "1688.00000", "2011-12-31": "1669.30000", "2011-09-30": "1653.20000", "2011-06-30": "1622.20000", "2011-03-31": "1593.90000", "2010-12-31": "1165.90000", "2010-09-30": "1110.00000", "2010-06-30": "1093.60000", "2010-03-31": "1075.10000", "2009-12-31": "1071.70000", "2009-09-30": "1081.80000", "2009-06-30": "1063.30000", "2009-03-31": "1068.10000", "2008-12-31": "1049.40000", "2008-09-30": "1122.90000", "2008-06-30": "1066.60000", "2008-03-31": "1039.20000", "2007-12-31": "1004.10000", "2007-09-30": "1104.00000", "2007-06-30": "717.00000", "2007-03-31": "721.20000", "2006-12-31": "717.30000", "2006-09-30": "1043.20000", "2006-06-30": "955.50000", "2006-03-31": "917.40000", "2005-12-31": "923.80000", "2005-09-30": "879.70000", "2005-06-30": "894.30000", "2005-03-31": "897.90000"}, "Total Assets": {"2020-12-31": "8270.90000", "2020-09-30": "8266.60000", "2020-06-30": "8978.10000", "2020-03-31": "9184.40000", "2019-12-31": "9187.80000", "2019-09-30": "9232.60000", "2019-06-30": "9235.30000", "2019-03-31": "9169.90000", "2018-12-31": "8997.40000", "2018-09-30": "9227.30000", "2018-06-30": "9137.80000", "2018-03-31": "9160.20000", "2017-12-31": "9218.30000", "2017-09-30": "9366.50000", "2017-06-30": "8794.30000", "2017-03-31": "8813.20000", "2016-12-31": "8762.60000", "2016-09-30": "8792.80000", "2016-06-30": "8909.30000", "2016-03-31": "9116.90000", "2015-12-31": "9288.90000", "2015-09-30": "2700.90000", "2015-06-30": "2693.10000", "2015-03-31": "2673.10000", "2014-12-31": "2698.10000", "2014-09-30": "2753.00000", "2014-06-30": "2790.70000", "2014-03-31": "2763.80000", "2013-12-31": "2802.80000", "2013-09-30": "2843.00000", "2013-06-30": "2786.50000", "2013-03-31": "2736.20000", "2012-12-31": "2777.70000", "2012-09-30": "2816.80000", "2012-06-30": "2485.90000", "2012-03-31": "2439.90000", "2011-12-31": "2449.60000", "2011-09-30": "2492.00000", "2011-06-30": "2464.50000", "2011-03-31": "2391.30000", "2010-12-31": "2048.70000", "2010-09-30": "1962.80000", "2010-06-30": "1933.70000", "2010-03-31": "1931.30000", "2009-12-31": "1932.00000", "2009-09-30": "1935.70000", "2009-06-30": "1709.50000", "2009-03-31": "1693.90000", "2008-12-31": "1719.70000", "2008-09-30": "1806.90000", "2008-06-30": "1761.30000", "2008-03-31": "1762.00000", "2007-12-31": "1731.40000", "2007-09-30": "1956.70000", "2007-06-30": "1659.80000", "2007-03-31": "1670.90000", "2006-12-31": "1642.20000", "2006-09-30": "1956.40000", "2006-06-30": "1877.10000", "2006-03-31": "1828.80000", "2005-12-31": "1797.20000", "2005-09-30": "1681.20000", "2005-06-30": "1647.50000", "2005-03-31": "1670.00000"}, "Total Current Liabilities": {"2020-12-31": "1196.90000", "2020-09-30": "1042.10000", "2020-06-30": "926.30000", "2020-03-31": "1565.90000", "2019-12-31": "1082.20000", "2019-09-30": "1077.20000", "2019-06-30": "1050.10000", "2019-03-31": "1139.90000", "2018-12-31": "1118.30000", "2018-09-30": "1073.70000", "2018-06-30": "982.20000", "2018-03-31": "971.00000", "2017-12-31": "954.30000", "2017-09-30": "999.30000", "2017-06-30": "1006.40000", "2017-03-31": "985.40000", "2016-12-31": "922.60000", "2016-09-30": "894.80000", "2016-06-30": "918.50000", "2016-03-31": "1049.60000", "2015-12-31": "1146.20000", "2015-09-30": "583.00000", "2015-06-30": "506.30000", "2015-03-31": "370.40000", "2014-12-31": "377.70000", "2014-09-30": "391.60000", "2014-06-30": "394.30000", "2014-03-31": "375.90000", "2013-12-31": "407.50000", "2013-09-30": "426.10000", "2013-06-30": "437.00000", "2013-03-31": "395.20000", "2012-12-31": "434.00000", "2012-09-30": "463.20000", "2012-06-30": "388.40000", "2012-03-31": "369.60000", "2011-12-31": "399.10000", "2011-09-30": "455.00000", "2011-06-30": "454.20000", "2011-03-31": "427.80000", "2010-12-31": "391.00000", "2010-09-30": "299.20000", "2010-06-30": "300.90000", "2010-03-31": "313.50000", "2009-12-31": "310.90000", "2009-09-30": "322.30000", "2009-06-30": "312.60000", "2009-03-31": "326.80000", "2008-12-31": "399.80000", "2008-09-30": "376.20000", "2008-06-30": "377.90000", "2008-03-31": "397.80000", "2007-12-31": "408.20000", "2007-09-30": "610.00000", "2007-06-30": "474.50000", "2007-03-31": "419.40000", "2006-12-31": "425.10000", "2006-09-30": "414.20000", "2006-06-30": "408.10000", "2006-03-31": "376.30000", "2005-12-31": "367.10000", "2005-09-30": "292.00000", "2005-06-30": "286.80000", "2005-03-31": "338.60000"}, "Long Term Debt": {"2020-12-31": "3837.50000", "2020-09-30": "3959.50000", "2020-06-30": "4073.90000", "2020-03-31": "3489.50000", "2019-12-31": "3338.70000", "2019-09-30": "3339.00000", "2019-06-30": "3232.60000", "2019-03-31": "3067.20000", "2018-12-31": "3104.40000", "2018-09-30": "3336.40000", "2018-06-30": "3512.60000", "2018-03-31": "3534.70000", "2017-12-31": "3611.30000", "2017-09-30": "3663.50000", "2017-06-30": "3518.90000", "2017-03-31": "3530.80000", "2016-12-31": "3537.10000", "2016-09-30": "3597.50000", "2016-06-30": "3615.50000", "2016-03-31": "3627.90000", "2015-12-31": "3643.80000", "2015-09-30": "521.20000", "2015-06-30": "522.90000", "2015-03-31": "648.70000", "2014-12-31": "658.70000", "2014-09-30": "672.70000", "2014-06-30": "676.60000", "2014-03-31": "677.50000", "2013-12-31": "678.40000", "2013-09-30": "690.50000", "2013-06-30": "689.10000", "2013-03-31": "689.30000", "2012-12-31": "690.10000", "2012-09-30": "703.10000", "2012-06-30": "503.90000", "2012-03-31": "512.00000", "2011-12-31": "524.20000", "2011-09-30": "501.80000", "2011-06-30": "494.30000", "2011-03-31": "491.90000", "2010-12-31": "418.20000", "2010-09-30": "385.10000", "2010-06-30": "402.30000", "2010-03-31": "397.10000", "2009-12-31": "398.40000", "2009-09-30": "399.60000", "2009-06-30": "251.40000", "2009-03-31": "253.40000", "2008-12-31": "252.40000", "2008-09-30": "249.70000", "2008-06-30": "248.70000", "2008-03-31": "252.70000", "2007-12-31": "249.20000", "2007-09-30": "360.10000", "2007-06-30": "242.50000", "2007-03-31": "245.00000", "2006-12-31": "252.20000", "2006-09-30": "252.50000", "2006-06-30": "250.60000", "2006-03-31": "253.30000", "2005-12-31": "257.20000", "2005-09-30": "256.80000", "2005-06-30": "260.60000", "2005-03-31": "257.50000"}, "Other Non-Current Liabilities": {"2020-12-31": "315.10000", "2020-09-30": "313.50000", "2020-06-30": "307.30000", "2020-03-31": "317.00000", "2019-12-31": "793.80000", "2019-09-30": "765.60000", "2019-06-30": "792.50000", "2019-03-31": "733.10000", "2018-12-31": "749.30000", "2018-09-30": "756.10000", "2018-06-30": "764.50000", "2018-03-31": "764.30000", "2017-12-31": "751.90000", "2017-09-30": "731.00000", "2017-06-30": "347.20000", "2017-03-31": "364.90000", "2016-12-31": "359.30000", "2016-09-30": "335.50000", "2016-06-30": "348.30000", "2016-03-31": "340.40000", "2015-12-31": "336.00000", "2015-09-30": "335.40000", "2015-06-30": "359.40000", "2015-03-31": "361.30000", "2014-12-31": "359.30000", "2014-09-30": "363.80000", "2014-06-30": "377.20000", "2014-03-31": "377.50000", "2013-12-31": "382.80000", "2013-09-30": "371.60000", "2013-06-30": "359.70000", "2013-03-31": "363.70000", "2012-12-31": "380.50000", "2012-09-30": "355.50000", "2012-06-30": "359.60000", "2012-03-31": "366.40000", "2011-12-31": "381.80000", "2011-09-30": "359.30000", "2011-06-30": "357.70000", "2011-03-31": "355.60000", "2010-12-31": "327.10000", "2010-09-30": "330.90000", "2010-06-30": "325.80000", "2010-03-31": "316.40000", "2009-12-31": "318.00000", "2009-09-30": "307.80000", "2009-06-30": "311.20000", "2009-03-31": "304.30000", "2008-12-31": "304.50000", "2008-09-30": "334.40000", "2008-06-30": "338.00000", "2008-03-31": "332.70000", "2007-12-31": "329.80000", "2007-09-30": "314.40000", "2007-06-30": "211.70000", "2007-03-31": "208.00000", "2006-12-31": "184.50000", "2006-09-30": "160.50000", "2006-06-30": "168.70000", "2006-03-31": "186.10000", "2005-12-31": "189.50000", "2005-09-30": "176.20000", "2005-06-30": "176.70000", "2005-03-31": "176.90000"}, "Total Long Term Liabilities": {"2020-12-31": "5621.70000", "2020-09-30": "5755.40000", "2020-06-30": "5862.90000", "2020-03-31": "5329.40000", "2019-12-31": "5688.10000", "2019-09-30": "5490.70000", "2019-06-30": "5414.40000", "2019-03-31": "5192.40000", "2018-12-31": "5046.90000", "2018-09-30": "5230.70000", "2018-06-30": "5392.50000", "2018-03-31": "5426.10000", "2017-12-31": "5510.30000", "2017-09-30": "6068.70000", "2017-06-30": "5529.30000", "2017-03-31": "5556.20000", "2016-12-31": "5567.00000", "2016-09-30": "5567.30000", "2016-06-30": "5659.80000", "2016-03-31": "5694.50000", "2015-12-31": "5723.90000", "2015-09-30": "1071.80000", "2015-06-30": "1134.30000", "2015-03-31": "1284.50000", "2014-12-31": "1307.10000", "2014-09-30": "1240.20000", "2014-06-30": "1272.60000", "2014-03-31": "1280.30000", "2013-12-31": "1294.20000", "2013-09-30": "1319.60000", "2013-06-30": "1304.50000", "2013-03-31": "1316.40000", "2012-12-31": "1345.30000", "2012-09-30": "1277.00000", "2012-06-30": "1049.80000", "2012-03-31": "1054.00000", "2011-12-31": "1064.70000", "2011-09-30": "1029.80000", "2011-06-30": "1022.50000", "2011-03-31": "1013.60000", "2010-12-31": "827.40000", "2010-09-30": "806.20000", "2010-06-30": "809.10000", "2010-03-31": "795.80000", "2009-12-31": "798.80000", "2009-09-30": "782.80000", "2009-06-30": "604.70000", "2009-03-31": "607.00000", "2008-12-31": "614.90000", "2008-09-30": "649.10000", "2008-06-30": "659.20000", "2008-03-31": "665.30000", "2007-12-31": "659.50000", "2007-09-30": "825.10000", "2007-06-30": "585.70000", "2007-03-31": "695.50000", "2006-12-31": "673.80000", "2006-09-30": "998.80000", "2006-06-30": "987.20000", "2006-03-31": "997.20000", "2005-12-31": "1003.50000", "2005-09-30": "951.50000", "2005-06-30": "948.90000", "2005-03-31": "943.00000"}, "Total Liabilities": {"2020-12-31": "6818.60000", "2020-09-30": "6797.50000", "2020-06-30": "6789.20000", "2020-03-31": "6895.30000", "2019-12-31": "6770.30000", "2019-09-30": "6567.90000", "2019-06-30": "6464.50000", "2019-03-31": "6332.30000", "2018-12-31": "6165.20000", "2018-09-30": "6304.40000", "2018-06-30": "6374.70000", "2018-03-31": "6397.10000", "2017-12-31": "6464.60000", "2017-09-30": "7068.00000", "2017-06-30": "6535.70000", "2017-03-31": "6541.60000", "2016-12-31": "6489.60000", "2016-09-30": "6462.10000", "2016-06-30": "6578.30000", "2016-03-31": "6744.10000", "2015-12-31": "6870.10000", "2015-09-30": "1654.80000", "2015-06-30": "1640.60000", "2015-03-31": "1654.90000", "2014-12-31": "1684.80000", "2014-09-30": "1631.80000", "2014-06-30": "1666.90000", "2014-03-31": "1656.20000", "2013-12-31": "1701.70000", "2013-09-30": "1745.70000", "2013-06-30": "1741.50000", "2013-03-31": "1711.60000", "2012-12-31": "1779.30000", "2012-09-30": "1740.20000", "2012-06-30": "1438.20000", "2012-03-31": "1423.60000", "2011-12-31": "1463.80000", "2011-09-30": "1484.80000", "2011-06-30": "1476.70000", "2011-03-31": "1441.40000", "2010-12-31": "1218.40000", "2010-09-30": "1105.40000", "2010-06-30": "1110.00000", "2010-03-31": "1109.30000", "2009-12-31": "1109.70000", "2009-09-30": "1105.10000", "2009-06-30": "917.30000", "2009-03-31": "933.80000", "2008-12-31": "1014.70000", "2008-09-30": "1025.30000", "2008-06-30": "1037.10000", "2008-03-31": "1063.10000", "2007-12-31": "1067.70000", "2007-09-30": "1435.10000", "2007-06-30": "1060.20000", "2007-03-31": "1114.90000", "2006-12-31": "1098.90000", "2006-09-30": "1413.00000", "2006-06-30": "1395.30000", "2006-03-31": "1373.50000", "2005-12-31": "1370.60000", "2005-09-30": "1243.50000", "2005-06-30": "1235.70000", "2005-03-31": "1281.60000"}, "Common Stock Net": {"2020-12-31": "158.00000", "2020-09-30": "157.90000", "2020-06-30": "157.90000", "2020-03-31": "157.80000", "2019-12-31": "157.70000", "2019-09-30": "159.70000", "2019-06-30": "164.30000", "2019-03-31": "164.90000", "2018-12-31": "165.30000", "2018-09-30": "166.80000", "2018-06-30": "167.00000", "2018-03-31": "167.20000", "2017-12-31": "167.10000", "2017-09-30": "166.40000", "2017-06-30": "166.30000", "2017-03-31": "165.90000", "2016-12-31": "165.40000", "2016-09-30": "165.30000", "2016-06-30": "165.20000", "2016-03-31": "165.20000", "2015-12-31": "165.10000", "2015-09-30": "77.60000", "2015-06-30": "77.50000", "2015-03-31": "77.50000", "2014-12-31": "77.40000", "2014-09-30": "78.20000", "2014-06-30": "78.60000", "2014-03-31": "79.00000", "2013-12-31": "79.40000", "2013-09-30": "79.60000", "2013-06-30": "80.00000", "2013-03-31": "80.30000", "2012-12-31": "80.20000", "2012-09-30": "80.20000", "2012-06-30": "80.00000", "2012-03-31": "80.10000", "2011-12-31": "80.10000", "2011-09-30": "80.20000", "2011-06-30": "80.20000", "2011-03-31": "79.70000", "2010-12-31": "79.60000", "2010-09-30": "79.60000", "2010-06-30": "79.20000", "2010-03-31": "78.90000", "2009-12-31": "78.70000", "2009-09-30": "78.50000", "2009-06-30": "78.20000", "2009-03-31": "77.90000", "2008-12-31": "77.30000", "2008-09-30": "76.90000", "2008-06-30": "75.40000", "2008-03-31": "74.70000", "2007-12-31": "74.50000", "2007-09-30": "74.20000", "2007-06-30": "73.90000", "2007-03-31": "73.70000", "2006-12-31": "73.30000", "2006-09-30": "72.90000", "2006-06-30": "72.50000", "2006-03-31": "72.20000", "2005-12-31": "71.90000", "2005-09-30": "71.70000", "2005-06-30": "71.40000", "2005-03-31": "71.10000"}, "Retained Earnings (Accumulated Deficit)": {"2020-12-31": "-155.10000", "2020-09-30": "-90.50000", "2020-06-30": "677.90000", "2020-03-31": "829.60000", "2019-12-31": "941.10000", "2019-09-30": "1049.10000", "2019-06-30": "1037.70000", "2019-03-31": "1090.40000", "2018-12-31": "1070.50000", "2018-09-30": "1050.50000", "2018-06-30": "888.80000", "2018-03-31": "863.70000", "2017-12-31": "790.30000", "2017-09-30": "334.40000", "2017-06-30": "315.00000", "2017-03-31": "354.10000", "2016-12-31": "373.80000", "2016-09-30": "389.30000", "2016-06-30": "404.80000", "2016-03-31": "438.90000", "2015-12-31": "509.80000", "2015-09-30": "605.50000", "2015-06-30": "615.10000", "2015-03-31": "588.30000", "2014-12-31": "590.70000", "2014-09-30": "593.50000", "2014-06-30": "583.10000", "2014-03-31": "561.60000", "2013-12-31": "548.00000", "2013-09-30": "539.20000", "2013-06-30": "485.50000", "2013-03-31": "457.90000", "2012-12-31": "433.40000", "2012-09-30": "414.90000", "2012-06-30": "402.20000", "2012-03-31": "370.60000", "2011-12-31": "347.90000", "2011-09-30": "345.20000", "2011-06-30": "314.00000", "2011-03-31": "288.00000", "2010-12-31": "170.20000", "2010-09-30": "184.00000", "2010-06-30": "168.20000", "2010-03-31": "167.00000", "2009-12-31": "168.70000", "2009-09-30": "162.70000", "2009-06-30": "138.90000", "2009-03-31": "126.70000", "2008-12-31": "95.50000", "2008-09-30": "63.80000", "2008-06-30": "41.30000", "2008-03-31": "20.80000", "2007-12-31": "-1.60000", "2007-09-30": "-2.00000", "2007-06-30": "96.00000", "2007-03-31": "75.20000", "2006-12-31": "66.90000", "2006-09-30": "54.70000", "2006-06-30": "13.10000", "2006-03-31": "-5.40000", "2005-12-31": "-24.70000", "2005-09-30": "-43.00000", "2005-06-30": "-60.10000", "2005-03-31": "-77.90000"}, "Comprehensive Income": {"2020-12-31": "-688.40000", "2020-09-30": "-728.20000", "2020-06-30": "-773.90000", "2020-03-31": "-821.10000", "2019-12-31": "-803.40000", "2019-09-30": "-672.70000", "2019-06-30": "-660.40000", "2019-03-31": "-656.90000", "2018-12-31": "-651.00000", "2018-09-30": "-571.30000", "2018-06-30": "-573.20000", "2018-03-31": "-552.80000", "2017-12-31": "-484.60000", "2017-09-30": "-470.00000", "2017-06-30": "-485.40000", "2017-03-31": "-502.10000", "2016-12-31": "-510.00000", "2016-09-30": "-466.70000", "2016-06-30": "-479.30000", "2016-03-31": "-470.20000", "2015-12-31": "-492.50000", "2015-09-30": "-433.20000", "2015-06-30": "-434.30000", "2015-03-31": "-439.70000", "2014-12-31": "-443.10000", "2014-09-30": "-356.40000", "2014-06-30": "-356.40000", "2014-03-31": "-363.50000", "2013-12-31": "-365.10000", "2013-09-30": "-363.10000", "2013-06-30": "-372.50000", "2013-03-31": "-371.10000", "2012-12-31": "-371.30000", "2012-09-30": "-272.60000", "2012-06-30": "-285.90000", "2012-03-31": "-286.40000", "2011-12-31": "-294.20000", "2011-09-30": "-270.60000", "2011-06-30": "-259.60000", "2011-03-31": "-260.80000", "2010-12-31": "-261.80000", "2010-09-30": "-246.30000", "2010-06-30": "-258.10000", "2010-03-31": "-250.70000", "2009-12-31": "-248.20000", "2009-09-30": "-229.50000", "2009-06-30": "-239.40000", "2009-03-31": "-253.80000", "2008-12-31": "-269.40000", "2008-09-30": "-153.50000", "2008-06-30": "-154.10000", "2008-03-31": "-144.40000", "2007-12-31": "-151.20000", "2007-09-30": "-287.00000", "2007-06-30": "-301.10000", "2007-03-31": "-318.40000", "2006-12-31": "-318.50000", "2006-09-30": "-297.90000", "2006-06-30": "-311.50000", "2006-03-31": "-305.30000", "2005-12-31": "-304.40000", "2005-09-30": "-270.20000", "2005-06-30": "-274.60000", "2005-03-31": "-273.20000"}, "Other Share Holders Equity": {"2020-12-31": "", "2020-09-30": "", "2020-06-30": "", "2020-03-31": "", "2019-12-31": "", "2019-09-30": "", "2019-06-30": "", "2019-03-31": "", "2018-12-31": "", "2018-09-30": "", "2018-06-30": "", "2018-03-31": "", "2017-12-31": "", "2017-09-30": "", "2017-06-30": "", "2017-03-31": "", "2016-12-31": "", "2016-09-30": "", "2016-06-30": "", "2016-03-31": "", "2015-12-31": "", "2015-09-30": "", "2015-06-30": "", "2015-03-31": "", "2014-12-31": "", "2014-09-30": "", "2014-06-30": "", "2014-03-31": "", "2013-12-31": "", "2013-09-30": "", "2013-06-30": "", "2013-03-31": "", "2012-12-31": "", "2012-09-30": "", "2012-06-30": "", "2012-03-31": "", "2011-12-31": "", "2011-09-30": "", "2011-06-30": "", "2011-03-31": "", "2010-12-31": "", "2010-09-30": "", "2010-06-30": "", "2010-03-31": "", "2009-12-31": "", "2009-09-30": "", "2009-06-30": "", "2009-03-31": "", "2008-12-31": "", "2008-09-30": "", "2008-06-30": "", "2008-03-31": "", "2007-12-31": "", "2007-09-30": "", "2007-06-30": "", "2007-03-31": "", "2006-12-31": "", "2006-09-30": "", "2006-06-30": "", "2006-03-31": "", "2005-12-31": "", "2005-09-30": "", "2005-06-30": "", "2005-03-31": ""}, "Share Holder Equity": {"2020-12-31": "1452.30000", "2020-09-30": "1469.10000", "2020-06-30": "2188.90000", "2020-03-31": "2289.10000", "2019-12-31": "2417.50000", "2019-09-30": "2664.70000", "2019-06-30": "2770.80000", "2019-03-31": "2837.60000", "2018-12-31": "2832.20000", "2018-09-30": "2922.90000", "2018-06-30": "2763.10000", "2018-03-31": "2763.10000", "2017-12-31": "2753.70000", "2017-09-30": "2298.50000", "2017-06-30": "2258.60000", "2017-03-31": "2271.60000", "2016-12-31": "2273.00000", "2016-09-30": "2330.70000", "2016-06-30": "2331.00000", "2016-03-31": "2372.80000", "2015-12-31": "2418.80000", "2015-09-30": "1046.10000", "2015-06-30": "1052.50000", "2015-03-31": "1018.20000", "2014-12-31": "1013.30000", "2014-09-30": "1121.20000", "2014-06-30": "1123.80000", "2014-03-31": "1107.60000", "2013-12-31": "1101.10000", "2013-09-30": "1097.30000", "2013-06-30": "1045.00000", "2013-03-31": "1024.60000", "2012-12-31": "998.40000", "2012-09-30": "1076.60000", "2012-06-30": "1047.70000", "2012-03-31": "1016.30000", "2011-12-31": "985.80000", "2011-09-30": "1007.20000", "2011-06-30": "987.80000", "2011-03-31": "949.90000", "2010-12-31": "830.30000", "2010-09-30": "857.40000", "2010-06-30": "823.70000", "2010-03-31": "822.00000", "2009-12-31": "822.30000", "2009-09-30": "830.60000", "2009-06-30": "792.20000", "2009-03-31": "760.10000", "2008-12-31": "705.00000", "2008-09-30": "781.60000", "2008-06-30": "724.20000", "2008-03-31": "698.90000", "2007-12-31": "663.70000", "2007-09-30": "521.60000", "2007-06-30": "599.60000", "2007-03-31": "556.00000", "2006-12-31": "543.30000", "2006-09-30": "543.40000", "2006-06-30": "481.80000", "2006-03-31": "455.30000", "2005-12-31": "426.60000", "2005-09-30": "437.70000", "2005-06-30": "411.80000", "2005-03-31": "388.40000"}, "Total Liabilities And Share Holders Equity": {"2020-12-31": "8270.90000", "2020-09-30": "8266.60000", "2020-06-30": "8978.10000", "2020-03-31": "9184.40000", "2019-12-31": "9187.80000", "2019-09-30": "9232.60000", "2019-06-30": "9235.30000", "2019-03-31": "9169.90000", "2018-12-31": "8997.40000", "2018-09-30": "9227.30000", "2018-06-30": "9137.80000", "2018-03-31": "9160.20000", "2017-12-31": "9218.30000", "2017-09-30": "9366.50000", "2017-06-30": "8794.30000", "2017-03-31": "8813.20000", "2016-12-31": "8762.60000", "2016-09-30": "8792.80000", "2016-06-30": "8909.30000", "2016-03-31": "9116.90000", "2015-12-31": "9288.90000", "2015-09-30": "2700.90000", "2015-06-30": "2693.10000", "2015-03-31": "2673.10000", "2014-12-31": "2698.10000", "2014-09-30": "2753.00000", "2014-06-30": "2790.70000", "2014-03-31": "2763.80000", "2013-12-31": "2802.80000", "2013-09-30": "2843.00000", "2013-06-30": "2786.50000", "2013-03-31": "2736.20000", "2012-12-31": "2777.70000", "2012-09-30": "2816.80000", "2012-06-30": "2485.90000", "2012-03-31": "2439.90000", "2011-12-31": "2449.60000", "2011-09-30": "2492.00000", "2011-06-30": "2464.50000", "2011-03-31": "2391.30000", "2010-12-31": "2048.70000", "2010-09-30": "1962.80000", "2010-06-30": "1933.70000", "2010-03-31": "1931.30000", "2009-12-31": "1932.00000", "2009-09-30": "1935.70000", "2009-06-30": "1709.50000", "2009-03-31": "1693.90000", "2008-12-31": "1719.70000", "2008-09-30": "1806.90000", "2008-06-30": "1761.30000", "2008-03-31": "1762.00000", "2007-12-31": "1731.40000", "2007-09-30": "1956.70000", "2007-06-30": "1659.80000", "2007-03-31": "1670.90000", "2006-12-31": "1642.20000", "2006-09-30": "1956.40000", "2006-06-30": "1877.10000", "2006-03-31": "1828.80000", "2005-12-31": "1797.20000", "2005-09-30": "1681.20000", "2005-06-30": "1647.50000", "2005-03-31": "1670.00000"}}, "cash flow statement": {"Net Income/Loss": {"2020-12-31": "-969.90000", "2019-12-31": "-11.30000", "2018-12-31": "327.90000", "2017-12-31": "549.50000", "2016-12-31": "-3.90000", "2015-12-31": "-1.40000", "2014-12-31": "105.70000", "2013-12-31": "178.60000", "2012-12-31": "149.60000", "2011-12-31": "241.70000", "2010-12-31": "64.80000", "2009-12-31": "135.70000", "2008-12-31": "157.70000", "2007-12-31": "-9.20000", "2006-12-31": "149.70000", "2005-12-31": "133.30000"}, "Total Depreciation And Amortization - Cash Flow": {"2020-12-31": "1268.20000", "2019-12-31": "597.40000", "2018-12-31": "601.40000", "2017-12-31": "558.90000", "2016-12-31": "533.50000", "2015-12-31": "228.90000", "2014-12-31": "139.10000", "2013-12-31": "135.30000", "2012-12-31": "110.90000", "2011-12-31": "99.30000", "2010-12-31": "86.90000", "2009-12-31": "71.70000", "2008-12-31": "69.60000", "2007-12-31": "48.00000", "2006-12-31": "37.80000", "2005-12-31": "36.00000"}, "Other Non-Cash Items": {"2020-12-31": "-18.30000", "2019-12-31": "-11.30000", "2018-12-31": "54.30000", "2017-12-31": "-475.70000", "2016-12-31": "5.60000", "2015-12-31": "-46.10000", "2014-12-31": "7.30000", "2013-12-31": "-13.60000", "2012-12-31": "17.90000", "2011-12-31": "-126.10000", "2010-12-31": "-27.00000", "2009-12-31": "9.70000", "2008-12-31": "-3.70000", "2007-12-31": "71.20000", "2006-12-31": "-114.40000", "2005-12-31": "75.20000"}, "Total Non-Cash Items": {"2020-12-31": "1249.90000", "2019-12-31": "586.10000", "2018-12-31": "655.70000", "2017-12-31": "83.20000", "2016-12-31": "539.10000", "2015-12-31": "182.80000", "2014-12-31": "146.40000", "2013-12-31": "121.70000", "2012-12-31": "128.80000", "2011-12-31": "-26.80000", "2010-12-31": "59.90000", "2009-12-31": "81.40000", "2008-12-31": "65.90000", "2007-12-31": "119.20000", "2006-12-31": "-76.60000", "2005-12-31": "111.20000"}, "Change In Accounts Receivable": {"2020-12-31": "-0.30000", "2019-12-31": "12.30000", "2018-12-31": "-46.30000", "2017-12-31": "-49.90000", "2016-12-31": "38.50000", "2015-12-31": "-115.10000", "2014-12-31": "25.80000", "2013-12-31": "18.90000", "2012-12-31": "1.20000", "2011-12-31": "-26.20000", "2010-12-31": "-3.60000", "2009-12-31": "29.70000", "2008-12-31": "-9.50000", "2007-12-31": "-7.70000", "2006-12-31": "-5.00000", "2005-12-31": "-15.70000"}, "Change In Inventories": {"2020-12-31": "28.60000", "2019-12-31": "13.00000", "2018-12-31": "-35.50000", "2017-12-31": "-37.80000", "2016-12-31": "23.90000", "2015-12-31": "-1.70000", "2014-12-31": "-23.60000", "2013-12-31": "8.60000", "2012-12-31": "17.90000", "2011-12-31": "-17.00000", "2010-12-31": "-31.80000", "2009-12-31": "7.60000", "2008-12-31": "-25.00000", "2007-12-31": "1.40000", "2006-12-31": "-2.70000", "2005-12-31": "-9.00000"}, "Change In Accounts Payable": {"2020-12-31": "", "2019-12-31": "", "2018-12-31": "", "2017-12-31": "", "2016-12-31": "", "2015-12-31": "", "2014-12-31": "", "2013-12-31": "", "2012-12-31": "", "2011-12-31": "", "2010-12-31": "", "2009-12-31": "", "2008-12-31": "", "2007-12-31": "", "2006-12-31": "", "2005-12-31": ""}, "Change In Assets/Liabilities": {"2020-12-31": "-30.60000", "2019-12-31": "36.60000", "2018-12-31": "1.90000", "2017-12-31": "-12.20000", "2016-12-31": "4.50000", "2015-12-31": "-25.50000", "2014-12-31": "-26.30000", "2013-12-31": "-12.50000", "2012-12-31": "-17.70000", "2011-12-31": "26.00000", "2010-12-31": "-1.70000", "2009-12-31": "11.70000", "2008-12-31": "-6.90000", "2007-12-31": "48.10000", "2006-12-31": "-26.90000", "2005-12-31": "2.40000"}, "Total Change In Assets/Liabilities": {"2020-12-31": "135.80000", "2019-12-31": "40.20000", "2018-12-31": "-69.90000", "2017-12-31": "9.70000", "2016-12-31": "64.50000", "2015-12-31": "30.20000", "2014-12-31": "-90.40000", "2013-12-31": "16.40000", "2012-12-31": "0.80000", "2011-12-31": "3.40000", "2010-12-31": "-9.70000", "2009-12-31": "-14.50000", "2008-12-31": "-108.50000", "2007-12-31": "94.70000", "2006-12-31": "-8.00000", "2005-12-31": "30.60000"}, "Cash Flow From Operating Activities": {"2020-12-31": "418.40000", "2019-12-31": "617.30000", "2018-12-31": "907.80000", "2017-12-31": "648.80000", "2016-12-31": "603.20000", "2015-12-31": "217.10000", "2014-12-31": "159.20000", "2013-12-31": "317.00000", "2012-12-31": "279.20000", "2011-12-31": "215.90000", "2010-12-31": "115.50000", "2009-12-31": "200.20000", "2008-12-31": "115.60000", "2007-12-31": "204.20000", "2006-12-31": "64.60000", "2005-12-31": "278.90000"}, "Net Change In Property, Plant, And Equipment": {"2020-12-31": "-298.90000", "2019-12-31": "-385.60000", "2018-12-31": "-382.30000", "2017-12-31": "-289.10000", "2016-12-31": "-237.10000", "2015-12-31": "-104.70000", "2014-12-31": "-66.20000", "2013-12-31": "-50.40000", "2012-12-31": "-242.70000", "2011-12-31": "-189.80000", "2010-12-31": "-82.20000", "2009-12-31": "-129.40000", "2008-12-31": "-179.70000", "2007-12-31": "-61.30000", "2006-12-31": "-61.70000", "2005-12-31": "-48.40000"}, "Net Change In Intangible Assets": {"2020-12-31": "", "2019-12-31": "", "2018-12-31": "", "2017-12-31": "", "2016-12-31": "", "2015-12-31": "", "2014-12-31": "", "2013-12-31": "", "2012-12-31": "", "2011-12-31": "", "2010-12-31": "", "2009-12-31": "", "2008-12-31": "", "2007-12-31": "", "2006-12-31": "", "2005-12-31": ""}, "Net Acquisitions/Divestitures": {"2020-12-31": "", "2019-12-31": "20.00000", "2018-12-31": "", "2017-12-31": "", "2016-12-31": "-60.70000", "2015-12-31": "-399.30000", "2014-12-31": "", "2013-12-31": "", "2012-12-31": "-310.40000", "2011-12-31": "-123.40000", "2010-12-31": "", "2009-12-31": "", "2008-12-31": "", "2007-12-31": "81.10000", "2006-12-31": "", "2005-12-31": ""}, "Net Change In Short-term Investments": {"2020-12-31": "", "2019-12-31": "", "2018-12-31": "", "2017-12-31": "", "2016-12-31": "", "2015-12-31": "", "2014-12-31": "", "2013-12-31": "", "2012-12-31": "", "2011-12-31": "", "2010-12-31": "", "2009-12-31": "", "2008-12-31": "", "2007-12-31": "50.00000", "2006-12-31": "-76.60000", "2005-12-31": ""}, "Net Change In Long-Term Investments": {"2020-12-31": "", "2019-12-31": "", "2018-12-31": "", "2017-12-31": "-209.40000", "2016-12-31": "-175.70000", "2015-12-31": "", "2014-12-31": "", "2013-12-31": "1.50000", "2012-12-31": "1.30000", "2011-12-31": "1.90000", "2010-12-31": "23.60000", "2009-12-31": "37.10000", "2008-12-31": "27.60000", "2007-12-31": "25.40000", "2006-12-31": "44.00000", "2005-12-31": "31.00000"}, "Net Change In Investments - Total": {"2020-12-31": "", "2019-12-31": "", "2018-12-31": "", "2017-12-31": "-209.40000", "2016-12-31": "-175.70000", "2015-12-31": "", "2014-12-31": "", "2013-12-31": "1.50000", "2012-12-31": "1.30000", "2011-12-31": "1.90000", "2010-12-31": "23.60000", "2009-12-31": "37.10000", "2008-12-31": "27.60000", "2007-12-31": "75.40000", "2006-12-31": "-32.60000", "2005-12-31": "31.00000"}, "Investing Activities - Other": {"2020-12-31": "-536.80000", "2019-12-31": "", "2018-12-31": "", "2017-12-31": "", "2016-12-31": "", "2015-12-31": "", "2014-12-31": "4.50000", "2013-12-31": "5.10000", "2012-12-31": "39.40000", "2011-12-31": "51.70000", "2010-12-31": "-101.10000", "2009-12-31": "4.60000", "2008-12-31": "-3.90000", "2007-12-31": "-5.10000", "2006-12-31": "-17.90000", "2005-12-31": "-20.70000"}, "Cash Flow From Investing Activities": {"2020-12-31": "-835.70000", "2019-12-31": "-365.60000", "2018-12-31": "-382.30000", "2017-12-31": "-498.50000", "2016-12-31": "-473.50000", "2015-12-31": "-504.00000", "2014-12-31": "-61.70000", "2013-12-31": "-43.80000", "2012-12-31": "-512.40000", "2011-12-31": "-259.60000", "2010-12-31": "-159.70000", "2009-12-31": "-87.70000", "2008-12-31": "-156.00000", "2007-12-31": "90.10000", "2006-12-31": "-112.20000", "2005-12-31": "-38.10000"}, "Net Long-Term Debt": {"2020-12-31": "520.30000", "2019-12-31": "80.80000", "2018-12-31": "-376.10000", "2017-12-31": "-2.40000", "2016-12-31": "-205.30000", "2015-12-31": "544.30000", "2014-12-31": "-12.40000", "2013-12-31": "-23.70000", "2012-12-31": "180.10000", "2011-12-31": "-51.20000", "2010-12-31": "96.30000", "2009-12-31": "150.30000", "2008-12-31": "-11.30000", "2007-12-31": "-145.70000", "2006-12-31": "-1.10000", "2005-12-31": "-49.10000"}, "Net Current Debt": {"2020-12-31": "", "2019-12-31": "", "2018-12-31": "", "2017-12-31": "", "2016-12-31": "", "2015-12-31": "", "2014-12-31": "", "2013-12-31": "", "2012-12-31": "", "2011-12-31": "", "2010-12-31": "", "2009-12-31": "", "2008-12-31": "", "2007-12-31": "", "2006-12-31": "", "2005-12-31": ""}, "Debt Issuance/Retirement Net - Total": {"2020-12-31": "520.30000", "2019-12-31": "80.80000", "2018-12-31": "-376.10000", "2017-12-31": "-2.40000", "2016-12-31": "-205.30000", "2015-12-31": "544.30000", "2014-12-31": "-12.40000", "2013-12-31": "-23.70000", "2012-12-31": "180.10000", "2011-12-31": "-51.20000", "2010-12-31": "96.30000", "2009-12-31": "150.30000", "2008-12-31": "-11.30000", "2007-12-31": "-145.70000", "2006-12-31": "-1.10000", "2005-12-31": "-49.10000"}, "Net Common Equity Issued/Repurchased": {"2020-12-31": "1.90000", "2019-12-31": "-144.20000", "2018-12-31": "-46.60000", "2017-12-31": "29.80000", "2016-12-31": "0.50000", "2015-12-31": "2.20000", "2014-12-31": "-58.20000", "2013-12-31": "-27.40000", "2012-12-31": "-1.80000", "2011-12-31": "4.10000", "2010-12-31": "12.10000", "2009-12-31": "15.00000", "2008-12-31": "47.30000", "2007-12-31": "17.80000", "2006-12-31": "20.90000", "2005-12-31": "22.20000"}, "Net Total Equity Issued/Repurchased": {"2020-12-31": "1.90000", "2019-12-31": "-144.20000", "2018-12-31": "-46.60000", "2017-12-31": "29.80000", "2016-12-31": "0.50000", "2015-12-31": "2.20000", "2014-12-31": "-58.20000", "2013-12-31": "-27.40000", "2012-12-31": "-1.80000", "2011-12-31": "4.10000", "2010-12-31": "12.10000", "2009-12-31": "15.00000", "2008-12-31": "47.30000", "2007-12-31": "17.80000", "2006-12-31": "20.90000", "2005-12-31": "22.20000"}, "Total Common And Preferred Stock Dividends Paid": {"2020-12-31": "-126.30000", "2019-12-31": "-129.30000", "2018-12-31": "-133.60000", "2017-12-31": "-133.00000", "2016-12-31": "-132.10000", "2015-12-31": "-79.50000", "2014-12-31": "-63.00000", "2013-12-31": "-64.00000", "2012-12-31": "-64.10000", "2011-12-31": "-64.00000", "2010-12-31": "-63.30000", "2009-12-31": "-62.50000", "2008-12-31": "-60.60000", "2007-12-31": "-59.20000", "2006-12-31": "-58.10000", "2005-12-31": "-57.10000"}, "Financial Activities - Other": {"2020-12-31": "-10.30000", "2019-12-31": "-16.60000", "2018-12-31": "-8.50000", "2017-12-31": "-11.20000", "2016-12-31": "-0.60000", "2015-12-31": "-44.80000", "2014-12-31": "-14.90000", "2013-12-31": "-15.50000", "2012-12-31": "-20.60000", "2011-12-31": "1.00000", "2010-12-31": "-0.80000", "2009-12-31": "-3.30000", "2008-12-31": "5.50000", "2007-12-31": "-1.00000", "2006-12-31": "-18.00000", "2005-12-31": "-0.40000"}, "Cash Flow From Financial Activities": {"2020-12-31": "385.60000", "2019-12-31": "-209.30000", "2018-12-31": "-564.80000", "2017-12-31": "-116.80000", "2016-12-31": "-337.50000", "2015-12-31": "422.20000", "2014-12-31": "-148.50000", "2013-12-31": "-130.60000", "2012-12-31": "93.60000", "2011-12-31": "-110.10000", "2010-12-31": "44.30000", "2009-12-31": "99.50000", "2008-12-31": "-19.10000", "2007-12-31": "-188.10000", "2006-12-31": "-56.30000", "2005-12-31": "-84.40000"}, "Net Cash Flow": {"2020-12-31": "-31.20000", "2019-12-31": "42.10000", "2018-12-31": "-39.60000", "2017-12-31": "33.90000", "2016-12-31": "-207.50000", "2015-12-31": "135.20000", "2014-12-31": "-51.00000", "2013-12-31": "142.60000", "2012-12-31": "-139.60000", "2011-12-31": "-153.80000", "2010-12-31": "0.10000", "2009-12-31": "212.00000", "2008-12-31": "-59.50000", "2007-12-31": "106.20000", "2006-12-31": "-103.90000", "2005-12-31": "156.40000"}, "Stock-Based Compensation": {"2020-12-31": "13.60000", "2019-12-31": "10.70000", "2018-12-31": "12.00000", "2017-12-31": "9.10000", "2016-12-31": "7.50000", "2015-12-31": "7.60000", "2014-12-31": "5.10000", "2013-12-31": "8.80000", "2012-12-31": "6.20000", "2011-12-31": "5.80000", "2010-12-31": "6.70000", "2009-12-31": "5.80000", "2008-12-31": "6.30000", "2007-12-31": "4.90000", "2006-12-31": "5.60000", "2005-12-31": "2.30000"}, "Common Stock Dividends Paid": {"2020-12-31": "-126.30000", "2019-12-31": "-129.30000", "2018-12-31": "-133.60000", "2017-12-31": "-133.00000", "2016-12-31": "-132.10000", "2015-12-31": "-79.50000", "2014-12-31": "-63.00000", "2013-12-31": "-64.00000", "2012-12-31": "-64.10000", "2011-12-31": "-64.00000", "2010-12-31": "-63.30000", "2009-12-31": "-62.50000", "2008-12-31": "-60.60000", "2007-12-31": "-59.20000", "2006-12-31": "-58.10000", "2005-12-31": "-57.10000"}}, "cash flow statement, quarterly": {"Net Income/Loss": {"2020-12-31": -33, "2020-09-30": -736.8, "2020-06-30": -120.1, "2020-03-31": "-80.00000", "2019-12-31": -77.2, "2019-09-30": 44.2, "2019-06-30": -20, "2019-03-31": "41.70000", "2018-12-31": 53.3, "2018-09-30": 195.1, "2018-06-30": 58.6, "2018-03-31": "20.90000", "2017-12-31": 489.3, "2017-09-30": 52.7, "2017-06-30": -5.9, "2017-03-31": "13.40000", "2016-12-31": 17.5, "2016-09-30": 17.5, "2016-06-30": -1, "2016-03-31": "-37.90000", "2015-12-31": -62.7, "2015-09-30": 5.9, "2015-06-30": 42.3, "2015-03-31": "13.10000", "2014-12-31": 12.8, "2014-09-30": 26.1, "2014-06-30": 37.3, "2014-03-31": "29.50000", "2013-12-31": 24.7, "2013-09-30": 69.7, "2013-06-30": 43.7, "2013-03-31": "40.50000", "2012-12-31": 34.6, "2012-09-30": 28.7, "2012-06-30": 47.6, "2012-03-31": "38.70000", "2011-12-31": 18.7, "2011-09-30": 47.2, "2011-06-30": 42.1, "2011-03-31": "133.70000", "2010-12-31": 2, "2010-09-30": 31.8, "2010-06-30": 16.9, "2010-03-31": "14.10000", "2009-12-31": 21.8, "2009-09-30": 39.4, "2009-06-30": 27.8, "2009-03-31": "46.70000", "2008-12-31": 47.2, "2008-09-30": 37.7, "2008-06-30": 35.5, "2008-03-31": "37.30000", "2007-12-31": 15.3, "2007-09-30": -83.2, "2007-06-30": 35.6, "2007-03-31": "23.10000", "2006-12-31": 26.8, "2006-09-30": 56.2, "2006-06-30": 33, "2006-03-31": "33.70000", "2005-12-31": 32.6, "2005-09-30": 31.4, "2005-06-30": 32.1, "2005-03-31": "37.20000"}, "Total Depreciation And Amortization - Cash Flow": {"2020-12-31": 143.3, "2020-09-30": 841.9, "2020-06-30": 136.5, "2020-03-31": "146.50000", "2019-12-31": 137.1, "2019-09-30": 156, "2019-06-30": 151.4, "2019-03-31": "152.90000", "2018-12-31": 150.4, "2018-09-30": 153.6, "2018-06-30": 150.7, "2018-03-31": "146.70000", "2017-12-31": 147.5, "2017-09-30": 139.2, "2017-06-30": 137.1, "2017-03-31": "135.10000", "2016-12-31": 136.1, "2016-09-30": 135.3, "2016-06-30": 132.4, "2016-03-31": "129.70000", "2015-12-31": 124, "2015-09-30": 35.8, "2015-06-30": 34.7, "2015-03-31": "34.40000", "2014-12-31": 34.8, "2014-09-30": 34.9, "2014-06-30": 35.2, "2014-03-31": "34.20000", "2013-12-31": 34.1, "2013-09-30": 34.1, "2013-06-30": 34.2, "2013-03-31": "32.90000", "2012-12-31": 32.2, "2012-09-30": 26.6, "2012-06-30": 26.6, "2012-03-31": "25.50000", "2011-12-31": 25.2, "2011-09-30": 25.5, "2011-06-30": 25.4, "2011-03-31": "23.20000", "2010-12-31": 22.1, "2010-09-30": 21.6, "2010-06-30": 21.6, "2010-03-31": "21.60000", "2009-12-31": 21.2, "2009-09-30": 17.1, "2009-06-30": 16.8, "2009-03-31": "16.60000", "2008-12-31": 17.4, "2008-09-30": 17.3, "2008-06-30": 17.6, "2008-03-31": "17.30000", "2007-12-31": 16.8, "2007-09-30": 12.1, "2007-06-30": 9.5, "2007-03-31": "9.60000", "2006-12-31": 9.2, "2006-09-30": -6.9, "2006-06-30": 18.1, "2006-03-31": "17.40000", "2005-12-31": -17.7, "2005-09-30": 53.7, "2005-06-30": -17.5, "2005-03-31": "17.50000"}, "Other Non-Cash Items": {"2020-12-31": 46.2, "2020-09-30": -9.4, "2020-06-30": -45.9, "2020-03-31": "-9.20000", "2019-12-31": 22.1, "2019-09-30": -5.6, "2019-06-30": -14.8, "2019-03-31": "-13.00000", "2018-12-31": -8.6, "2018-09-30": 51, "2018-06-30": 32.4, "2018-03-31": "-20.50000", "2017-12-31": -442, "2017-09-30": -10.8, "2017-06-30": -26.9, "2017-03-31": "4.00000", "2016-12-31": -6.9, "2016-09-30": -15.1, "2016-06-30": -27, "2016-03-31": "54.60000", "2015-12-31": 6.3, "2015-09-30": -7.3, "2015-06-30": -36.7, "2015-03-31": "-8.40000", "2014-12-31": 9.9, "2014-09-30": 0.7, "2014-06-30": -3.7, "2014-03-31": "0.40000", "2013-12-31": -25.6, "2013-09-30": 7.7, "2013-06-30": -1.4, "2013-03-31": "5.70000", "2012-12-31": 1.3, "2012-09-30": 9.1, "2012-06-30": -0.1, "2012-03-31": "7.60000", "2011-12-31": -8.6, "2011-09-30": -6, "2011-06-30": -1.2, "2011-03-31": "-110.30000", "2010-12-31": -5.2, "2010-09-30": -2.3, "2010-06-30": -11.2, "2010-03-31": "-8.30000", "2009-12-31": 9.5, "2009-09-30": 2.6, "2009-06-30": 0.5, "2009-03-31": "-2.90000", "2008-12-31": 4.6, "2008-09-30": 16.6, "2008-06-30": -17.9, "2008-03-31": "-7.00000", "2007-12-31": -45.1, "2007-09-30": 145.6, "2007-06-30": -28.4, "2007-03-31": "-0.90000", "2006-12-31": 53.2, "2006-09-30": -97.7, "2006-06-30": -44.8, "2006-03-31": "-25.10000", "2005-12-31": 41.1, "2005-09-30": -26.6, "2005-06-30": 49.2, "2005-03-31": "11.50000"}, "Total Non-Cash Items": {"2020-12-31": 189.5, "2020-09-30": 832.5, "2020-06-30": 90.6, "2020-03-31": "137.30000", "2019-12-31": 159.2, "2019-09-30": 150.4, "2019-06-30": 136.6, "2019-03-31": "139.90000", "2018-12-31": 141.8, "2018-09-30": 204.6, "2018-06-30": 183.1, "2018-03-31": "126.20000", "2017-12-31": -294.5, "2017-09-30": 128.4, "2017-06-30": 110.2, "2017-03-31": "139.10000", "2016-12-31": 129.2, "2016-09-30": 120.2, "2016-06-30": 105.4, "2016-03-31": "184.30000", "2015-12-31": 130.3, "2015-09-30": 28.5, "2015-06-30": -2, "2015-03-31": "26.00000", "2014-12-31": 44.7, "2014-09-30": 35.6, "2014-06-30": 31.5, "2014-03-31": "34.60000", "2013-12-31": 8.5, "2013-09-30": 41.8, "2013-06-30": 32.8, "2013-03-31": "38.60000", "2012-12-31": 33.5, "2012-09-30": 35.7, "2012-06-30": 26.5, "2012-03-31": "33.10000", "2011-12-31": 16.6, "2011-09-30": 19.5, "2011-06-30": 24.2, "2011-03-31": "-87.10000", "2010-12-31": 16.9, "2010-09-30": 19.3, "2010-06-30": 10.4, "2010-03-31": "13.30000", "2009-12-31": 30.7, "2009-09-30": 19.7, "2009-06-30": 17.3, "2009-03-31": "13.70000", "2008-12-31": 22, "2008-09-30": 33.9, "2008-06-30": -0.3, "2008-03-31": "10.30000", "2007-12-31": -28.3, "2007-09-30": 157.7, "2007-06-30": -18.9, "2007-03-31": "8.70000", "2006-12-31": 62.4, "2006-09-30": -104.6, "2006-06-30": -26.7, "2006-03-31": "-7.70000", "2005-12-31": 23.4, "2005-09-30": 27.1, "2005-06-30": 31.7, "2005-03-31": "29.00000"}, "Change In Accounts Receivable": {"2020-12-31": -57.3, "2020-09-30": -7.1, "2020-06-30": 130.2, "2020-03-31": "-66.10000", "2019-12-31": 89.7, "2019-09-30": -6.6, "2019-06-30": -34.6, "2019-03-31": "-36.20000", "2018-12-31": 233.8, "2018-09-30": -170.2, "2018-06-30": -7.4, "2018-03-31": "-102.50000", "2017-12-31": -1.4, "2017-09-30": 49.4, "2017-06-30": -17.7, "2017-03-31": "-80.20000", "2016-12-31": 20.3, "2016-09-30": 55.6, "2016-06-30": -20.6, "2016-03-31": "-16.80000", "2015-12-31": -77.8, "2015-09-30": 20.9, "2015-06-30": -17.5, "2015-03-31": "-40.70000", "2014-12-31": 72.5, "2014-09-30": 14.4, "2014-06-30": -10.2, "2014-03-31": "-50.90000", "2013-12-31": 63.7, "2013-09-30": 26.2, "2013-06-30": -5.3, "2013-03-31": "-65.70000", "2012-12-31": 51.7, "2012-09-30": -8.2, "2012-06-30": 0.5, "2012-03-31": "-42.80000", "2011-12-31": 53.4, "2011-09-30": 15.9, "2011-06-30": -49.7, "2011-03-31": "-45.80000", "2010-12-31": 44.2, "2010-09-30": -19.3, "2010-06-30": -14.7, "2010-03-31": "-13.80000", "2009-12-31": 80.3, "2009-09-30": -51.1, "2009-06-30": 3.9, "2009-03-31": "-3.40000", "2008-12-31": 51.4, "2008-09-30": -11.9, "2008-06-30": -21.3, "2008-03-31": "-27.70000", "2007-12-31": 31.9, "2007-09-30": -2.1, "2007-06-30": -15.6, "2007-03-31": "-21.90000", "2006-12-31": 20.9, "2006-09-30": 90.5, "2006-06-30": -34.8, "2006-03-31": "-81.60000", "2005-12-31": 47, "2005-09-30": 0.6, "2005-06-30": 1.3, "2005-03-31": "-64.60000"}, "Change In Inventories": {"2020-12-31": -61.9, "2020-09-30": 14.8, "2020-06-30": 51.4, "2020-03-31": "24.30000", "2019-12-31": 10.5, "2019-09-30": -7.1, "2019-06-30": 20.8, "2019-03-31": "-11.20000", "2018-12-31": 9, "2018-09-30": -9.3, "2018-06-30": -50.1, "2018-03-31": "14.90000", "2017-12-31": 8.9, "2017-09-30": -20.4, "2017-06-30": -2.5, "2017-03-31": "-23.80000", "2016-12-31": -22.2, "2016-09-30": 20.3, "2016-06-30": 19.5, "2016-03-31": "6.30000", "2015-12-31": 20.7, "2015-09-30": -10.9, "2015-06-30": -5.5, "2015-03-31": "-6.00000", "2014-12-31": -11.3, "2014-09-30": 22.1, "2014-06-30": -33.3, "2014-03-31": "-1.10000", "2013-12-31": -3, "2013-09-30": 21.3, "2013-06-30": -11.5, "2013-03-31": "1.80000", "2012-12-31": 19.2, "2012-09-30": 19.7, "2012-06-30": -11.6, "2012-03-31": "-9.40000", "2011-12-31": -10.3, "2011-09-30": 15.7, "2011-06-30": -2.3, "2011-03-31": "-20.10000", "2010-12-31": 1.7, "2010-09-30": 5.7, "2010-06-30": -6.6, "2010-03-31": "-32.60000", "2009-12-31": 2.2, "2009-09-30": 36.7, "2009-06-30": 3.8, "2009-03-31": "-35.10000", "2008-12-31": 14.7, "2008-09-30": 4.4, "2008-06-30": -20.6, "2008-03-31": "-23.50000", "2007-12-31": 7.2, "2007-09-30": 17.1, "2007-06-30": -11.7, "2007-03-31": "-11.20000", "2006-12-31": 7.9, "2006-09-30": -7.6, "2006-06-30": -25.5, "2006-03-31": "22.50000", "2005-12-31": -24.1, "2005-09-30": 26.4, "2005-06-30": -4.2, "2005-03-31": "-7.10000"}, "Change In Accounts Payable": {"2020-12-31": 0, "2020-09-30": 0, "2020-06-30": 0, "2020-03-31": "", "2019-12-31": 0, "2019-09-30": 0, "2019-06-30": 0, "2019-03-31": "", "2018-12-31": 0, "2018-09-30": 0, "2018-06-30": 0, "2018-03-31": "", "2017-12-31": 0, "2017-09-30": 0, "2017-06-30": 0, "2017-03-31": "", "2016-12-31": 0, "2016-09-30": 0, "2016-06-30": 0, "2016-03-31": "", "2015-12-31": 0, "2015-09-30": 0, "2015-06-30": 0, "2015-03-31": "", "2014-12-31": 0, "2014-09-30": 0, "2014-06-30": 0, "2014-03-31": "", "2013-12-31": 0, "2013-09-30": 0, "2013-06-30": 0, "2013-03-31": "", "2012-12-31": 0, "2012-09-30": 0, "2012-06-30": 0, "2012-03-31": "", "2011-12-31": 0, "2011-09-30": 0, "2011-06-30": 0, "2011-03-31": "", "2010-12-31": 0, "2010-09-30": 0, "2010-06-30": 0, "2010-03-31": "", "2009-12-31": 0, "2009-09-30": 0, "2009-06-30": 0, "2009-03-31": "", "2008-12-31": 0, "2008-09-30": 0, "2008-06-30": 0, "2008-03-31": "", "2007-12-31": 0, "2007-09-30": 0, "2007-06-30": 0, "2007-03-31": "", "2006-12-31": 0, "2006-09-30": 0, "2006-06-30": 0, "2006-03-31": "", "2005-12-31": 0, "2005-09-30": 0, "2005-06-30": 0, "2005-03-31": ""}, "Change In Assets/Liabilities": {"2020-12-31": -20.2, "2020-09-30": 12.9, "2020-06-30": 11.4, "2020-03-31": "-34.70000", "2019-12-31": 23.6, "2019-09-30": -16.5, "2019-06-30": 32.6, "2019-03-31": "-3.10000", "2018-12-31": 3.2, "2018-09-30": 8.3, "2018-06-30": 3.7, "2018-03-31": "-13.30000", "2017-12-31": -9.4, "2017-09-30": 10.9, "2017-06-30": -3.9, "2017-03-31": "-9.80000", "2016-12-31": -11.2, "2016-09-30": 0.2, "2016-06-30": 7.2, "2016-03-31": "8.30000", "2015-12-31": -43.1, "2015-09-30": 2.9, "2015-06-30": 19.3, "2015-03-31": "-4.60000", "2014-12-31": -12.3, "2014-09-30": -14.2, "2014-06-30": 4.4, "2014-03-31": "-4.20000", "2013-12-31": -6.8, "2013-09-30": -6.6, "2013-06-30": 1.3, "2013-03-31": "-0.40000", "2012-12-31": -13.1, "2012-09-30": -3.4, "2012-06-30": -1.3, "2012-03-31": "0.10000", "2011-12-31": 19.8, "2011-09-30": 8.4, "2011-06-30": 0, "2011-03-31": "-2.20000", "2010-12-31": -1.1, "2010-09-30": 2.4, "2010-06-30": 1.1, "2010-03-31": "-4.10000", "2009-12-31": 2.6, "2009-09-30": -2.2, "2009-06-30": 11.1, "2009-03-31": "0.20000", "2008-12-31": -20.9, "2008-09-30": 4.1, "2008-06-30": 12.9, "2008-03-31": "-3.00000", "2007-12-31": 26, "2007-09-30": 18.5, "2007-06-30": -6.8, "2007-03-31": "10.40000", "2006-12-31": -15.9, "2006-09-30": 15.1, "2006-06-30": -20.3, "2006-03-31": "-5.80000", "2005-12-31": 1.8, "2005-09-30": -3.1, "2005-06-30": -1.9, "2005-03-31": "5.60000"}, "Total Change In Assets/Liabilities": {"2020-12-31": -40.2, "2020-09-30": 150.2, "2020-06-30": 128.3, "2020-03-31": "-102.50000", "2019-12-31": 112, "2019-09-30": -7.6, "2019-06-30": 14.1, "2019-03-31": "-78.30000", "2018-12-31": 128.8, "2018-09-30": -75.5, "2018-06-30": -53.4, "2018-03-31": "-69.80000", "2017-12-31": 4.2, "2017-09-30": 40.5, "2017-06-30": 22.4, "2017-03-31": "-57.40000", "2016-12-31": 46.4, "2016-09-30": 80.8, "2016-06-30": 33.6, "2016-03-31": "-96.30000", "2015-12-31": 29.4, "2015-09-30": 32.2, "2015-06-30": 18.8, "2015-03-31": "-50.20000", "2014-12-31": 4.8, "2014-09-30": 0.5, "2014-06-30": -24.7, "2014-03-31": "-71.00000", "2013-12-31": 41.8, "2013-09-30": 38.6, "2013-06-30": 16.9, "2013-03-31": "-80.90000", "2012-12-31": 53.9, "2012-09-30": 24.2, "2012-06-30": -10.2, "2012-03-31": "-67.10000", "2011-12-31": 68.4, "2011-09-30": 28.2, "2011-06-30": -28.7, "2011-03-31": "-64.50000", "2010-12-31": 54.9, "2010-09-30": -3.3, "2010-06-30": -19.7, "2010-03-31": "-41.60000", "2009-12-31": 48.4, "2009-09-30": 11.1, "2009-06-30": 13.9, "2009-03-31": "-87.90000", "2008-12-31": 40.4, "2008-09-30": -26.9, "2008-06-30": -64.8, "2008-03-31": "-57.20000", "2007-12-31": 114.9, "2007-09-30": 24.8, "2007-06-30": -25.7, "2007-03-31": "-19.30000", "2006-12-31": 7.5, "2006-09-30": 90.2, "2006-06-30": -48.9, "2006-03-31": "-56.80000", "2005-12-31": 56.2, "2005-09-30": 29.8, "2005-06-30": -6.5, "2005-03-31": "-48.90000"}, "Cash Flow From Operating Activities": {"2020-12-31": 113.1, "2020-09-30": 249.9, "2020-06-30": 103.3, "2020-03-31": "-47.90000", "2019-12-31": 200.7, "2019-09-30": 180.5, "2019-06-30": 131.8, "2019-03-31": "104.30000", "2018-12-31": 321.5, "2018-09-30": 322, "2018-06-30": 183.4, "2018-03-31": "80.90000", "2017-12-31": 193.7, "2017-09-30": 227.7, "2017-06-30": 127.5, "2017-03-31": "99.90000", "2016-12-31": 196.1, "2016-09-30": 220.9, "2016-06-30": 139.2, "2016-03-31": "47.00000", "2015-12-31": 102, "2015-09-30": 67, "2015-06-30": 57.7, "2015-03-31": "-9.60000", "2014-12-31": 59.7, "2014-09-30": 62.1, "2014-06-30": 44.3, "2014-03-31": "-6.90000", "2013-12-31": 75.3, "2013-09-30": 149.9, "2013-06-30": 93, "2013-03-31": "-1.20000", "2012-12-31": 122.5, "2012-09-30": 88.3, "2012-06-30": 64, "2012-03-31": "4.40000", "2011-12-31": 103.5, "2011-09-30": 94.9, "2011-06-30": 37.7, "2011-03-31": "-20.20000", "2010-12-31": 74.4, "2010-09-30": 47.4, "2010-06-30": 8.1, "2010-03-31": "-14.40000", "2009-12-31": 100, "2009-09-30": 69.4, "2009-06-30": 58.1, "2009-03-31": "-27.30000", "2008-12-31": 111.5, "2008-09-30": 43.6, "2008-06-30": -29.9, "2008-03-31": "-9.60000", "2007-12-31": 95, "2007-09-30": 101.6, "2007-06-30": -4.8, "2007-03-31": "12.40000", "2006-12-31": 89.7, "2006-09-30": 55.7, "2006-06-30": -50, "2006-03-31": "-30.80000", "2005-12-31": 109.1, "2005-09-30": 94.1, "2005-06-30": 56.4, "2005-03-31": "19.30000"}, "Net Change In Property, Plant, And Equipment": {"2020-12-31": -75.6, "2020-09-30": -56.8, "2020-06-30": -70.6, "2020-03-31": "-95.90000", "2019-12-31": -113.8, "2019-09-30": -80.5, "2019-06-30": -89.1, "2019-03-31": "-102.20000", "2018-12-31": -110.7, "2018-09-30": -95.7, "2018-06-30": -86.5, "2018-03-31": "-89.40000", "2017-12-31": -79.2, "2017-09-30": -59.1, "2017-06-30": -67.8, "2017-03-31": "-83.00000", "2016-12-31": -78.5, "2016-09-30": -21.6, "2016-06-30": -61, "2016-03-31": "-76.00000", "2015-12-31": -49.8, "2015-09-30": -28.5, "2015-06-30": -3.7, "2015-03-31": "-22.70000", "2014-12-31": -20.5, "2014-09-30": -15, "2014-06-30": -12.8, "2014-03-31": "-17.90000", "2013-12-31": -20.1, "2013-09-30": 20.3, "2013-06-30": -22.2, "2013-03-31": "-28.40000", "2012-12-31": -39.1, "2012-09-30": -62.2, "2012-06-30": -66.7, "2012-03-31": "-74.70000", "2011-12-31": -67.6, "2011-09-30": -61, "2011-06-30": -37.4, "2011-03-31": "-23.80000", "2010-12-31": -21.7, "2010-09-30": -21.7, "2010-06-30": -19.9, "2010-03-31": "-18.90000", "2009-12-31": -14.2, "2009-09-30": -33.3, "2009-06-30": -37.6, "2009-03-31": "-44.30000", "2008-12-31": -57.2, "2008-09-30": -60.4, "2008-06-30": -39.2, "2008-03-31": "-22.90000", "2007-12-31": -36.3, "2007-09-30": -17.8, "2007-06-30": -12.9, "2007-03-31": "5.70000", "2006-12-31": -27.3, "2006-09-30": -5, "2006-06-30": -15.2, "2006-03-31": "-14.20000", "2005-12-31": -17.3, "2005-09-30": -16.6, "2005-06-30": -15, "2005-03-31": "0.50000"}, "Net Change In Intangible Assets": {"2020-12-31": 0, "2020-09-30": 0, "2020-06-30": 0, "2020-03-31": "", "2019-12-31": 0, "2019-09-30": 0, "2019-06-30": 0, "2019-03-31": "", "2018-12-31": 0, "2018-09-30": 0, "2018-06-30": 0, "2018-03-31": "", "2017-12-31": 0, "2017-09-30": 0, "2017-06-30": 0, "2017-03-31": "", "2016-12-31": 0, "2016-09-30": 0, "2016-06-30": 0, "2016-03-31": "", "2015-12-31": 0, "2015-09-30": 0, "2015-06-30": 0, "2015-03-31": "", "2014-12-31": 0, "2014-09-30": 0, "2014-06-30": 0, "2014-03-31": "", "2013-12-31": 0, "2013-09-30": 0, "2013-06-30": 0, "2013-03-31": "", "2012-12-31": 0, "2012-09-30": 0, "2012-06-30": 0, "2012-03-31": "", "2011-12-31": 0, "2011-09-30": 0, "2011-06-30": 0, "2011-03-31": "", "2010-12-31": 0, "2010-09-30": 0, "2010-06-30": 0, "2010-03-31": "", "2009-12-31": 0, "2009-09-30": 0, "2009-06-30": 0, "2009-03-31": "", "2008-12-31": 0, "2008-09-30": 0, "2008-06-30": 0, "2008-03-31": "", "2007-12-31": 0, "2007-09-30": 0, "2007-06-30": 0, "2007-03-31": "", "2006-12-31": 0, "2006-09-30": 0, "2006-06-30": 0, "2006-03-31": "", "2005-12-31": 0, "2005-09-30": 0, "2005-06-30": 0, "2005-03-31": ""}, "Net Acquisitions/Divestitures": {"2020-12-31": 0, "2020-09-30": 0, "2020-06-30": 0, "2020-03-31": "", "2019-12-31": 20, "2019-09-30": 0, "2019-06-30": 0, "2019-03-31": "", "2018-12-31": 0, "2018-09-30": 0, "2018-06-30": 0, "2018-03-31": "", "2017-12-31": 0, "2017-09-30": 0, "2017-06-30": 0, "2017-03-31": "", "2016-12-31": 2.2, "2016-09-30": 2.2, "2016-06-30": -67.3, "2016-03-31": "2.20000", "2015-12-31": -405.9, "2015-09-30": 2.2, "2015-06-30": 2.2, "2015-03-31": "2.20000", "2014-12-31": 0, "2014-09-30": 0, "2014-06-30": 0, "2014-03-31": "", "2013-12-31": 0, "2013-09-30": 0, "2013-06-30": 0, "2013-03-31": "", "2012-12-31": 0, "2012-09-30": -310.4, "2012-06-30": 0, "2012-03-31": "", "2011-12-31": 0, "2011-09-30": 0, "2011-06-30": 0, "2011-03-31": "-123.40000", "2010-12-31": 0, "2010-09-30": 0, "2010-06-30": 0, "2010-03-31": "", "2009-12-31": 0, "2009-09-30": 0, "2009-06-30": 0, "2009-03-31": "", "2008-12-31": 0, "2008-09-30": 0, "2008-06-30": 0, "2008-03-31": "", "2007-12-31": 380.8, "2007-09-30": -299.7, "2007-06-30": 0, "2007-03-31": "", "2006-12-31": 0, "2006-09-30": 0, "2006-06-30": 0, "2006-03-31": "", "2005-12-31": 0, "2005-09-30": 0, "2005-06-30": 0, "2005-03-31": ""}, "Net Change In Short-term Investments": {"2020-12-31": 0, "2020-09-30": 0, "2020-06-30": 0, "2020-03-31": "", "2019-12-31": 0, "2019-09-30": 0, "2019-06-30": 0, "2019-03-31": "", "2018-12-31": 0, "2018-09-30": 0, "2018-06-30": 0, "2018-03-31": "", "2017-12-31": 0, "2017-09-30": 0, "2017-06-30": 0, "2017-03-31": "", "2016-12-31": 0, "2016-09-30": 0, "2016-06-30": 0, "2016-03-31": "", "2015-12-31": 0, "2015-09-30": 0, "2015-06-30": 0, "2015-03-31": "", "2014-12-31": 0, "2014-09-30": 0, "2014-06-30": 0, "2014-03-31": "", "2013-12-31": 0, "2013-09-30": 0, "2013-06-30": 0, "2013-03-31": "", "2012-12-31": 0, "2012-09-30": 0, "2012-06-30": 0, "2012-03-31": "", "2011-12-31": 0, "2011-09-30": 0, "2011-06-30": 0, "2011-03-31": "", "2010-12-31": 0, "2010-09-30": 0, "2010-06-30": 0, "2010-03-31": "", "2009-12-31": 0, "2009-09-30": 0, "2009-06-30": 0, "2009-03-31": "", "2008-12-31": 0, "2008-09-30": 0, "2008-06-30": 0, "2008-03-31": "", "2007-12-31": 0, "2007-09-30": 0, "2007-06-30": 0, "2007-03-31": "50.00000", "2006-12-31": 0, "2006-09-30": 0, "2006-06-30": -26.6, "2006-03-31": "-50.00000", "2005-12-31": 0, "2005-09-30": 0, "2005-06-30": 0, "2005-03-31": ""}, "Net Change In Long-Term Investments": {"2020-12-31": 75.8, "2020-09-30": -75.8, "2020-06-30": 0, "2020-03-31": "", "2019-12-31": 0, "2019-09-30": 0, "2019-06-30": 0, "2019-03-31": "", "2018-12-31": 0, "2018-09-30": 0, "2018-06-30": 0, "2018-03-31": "", "2017-12-31": 0, "2017-09-30": -209.4, "2017-06-30": 0, "2017-03-31": "", "2016-12-31": 0, "2016-09-30": -90.7, "2016-06-30": -85, "2016-03-31": "", "2015-12-31": 0, "2015-09-30": 0, "2015-06-30": 0, "2015-03-31": "", "2014-12-31": 0, "2014-09-30": 0, "2014-06-30": 0, "2014-03-31": "", "2013-12-31": 0.6, "2013-09-30": 0.8, "2013-06-30": 0, "2013-03-31": "0.10000", "2012-12-31": 0.8, "2012-09-30": 0.5, "2012-06-30": 0, "2012-03-31": "", "2011-12-31": 0.8, "2011-09-30": -0.1, "2011-06-30": 0.6, "2011-03-31": "0.60000", "2010-12-31": 14.1, "2010-09-30": 9.2, "2010-06-30": 0.5, "2010-03-31": "-0.20000", "2009-12-31": 8, "2009-09-30": 15, "2009-06-30": 12.7, "2009-03-31": "1.40000", "2008-12-31": 6.7, "2008-09-30": 16, "2008-06-30": 8, "2008-03-31": "-3.10000", "2007-12-31": 0.9, "2007-09-30": 12.9, "2007-06-30": 8.8, "2007-03-31": "2.80000", "2006-12-31": 7.8, "2006-09-30": 17.2, "2006-06-30": 13.1, "2006-03-31": "5.90000", "2005-12-31": 11.8, "2005-09-30": 16, "2005-06-30": 5.8, "2005-03-31": "-2.60000"}, "Net Change In Investments - Total": {"2020-12-31": 75.8, "2020-09-30": -75.8, "2020-06-30": 0, "2020-03-31": "", "2019-12-31": 0, "2019-09-30": 0, "2019-06-30": 0, "2019-03-31": "", "2018-12-31": 0, "2018-09-30": 0, "2018-06-30": 0, "2018-03-31": "", "2017-12-31": 0, "2017-09-30": -209.4, "2017-06-30": 0, "2017-03-31": "", "2016-12-31": 0, "2016-09-30": -90.7, "2016-06-30": -85, "2016-03-31": "", "2015-12-31": 0, "2015-09-30": 0, "2015-06-30": 0, "2015-03-31": "", "2014-12-31": 0, "2014-09-30": 0, "2014-06-30": 0, "2014-03-31": "", "2013-12-31": 0.6, "2013-09-30": 0.8, "2013-06-30": 0, "2013-03-31": "0.10000", "2012-12-31": 0.8, "2012-09-30": 0.5, "2012-06-30": 0, "2012-03-31": "", "2011-12-31": 0.8, "2011-09-30": -0.1, "2011-06-30": 0.6, "2011-03-31": "0.60000", "2010-12-31": 14.1, "2010-09-30": 9.2, "2010-06-30": 0.5, "2010-03-31": "-0.20000", "2009-12-31": 8, "2009-09-30": 15, "2009-06-30": 12.7, "2009-03-31": "1.40000", "2008-12-31": 6.7, "2008-09-30": 16, "2008-06-30": 8, "2008-03-31": "-3.10000", "2007-12-31": 0.9, "2007-09-30": 12.9, "2007-06-30": 8.8, "2007-03-31": "52.80000", "2006-12-31": 7.8, "2006-09-30": 17.2, "2006-06-30": -13.5, "2006-03-31": "-44.10000", "2005-12-31": 11.8, "2005-09-30": 16, "2005-06-30": 5.8, "2005-03-31": "-2.60000"}, "Investing Activities - Other": {"2020-12-31": -75.8, "2020-09-30": 75.8, "2020-06-30": -536.8, "2020-03-31": "", "2019-12-31": -20, "2019-09-30": 0, "2019-06-30": 0, "2019-03-31": "20.00000", "2018-12-31": 0, "2018-09-30": 0, "2018-06-30": 0, "2018-03-31": "", "2017-12-31": 0, "2017-09-30": 0, "2017-06-30": 0, "2017-03-31": "", "2016-12-31": 0, "2016-09-30": 0, "2016-06-30": 0, "2016-03-31": "", "2015-12-31": 2.8, "2015-09-30": -1.7, "2015-06-30": 0.3, "2015-03-31": "-1.40000", "2014-12-31": 2.8, "2014-09-30": -0.9, "2014-06-30": 1.3, "2014-03-31": "1.30000", "2013-12-31": 1.6, "2013-09-30": 0.4, "2013-06-30": 1.8, "2013-03-31": "1.30000", "2012-12-31": 6.6, "2012-09-30": 7, "2012-06-30": 7.9, "2012-03-31": "17.90000", "2011-12-31": 19, "2011-09-30": 26.2, "2011-06-30": 2.3, "2011-03-31": "4.20000", "2010-12-31": -100.6, "2010-09-30": 0.9, "2010-06-30": -1, "2010-03-31": "-0.40000", "2009-12-31": 1.3, "2009-09-30": 0.8, "2009-06-30": 2.8, "2009-03-31": "-0.30000", "2008-12-31": -3.3, "2008-09-30": -1.8, "2008-06-30": 0.1, "2008-03-31": "1.10000", "2007-12-31": 6.4, "2007-09-30": -1.7, "2007-06-30": -5.2, "2007-03-31": "-4.60000", "2006-12-31": -5, "2006-09-30": -12.4, "2006-06-30": -0.6, "2006-03-31": "0.10000", "2005-12-31": -19.3, "2005-09-30": -0.6, "2005-06-30": 0.5, "2005-03-31": "-1.30000"}, "Cash Flow From Investing Activities": {"2020-12-31": -75.6, "2020-09-30": -56.8, "2020-06-30": -607.4, "2020-03-31": "-95.90000", "2019-12-31": -113.8, "2019-09-30": -80.5, "2019-06-30": -89.1, "2019-03-31": "-82.20000", "2018-12-31": -110.7, "2018-09-30": -95.7, "2018-06-30": -86.5, "2018-03-31": "-89.40000", "2017-12-31": -79.2, "2017-09-30": -268.5, "2017-06-30": -67.8, "2017-03-31": "-83.00000", "2016-12-31": -76.3, "2016-09-30": -110.1, "2016-06-30": -213.3, "2016-03-31": "-73.80000", "2015-12-31": -452.9, "2015-09-30": -28, "2015-06-30": -1.2, "2015-03-31": "-21.90000", "2014-12-31": -17.7, "2014-09-30": -15.9, "2014-06-30": -11.5, "2014-03-31": "-16.60000", "2013-12-31": -17.9, "2013-09-30": 21.5, "2013-06-30": -20.4, "2013-03-31": "-27.00000", "2012-12-31": -31.7, "2012-09-30": -365.1, "2012-06-30": -58.8, "2012-03-31": "-56.80000", "2011-12-31": -47.8, "2011-09-30": -34.9, "2011-06-30": -34.5, "2011-03-31": "-142.40000", "2010-12-31": -108.2, "2010-09-30": -11.6, "2010-06-30": -20.4, "2010-03-31": "-19.50000", "2009-12-31": -4.9, "2009-09-30": -17.5, "2009-06-30": -22.1, "2009-03-31": "-43.20000", "2008-12-31": -53.8, "2008-09-30": -46.2, "2008-06-30": -31.1, "2008-03-31": "-24.90000", "2007-12-31": 351.8, "2007-09-30": -306.3, "2007-06-30": -9.3, "2007-03-31": "53.90000", "2006-12-31": -24.5, "2006-09-30": -0.2, "2006-06-30": -29.3, "2006-03-31": "-58.20000", "2005-12-31": -24.8, "2005-09-30": -1.2, "2005-06-30": -8.7, "2005-03-31": "-3.40000"}, "Net Long-Term Debt": {"2020-12-31": -100.4, "2020-09-30": -116.7, "2020-06-30": 587.8, "2020-03-31": "149.60000", "2019-12-31": -0.1, "2019-09-30": 106.5, "2019-06-30": 24.6, "2019-03-31": "-50.20000", "2018-12-31": -122.4, "2018-09-30": -173.6, "2018-06-30": -20.5, "2018-03-31": "-59.60000", "2017-12-31": -130, "2017-09-30": 142.7, "2017-06-30": -17.4, "2017-03-31": "2.30000", "2016-12-31": -29.2, "2016-09-30": -17.1, "2016-06-30": -141.9, "2016-03-31": "-17.10000", "2015-12-31": 547.5, "2015-09-30": -1.1, "2015-06-30": -1.1, "2015-03-31": "-1.00000", "2014-12-31": -13.2, "2014-09-30": 1, "2014-06-30": -0.1, "2014-03-31": "-0.10000", "2013-12-31": -12.3, "2013-09-30": 0, "2013-06-30": 0, "2013-03-31": "-11.40000", "2012-12-31": -12.2, "2012-09-30": 200, "2012-06-30": -7.7, "2012-03-31": "", "2011-12-31": -51.2, "2011-09-30": 0, "2011-06-30": 0, "2011-03-31": "", "2010-12-31": 115.2, "2010-09-30": -18.9, "2010-06-30": 0, "2010-03-31": "", "2009-12-31": 0, "2009-09-30": 148.8, "2009-06-30": 0, "2009-03-31": "1.50000", "2008-12-31": -1.5, "2008-09-30": 0, "2008-06-30": 0, "2008-03-31": "-9.80000", "2007-12-31": -174, "2007-09-30": 29.4, "2007-06-30": 0, "2007-03-31": "-1.10000", "2006-12-31": 0, "2006-09-30": -0.6, "2006-06-30": 0, "2006-03-31": "-0.50000", "2005-12-31": 2.7, "2005-09-30": -1.2, "2005-06-30": -50, "2005-03-31": "-0.60000"}, "Net Current Debt": {"2020-12-31": 0, "2020-09-30": 0, "2020-06-30": 0, "2020-03-31": "", "2019-12-31": 0, "2019-09-30": 0, "2019-06-30": 0, "2019-03-31": "", "2018-12-31": 0, "2018-09-30": 0, "2018-06-30": 0, "2018-03-31": "", "2017-12-31": 0, "2017-09-30": 0, "2017-06-30": 0, "2017-03-31": "", "2016-12-31": 0, "2016-09-30": 0, "2016-06-30": 0, "2016-03-31": "", "2015-12-31": 0, "2015-09-30": 0, "2015-06-30": 0, "2015-03-31": "", "2014-12-31": 0, "2014-09-30": 0, "2014-06-30": 0, "2014-03-31": "", "2013-12-31": 0, "2013-09-30": 0, "2013-06-30": 0, "2013-03-31": "", "2012-12-31": 0, "2012-09-30": 0, "2012-06-30": 0, "2012-03-31": "", "2011-12-31": 0, "2011-09-30": 0, "2011-06-30": 0, "2011-03-31": "", "2010-12-31": 0, "2010-09-30": 0, "2010-06-30": 0, "2010-03-31": "", "2009-12-31": 0, "2009-09-30": 0, "2009-06-30": 0, "2009-03-31": "", "2008-12-31": 0, "2008-09-30": 0, "2008-06-30": 0, "2008-03-31": "", "2007-12-31": 0, "2007-09-30": 0, "2007-06-30": 0, "2007-03-31": "", "2006-12-31": 0, "2006-09-30": 0, "2006-06-30": 0, "2006-03-31": "", "2005-12-31": 0, "2005-09-30": 0, "2005-06-30": 0, "2005-03-31": ""}, "Debt Issuance/Retirement Net - Total": {"2020-12-31": -100.4, "2020-09-30": -116.7, "2020-06-30": 587.8, "2020-03-31": "149.60000", "2019-12-31": -0.1, "2019-09-30": 106.5, "2019-06-30": 24.6, "2019-03-31": "-50.20000", "2018-12-31": -122.4, "2018-09-30": -173.6, "2018-06-30": -20.5, "2018-03-31": "-59.60000", "2017-12-31": -130, "2017-09-30": 142.7, "2017-06-30": -17.4, "2017-03-31": "2.30000", "2016-12-31": -29.2, "2016-09-30": -17.1, "2016-06-30": -141.9, "2016-03-31": "-17.10000", "2015-12-31": 547.5, "2015-09-30": -1.1, "2015-06-30": -1.1, "2015-03-31": "-1.00000", "2014-12-31": -13.2, "2014-09-30": 1, "2014-06-30": -0.1, "2014-03-31": "-0.10000", "2013-12-31": -12.3, "2013-09-30": 0, "2013-06-30": 0, "2013-03-31": "-11.40000", "2012-12-31": -12.2, "2012-09-30": 200, "2012-06-30": -7.7, "2012-03-31": "", "2011-12-31": -51.2, "2011-09-30": 0, "2011-06-30": 0, "2011-03-31": "", "2010-12-31": 115.2, "2010-09-30": -18.9, "2010-06-30": 0, "2010-03-31": "", "2009-12-31": 0, "2009-09-30": 148.8, "2009-06-30": 0, "2009-03-31": "1.50000", "2008-12-31": -1.5, "2008-09-30": 0, "2008-06-30": 0, "2008-03-31": "-9.80000", "2007-12-31": -174, "2007-09-30": 29.4, "2007-06-30": 0, "2007-03-31": "-1.10000", "2006-12-31": 0, "2006-09-30": -0.6, "2006-06-30": 0, "2006-03-31": "-0.50000", "2005-12-31": 2.7, "2005-09-30": -1.2, "2005-06-30": -50, "2005-03-31": "-0.60000"}, "Net Common Equity Issued/Repurchased": {"2020-12-31": 1.4, "2020-09-30": 0, "2020-06-30": 0, "2020-03-31": "0.50000", "2019-12-31": -10.1, "2019-09-30": -108.9, "2019-06-30": -13.4, "2019-03-31": "-11.80000", "2018-12-31": -33, "2018-09-30": -6.7, "2018-06-30": -7.9, "2018-03-31": "1.00000", "2017-12-31": 11.3, "2017-09-30": 2.7, "2017-06-30": 7, "2017-03-31": "8.80000", "2016-12-31": 0.1, "2016-09-30": 0.2, "2016-06-30": 0.2, "2016-03-31": "", "2015-12-31": 0, "2015-09-30": 0.1, "2015-06-30": 0.1, "2015-03-31": "2.00000", "2014-12-31": -20, "2014-09-30": -13.9, "2014-06-30": -13.2, "2014-03-31": "-11.10000", "2013-12-31": -5.4, "2013-09-30": -13.5, "2013-06-30": -8.1, "2013-03-31": "-0.40000", "2012-12-31": 0, "2012-09-30": 0.8, "2012-06-30": -1.7, "2012-03-31": "-0.90000", "2011-12-31": -1, "2011-09-30": -2.2, "2011-06-30": 7, "2011-03-31": "0.30000", "2010-12-31": 0.6, "2010-09-30": 4, "2010-06-30": 5.3, "2010-03-31": "2.20000", "2009-12-31": 2.7, "2009-09-30": 2.5, "2009-06-30": 3.2, "2009-03-31": "6.60000", "2008-12-31": 6.3, "2008-09-30": 26.9, "2008-06-30": 11.1, "2008-03-31": "3.00000", "2007-12-31": 6, "2007-09-30": 2.9, "2007-06-30": 3, "2007-03-31": "5.90000", "2006-12-31": 6.2, "2006-09-30": 4.2, "2006-06-30": 4.9, "2006-03-31": "5.60000", "2005-12-31": 3.9, "2005-09-30": 3.2, "2005-06-30": 6.7, "2005-03-31": "8.40000"}, "Net Total Equity Issued/Repurchased": {"2020-12-31": 1.4, "2020-09-30": 0, "2020-06-30": 0, "2020-03-31": "0.50000", "2019-12-31": -10.1, "2019-09-30": -108.9, "2019-06-30": -13.4, "2019-03-31": "-11.80000", "2018-12-31": -33, "2018-09-30": -6.7, "2018-06-30": -7.9, "2018-03-31": "1.00000", "2017-12-31": 11.3, "2017-09-30": 2.7, "2017-06-30": 7, "2017-03-31": "8.80000", "2016-12-31": 0.1, "2016-09-30": 0.2, "2016-06-30": 0.2, "2016-03-31": "", "2015-12-31": 0, "2015-09-30": 0.1, "2015-06-30": 0.1, "2015-03-31": "2.00000", "2014-12-31": -20, "2014-09-30": -13.9, "2014-06-30": -13.2, "2014-03-31": "-11.10000", "2013-12-31": -5.4, "2013-09-30": -13.5, "2013-06-30": -8.1, "2013-03-31": "-0.40000", "2012-12-31": 0, "2012-09-30": 0.8, "2012-06-30": -1.7, "2012-03-31": "-0.90000", "2011-12-31": -1, "2011-09-30": -2.2, "2011-06-30": 7, "2011-03-31": "0.30000", "2010-12-31": 0.6, "2010-09-30": 4, "2010-06-30": 5.3, "2010-03-31": "2.20000", "2009-12-31": 2.7, "2009-09-30": 2.5, "2009-06-30": 3.2, "2009-03-31": "6.60000", "2008-12-31": 6.3, "2008-09-30": 26.9, "2008-06-30": 11.1, "2008-03-31": "3.00000", "2007-12-31": 6, "2007-09-30": 2.9, "2007-06-30": 3, "2007-03-31": "5.90000", "2006-12-31": 6.2, "2006-09-30": 4.2, "2006-06-30": 4.9, "2006-03-31": "5.60000", "2005-12-31": 3.9, "2005-09-30": 3.2, "2005-06-30": 6.7, "2005-03-31": "8.40000"}, "Total Common And Preferred Stock Dividends Paid": {"2020-12-31": -31.6, "2020-09-30": -31.6, "2020-06-30": -31.6, "2020-03-31": "-31.50000", "2019-12-31": -30.8, "2019-09-30": -32.8, "2019-06-30": -32.7, "2019-03-31": "-33.00000", "2018-12-31": -33.3, "2018-09-30": -33.4, "2018-06-30": -33.5, "2018-03-31": "-33.40000", "2017-12-31": -33.4, "2017-09-30": -33.3, "2017-06-30": -33.2, "2017-03-31": "-33.10000", "2016-12-31": -33, "2016-09-30": -33, "2016-06-30": -33.1, "2016-03-31": "-33.00000", "2015-12-31": -33, "2015-09-30": -15.5, "2015-06-30": -15.5, "2015-03-31": "-15.50000", "2014-12-31": -15.6, "2014-09-30": -15.7, "2014-06-30": -15.8, "2014-03-31": "-15.90000", "2013-12-31": -15.9, "2013-09-30": -16, "2013-06-30": -16.1, "2013-03-31": "-16.00000", "2012-12-31": -16.1, "2012-09-30": -16, "2012-06-30": -16, "2012-03-31": "-16.00000", "2011-12-31": -16, "2011-09-30": -16, "2011-06-30": -16.1, "2011-03-31": "-15.90000", "2010-12-31": -15.8, "2010-09-30": -16, "2010-06-30": -15.7, "2010-03-31": "-15.80000", "2009-12-31": -15.8, "2009-09-30": -15.6, "2009-06-30": -15.6, "2009-03-31": "-15.50000", "2008-12-31": -15.5, "2008-09-30": -15.2, "2008-06-30": -15, "2008-03-31": "-14.90000", "2007-12-31": -14.9, "2007-09-30": -14.8, "2007-06-30": -14.8, "2007-03-31": "-14.70000", "2006-12-31": -14.6, "2006-09-30": -14.6, "2006-06-30": -14.5, "2006-03-31": "-14.40000", "2005-12-31": -14.3, "2005-09-30": -14.3, "2005-06-30": -14.3, "2005-03-31": "-14.20000"}, "Financial Activities - Other": {"2020-12-31": -0.4, "2020-09-30": -0.3, "2020-06-30": -9.2, "2020-03-31": "-0.40000", "2019-12-31": -2.2, "2019-09-30": -14.4, "2019-06-30": 0, "2019-03-31": "", "2018-12-31": 0, "2018-09-30": 0, "2018-06-30": 0, "2018-03-31": "-8.50000", "2017-12-31": 0, "2017-09-30": 0, "2017-06-30": 0, "2017-03-31": "-11.20000", "2016-12-31": 0.2, "2016-09-30": -0.8, "2016-06-30": 0, "2016-03-31": "", "2015-12-31": -25.5, "2015-09-30": -0.9, "2015-06-30": -4.4, "2015-03-31": "-14.00000", "2014-12-31": 0, "2014-09-30": 0.4, "2014-06-30": -1, "2014-03-31": "-14.30000", "2013-12-31": 0.2, "2013-09-30": 0.3, "2013-06-30": 0.2, "2013-03-31": "-16.20000", "2012-12-31": -0.4, "2012-09-30": -3.5, "2012-06-30": -1.8, "2012-03-31": "-14.90000", "2011-12-31": -1, "2011-09-30": 0, "2011-06-30": 2, "2011-03-31": "", "2010-12-31": -1, "2010-09-30": 0.1, "2010-06-30": 0.1, "2010-03-31": "", "2009-12-31": -0.1, "2009-09-30": -3.2, "2009-06-30": 0, "2009-03-31": "", "2008-12-31": -0.7, "2008-09-30": 4.7, "2008-06-30": 1.4, "2008-03-31": "0.10000", "2007-12-31": 0, "2007-09-30": -1.2, "2007-06-30": 0.2, "2007-03-31": "", "2006-12-31": 0.1, "2006-09-30": -18.7, "2006-06-30": 0, "2006-03-31": "0.60000", "2005-12-31": 0, "2005-09-30": 0, "2005-06-30": -0.4, "2005-03-31": ""}, "Cash Flow From Financial Activities": {"2020-12-31": -131, "2020-09-30": -148.6, "2020-06-30": 547, "2020-03-31": "118.20000", "2019-12-31": -43.2, "2019-09-30": -49.6, "2019-06-30": -21.5, "2019-03-31": "-95.00000", "2018-12-31": -188.7, "2018-09-30": -213.7, "2018-06-30": -61.9, "2018-03-31": "-100.50000", "2017-12-31": -152.1, "2017-09-30": 112.1, "2017-06-30": -43.6, "2017-03-31": "-33.20000", "2016-12-31": -61.9, "2016-09-30": -50.7, "2016-06-30": -174.8, "2016-03-31": "-50.10000", "2015-12-31": 489, "2015-09-30": -17.4, "2015-06-30": -20.9, "2015-03-31": "-28.50000", "2014-12-31": -48.8, "2014-09-30": -28.2, "2014-06-30": -30.1, "2014-03-31": "-41.40000", "2013-12-31": -33.4, "2013-09-30": -29.2, "2013-06-30": -24, "2013-03-31": "-44.00000", "2012-12-31": -28.7, "2012-09-30": 181.3, "2012-06-30": -27.2, "2012-03-31": "-31.80000", "2011-12-31": -69.2, "2011-09-30": -18.2, "2011-06-30": -7.1, "2011-03-31": "-15.60000", "2010-12-31": 99, "2010-09-30": -30.8, "2010-06-30": -10.3, "2010-03-31": "-13.60000", "2009-12-31": -13.2, "2009-09-30": 132.5, "2009-06-30": -12.4, "2009-03-31": "-7.40000", "2008-12-31": -11.4, "2008-09-30": 16.4, "2008-06-30": -2.5, "2008-03-31": "-21.60000", "2007-12-31": -182.9, "2007-09-30": 16.3, "2007-06-30": -11.6, "2007-03-31": "-9.90000", "2006-12-31": -8.3, "2006-09-30": -29.7, "2006-06-30": -9.6, "2006-03-31": "-8.70000", "2005-12-31": -7.7, "2005-09-30": -12.3, "2005-06-30": -58, "2005-03-31": "-6.40000"}, "Net Cash Flow": {"2020-12-31": -93, "2020-09-30": 44.8, "2020-06-30": 43.4, "2020-03-31": "-26.40000", "2019-12-31": 43.5, "2019-09-30": 50.5, "2019-06-30": 21.2, "2019-03-31": "-73.10000", "2018-12-31": 22.1, "2018-09-30": 12.5, "2018-06-30": 35.1, "2018-03-31": "-109.30000", "2017-12-31": -37.5, "2017-09-30": 71.4, "2017-06-30": 16, "2017-03-31": "-16.00000", "2016-12-31": 57.5, "2016-09-30": 60.4, "2016-06-30": -249, "2016-03-31": "-76.40000", "2015-12-31": 138, "2015-09-30": 21.6, "2015-06-30": 35.6, "2015-03-31": "-60.00000", "2014-12-31": -6.8, "2014-09-30": 18, "2014-06-30": 2.7, "2014-03-31": "-64.90000", "2013-12-31": 24, "2013-09-30": 142.2, "2013-06-30": 48.6, "2013-03-31": "-72.20000", "2012-12-31": 62.1, "2012-09-30": -95.5, "2012-06-30": -22, "2012-03-31": "-84.20000", "2011-12-31": -13.5, "2011-09-30": 41.8, "2011-06-30": -3.9, "2011-03-31": "-178.20000", "2010-12-31": 65.2, "2010-09-30": 5, "2010-06-30": -22.6, "2010-03-31": "-47.50000", "2009-12-31": 81.9, "2009-09-30": 184.4, "2009-06-30": 23.6, "2009-03-31": "-77.90000", "2008-12-31": 46.3, "2008-09-30": 13.8, "2008-06-30": -63.5, "2008-03-31": "-56.10000", "2007-12-31": 263.9, "2007-09-30": -188.4, "2007-06-30": -25.7, "2007-03-31": "56.40000", "2006-12-31": 56.9, "2006-09-30": 25.8, "2006-06-30": -88.9, "2006-03-31": "-97.70000", "2005-12-31": 76.6, "2005-09-30": 80.6, "2005-06-30": -10.3, "2005-03-31": "9.50000"}, "Stock-Based Compensation": {"2020-12-31": 6.5, "2020-09-30": 3, "2020-06-30": 3.9, "2020-03-31": "0.20000", "2019-12-31": 1.8, "2019-09-30": 3.6, "2019-06-30": 2, "2019-03-31": "3.30000", "2018-12-31": 2.8, "2018-09-30": 3, "2018-06-30": 3.1, "2018-03-31": "3.10000", "2017-12-31": 2.7, "2017-09-30": 2.4, "2017-06-30": 2.5, "2017-03-31": "1.50000", "2016-12-31": 1.4, "2016-09-30": 2.4, "2016-06-30": 1.5, "2016-03-31": "2.20000", "2015-12-31": 2.1, "2015-09-30": 1.8, "2015-06-30": 1.9, "2015-03-31": "1.80000", "2014-12-31": 1.6, "2014-09-30": 1.1, "2014-06-30": 0.3, "2014-03-31": "2.10000", "2013-12-31": 2.4, "2013-09-30": 2.3, "2013-06-30": 2, "2013-03-31": "2.10000", "2012-12-31": 2, "2012-09-30": 1.7, "2012-06-30": 1.1, "2012-03-31": "1.40000", "2011-12-31": 1.5, "2011-09-30": 1.4, "2011-06-30": 1.5, "2011-03-31": "1.40000", "2010-12-31": 1.6, "2010-09-30": 1.6, "2010-06-30": 2, "2010-03-31": "1.50000", "2009-12-31": 1.5, "2009-09-30": 1.5, "2009-06-30": 1.7, "2009-03-31": "1.10000", "2008-12-31": 1.4, "2008-09-30": 1.9, "2008-06-30": 1.4, "2008-03-31": "1.60000", "2007-12-31": 0.5, "2007-09-30": 1.9, "2007-06-30": 1.4, "2007-03-31": "1.10000", "2006-12-31": 1.3, "2006-09-30": 1.3, "2006-06-30": 1.8, "2006-03-31": "1.20000", "2005-12-31": 0.6, "2005-09-30": 0.7, "2005-06-30": 0.7, "2005-03-31": "0.30000"}, "Common Stock Dividends Paid": {"2020-12-31": -31.6, "2020-09-30": -31.6, "2020-06-30": -31.6, "2020-03-31": "-31.50000", "2019-12-31": -30.8, "2019-09-30": -32.8, "2019-06-30": -32.7, "2019-03-31": "-33.00000", "2018-12-31": -33.3, "2018-09-30": -33.4, "2018-06-30": -33.5, "2018-03-31": "-33.40000", "2017-12-31": -33.4, "2017-09-30": -33.3, "2017-06-30": -33.2, "2017-03-31": "-33.10000", "2016-12-31": -33, "2016-09-30": -33, "2016-06-30": -33.1, "2016-03-31": "-33.00000", "2015-12-31": -33, "2015-09-30": -15.5, "2015-06-30": -15.5, "2015-03-31": "-15.50000", "2014-12-31": -15.6, "2014-09-30": -15.7, "2014-06-30": -15.8, "2014-03-31": "-15.90000", "2013-12-31": -15.9, "2013-09-30": -16, "2013-06-30": -16.1, "2013-03-31": "-16.00000", "2012-12-31": -16.1, "2012-09-30": -16, "2012-06-30": -16, "2012-03-31": "-16.00000", "2011-12-31": -16, "2011-09-30": -16, "2011-06-30": -16.1, "2011-03-31": "-15.90000", "2010-12-31": -15.8, "2010-09-30": -16, "2010-06-30": -15.7, "2010-03-31": "-15.80000", "2009-12-31": -15.8, "2009-09-30": -15.6, "2009-06-30": -15.6, "2009-03-31": "-15.50000", "2008-12-31": -15.5, "2008-09-30": -15.2, "2008-06-30": -15, "2008-03-31": "-14.90000", "2007-12-31": -14.9, "2007-09-30": -14.8, "2007-06-30": -14.8, "2007-03-31": "-14.70000", "2006-12-31": -14.6, "2006-09-30": -14.6, "2006-06-30": -14.5, "2006-03-31": "-14.40000", "2005-12-31": -14.3, "2005-09-30": -14.3, "2005-06-30": -14.3, "2005-03-31": "-14.20000"}}, "financial ratios": {"Current Ratio": {"2019-12-31": "1.58380", "2018-12-31": "1.52680", "2017-12-31": "1.78060", "2016-12-31": "1.67590", "2015-12-31": "1.68680", "2014-12-31": "2.16070", "2013-12-31": "2.06110", "2012-12-31": "1.72600", "2011-12-31": "1.95510", "2010-12-31": "2.25780", "2009-12-31": "2.76710", "2008-12-31": "1.67660", "2007-12-31": "1.78170", "2006-12-31": "2.17570", "2005-12-31": "2.37920"}, "Long-term Debt / Capital": {"2019-12-31": "0.58000", "2018-12-31": "0.52290", "2017-12-31": "0.56740", "2016-12-31": "0.60880", "2015-12-31": "0.60100", "2014-12-31": "0.39400", "2013-12-31": "0.38120", "2012-12-31": "0.40870", "2011-12-31": "0.34720", "2010-12-31": "0.33500", "2009-12-31": "0.32640", "2008-12-31": "0.26360", "2007-12-31": "0.27300", "2006-12-31": "0.31700", "2005-12-31": "0.37610"}, "Debt/Equity Ratio": {"2019-12-31": "1.38190", "2018-12-31": "1.14060", "2017-12-31": "1.31170", "2016-12-31": "1.59160", "2015-12-31": "1.59120", "2014-12-31": "0.66620", "2013-12-31": "0.62760", "2012-12-31": "0.71480", "2011-12-31": "0.54410", "2010-12-31": "0.59740", "2009-12-31": "0.48450", "2008-12-31": "0.35800", "2007-12-31": "0.39020", "2006-12-31": "0.46730", "2005-12-31": "0.60550"}, "Gross Margin": {"2019-12-31": "10.97870", "2018-12-31": "16.18170", "2017-12-31": "11.38250", "2016-12-31": "10.91950", "2015-12-31": "12.87840", "2014-12-31": "17.31220", "2013-12-31": "19.13720", "2012-12-31": "19.98900", "2011-12-31": "19.74400", "2010-12-31": "14.88110", "2009-12-31": "20.16320", "2008-12-31": "21.94960", "2007-12-31": "18.89880", "2006-12-31": "23.80490", "2005-12-31": "28.60730"}, "Operating Margin": {"2019-12-31": "2.91000", "2018-12-31": "9.74500", "2017-12-31": "4.73170", "2016-12-31": "1.94210", "2015-12-31": "3.53490", "2014-12-31": "9.08000", "2013-12-31": "11.39170", "2012-12-31": "11.85060", "2011-12-31": "11.41710", "2010-12-31": "4.40760", "2009-12-31": "11.92300", "2008-12-31": "14.23630", "2007-12-31": "8.92860", "2006-12-31": "12.07080", "2005-12-31": "16.11520"}, "EBIT Margin": {"2019-12-31": "2.91000", "2018-12-31": "9.74500", "2017-12-31": "4.73170", "2016-12-31": "1.94210", "2015-12-31": "3.53490", "2014-12-31": "9.08000", "2013-12-31": "11.39170", "2012-12-31": "11.85060", "2011-12-31": "11.41710", "2010-12-31": "4.40760", "2009-12-31": "11.92300", "2008-12-31": "14.23630", "2007-12-31": "8.92860", "2006-12-31": "12.07080", "2005-12-31": "16.11520"}, "EBITDA Margin": {"2019-12-31": "12.68740", "2018-12-31": "18.40310", "2017-12-31": "13.64780", "2016-12-31": "11.55370", "2015-12-31": "11.55410", "2014-12-31": "15.28650", "2013-12-31": "16.77140", "2012-12-31": "16.92680", "2011-12-31": "16.48060", "2010-12-31": "9.88710", "2009-12-31": "16.60460", "2008-12-31": "18.18080", "2007-12-31": "12.68800", "2006-12-31": "15.70650", "2005-12-31": "19.88480"}, "Pre-Tax Profit Margin": {"2019-12-31": "-0.60390", "2018-12-31": "6.29560", "2017-12-31": "1.86970", "2016-12-31": "-0.61610", "2015-12-31": "0.23470", "2014-12-31": "7.25950", "2013-12-31": "9.94040", "2012-12-31": "10.30810", "2011-12-31": "19.34630", "2010-12-31": "4.84900", "2009-12-31": "13.70550", "2008-12-31": "14.59340", "2007-12-31": "11.80290", "2006-12-31": "15.69680", "2005-12-31": "20.03140"}, "Net Profit Margin": {"2019-12-31": "-0.18490", "2018-12-31": "4.72060", "2017-12-31": "8.76620", "2016-12-31": "-0.07030", "2015-12-31": "-0.04900", "2014-12-31": "4.71620", "2013-12-31": "7.10140", "2012-12-31": "6.84760", "2011-12-31": "12.32470", "2010-12-31": "4.08600", "2009-12-31": "8.86060", "2008-12-31": "8.93740", "2007-12-31": "-0.72060", "2006-12-31": "14.39840", "2005-12-31": "13.95810"}, "Asset Turnover": {"2019-12-31": "0.66500", "2018-12-31": "0.77200", "2017-12-31": "0.68000", "2016-12-31": "0.63340", "2015-12-31": "0.30730", "2014-12-31": "0.83070", "2013-12-31": "0.89730", "2012-12-31": "0.78650", "2011-12-31": "0.80060", "2010-12-31": "0.77410", "2009-12-31": "0.79270", "2008-12-31": "1.02610", "2007-12-31": "0.73740", "2006-12-31": "0.63310", "2005-12-31": "0.53140"}, "Inventory Turnover Ratio": {"2019-12-31": "7.81830", "2018-12-31": "8.18400", "2017-12-31": "8.13790", "2016-12-31": "7.84340", "2015-12-31": "3.62930", "2014-12-31": "8.82060", "2013-12-31": "10.90460", "2012-12-31": "8.95950", "2011-12-31": "8.91220", "2010-12-31": "8.67540", "2009-12-31": "9.87640", "2008-12-31": "10.48100", "2007-12-31": "9.70480", "2006-12-31": "9.57920", "2005-12-31": "2.59630"}, "Receiveable Turnover": {"2019-12-31": "7.89100", "2018-12-31": "8.88020", "2017-12-31": "8.35680", "2016-12-31": "7.92380", "2015-12-31": "3.49680", "2014-12-31": "7.87210", "2013-12-31": "8.91840", "2012-12-31": "7.11170", "2011-12-31": "8.24680", "2010-12-31": "8.21710", "2009-12-31": "7.55550", "2008-12-31": "8.28400", "2007-12-31": "6.32080", "2006-12-31": "7.67870", "2005-12-31": "3.23730"}, "Days Sales In Receivables": {"2019-12-31": "46.25520", "2018-12-31": "41.10260", "2017-12-31": "43.67730", "2016-12-31": "46.06390", "2015-12-31": "104.38250", "2014-12-31": "46.36600", "2013-12-31": "40.92640", "2012-12-31": "51.32420", "2011-12-31": "44.25930", "2010-12-31": "44.41960", "2009-12-31": "48.30920", "2008-12-31": "44.06060", "2007-12-31": "57.74590", "2006-12-31": "47.53390", "2005-12-31": "112.74870"}, "ROE - Return On Equity": {"2019-12-31": "-0.46740", "2018-12-31": "11.57760", "2017-12-31": "19.95500", "2016-12-31": "-0.17160", "2015-12-31": "-0.05790", "2014-12-31": "10.36220", "2013-12-31": "16.22010", "2012-12-31": "14.98400", "2011-12-31": "24.51820", "2010-12-31": "7.80440", "2009-12-31": "16.50250", "2008-12-31": "22.36880", "2007-12-31": "15.18760", "2006-12-31": "22.76830", "2005-12-31": "27.61370"}, "Return On Tangible Equity": {"2019-12-31": "7.51830", "2018-12-31": "163.13430", "2017-12-31": "995.47630", "2016-12-31": "0.82170", "2015-12-31": "0.32350", "2014-12-31": "73.58090", "2013-12-31": "50.45200", "2012-12-31": "59.53050", "2011-12-31": "67.43860", "2010-12-31": "12.22640", "2009-12-31": "25.99620", "2008-12-31": "38.96710", "2007-12-31": "27.86070", "2006-12-31": "22.76830", "2005-12-31": "33.51350"}, "ROA - Return On Assets": {"2019-12-31": "-0.12300", "2018-12-31": "3.64440", "2017-12-31": "5.96100", "2016-12-31": "-0.04450", "2015-12-31": "-0.01510", "2014-12-31": "3.89160", "2013-12-31": "6.37220", "2012-12-31": "5.38580", "2011-12-31": "9.86690", "2010-12-31": "3.16300", "2009-12-31": "7.02380", "2008-12-31": "9.17020", "2007-12-31": "5.82190", "2006-12-31": "7.53260", "2005-12-31": "6.55460"}, "ROI - Return On Investment": {"2019-12-31": "-0.19630", "2018-12-31": "5.52340", "2017-12-31": "8.63320", "2016-12-31": "-0.06710", "2015-12-31": "-0.02310", "2014-12-31": "6.27990", "2013-12-31": "10.03650", "2012-12-31": "8.85990", "2011-12-31": "16.00660", "2010-12-31": "5.19020", "2009-12-31": "11.11660", "2008-12-31": "16.47170", "2007-12-31": "11.04170", "2006-12-31": "15.55000", "2005-12-31": "17.22730"}, "Book Value Per Share": {"2019-12-31": "15.32970", "2018-12-31": "17.13370", "2017-12-31": "16.47940", "2016-12-31": "13.74240", "2015-12-31": "14.65050", "2014-12-31": "13.09170", "2013-12-31": "13.86780", "2012-12-31": "12.44890", "2011-12-31": "12.30710", "2010-12-31": "10.43090", "2009-12-31": "10.44560", "2008-12-31": "9.11980", "2007-12-31": "8.90820", "2006-12-31": "7.40970", "2005-12-31": "5.93530"}, "Operating Cash Flow Per Share": {"2019-12-31": -1.5872, "2018-12-31": 1.5403, "2017-12-31": 0.1991, "2016-12-31": 1.5517, "2015-12-31": 0.1021, "2014-12-31": -1.9209, "2013-12-31": 0.4715, "2012-12-31": 0.7749, "2011-12-31": 1.2264, "2010-12-31": -1.1112, "2009-12-31": 1.0377, "2008-12-31": -1.2292, "2007-12-31": 1.8609, "2006-12-31": -3.0079, "2005-12-31": 3.8953}, "Free Cash Flow Per Share": {"2019-12-31": -1.6929, "2018-12-31": 0.9858, "2017-12-31": -0.0814, "2016-12-31": 1.1291, "2015-12-31": -0.0799, "2014-12-31": -2.1285, "2013-12-31": 2.8448, "2012-12-31": 0.1276, "2011-12-31": -0.0938, "2010-12-31": -0.4874, "2009-12-31": 1.7465, "2008-12-31": -2.7656, "2007-12-31": 1.8835, "2006-12-31": -3.1795, "2005-12-31": 3.2193}}, "financial ratios, quarterly": {"Current Ratio": {"2020-09-30": "1.60490", "2020-06-30": "1.74540", "2020-03-31": "1.11070", "2019-12-31": "1.58380", "2019-09-30": "1.64280", "2019-06-30": "1.64380", "2019-03-31": "1.47780", "2018-12-31": "1.52680", "2018-09-30": "1.80530", "2018-06-30": "1.79520", "2018-03-31": "1.74970", "2017-12-31": "1.78060", "2017-09-30": "1.71910", "2017-06-30": "1.68020", "2017-03-31": "1.69440", "2016-12-31": "1.67590", "2016-09-30": "1.73580", "2016-06-30": "1.70160", "2016-03-31": "1.78870", "2015-12-31": "1.68680", "2015-09-30": "1.48950", "2015-06-30": "1.66760", "2015-03-31": "2.16850", "2014-12-31": "2.16070", "2014-09-30": "2.18850", "2014-06-30": "2.22930", "2014-03-31": "2.20460", "2013-12-31": "2.06110", "2013-09-30": "2.05840", "2013-06-30": "1.81670", "2013-03-31": "1.82790", "2012-12-31": "1.72600", "2012-09-30": "1.63490", "2012-06-30": "1.92920", "2012-03-31": "2.03440", "2011-12-31": "1.95510", "2011-09-30": "1.84350", "2011-06-30": "1.85450", "2011-03-31": "1.86400", "2010-12-31": "2.25780", "2010-09-30": "2.85030", "2010-06-30": "2.79200", "2010-03-31": "2.73110", "2009-12-31": "2.76710", "2009-09-30": "2.64940", "2009-06-30": "2.06720", "2009-03-31": "1.91490", "2008-12-31": "1.67660", "2008-09-30": "1.81820", "2008-06-30": "1.83830", "2008-03-31": "1.81700", "2007-12-31": "1.78170", "2007-09-30": "1.39790", "2007-06-30": "1.98690", "2007-03-31": "2.26440", "2006-12-31": "2.17570", "2006-09-30": "2.20470", "2006-06-30": "2.25830", "2006-03-31": "2.42200", "2005-12-31": "2.37920", "2005-09-30": "2.74490", "2005-06-30": "2.62620", "2005-03-31": "2.28030"}, "Long-term Debt / Capital": {"2020-09-30": "0.72940", "2020-06-30": "0.65050", "2020-03-31": "0.60390", "2019-12-31": "0.58000", "2019-09-30": "0.55620", "2019-06-30": "0.53850", "2019-03-31": "0.51940", "2018-12-31": "0.52290", "2018-09-30": "0.53300", "2018-06-30": "0.55970", "2018-03-31": "0.56130", "2017-12-31": "0.56740", "2017-09-30": "0.61450", "2017-06-30": "0.60910", "2017-03-31": "0.60850", "2016-12-31": "0.60880", "2016-09-30": "0.60680", "2016-06-30": "0.60800", "2016-03-31": "0.60460", "2015-12-31": "0.60100", "2015-09-30": "0.33250", "2015-06-30": "0.33190", "2015-03-31": "0.38920", "2014-12-31": "0.39400", "2014-09-30": "0.37500", "2014-06-30": "0.37580", "2014-03-31": "0.37950", "2013-12-31": "0.38120", "2013-09-30": "0.38620", "2013-06-30": "0.39740", "2013-03-31": "0.40220", "2012-12-31": "0.40870", "2012-09-30": "0.39510", "2012-06-30": "0.32480", "2012-03-31": "0.33500", "2011-12-31": "0.34720", "2011-09-30": "0.33250", "2011-06-30": "0.33350", "2011-03-31": "0.34120", "2010-12-31": "0.33500", "2010-09-30": "0.30990", "2010-06-30": "0.32810", "2010-03-31": "0.32570", "2009-12-31": "0.32640", "2009-09-30": "0.32480", "2009-06-30": "0.24090", "2009-03-31": "0.25000", "2008-12-31": "0.26360", "2008-09-30": "0.24210", "2008-06-30": "0.25560", "2008-03-31": "0.26560", "2007-12-31": "0.27300", "2007-09-30": "0.40840", "2007-06-30": "0.28800", "2007-03-31": "0.30590", "2006-12-31": "0.31700", "2006-09-30": "0.31730", "2006-06-30": "0.34220", "2006-03-31": "0.35750", "2005-12-31": "0.37610", "2005-09-30": "0.36980", "2005-06-30": "0.38760", "2005-03-31": "0.39870"}, "Debt/Equity Ratio": {"2020-09-30": "2.69600", "2020-06-30": "1.86200", "2020-03-31": "1.52530", "2019-12-31": "1.38190", "2019-09-30": "1.25350", "2019-06-30": "1.16710", "2019-03-31": "1.12540", "2018-12-31": "1.14060", "2018-09-30": "1.14180", "2018-06-30": "1.27160", "2018-03-31": "1.27950", "2017-12-31": "1.31170", "2017-09-30": "1.62940", "2017-06-30": "1.59420", "2017-03-31": "1.59030", "2016-12-31": "1.59160", "2016-09-30": "1.57800", "2016-06-30": "1.58550", "2016-03-31": "1.61540", "2015-12-31": "1.59120", "2015-09-30": "0.63310", "2015-06-30": "0.63100", "2015-03-31": "0.65320", "2014-12-31": "0.66620", "2014-09-30": "0.61460", "2014-06-30": "0.61330", "2014-03-31": "0.62310", "2013-12-31": "0.62760", "2013-09-30": "0.64070", "2013-06-30": "0.67110", "2013-03-31": "0.68470", "2012-12-31": "0.71480", "2012-09-30": "0.67500", "2012-06-30": "0.50350", "2012-03-31": "0.52700", "2011-12-31": "0.54410", "2011-09-30": "0.58540", "2011-06-30": "0.59000", "2011-03-31": "0.61190", "2010-12-31": "0.59740", "2010-09-30": "0.45120", "2010-06-30": "0.48840", "2010-03-31": "0.48310", "2009-12-31": "0.48450", "2009-09-30": "0.48110", "2009-06-30": "0.31730", "2009-03-31": "0.33340", "2008-12-31": "0.35800", "2008-09-30": "0.31950", "2008-06-30": "0.34340", "2008-03-31": "0.36160", "2007-12-31": "0.39020", "2007-09-30": "0.82570", "2007-06-30": "0.41830", "2007-03-31": "0.45560", "2006-12-31": "0.46730", "2006-09-30": "0.46780", "2006-06-30": "0.52370", "2006-03-31": "0.56010", "2005-12-31": "0.60550", "2005-09-30": "0.58920", "2005-06-30": "0.63720", "2005-03-31": "0.79660"}, "Gross Margin": {"2020-09-30": "9.05680", "2020-06-30": "0.44310", "2020-03-31": "3.57170", "2019-12-31": "8.39880", "2019-09-30": "13.89070", "2019-06-30": "8.11100", "2019-03-31": "13.26770", "2018-12-31": "14.92350", "2018-09-30": "23.00260", "2018-06-30": "15.48830", "2018-03-31": "10.61800", "2017-12-31": "13.56260", "2017-09-30": "13.22270", "2017-06-30": "7.76940", "2017-03-31": "10.82250", "2016-12-31": "9.95170", "2016-09-30": "11.58530", "2016-06-30": "9.31820", "2016-03-31": "12.81710", "2015-12-31": "9.41300", "2015-09-30": "13.79310", "2015-06-30": "16.79120", "2015-03-31": "16.37070", "2014-12-31": "15.58620", "2014-09-30": "17.06540", "2014-06-30": "18.72370", "2014-03-31": "17.66540", "2013-12-31": "16.43840", "2013-09-30": "21.20170", "2013-06-30": "18.56790", "2013-03-31": "19.93650", "2012-12-31": "16.96730", "2012-09-30": "18.13490", "2012-06-30": "23.05880", "2012-03-31": "22.53550", "2011-12-31": "17.38450", "2011-09-30": "21.35590", "2011-06-30": "21.81060", "2011-03-31": "17.61470", "2010-12-31": "16.13910", "2010-09-30": "15.31890", "2010-06-30": "14.29630", "2010-03-31": "13.67400", "2009-12-31": "17.89690", "2009-09-30": "20.30230", "2009-06-30": "18.53790", "2009-03-31": "23.56470", "2008-12-31": "22.61630", "2008-09-30": "24.43830", "2008-06-30": "18.93530", "2008-03-31": "21.32300", "2007-12-31": "17.34190", "2007-09-30": "19.55470", "2007-06-30": "20.39820", "2007-03-31": "18.90410", "2006-12-31": "19.91100", "2006-09-30": "22.17760", "2006-06-30": "10.30980", "2006-03-31": "14.64630", "2005-12-31": "14.91480", "2005-09-30": "15.62600", "2005-06-30": "14.85600", "2005-03-31": "15.51080"}, "Operating Margin": {"2020-09-30": "-47.56540", "2020-06-30": "-7.71830", "2020-03-31": "-3.33310", "2019-12-31": "-3.55420", "2019-09-30": "6.55840", "2019-06-30": "1.78920", "2019-03-31": "6.12850", "2018-12-31": "7.75530", "2018-09-30": "16.79660", "2018-06-30": "8.71910", "2018-03-31": "4.96400", "2017-12-31": "6.79670", "2017-09-30": "6.70140", "2017-06-30": "1.38880", "2017-03-31": "3.89890", "2016-12-31": "1.75360", "2016-09-30": "4.66720", "2016-06-30": "1.69350", "2016-03-31": "-0.54890", "2015-12-31": "-2.30400", "2015-09-30": "4.29160", "2015-06-30": "15.16620", "2015-03-31": "5.01930", "2014-12-31": "5.10210", "2014-09-30": "9.65300", "2014-06-30": "11.13250", "2014-03-31": "9.90650", "2013-12-31": "6.17330", "2013-09-30": "15.46150", "2013-06-30": "11.30020", "2013-03-31": "11.80950", "2012-12-31": "11.21510", "2012-09-30": "9.20510", "2012-06-30": "13.81950", "2012-03-31": "13.64350", "2011-12-31": "8.23240", "2011-09-30": "14.15850", "2011-06-30": "13.36230", "2011-03-31": "8.85320", "2010-12-31": "-1.34920", "2010-09-30": "7.69410", "2010-06-30": "5.44740", "2010-03-31": "5.44200", "2009-12-31": "10.31630", "2009-09-30": "12.74560", "2009-06-30": "9.16450", "2009-03-31": "15.15230", "2008-12-31": "15.17730", "2008-09-30": "17.29970", "2008-06-30": "10.71680", "2008-03-31": "13.12960", "2007-12-31": "9.04150", "2007-09-30": "10.79080", "2007-06-30": "8.15180", "2007-03-31": "7.00590", "2006-12-31": "10.11740", "2006-09-30": "10.70520", "2006-06-30": "4.92500", "2006-03-31": "5.99920", "2005-12-31": "6.80350", "2005-09-30": "7.54590", "2005-06-30": "7.74800", "2005-03-31": "9.78780"}, "EBIT Margin": {"2020-09-30": "-47.56540", "2020-06-30": "-7.71830", "2020-03-31": "-3.33310", "2019-12-31": "-3.55420", "2019-09-30": "6.55840", "2019-06-30": "1.78920", "2019-03-31": "6.12850", "2018-12-31": "7.75530", "2018-09-30": "16.79660", "2018-06-30": "8.71910", "2018-03-31": "4.96400", "2017-12-31": "6.79670", "2017-09-30": "6.70140", "2017-06-30": "1.38880", "2017-03-31": "3.89890", "2016-12-31": "1.75360", "2016-09-30": "4.66720", "2016-06-30": "1.69350", "2016-03-31": "-0.54890", "2015-12-31": "-2.30400", "2015-09-30": "4.29160", "2015-06-30": "15.16620", "2015-03-31": "5.01930", "2014-12-31": "5.10200", "2014-09-30": "9.65300", "2014-06-30": "11.13250", "2014-03-31": "9.90650", "2013-12-31": "6.17330", "2013-09-30": "15.46150", "2013-06-30": "11.30020", "2013-03-31": "11.80950", "2012-12-31": "11.21510", "2012-09-30": "9.20510", "2012-06-30": "13.81950", "2012-03-31": "13.64350", "2011-12-31": "8.23240", "2011-09-30": "14.15850", "2011-06-30": "13.36230", "2011-03-31": "8.85320", "2010-12-31": "-1.34920", "2010-09-30": "7.69410", "2010-06-30": "5.44740", "2010-03-31": "5.44200", "2009-12-31": "10.31630", "2009-09-30": "12.74560", "2009-06-30": "9.16450", "2009-03-31": "15.15230", "2008-12-31": "15.17730", "2008-09-30": "17.29970", "2008-06-30": "10.71680", "2008-03-31": "13.12960", "2007-12-31": "9.04150", "2007-09-30": "10.79080", "2007-06-30": "8.15180", "2007-03-31": "7.00590", "2006-12-31": "10.11740", "2006-09-30": "10.70520", "2006-06-30": "4.92500", "2006-03-31": "5.99920", "2005-12-31": "6.80350", "2005-09-30": "7.54590", "2005-06-30": "7.74800", "2005-03-31": "9.78780"}, "EBITDA Margin": {"2020-09-30": "", "2020-06-30": "", "2020-03-31": "", "2019-12-31": "", "2019-09-30": "", "2019-06-30": "", "2019-03-31": "", "2018-12-31": "", "2018-09-30": "", "2018-06-30": "", "2018-03-31": "", "2017-12-31": "", "2017-09-30": "", "2017-06-30": "", "2017-03-31": "", "2016-12-31": "", "2016-09-30": "", "2016-06-30": "", "2016-03-31": "", "2015-12-31": "", "2015-09-30": "", "2015-06-30": "", "2015-03-31": "", "2014-12-31": "", "2014-09-30": "", "2014-06-30": "", "2014-03-31": "", "2013-12-31": "", "2013-09-30": "", "2013-06-30": "", "2013-03-31": "", "2012-12-31": "", "2012-09-30": "", "2012-06-30": "", "2012-03-31": "", "2011-12-31": "", "2011-09-30": "", "2011-06-30": "", "2011-03-31": "", "2010-12-31": "", "2010-09-30": "", "2010-06-30": "", "2010-03-31": "", "2009-12-31": "", "2009-09-30": "", "2009-06-30": "", "2009-03-31": "", "2008-12-31": "", "2008-09-30": "", "2008-06-30": "", "2008-03-31": "", "2007-12-31": "", "2007-09-30": "", "2007-06-30": "", "2007-03-31": "", "2006-12-31": "", "2006-09-30": "", "2006-06-30": "", "2006-03-31": "", "2005-12-31": "", "2005-09-30": "", "2005-06-30": "", "2005-03-31": ""}, "Pre-Tax Profit Margin": {"2020-09-30": "-52.40680", "2020-06-30": "-12.89880", "2020-03-31": "-7.43110", "2019-12-31": "-7.85090", "2019-09-30": "2.77810", "2019-06-30": "-1.56320", "2019-03-31": "3.41830", "2018-12-31": "4.53210", "2018-09-30": "13.96070", "2018-06-30": "4.29880", "2018-03-31": "1.60790", "2017-12-31": "3.74710", "2017-09-30": "3.88450", "2017-06-30": "-1.42810", "2017-03-31": "1.14220", "2016-12-31": "1.69590", "2016-09-30": "1.46620", "2016-06-30": "-1.73020", "2016-03-31": "-4.10920", "2015-12-31": "-6.77770", "2015-09-30": "1.74290", "2015-06-30": "11.89770", "2015-03-31": "3.78380", "2014-12-31": "3.88160", "2014-09-30": "6.78910", "2014-06-30": "9.60730", "2014-03-31": "8.34780", "2013-12-31": "5.42610", "2013-09-30": "13.86610", "2013-06-30": "9.61360", "2013-03-31": "10.12700", "2012-12-31": "9.30910", "2012-09-30": "8.03510", "2012-06-30": "12.44350", "2012-03-31": "11.92820", "2011-12-31": "5.94440", "2011-09-30": "12.61360", "2011-06-30": "12.03930", "2011-03-31": "50.41290", "2010-12-31": "-0.59680", "2010-09-30": "8.96490", "2010-06-30": "6.21150", "2010-03-31": "4.19890", "2009-12-31": "9.91740", "2009-09-30": "14.08060", "2009-06-30": "11.69710", "2009-03-31": "18.57210", "2008-12-31": "16.92770", "2008-09-30": "13.97890", "2008-06-30": "12.79480", "2008-03-31": "14.75820", "2007-12-31": "11.21540", "2007-09-30": "13.87380", "2007-06-30": "12.09620", "2007-03-31": "9.58900", "2006-12-31": "12.70740", "2006-09-30": "14.35880", "2006-06-30": "6.26820", "2006-03-31": "7.50240", "2005-12-31": "10.27980", "2005-09-30": "8.54760", "2005-06-30": "8.91020", "2005-03-31": "10.59010"}, "Net Profit Margin": {"2020-09-30": "-51.25210", "2020-06-30": "-9.67610", "2020-03-31": "-5.61360", "2019-12-31": "-5.56560", "2019-09-30": "2.80350", "2019-06-30": "-1.25560", "2019-03-31": "2.68440", "2018-12-31": "3.25990", "2018-09-30": "10.41980", "2018-06-30": "3.39040", "2018-03-31": "1.22200", "2017-12-31": "30.20560", "2017-09-30": "3.38930", "2017-06-30": "-0.38650", "2017-03-31": "0.85510", "2016-12-31": "1.26290", "2016-09-30": "1.20470", "2016-06-30": "-0.07330", "2016-03-31": "-2.81120", "2015-12-31": "-4.94710", "2015-09-30": "1.10570", "2015-06-30": "7.90060", "2015-03-31": "2.52900", "2014-12-31": "2.56100", "2014-09-30": "4.39690", "2014-06-30": "6.53930", "2014-03-31": "5.10910", "2013-12-31": "4.39420", "2013-09-30": "10.39210", "2013-06-30": "6.70040", "2013-03-31": "6.42860", "2012-12-31": "5.88840", "2012-09-30": "4.93810", "2012-06-30": "9.35720", "2012-03-31": "7.63010", "2011-12-31": "4.19470", "2011-09-30": "8.57870", "2011-06-30": "7.95690", "2011-03-31": "30.66510", "2010-12-31": "0.51890", "2010-09-30": "7.34750", "2010-06-30": "4.16560", "2010-03-31": "3.89500", "2009-12-31": "6.21260", "2009-09-30": "9.92440", "2009-06-30": "7.25850", "2009-03-31": "11.65750", "2008-12-31": "10.87060", "2008-09-30": "7.49650", "2008-06-30": "8.28860", "2008-03-31": "9.34600", "2007-12-31": "3.77960", "2007-09-30": "-23.75110", "2007-06-30": "13.37340", "2007-03-31": "9.04110", "2006-12-31": "10.84580", "2006-09-30": "20.53340", "2006-06-30": "3.99320", "2006-03-31": "4.64760", "2005-12-31": "5.39650", "2005-09-30": "5.24210", "2005-06-30": "5.40680", "2005-03-31": "6.63220"}, "Asset Turnover": {"2020-09-30": "0.17390", "2020-06-30": "0.13820", "2020-03-31": "0.15520", "2019-12-31": "0.15100", "2019-09-30": "0.17080", "2019-06-30": "0.17250", "2019-03-31": "0.16940", "2018-12-31": "0.18170", "2018-09-30": "0.20290", "2018-06-30": "0.18910", "2018-03-31": "0.18670", "2017-12-31": "0.17570", "2017-09-30": "0.16600", "2017-06-30": "0.17360", "2017-03-31": "0.17780", "2016-12-31": "0.15810", "2016-09-30": "0.16520", "2016-06-30": "0.15310", "2016-03-31": "0.14790", "2015-12-31": "0.13640", "2015-09-30": "0.19760", "2015-06-30": "0.19880", "2015-03-31": "0.19380", "2014-12-31": "0.18520", "2014-09-30": "0.21560", "2014-06-30": "0.20440", "2014-03-31": "0.20890", "2013-12-31": "0.20050", "2013-09-30": "0.23590", "2013-06-30": "0.23410", "2013-03-31": "0.23020", "2012-12-31": "0.21150", "2012-09-30": "0.20630", "2012-06-30": "0.20460", "2012-03-31": "0.20790", "2011-12-31": "0.18200", "2011-09-30": "0.22080", "2011-06-30": "0.21470", "2011-03-31": "0.18230", "2010-12-31": "0.18810", "2010-09-30": "0.22050", "2010-06-30": "0.20980", "2010-03-31": "0.18740", "2009-12-31": "0.18160", "2009-09-30": "0.20510", "2009-06-30": "0.22400", "2009-03-31": "0.23650", "2008-12-31": "0.25250", "2008-09-30": "0.27830", "2008-06-30": "0.24320", "2008-03-31": "0.22650", "2007-12-31": "0.23380", "2007-09-30": "0.17900", "2007-06-30": "0.16040", "2007-03-31": "0.15290", "2006-12-31": "0.15050", "2006-09-30": "0.13990", "2006-06-30": "0.44030", "2006-03-31": "0.39650", "2005-12-31": "0.33610", "2005-09-30": "0.35630", "2005-06-30": "0.36040", "2005-03-31": "0.33590"}, "Inventory Turnover Ratio": {"2020-09-30": "2.14890", "2020-06-30": "1.99600", "2020-03-31": "2.05870", "2019-12-31": "1.82640", "2019-09-30": "1.93750", "2019-06-30": "2.09430", "2019-03-31": "1.87780", "2018-12-31": "1.95530", "2018-09-30": "1.99020", "2018-06-30": "2.03920", "2018-03-31": "2.26270", "2017-12-31": "2.05130", "2017-09-30": "1.95690", "2017-06-30": "2.11330", "2017-03-31": "2.12940", "2016-12-31": "1.97940", "2016-09-30": "2.08170", "2016-06-30": "1.94420", "2016-03-31": "1.72980", "2015-12-31": "1.67560", "2015-09-30": "1.97850", "2015-06-30": "2.01040", "2015-03-31": "2.00460", "2014-12-31": "2.00810", "2014-09-30": "2.47640", "2014-06-30": "2.09870", "2014-03-31": "2.53410", "2013-12-31": "2.51850", "2013-09-30": "2.88010", "2013-06-30": "2.59330", "2013-03-31": "2.60940", "2012-12-31": "2.50080", "2012-09-30": "2.22030", "2012-06-30": "1.98080", "2012-03-31": "2.11240", "2011-12-31": "2.08550", "2011-09-30": "2.60190", "2011-06-30": "2.27310", "2011-03-31": "1.99890", "2010-12-31": "2.07710", "2010-09-30": "2.32990", "2010-06-30": "2.13310", "2010-03-31": "1.99810", "2009-12-31": "2.32710", "2009-09-30": "2.51110", "2009-06-30": "1.91760", "2009-03-31": "1.83900", "2008-12-31": "2.55710", "2008-09-30": "2.60100", "2008-06-30": "2.30240", "2008-03-31": "2.41170", "2007-12-31": "3.13590", "2007-09-30": "2.47190", "2007-06-30": "2.00660", "2007-03-31": "2.20660", "2006-12-31": "2.39300", "2006-09-30": "2.35100", "2006-06-30": "2.65570", "2006-03-31": "2.44050", "2005-12-31": "1.95740", "2005-09-30": "2.09360", "2005-06-30": "1.88760", "2005-03-31": "1.79780"}, "Receiveable Turnover": {"2020-09-30": "1.95090", "2020-06-30": "1.72920", "2020-03-31": "1.73200", "2019-12-31": "1.79140", "2019-09-30": "1.81760", "2019-06-30": "1.82760", "2019-03-31": "1.90690", "2018-12-31": "2.09030", "2018-09-30": "1.83210", "2018-06-30": "2.02150", "2018-03-31": "2.00480", "2017-12-31": "2.15960", "2017-09-30": "2.08600", "2017-06-30": "1.90080", "2017-03-31": "1.95890", "2016-12-31": "1.97820", "2016-09-30": "1.83170", "2016-06-30": "1.63100", "2016-03-31": "1.58710", "2015-12-31": "1.55260", "2015-09-30": "1.77630", "2015-06-30": "1.64990", "2015-03-31": "1.62430", "2014-12-31": "1.75550", "2014-09-30": "1.75780", "2014-06-30": "1.62790", "2014-03-31": "1.73240", "2013-12-31": "1.99330", "2013-09-30": "1.92840", "2013-06-30": "1.71360", "2013-03-31": "1.71620", "2012-12-31": "1.91280", "2012-09-30": "1.60020", "2012-06-30": "1.78050", "2012-03-31": "1.81210", "2011-12-31": "1.87470", "2011-09-30": "1.87970", "2011-06-30": "1.70400", "2011-03-31": "1.66290", "2010-12-31": "1.99690", "2010-09-30": "1.77670", "2010-06-30": "1.78330", "2010-03-31": "1.67280", "2009-12-31": "1.73110", "2009-09-30": "1.47800", "2009-06-30": "1.74570", "2009-03-31": "1.82840", "2008-12-31": "2.03850", "2008-09-30": "1.90200", "2008-06-30": "1.70640", "2008-03-31": "1.73750", "2007-12-31": "2.00400", "2007-09-30": "1.49570", "2007-06-30": "1.53960", "2007-03-31": "1.62430", "2006-12-31": "1.82500", "2006-09-30": "1.75110", "2006-06-30": "2.00880", "2006-03-31": "1.92540", "2005-12-31": "2.04780", "2005-09-30": "1.96010", "2005-06-30": "1.93890", "2005-03-31": "1.82410"}, "Days Sales In Receivables": {"2020-09-30": "46.13310", "2020-06-30": "52.04800", "2020-03-31": "51.96270", "2019-12-31": "50.23940", "2019-09-30": "49.51540", "2019-06-30": "49.24600", "2019-03-31": "47.19580", "2018-12-31": "43.05690", "2018-09-30": "49.12410", "2018-06-30": "44.52090", "2018-03-31": "44.89210", "2017-12-31": "41.67480", "2017-09-30": "43.14490", "2017-06-30": "47.34950", "2017-03-31": "45.94470", "2016-12-31": "45.49690", "2016-09-30": "49.13540", "2016-06-30": "55.18110", "2016-03-31": "56.70900", "2015-12-31": "57.96670", "2015-09-30": "50.66720", "2015-06-30": "54.54800", "2015-03-31": "55.40730", "2014-12-31": "51.26650", "2014-09-30": "51.20120", "2014-06-30": "55.28750", "2014-03-31": "51.95190", "2013-12-31": "45.15210", "2013-09-30": "46.67060", "2013-06-30": "52.52070", "2013-03-31": "52.44290", "2012-12-31": "47.05240", "2012-09-30": "56.24230", "2012-06-30": "50.54650", "2012-03-31": "49.66680", "2011-12-31": "48.00810", "2011-09-30": "47.87900", "2011-06-30": "52.81610", "2011-03-31": "54.12390", "2010-12-31": "45.07010", "2010-09-30": "50.65620", "2010-06-30": "50.46830", "2010-03-31": "53.80110", "2009-12-31": "51.98920", "2009-09-30": "60.89170", "2009-06-30": "51.55610", "2009-03-31": "49.22370", "2008-12-31": "44.15020", "2008-09-30": "47.31760", "2008-06-30": "52.74340", "2008-03-31": "51.79910", "2007-12-31": "44.91110", "2007-09-30": "60.17130", "2007-06-30": "58.45600", "2007-03-31": "55.40900", "2006-12-31": "49.31610", "2006-09-30": "51.39570", "2006-06-30": "44.80400", "2006-03-31": "46.74390", "2005-12-31": "43.94970", "2005-09-30": "45.91650", "2005-06-30": "46.41740", "2005-03-31": "49.34030"}, "ROE - Return On Equity": {"2020-09-30": "-50.15320", "2020-06-30": "-5.48680", "2020-03-31": "-3.49480", "2019-12-31": "-3.19340", "2019-09-30": "1.65870", "2019-06-30": "-0.72180", "2019-03-31": "1.46960", "2018-12-31": "1.88190", "2018-09-30": "6.67490", "2018-06-30": "2.12080", "2018-03-31": "0.75640", "2017-12-31": "17.76880", "2017-09-30": "2.29280", "2017-06-30": "-0.26120", "2017-03-31": "0.58990", "2016-12-31": "0.76990", "2016-09-30": "0.75080", "2016-06-30": "-0.04290", "2016-03-31": "-1.59730", "2015-12-31": "-2.59220", "2015-09-30": "0.56400", "2015-06-30": "4.01900", "2015-03-31": "1.28660", "2014-12-31": "1.26320", "2014-09-30": "2.32790", "2014-06-30": "3.25680", "2014-03-31": "2.66340", "2013-12-31": "2.24320", "2013-09-30": "6.35200", "2013-06-30": "4.18180", "2013-03-31": "3.95280", "2012-12-31": "3.46550", "2012-09-30": "2.66580", "2012-06-30": "4.54330", "2012-03-31": "3.80790", "2011-12-31": "1.89690", "2011-09-30": "4.68630", "2011-06-30": "4.26200", "2011-03-31": "14.07520", "2010-12-31": "0.24090", "2010-09-30": "3.70890", "2010-06-30": "2.05170", "2010-03-31": "1.71530", "2009-12-31": "2.65110", "2009-09-30": "4.74360", "2009-06-30": "3.50920", "2009-03-31": "6.14390", "2008-12-31": "6.69500", "2008-09-30": "4.82340", "2008-06-30": "4.90200", "2008-03-31": "5.33700", "2007-12-31": "4.45980", "2007-09-30": "6.26920", "2007-06-30": "3.65240", "2007-03-31": "2.98560", "2006-12-31": "2.87130", "2006-09-30": "9.33010", "2006-06-30": "6.84930", "2006-03-31": "7.40170", "2005-12-31": "9.14210", "2005-09-30": "7.17390", "2005-06-30": "7.79500", "2005-03-31": "9.57780"}, "Return On Tangible Equity": {"2020-09-30": "207.02420", "2020-06-30": "34.54120", "2020-03-31": "30.54610", "2019-12-31": "51.36390", "2019-09-30": "52.80780", "2019-06-30": "-11.72340", "2019-03-31": "18.62430", "2018-12-31": "26.51740", "2018-09-30": "70.94550", "2018-06-30": "59.13240", "2018-03-31": "26.89830", "2017-12-31": "886.41780", "2017-09-30": "-12.72330", "2017-06-30": "1.26470", "2017-03-31": "-2.89540", "2016-12-31": "-3.68730", "2016-09-30": "-3.95480", "2016-06-30": "0.18990", "2016-03-31": "8.68270", "2015-12-31": "14.48710", "2015-09-30": "3.16350", "2015-06-30": "22.35730", "2015-03-31": "8.65830", "2014-12-31": "8.96990", "2014-09-30": "6.97670", "2014-06-30": "9.71600", "2014-03-31": "8.18310", "2013-12-31": "6.97740", "2013-09-30": "19.90290", "2013-06-30": "14.66940", "2013-03-31": "14.59460", "2012-12-31": "13.76840", "2012-09-30": "8.71020", "2012-06-30": "11.32520", "2012-03-31": "9.95110", "2011-12-31": "5.21760", "2011-09-30": "12.42760", "2011-06-30": "11.68150", "2011-03-31": "41.56050", "2010-12-31": "0.37740", "2010-09-30": "5.70810", "2010-06-30": "3.22890", "2010-03-31": "2.70270", "2009-12-31": "4.17620", "2009-09-30": "7.42980", "2009-06-30": "5.67000", "2009-03-31": "10.19210", "2008-12-31": "11.66300", "2008-09-30": "7.88870", "2008-06-30": "8.40630", "2008-03-31": "9.39550", "2007-12-31": "8.18130", "2007-09-30": "14.69660", "2007-06-30": "3.65240", "2007-03-31": "2.98560", "2006-12-31": "2.87130", "2006-09-30": "9.33010", "2006-06-30": "8.18050", "2006-03-31": "8.86380", "2005-12-31": "11.09530", "2005-09-30": "8.65490", "2005-06-30": "9.52240", "2005-03-31": "11.85470"}, "ROA - Return On Assets": {"2020-09-30": "-8.91300", "2020-06-30": "-1.33770", "2020-03-31": "-0.87100", "2019-12-31": "-0.84020", "2019-09-30": "0.47870", "2019-06-30": "-0.21660", "2019-03-31": "0.45470", "2018-12-31": "0.59240", "2018-09-30": "2.11440", "2018-06-30": "0.64130", "2018-03-31": "0.22820", "2017-12-31": "5.30790", "2017-09-30": "0.56260", "2017-06-30": "-0.06710", "2017-03-31": "0.15200", "2016-12-31": "0.19970", "2016-09-30": "0.19900", "2016-06-30": "-0.01120", "2016-03-31": "-0.41570", "2015-12-31": "-0.67500", "2015-09-30": "0.21840", "2015-06-30": "1.57070", "2015-03-31": "0.49010", "2014-12-31": "0.47440", "2014-09-30": "0.94810", "2014-06-30": "1.31150", "2014-03-31": "1.06740", "2013-12-31": "0.88130", "2013-09-30": "2.45160", "2013-06-30": "1.56830", "2013-03-31": "1.48020", "2012-12-31": "1.24560", "2012-09-30": "1.01890", "2012-06-30": "1.91480", "2012-03-31": "1.58610", "2011-12-31": "0.76340", "2011-09-30": "1.89410", "2011-06-30": "1.70830", "2011-03-31": "5.59110", "2010-12-31": "0.09760", "2010-09-30": "1.62010", "2010-06-30": "0.87400", "2010-03-31": "0.73010", "2009-12-31": "1.12840", "2009-09-30": "2.03540", "2009-06-30": "1.62620", "2009-03-31": "2.75700", "2008-12-31": "2.74470", "2008-09-30": "2.08640", "2008-06-30": "2.01560", "2008-03-31": "2.11690", "2007-12-31": "1.70960", "2007-09-30": "1.67120", "2007-06-30": "1.31940", "2007-03-31": "0.99350", "2006-12-31": "0.94990", "2006-09-30": "2.59150", "2006-06-30": "1.75800", "2006-03-31": "1.84270", "2005-12-31": "2.17000", "2005-09-30": "1.86770", "2005-06-30": "1.94840", "2005-03-31": "2.22750"}, "ROI - Return On Investment": {"2020-09-30": "-13.57260", "2020-06-30": "-1.91770", "2020-03-31": "-1.38440", "2019-12-31": "-1.34120", "2019-09-30": "0.73620", "2019-06-30": "-0.33310", "2019-03-31": "0.70620", "2018-12-31": "0.89780", "2018-09-30": "3.11700", "2018-06-30": "0.93380", "2018-03-31": "0.33190", "2017-12-31": "7.68740", "2017-09-30": "0.88390", "2017-06-30": "-0.10210", "2017-03-31": "0.23090", "2016-12-31": "0.30120", "2016-09-30": "0.29520", "2016-06-30": "-0.01680", "2016-03-31": "-0.63160", "2015-12-31": "-1.03420", "2015-09-30": "0.37640", "2015-06-30": "2.68500", "2015-03-31": "0.78590", "2014-12-31": "0.76560", "2014-09-30": "1.45490", "2014-06-30": "2.03290", "2014-03-31": "1.65260", "2013-12-31": "1.38800", "2013-09-30": "3.89860", "2013-06-30": "2.52000", "2013-03-31": "2.36300", "2012-12-31": "2.04920", "2012-09-30": "1.61260", "2012-06-30": "3.06780", "2012-03-31": "2.53220", "2011-12-31": "1.23840", "2011-09-30": "3.12790", "2011-06-30": "2.84060", "2011-03-31": "9.27310", "2010-12-31": "0.16020", "2010-09-30": "2.55940", "2010-06-30": "1.37850", "2010-03-31": "1.15660", "2009-12-31": "1.78590", "2009-09-30": "3.20270", "2009-06-30": "2.66390", "2009-03-31": "4.60780", "2008-12-31": "4.93000", "2008-09-30": "3.65560", "2008-06-30": "3.64890", "2008-03-31": "3.91970", "2007-12-31": "3.24240", "2007-09-30": "3.70870", "2007-06-30": "2.60060", "2007-03-31": "2.07240", "2006-12-31": "1.96100", "2006-09-30": "6.37010", "2006-06-30": "4.50570", "2006-03-31": "4.75590", "2005-12-31": "5.70340", "2005-09-30": "4.52120", "2005-06-30": "4.77390", "2005-03-31": "5.75940"}, "Book Value Per Share": {"2020-09-30": "9.30400", "2020-06-30": "13.86260", "2020-03-31": "14.50630", "2019-12-31": "15.32970", "2019-09-30": "16.68570", "2019-06-30": "16.86430", "2019-03-31": "17.20800", "2018-12-31": "17.13370", "2018-09-30": "17.52340", "2018-06-30": "16.54550", "2018-03-31": "16.52570", "2017-12-31": "16.47940", "2017-09-30": "13.81310", "2017-06-30": "13.58150", "2017-03-31": "13.69260", "2016-12-31": "13.74240", "2016-09-30": "14.09980", "2016-06-30": "14.11020", "2016-03-31": "14.36320", "2015-12-31": "14.65050", "2015-09-30": "13.48070", "2015-06-30": "13.58070", "2015-03-31": "13.13810", "2014-12-31": "13.09170", "2014-09-30": "14.33760", "2014-06-30": "14.29770", "2014-03-31": "14.02030", "2013-12-31": "13.86780", "2013-09-30": "13.78520", "2013-06-30": "13.06250", "2013-03-31": "12.75970", "2012-12-31": "12.44890", "2012-09-30": "13.42390", "2012-06-30": "13.09630", "2012-03-31": "12.68790", "2011-12-31": "12.30710", "2011-09-30": "12.55860", "2011-06-30": "12.31670", "2011-03-31": "11.91840", "2010-12-31": "10.43090", "2010-09-30": "10.77140", "2010-06-30": "10.40030", "2010-03-31": "10.41830", "2009-12-31": "10.44560", "2009-09-30": "10.58090", "2009-06-30": "10.13040", "2009-03-31": "9.75740", "2008-12-31": "9.11980", "2008-09-30": "10.16390", "2008-06-30": "9.60480", "2008-03-31": "9.35610", "2007-12-31": "8.90820", "2007-09-30": "7.02970", "2007-06-30": "8.11370", "2007-03-31": "7.54410", "2006-12-31": "7.40970", "2006-09-30": "7.45400", "2006-06-30": "6.64550", "2006-03-31": "6.30610", "2005-12-31": "5.93530", "2005-09-30": "6.10460", "2005-06-30": "5.76750", "2005-03-31": "5.46270"}, "Operating Cash Flow Per Share": {"2020-09-30": 1.5826, "2020-06-30": 0.6544, "2020-03-31": "-0.30350", "2019-12-31": 1.2445, "2019-09-30": 1.1246, "2019-06-30": 0.8065, "2019-03-31": "0.62790", "2018-12-31": 1.9132, "2018-09-30": 1.9117, "2018-06-30": 1.0877, "2018-03-31": "0.47810", "2017-12-31": 1.1495, "2017-09-30": 1.3318, "2017-06-30": 0.7741, "2017-03-31": "0.59500", "2016-12-31": 1.2063, "2016-09-30": 1.3179, "2016-06-30": 0.8424, "2016-03-31": "0.28470", "2015-12-31": 0.6296, "2015-09-30": 0.8588, "2015-06-30": 0.7335, "2015-03-31": "-0.12230", "2014-12-31": 0.7459, "2014-09-30": 0.7841, "2014-06-30": 0.5532, "2014-03-31": "-0.08570", "2013-12-31": 0.9271, "2013-09-30": 1.8608, "2013-06-30": 1.1453, "2013-03-31": "-0.01480", "2012-12-31": 1.5123, "2012-09-30": 1.087, "2012-06-30": 0.7932, "2012-03-31": "0.05440", "2011-12-31": 1.2809, "2011-09-30": 1.1753, "2011-06-30": 0.467, "2011-03-31": "-0.25120", "2010-12-31": 0.9331, "2010-09-30": 0.5914, "2010-06-30": 0.1025, "2010-03-31": "-0.18140", "2009-12-31": 1.282, "2009-09-30": 0.8804, "2009-06-30": 0.7462, "2009-03-31": "-0.35180", "2008-12-31": 1.4656, "2008-09-30": 0.5774, "2008-06-30": -0.3959, "2008-03-31": "-0.12800", "2007-12-31": 1.2845, "2007-09-30": 1.3614, "2007-06-30": -0.0656, "2007-03-31": "0.16800", "2006-12-31": 1.2261, "2006-09-30": 0.7681, "2006-06-30": -0.6875, "2006-03-31": "-0.42540", "2005-12-31": 1.5108, "2005-09-30": 1.308, "2005-06-30": 0.7899, "2005-03-31": "0.27030"}, "Free Cash Flow Per Share": {"2020-09-30": 1.2229, "2020-06-30": 0.2077, "2020-03-31": "-0.91130", "2019-12-31": 0.5382, "2019-09-30": 0.6172, "2019-06-30": 0.2596, "2019-03-31": "0.01260", "2018-12-31": 1.254, "2018-09-30": 1.3428, "2018-06-30": 0.5739, "2018-03-31": "-0.05020", "2017-12-31": 0.6795, "2017-09-30": 0.994, "2017-06-30": 0.3605, "2017-03-31": "0.10070", "2016-12-31": 0.7236, "2016-09-30": 1.1947, "2016-06-30": 0.4735, "2016-03-31": "-0.17570", "2015-12-31": 0.3182, "2015-09-30": 0.4931, "2015-06-30": 0.6872, "2015-03-31": "-0.41150", "2014-12-31": 0.4902, "2014-09-30": 0.5929, "2014-06-30": 0.3919, "2014-03-31": "-0.30810", "2013-12-31": 0.6791, "2013-09-30": 2.1089, "2013-06-30": 0.8719, "2013-03-31": "-0.36450", "2012-12-31": 1.0296, "2012-09-30": 0.3256, "2012-06-30": -0.0356, "2012-03-31": "-0.86900", "2011-12-31": 0.4443, "2011-09-30": 0.4175, "2011-06-30": 0.0085, "2011-03-31": "-0.54730", "2010-12-31": 0.6587, "2010-09-30": 0.3233, "2010-06-30": -0.1458, "2010-03-31": "-0.41940", "2009-12-31": 1.095, "2009-09-30": 0.4635, "2009-06-30": 0.2684, "2009-03-31": "-0.92270", "2008-12-31": 0.7014, "2008-09-30": -0.1962, "2008-06-30": -0.9142, "2008-03-31": "-0.43330", "2007-12-31": 0.7946, "2007-09-30": 1.1233, "2007-06-30": -0.2399, "2007-03-31": "0.24530", "2006-12-31": 0.8569, "2006-09-30": 0.7006, "2006-06-30": -0.8964, "2006-03-31": "-0.62150", "2005-12-31": 1.2714, "2005-09-30": 1.0773, "2005-06-30": 0.5798, "2005-03-31": "0.27730"}}, "revenue": {"Olin Annual Revenue (Millions of US $)": {"2020": "$5,758", "2019": "$6,110", "2018": "$6,946", "2017": "$6,268", "2016": "$5,551", "2015": "$2,854", "2014": "$2,241", "2013": "$2,515", "2012": "$2,185", "2011": "$1,961", "2010": "$1,586", "2009": "$1,532", "2008": "$1,765", "2007": "$1,277", "2006": "$1,040", "2005": "$955"}, "Olin Quarterly Revenue (Millions of US $)": {"2020-12-31": "$1,654", "2020-09-30": "$1,438", "2020-06-30": "$1,241", "2020-03-31": "$1,425", "2019-12-31": "$1,387", "2019-09-30": "$1,577", "2019-06-30": "$1,593", "2019-03-31": "$1,553", "2018-12-31": "$1,635", "2018-09-30": "$1,872", "2018-06-30": "$1,728", "2018-03-31": "$1,710", "2017-12-31": "$1,620", "2017-09-30": "$1,555", "2017-06-30": "$1,527", "2017-03-31": "$1,567", "2016-12-31": "$1,386", "2016-09-30": "$1,453", "2016-06-30": "$1,364", "2016-03-31": "$1,348", "2015-12-31": "$1,267", "2015-09-30": "$534", "2015-06-30": "$535", "2015-03-31": "$518", "2014-12-31": "$500", "2014-09-30": "$594", "2014-06-30": "$570", "2014-03-31": "$577", "2013-12-31": "$562", "2013-09-30": "$671", "2013-06-30": "$652", "2013-03-31": "$630", "2012-12-31": "$588", "2012-09-30": "$581", "2012-06-30": "$509", "2012-03-31": "$507", "2011-12-31": "$446", "2011-09-30": "$550", "2011-06-30": "$529", "2011-03-31": "$436", "2010-12-31": "$385", "2010-09-30": "$433", "2010-06-30": "$406", "2010-03-31": "$362", "2009-12-31": "$351", "2009-09-30": "$397", "2009-06-30": "$383", "2009-03-31": "$401", "2008-12-31": "$434", "2008-09-30": "$503", "2008-06-30": "$428", "2008-03-31": "$399", "2007-12-31": "$405", "2007-09-30": "$350", "2007-06-30": "$266", "2007-03-31": "$256", "2006-12-31": "$247", "2006-09-30": "$274", "2006-06-30": "$826", "2006-03-31": "$725", "2005-12-31": "$604", "2005-09-30": "$599", "2005-06-30": "$594", "2005-03-31": "$561"}}, "gross-profit": {"Olin Annual Gross Profit (Millions of US $)": {"2020": "$383", "2019": "$671", "2018": "$1,124", "2017": "$714", "2016": "$606", "2015": "$368", "2014": "$388", "2013": "$481", "2012": "$437", "2011": "$387", "2010": "$236", "2009": "$309", "2008": "$387", "2007": "$241", "2006": "$248", "2005": "$273"}, "Olin Quarterly Gross Profit (Millions of US $)": {"2020-12-31": "$197", "2020-09-30": "$130", "2020-06-30": "$6", "2020-03-31": "$51", "2019-12-31": "$117", "2019-09-30": "$219", "2019-06-30": "$129", "2019-03-31": "$206", "2018-12-31": "$244", "2018-09-30": "$431", "2018-06-30": "$268", "2018-03-31": "$182", "2017-12-31": "$220", "2017-09-30": "$206", "2017-06-30": "$119", "2017-03-31": "$170", "2016-12-31": "$138", "2016-09-30": "$168", "2016-06-30": "$127", "2016-03-31": "$173", "2015-12-31": "$119", "2015-09-30": "$74", "2015-06-30": "$90", "2015-03-31": "$85", "2014-12-31": "$78", "2014-09-30": "$101", "2014-06-30": "$107", "2014-03-31": "$102", "2013-12-31": "$92", "2013-09-30": "$142", "2013-06-30": "$121", "2013-03-31": "$126", "2012-12-31": "$100", "2012-09-30": "$105", "2012-06-30": "$117", "2012-03-31": "$114", "2011-12-31": "$78", "2011-09-30": "$118", "2011-06-30": "$115", "2011-03-31": "$77", "2010-12-31": "$62", "2010-09-30": "$66", "2010-06-30": "$58", "2010-03-31": "$50", "2009-12-31": "$63", "2009-09-30": "$81", "2009-06-30": "$71", "2009-03-31": "$94", "2008-12-31": "$98", "2008-09-30": "$123", "2008-06-30": "$81", "2008-03-31": "$85", "2007-12-31": "$70", "2007-09-30": "$69", "2007-06-30": "$54", "2007-03-31": "$48", "2006-12-31": "$49", "2006-09-30": "$61", "2006-06-30": "$85", "2006-03-31": "$106", "2005-12-31": "$90", "2005-09-30": "$94", "2005-06-30": "$88", "2005-03-31": "$87"}}, "operating-income": {"Olin Annual Operating Income (Millions of US $)": {"2020": "$-747", "2019": "$178", "2018": "$677", "2017": "$297", "2016": "$108", "2015": "$101", "2014": "$204", "2013": "$287", "2012": "$259", "2011": "$224", "2010": "$70", "2009": "$183", "2008": "$251", "2007": "$114", "2006": "$126", "2005": "$154"}, "Olin Quarterly Operating Income (Millions of US $)": {"2020-12-31": "$80", "2020-09-30": "$-684", "2020-06-30": "$-96", "2020-03-31": "$-48", "2019-12-31": "$-49", "2019-09-30": "$103", "2019-06-30": "$29", "2019-03-31": "$95", "2018-12-31": "$127", "2018-09-30": "$315", "2018-06-30": "$151", "2018-03-31": "$85", "2017-12-31": "$110", "2017-09-30": "$104", "2017-06-30": "$21", "2017-03-31": "$61", "2016-12-31": "$24", "2016-09-30": "$68", "2016-06-30": "$23", "2016-03-31": "$-7", "2015-12-31": "$-29", "2015-09-30": "$23", "2015-06-30": "$81", "2015-03-31": "$26", "2014-12-31": "$26", "2014-09-30": "$57", "2014-06-30": "$64", "2014-03-31": "$57", "2013-12-31": "$35", "2013-09-30": "$104", "2013-06-30": "$74", "2013-03-31": "$74", "2012-12-31": "$66", "2012-09-30": "$54", "2012-06-30": "$70", "2012-03-31": "$69", "2011-12-31": "$37", "2011-09-30": "$78", "2011-06-30": "$71", "2011-03-31": "$39", "2010-12-31": "$-5", "2010-09-30": "$33", "2010-06-30": "$22", "2010-03-31": "$20", "2009-12-31": "$36", "2009-09-30": "$51", "2009-06-30": "$35", "2009-03-31": "$61", "2008-12-31": "$66", "2008-09-30": "$87", "2008-06-30": "$46", "2008-03-31": "$52", "2007-12-31": "$37", "2007-09-30": "$38", "2007-06-30": "$22", "2007-03-31": "$18", "2006-12-31": "$25", "2006-09-30": "$29", "2006-06-30": "$41", "2006-03-31": "$44", "2005-12-31": "$41", "2005-09-30": "$45", "2005-06-30": "$46", "2005-03-31": "$55"}}, "ebitda": {"Olin Annual EBITDA (Millions of US $)": {"2019": "$775", "2018": "$1,278", "2017": "$856", "2016": "$641", "2015": "$330", "2014": "$343", "2013": "$422", "2012": "$370", "2011": "$323", "2010": "$157", "2009": "$254", "2008": "$321", "2007": "$162", "2006": "$163", "2005": "$190"}, "Olin Quarterly EBITDA (Millions of US $)": {"2020-09-30": "$158", "2020-06-30": "$41", "2020-03-31": "$99", "2019-12-31": "$88", "2019-09-30": "$259", "2019-06-30": "$180", "2019-03-31": "$248", "2018-12-31": "$277", "2018-09-30": "$468", "2018-06-30": "$301", "2018-03-31": "$232", "2017-12-31": "$258", "2017-09-30": "$243", "2017-06-30": "$158", "2017-03-31": "$196", "2016-12-31": "$160", "2016-09-30": "$203", "2016-06-30": "$156", "2016-03-31": "$122", "2015-12-31": "$95", "2015-09-30": "$59", "2015-06-30": "$116", "2015-03-31": "$60", "2014-12-31": "$60", "2014-09-30": "$92", "2014-06-30": "$99", "2014-03-31": "$91", "2013-12-31": "$69", "2013-09-30": "$138", "2013-06-30": "$108", "2013-03-31": "$107", "2012-12-31": "$98", "2012-09-30": "$80", "2012-06-30": "$97", "2012-03-31": "$95", "2011-12-31": "$62", "2011-09-30": "$103", "2011-06-30": "$96", "2011-03-31": "$62", "2010-12-31": "$17", "2010-09-30": "$55", "2010-06-30": "$44", "2010-03-31": "$41", "2009-12-31": "$57", "2009-09-30": "$68", "2009-06-30": "$52", "2009-03-31": "$77", "2008-12-31": "$83", "2008-09-30": "$104", "2008-06-30": "$64", "2008-03-31": "$70", "2007-12-31": "$53", "2007-09-30": "$50", "2007-06-30": "$31", "2007-03-31": "$28", "2006-12-31": "$34", "2006-09-30": "$22", "2006-06-30": "$59", "2006-03-31": "$61", "2005-12-31": "$23", "2005-09-30": "$45", "2005-06-30": "$46", "2005-03-31": "$72"}}, "net-income": {"Olin Annual Net Income (Millions of US $)": {"2020": "$-970", "2019": "$-11", "2018": "$328", "2017": "$550", "2016": "$-4", "2015": "$-1", "2014": "$106", "2013": "$179", "2012": "$150", "2011": "$242", "2010": "$65", "2009": "$136", "2008": "$158", "2007": "$-9", "2006": "$150", "2005": "$133"}, "Olin Quarterly Net Income (Millions of US $)": {"2020-12-31": "$-33", "2020-09-30": "$-737", "2020-06-30": "$-120", "2020-03-31": "$-80", "2019-12-31": "$-77", "2019-09-30": "$44", "2019-06-30": "$-20", "2019-03-31": "$42", "2018-12-31": "$53", "2018-09-30": "$195", "2018-06-30": "$59", "2018-03-31": "$21", "2017-12-31": "$489", "2017-09-30": "$53", "2017-06-30": "$-6", "2017-03-31": "$13", "2016-12-31": "$18", "2016-09-30": "$18", "2016-06-30": "$-1", "2016-03-31": "$-38", "2015-12-31": "$-63", "2015-09-30": "$6", "2015-06-30": "$42", "2015-03-31": "$13", "2014-12-31": "$13", "2014-09-30": "$26", "2014-06-30": "$37", "2014-03-31": "$30", "2013-12-31": "$25", "2013-09-30": "$70", "2013-06-30": "$44", "2013-03-31": "$41", "2012-12-31": "$35", "2012-09-30": "$29", "2012-06-30": "$48", "2012-03-31": "$39", "2011-12-31": "$19", "2011-09-30": "$47", "2011-06-30": "$42", "2011-03-31": "$134", "2010-12-31": "$2", "2010-09-30": "$32", "2010-06-30": "$17", "2010-03-31": "$14", "2009-12-31": "$22", "2009-09-30": "$39", "2009-06-30": "$28", "2009-03-31": "$47", "2008-12-31": "$47", "2008-09-30": "$38", "2008-06-30": "$36", "2008-03-31": "$37", "2007-12-31": "$15", "2007-09-30": "$-83", "2007-06-30": "$36", "2007-03-31": "$23", "2006-12-31": "$27", "2006-09-30": "$56", "2006-06-30": "$33", "2006-03-31": "$34", "2005-12-31": "$33", "2005-09-30": "$31", "2005-06-30": "$32", "2005-03-31": "$37"}}, "eps-earnings-per-share-diluted": {"Olin Annual EPS": {"2020": "$-6.14", "2019": "$-0.07", "2018": "$1.95", "2017": "$3.26", "2016": "$-0.02", "2015": "$-0.01", "2014": "$1.33", "2013": "$2.21", "2012": "$1.85", "2011": "$2.99", "2010": "$0.81", "2009": "$1.73", "2008": "$2.07", "2007": "$-0.12", "2006": "$2.06", "2005": "$1.86"}, "Olin Quarterly EPS": {"2020-12-31": "$-0.21", "2020-09-30": "$-4.67", "2020-06-30": "$-0.76", "2020-03-31": "$-0.51", "2019-12-31": "$-0.47", "2019-09-30": "$0.27", "2019-06-30": "$-0.12", "2019-03-31": "$0.25", "2018-12-31": "$0.32", "2018-09-30": "$1.16", "2018-06-30": "$0.35", "2018-03-31": "$0.12", "2017-12-31": "$2.91", "2017-09-30": "$0.31", "2017-06-30": "$-0.04", "2017-03-31": "$0.08", "2016-12-31": "$0.11", "2016-09-30": "$0.11", "2016-06-30": "$-0.01", "2016-03-31": "$-0.23", "2015-12-31": "$-0.80", "2015-09-30": "$0.08", "2015-06-30": "$0.54", "2015-03-31": "$0.17", "2014-12-31": "$0.16", "2014-09-30": "$0.33", "2014-06-30": "$0.47", "2014-03-31": "$0.37", "2013-12-31": "$0.31", "2013-09-30": "$0.86", "2013-06-30": "$0.54", "2013-03-31": "$0.50", "2012-12-31": "$0.43", "2012-09-30": "$0.35", "2012-06-30": "$0.59", "2012-03-31": "$0.48", "2011-12-31": "$0.23", "2011-09-30": "$0.58", "2011-06-30": "$0.52", "2011-03-31": "$1.66", "2010-12-31": "$0.02", "2010-09-30": "$0.40", "2010-06-30": "$0.21", "2010-03-31": "$0.18", "2009-12-31": "$0.27", "2009-09-30": "$0.50", "2009-06-30": "$0.36", "2009-03-31": "$0.60", "2008-12-31": "$0.61", "2008-09-30": "$0.49", "2008-06-30": "$0.47", "2008-03-31": "$0.50", "2007-12-31": "$0.21", "2007-09-30": "$-1.12", "2007-06-30": "$0.48", "2007-03-31": "$0.31", "2006-12-31": "$0.37", "2006-09-30": "$0.77", "2006-06-30": "$0.45", "2006-03-31": "$0.47", "2005-12-31": "$0.45", "2005-09-30": "$0.44", "2005-06-30": "$0.45", "2005-03-31": "$0.52"}}, "shares-outstanding": {"Olin Annual Shares Outstanding (Millions of Shares)": {"2020": "158", "2019": "162", "2018": "168", "2017": "169", "2016": "165", "2015": "103", "2014": "80", "2013": "81", "2012": "81", "2011": "81", "2010": "80", "2009": "78", "2008": "76", "2007": "74", "2006": "73", "2005": "72"}, "Olin Quarterly Shares Outstanding (Millions of Shares)": {"2020-12-31": "158", "2020-09-30": "158", "2020-06-30": "158", "2020-03-31": "158", "2019-12-31": "162", "2019-09-30": "163", "2019-06-30": "165", "2019-03-31": "166", "2018-12-31": "168", "2018-09-30": "169", "2018-06-30": "169", "2018-03-31": "169", "2017-12-31": "169", "2017-09-30": "169", "2017-06-30": "166", "2017-03-31": "168", "2016-12-31": "165", "2016-09-30": "167", "2016-06-30": "165", "2016-03-31": "165", "2015-12-31": "103", "2015-09-30": "78", "2015-06-30": "79", "2015-03-31": "79", "2014-12-31": "80", "2014-09-30": "80", "2014-06-30": "80", "2014-03-31": "81", "2013-12-31": "81", "2013-09-30": "81", "2013-06-30": "81", "2013-03-31": "81", "2012-12-31": "81", "2012-09-30": "81", "2012-06-30": "81", "2012-03-31": "81", "2011-12-31": "81", "2011-09-30": "81", "2011-06-30": "81", "2011-03-31": "80", "2010-12-31": "80", "2010-09-30": "80", "2010-06-30": "80", "2010-03-31": "79", "2009-12-31": "78", "2009-09-30": "79", "2009-06-30": "78", "2009-03-31": "78", "2008-12-31": "76", "2008-09-30": "77", "2008-06-30": "75", "2008-03-31": "75", "2007-12-31": "74", "2007-09-30": "75", "2007-06-30": "74", "2007-03-31": "74", "2006-12-31": "73", "2006-09-30": "73", "2006-06-30": "73", "2006-03-31": "72", "2005-12-31": "72", "2005-09-30": "72", "2005-06-30": "71", "2005-03-31": "71"}}, "total-assets": {"Olin Annual Total Assets (Millions of US $)": {"2019": "$9,188", "2018": "$8,997", "2017": "$9,218", "2016": "$8,763", "2015": "$9,289", "2014": "$2,698", "2013": "$2,803", "2012": "$2,778", "2011": "$2,450", "2010": "$2,049", "2009": "$1,932", "2008": "$1,720", "2007": "$1,731", "2006": "$1,642", "2005": "$1,797"}, "Olin Quarterly Total Assets (Millions of US $)": {"2020-09-30": "$8,267", "2020-06-30": "$8,978", "2020-03-31": "$9,184", "2019-12-31": "$9,188", "2019-09-30": "$9,233", "2019-06-30": "$9,235", "2019-03-31": "$9,170", "2018-12-31": "$8,997", "2018-09-30": "$9,227", "2018-06-30": "$9,138", "2018-03-31": "$9,160", "2017-12-31": "$9,218", "2017-09-30": "$9,367", "2017-06-30": "$8,794", "2017-03-31": "$8,813", "2016-12-31": "$8,763", "2016-09-30": "$8,793", "2016-06-30": "$8,909", "2016-03-31": "$9,117", "2015-12-31": "$9,289", "2015-09-30": "$2,701", "2015-06-30": "$2,693", "2015-03-31": "$2,673", "2014-12-31": "$2,698", "2014-09-30": "$2,753", "2014-06-30": "$2,791", "2014-03-31": "$2,764", "2013-12-31": "$2,803", "2013-09-30": "$2,843", "2013-06-30": "$2,787", "2013-03-31": "$2,736", "2012-12-31": "$2,778", "2012-09-30": "$2,817", "2012-06-30": "$2,486", "2012-03-31": "$2,440", "2011-12-31": "$2,450", "2011-09-30": "$2,492", "2011-06-30": "$2,465", "2011-03-31": "$2,391", "2010-12-31": "$2,049", "2010-09-30": "$1,963", "2010-06-30": "$1,934", "2010-03-31": "$1,931", "2009-12-31": "$1,932", "2009-09-30": "$1,936", "2009-06-30": "$1,710", "2009-03-31": "$1,694", "2008-12-31": "$1,720", "2008-09-30": "$1,807", "2008-06-30": "$1,761", "2008-03-31": "$1,762", "2007-12-31": "$1,731", "2007-09-30": "$1,957", "2007-06-30": "$1,660", "2007-03-31": "$1,671", "2006-12-31": "$1,642", "2006-09-30": "$1,956", "2006-06-30": "$1,877", "2006-03-31": "$1,829", "2005-12-31": "$1,797", "2005-09-30": "$1,681", "2005-06-30": "$1,648", "2005-03-31": "$1,670"}}, "cash-on-hand": {"Olin Annual Cash on Hand (Millions of US $)": {"2019": "$221", "2018": "$179", "2017": "$218", "2016": "$185", "2015": "$392", "2014": "$257", "2013": "$308", "2012": "$165", "2011": "$305", "2010": "$459", "2009": "$459", "2008": "$247", "2007": "$333", "2006": "$276", "2005": "$304"}, "Olin Quarterly Cash on Hand (Millions of US $)": {"2020-09-30": "$283", "2020-06-30": "$238", "2020-03-31": "$195", "2019-12-31": "$221", "2019-09-30": "$177", "2019-06-30": "$127", "2019-03-31": "$106", "2018-12-31": "$179", "2018-09-30": "$157", "2018-06-30": "$144", "2018-03-31": "$109", "2017-12-31": "$218", "2017-09-30": "$256", "2017-06-30": "$185", "2017-03-31": "$169", "2016-12-31": "$185", "2016-09-30": "$127", "2016-06-30": "$67", "2016-03-31": "$316", "2015-12-31": "$392", "2015-09-30": "$254", "2015-06-30": "$232", "2015-03-31": "$197", "2014-12-31": "$257", "2014-09-30": "$264", "2014-06-30": "$246", "2014-03-31": "$243", "2013-12-31": "$308", "2013-09-30": "$284", "2013-06-30": "$142", "2013-03-31": "$93", "2012-12-31": "$165", "2012-09-30": "$103", "2012-06-30": "$199", "2012-03-31": "$221", "2011-12-31": "$305", "2011-09-30": "$318", "2011-06-30": "$277", "2011-03-31": "$280", "2010-12-31": "$459", "2010-09-30": "$393", "2010-06-30": "$388", "2010-03-31": "$411", "2009-12-31": "$459", "2009-09-30": "$377", "2009-06-30": "$192", "2009-03-31": "$169", "2008-12-31": "$247", "2008-09-30": "$200", "2008-06-30": "$207", "2008-03-31": "$276", "2007-12-31": "$333", "2007-09-30": "$69", "2007-06-30": "$257", "2007-03-31": "$283", "2006-12-31": "$276", "2006-09-30": "$220", "2006-06-30": "$194", "2006-03-31": "$256", "2005-12-31": "$304", "2005-09-30": "$227", "2005-06-30": "$147", "2005-03-31": "$157"}}, "long-term-debt": {"Olin Annual Long Term Debt (Millions of US $)": {"2019": "$3,339", "2018": "$3,104", "2017": "$3,611", "2016": "$3,537", "2015": "$3,644", "2014": "$659", "2013": "$678", "2012": "$690", "2011": "$524", "2010": "$418", "2009": "$398", "2008": "$252", "2007": "$249", "2006": "$252", "2005": "$257"}, "Olin Quarterly Long Term Debt (Millions of US $)": {"2020-09-30": "$3,960", "2020-06-30": "$4,074", "2020-03-31": "$3,490", "2019-12-31": "$3,339", "2019-09-30": "$3,339", "2019-06-30": "$3,233", "2019-03-31": "$3,067", "2018-12-31": "$3,104", "2018-09-30": "$3,336", "2018-06-30": "$3,513", "2018-03-31": "$3,535", "2017-12-31": "$3,611", "2017-09-30": "$3,664", "2017-06-30": "$3,519", "2017-03-31": "$3,531", "2016-12-31": "$3,537", "2016-09-30": "$3,598", "2016-06-30": "$3,616", "2016-03-31": "$3,628", "2015-12-31": "$3,644", "2015-09-30": "$521", "2015-06-30": "$523", "2015-03-31": "$649", "2014-12-31": "$659", "2014-09-30": "$673", "2014-06-30": "$677", "2014-03-31": "$678", "2013-12-31": "$678", "2013-09-30": "$691", "2013-06-30": "$689", "2013-03-31": "$689", "2012-12-31": "$690", "2012-09-30": "$703", "2012-06-30": "$504", "2012-03-31": "$512", "2011-12-31": "$524", "2011-09-30": "$502", "2011-06-30": "$494", "2011-03-31": "$492", "2010-12-31": "$418", "2010-09-30": "$385", "2010-06-30": "$402", "2010-03-31": "$397", "2009-12-31": "$398", "2009-09-30": "$400", "2009-06-30": "$251", "2009-03-31": "$253", "2008-12-31": "$252", "2008-09-30": "$250", "2008-06-30": "$249", "2008-03-31": "$253", "2007-12-31": "$249", "2007-09-30": "$360", "2007-06-30": "$243", "2007-03-31": "$245", "2006-12-31": "$252", "2006-09-30": "$253", "2006-06-30": "$251", "2006-03-31": "$253", "2005-12-31": "$257", "2005-09-30": "$257", "2005-06-30": "$261", "2005-03-31": "$258"}}, "total-liabilities": {"Olin Annual Total Liabilities (Millions of US $)": {"2019": "$6,770", "2018": "$6,165", "2017": "$6,465", "2016": "$6,490", "2015": "$6,870", "2014": "$1,685", "2013": "$1,702", "2012": "$1,779", "2011": "$1,464", "2010": "$1,218", "2009": "$1,110", "2008": "$1,015", "2007": "$1,068", "2006": "$1,099", "2005": "$1,371"}, "Olin Quarterly Total Liabilities (Millions of US $)": {"2020-09-30": "$6,798", "2020-06-30": "$6,789", "2020-03-31": "$6,895", "2019-12-31": "$6,770", "2019-09-30": "$6,568", "2019-06-30": "$6,465", "2019-03-31": "$6,332", "2018-12-31": "$6,165", "2018-09-30": "$6,304", "2018-06-30": "$6,375", "2018-03-31": "$6,397", "2017-12-31": "$6,465", "2017-09-30": "$7,068", "2017-06-30": "$6,536", "2017-03-31": "$6,542", "2016-12-31": "$6,490", "2016-09-30": "$6,462", "2016-06-30": "$6,578", "2016-03-31": "$6,744", "2015-12-31": "$6,870", "2015-09-30": "$1,655", "2015-06-30": "$1,641", "2015-03-31": "$1,655", "2014-12-31": "$1,685", "2014-09-30": "$1,632", "2014-06-30": "$1,667", "2014-03-31": "$1,656", "2013-12-31": "$1,702", "2013-09-30": "$1,746", "2013-06-30": "$1,742", "2013-03-31": "$1,712", "2012-12-31": "$1,779", "2012-09-30": "$1,740", "2012-06-30": "$1,438", "2012-03-31": "$1,424", "2011-12-31": "$1,464", "2011-09-30": "$1,485", "2011-06-30": "$1,477", "2011-03-31": "$1,441", "2010-12-31": "$1,218", "2010-09-30": "$1,105", "2010-06-30": "$1,110", "2010-03-31": "$1,109", "2009-12-31": "$1,110", "2009-09-30": "$1,105", "2009-06-30": "$917", "2009-03-31": "$934", "2008-12-31": "$1,015", "2008-09-30": "$1,025", "2008-06-30": "$1,037", "2008-03-31": "$1,063", "2007-12-31": "$1,068", "2007-09-30": "$1,435", "2007-06-30": "$1,060", "2007-03-31": "$1,115", "2006-12-31": "$1,099", "2006-09-30": "$1,413", "2006-06-30": "$1,395", "2006-03-31": "$1,374", "2005-12-31": "$1,371", "2005-09-30": "$1,244", "2005-06-30": "$1,236", "2005-03-31": "$1,282"}}, "total-share-holder-equity": {"Olin Annual Share Holder Equity (Millions of US $)": {"2019": "$2,418", "2018": "$2,832", "2017": "$2,754", "2016": "$2,273", "2015": "$2,419", "2014": "$1,013", "2013": "$1,101", "2012": "$998", "2011": "$986", "2010": "$830", "2009": "$822", "2008": "$705", "2007": "$664", "2006": "$543", "2005": "$427"}, "Olin Quarterly Share Holder Equity (Millions of US $)": {"2020-09-30": "$1,469", "2020-06-30": "$2,189", "2020-03-31": "$2,289", "2019-12-31": "$2,418", "2019-09-30": "$2,665", "2019-06-30": "$2,771", "2019-03-31": "$2,838", "2018-12-31": "$2,832", "2018-09-30": "$2,923", "2018-06-30": "$2,763", "2018-03-31": "$2,763", "2017-12-31": "$2,754", "2017-09-30": "$2,299", "2017-06-30": "$2,259", "2017-03-31": "$2,272", "2016-12-31": "$2,273", "2016-09-30": "$2,331", "2016-06-30": "$2,331", "2016-03-31": "$2,373", "2015-12-31": "$2,419", "2015-09-30": "$1,046", "2015-06-30": "$1,053", "2015-03-31": "$1,018", "2014-12-31": "$1,013", "2014-09-30": "$1,121", "2014-06-30": "$1,124", "2014-03-31": "$1,108", "2013-12-31": "$1,101", "2013-09-30": "$1,097", "2013-06-30": "$1,045", "2013-03-31": "$1,025", "2012-12-31": "$998", "2012-09-30": "$1,077", "2012-06-30": "$1,048", "2012-03-31": "$1,016", "2011-12-31": "$986", "2011-09-30": "$1,007", "2011-06-30": "$988", "2011-03-31": "$950", "2010-12-31": "$830", "2010-09-30": "$857", "2010-06-30": "$824", "2010-03-31": "$822", "2009-12-31": "$822", "2009-09-30": "$831", "2009-06-30": "$792", "2009-03-31": "$760", "2008-12-31": "$705", "2008-09-30": "$782", "2008-06-30": "$724", "2008-03-31": "$699", "2007-12-31": "$664", "2007-09-30": "$522", "2007-06-30": "$600", "2007-03-31": "$556", "2006-12-31": "$543", "2006-09-30": "$543", "2006-06-30": "$482", "2006-03-31": "$455", "2005-12-31": "$427", "2005-09-30": "$438", "2005-06-30": "$412", "2005-03-31": "$388"}}, "profit-margins": {"current": "-16.84%"}, "gross margin": {"2020-12-31": "6.67%", "2020-09-30": "5.52%", "2020-06-30": "6.96%", "2020-03-31": "8.61%", "2019-12-31": "10.97%", "2019-09-30": "12.55%", "2019-06-30": "15.18%", "2019-03-31": "16.93%", "2018-12-31": "16.20%", "2018-09-30": "15.89%", "2018-06-30": "13.25%", "2018-03-31": "11.34%", "2017-12-31": "11.41%", "2017-09-30": "10.49%", "2017-06-30": "10.03%", "2017-03-31": "10.45%", "2016-12-31": "10.92%", "2016-09-30": "10.81%", "2016-06-30": "10.92%", "2016-03-31": "12.38%", "2015-12-31": "12.89%", "2015-09-30": "15.67%", "2015-06-30": "16.49%", "2015-03-31": "17.00%", "2014-12-31": "17.31%", "2014-09-30": "17.46%", "2014-06-30": "18.61%", "2014-03-31": "18.56%", "2013-12-31": "19.13%", "2013-09-30": "19.24%", "2013-06-30": "18.44%", "2013-03-31": "19.41%", "2012-12-31": "19.95%", "2012-09-30": "20.26%", "2012-06-30": "21.22%", "2012-03-31": "20.92%", "2011-12-31": "19.79%", "2011-09-30": "19.58%", "2011-06-30": "17.95%", "2011-03-31": "15.84%", "2010-12-31": "14.88%", "2010-09-30": "15.27%", "2010-06-30": "16.62%", "2010-03-31": "17.75%", "2009-12-31": "20.17%", "2009-09-30": "21.30%", "2009-06-30": "22.43%", "2009-03-31": "22.42%", "2008-12-31": "21.94%", "2008-09-30": "20.69%", "2008-06-30": "19.28%", "2008-03-31": "19.58%", "2007-12-31": "18.87%", "2007-09-30": "19.66%", "2007-06-30": "20.33%", "2007-03-31": "15.16%", "2006-12-31": "14.53%", "2006-09-30": "14.08%", "2006-06-30": "13.62%", "2006-03-31": "14.99%", "2005-12-31": "15.22%"}, "operating margin": {"2020-12-31": "-12.97%", "2020-09-30": "-15.95%", "2020-06-30": "-1.58%", "2020-03-31": "0.60%", "2019-12-31": "2.91%", "2019-09-30": "5.57%", "2019-06-30": "8.51%", "2019-03-31": "10.14%", "2018-12-31": "9.76%", "2018-09-30": "9.54%", "2018-06-30": "6.80%", "2018-03-31": "4.99%", "2017-12-31": "4.72%", "2017-09-30": "3.48%", "2017-06-30": "2.93%", "2017-03-31": "3.05%", "2016-12-31": "1.95%", "2016-09-30": "1.01%", "2016-06-30": "0.22%", "2016-03-31": "1.85%", "2015-12-31": "3.54%", "2015-09-30": "7.47%", "2015-06-30": "8.85%", "2015-03-31": "7.93%", "2014-12-31": "9.10%", "2014-09-30": "9.25%", "2014-06-30": "10.92%", "2014-03-31": "10.97%", "2013-12-31": "11.41%", "2013-09-30": "12.51%", "2013-06-30": "10.93%", "2013-03-31": "11.44%", "2012-12-31": "11.85%", "2012-09-30": "11.26%", "2012-06-30": "12.62%", "2012-03-31": "12.55%", "2011-12-31": "11.47%", "2011-09-30": "9.63%", "2011-06-30": "7.74%", "2011-03-31": "5.36%", "2010-12-31": "4.41%", "2010-09-30": "7.15%", "2010-06-30": "8.51%", "2010-03-31": "9.51%", "2009-12-31": "11.95%", "2009-09-30": "13.19%", "2009-06-30": "14.47%", "2009-03-31": "14.72%", "2008-12-31": "14.23%", "2008-09-30": "12.80%", "2008-06-30": "10.94%", "2008-03-31": "10.49%", "2007-12-31": "9.01%", "2007-09-30": "9.20%", "2007-06-30": "9.01%", "2007-03-31": "7.05%", "2006-12-31": "6.66%", "2006-09-30": "6.34%", "2006-06-30": "6.17%", "2006-03-31": "6.94%", "2005-12-31": "7.93%"}, "ebitda margin": {"2020-09-30": "7.03%", "2020-06-30": "8.65%", "2020-03-31": "10.46%", "2019-12-31": "12.68%", "2019-09-30": "15.16%", "2019-06-30": "17.63%", "2019-03-31": "19.06%", "2018-12-31": "18.40%", "2018-09-30": "18.17%", "2018-06-30": "15.64%", "2018-03-31": "13.90%", "2017-12-31": "13.64%", "2017-09-30": "12.54%", "2017-06-30": "12.08%", "2017-03-31": "12.39%", "2016-12-31": "11.55%", "2016-09-30": "10.60%", "2016-06-30": "9.57%", "2016-03-31": "10.64%", "2015-12-31": "11.56%", "2015-09-30": "14.14%", "2015-06-30": "15.28%", "2015-03-31": "14.25%", "2014-12-31": "15.26%", "2014-09-30": "15.24%", "2014-06-30": "16.68%", "2014-03-31": "16.49%", "2013-12-31": "16.78%", "2013-09-30": "17.75%", "2013-06-30": "16.03%", "2013-03-31": "16.55%", "2012-12-31": "16.93%", "2012-09-30": "16.35%", "2012-06-30": "17.74%", "2012-03-31": "17.52%", "2011-12-31": "16.47%", "2011-09-30": "14.63%", "2011-06-30": "12.90%", "2011-03-31": "10.72%", "2010-12-31": "9.90%", "2010-09-30": "12.69%", "2010-06-30": "13.85%", "2010-03-31": "14.60%", "2009-12-31": "16.58%", "2009-09-30": "17.34%", "2009-06-30": "18.36%", "2009-03-31": "18.57%", "2008-12-31": "18.20%", "2008-09-30": "16.77%", "2008-06-30": "14.98%", "2008-03-31": "14.37%", "2007-12-31": "12.69%", "2007-09-30": "12.78%", "2007-06-30": "11.03%", "2007-03-31": "8.92%", "2006-12-31": "8.49%", "2006-09-30": "6.79%", "2006-06-30": "6.83%", "2006-03-31": "6.94%", "2005-12-31": "7.89%"}, "pre tax profit margin": {"2020-12-31": "-17.71%", "2020-09-30": "-20.54%", "2020-06-30": "-5.88%", "2020-03-31": "-3.28%", "2019-12-31": "-0.61%", "2019-09-30": "2.30%", "2019-06-30": "5.46%", "2019-03-31": "6.81%", "2018-12-31": "6.29%", "2018-09-30": "6.12%", "2018-06-30": "3.37%", "2018-03-31": "1.98%", "2017-12-31": "1.87%", "2017-09-30": "1.33%", "2017-06-30": "0.69%", "2017-03-31": "0.68%", "2016-12-31": "-0.61%", "2016-09-30": "-2.65%", "2016-06-30": "-3.46%", "2016-03-31": "-1.85%", "2015-12-31": "0.25%", "2015-09-30": "5.37%", "2015-06-30": "6.66%", "2015-03-31": "6.14%", "2014-12-31": "7.23%", "2014-09-30": "7.56%", "2014-06-30": "9.54%", "2014-03-31": "9.55%", "2013-12-31": "9.98%", "2013-09-30": "10.82%", "2013-06-30": "9.34%", "2013-03-31": "9.92%", "2012-12-31": "10.34%", "2012-09-30": "9.69%", "2012-06-30": "10.93%", "2012-03-31": "10.88%", "2011-12-31": "19.38%", "2011-09-30": "18.47%", "2011-06-30": "18.00%", "2011-03-31": "16.99%", "2010-12-31": "4.85%", "2010-09-30": "7.35%", "2010-06-30": "8.64%", "2010-03-31": "10.11%", "2009-12-31": "13.71%", "2009-09-30": "15.42%", "2009-06-30": "15.28%", "2009-03-31": "15.46%", "2008-12-31": "14.63%", "2008-09-30": "13.20%", "2008-06-30": "13.15%", "2008-03-31": "13.03%", "2007-12-31": "11.82%", "2007-09-30": "12.24%", "2007-06-30": "12.18%", "2007-03-31": "9.17%", "2006-12-31": "8.49%", "2006-09-30": "8.52%", "2006-06-30": "7.95%", "2006-03-31": "8.72%", "2005-12-31": "9.54%"}, "net profit margin": {"2020-12-31": "-16.85%", "2020-09-30": "-18.47%", "2020-06-30": "-4.14%", "2020-03-31": "-2.22%", "2019-12-31": "-0.18%", "2019-09-30": "1.87%", "2019-06-30": "4.06%", "2019-03-31": "5.14%", "2018-12-31": "4.72%", "2018-09-30": "11.02%", "2018-06-30": "9.41%", "2018-03-31": "8.69%", "2017-12-31": "8.76%", "2017-09-30": "1.29%", "2017-06-30": "0.72%", "2017-03-31": "0.83%", "2016-12-31": "-0.05%", "2016-09-30": "-1.55%", "2016-06-30": "-2.13%", "2016-03-31": "-1.44%", "2015-12-31": "-0.07%", "2015-09-30": "3.55%", "2015-06-30": "4.38%", "2015-03-31": "4.08%", "2014-12-31": "4.73%", "2014-09-30": "5.12%", "2014-06-30": "6.81%", "2014-03-31": "6.86%", "2013-12-31": "7.16%", "2013-09-30": "7.48%", "2013-06-30": "6.08%", "2013-03-31": "6.63%", "2012-12-31": "6.91%", "2012-09-30": "6.61%", "2012-06-30": "7.60%", "2012-03-31": "7.23%", "2011-12-31": "12.34%", "2011-09-30": "11.84%", "2011-06-30": "11.78%", "2011-03-31": "11.14%", "2010-12-31": "4.10%", "2010-09-30": "5.48%", "2010-06-30": "6.07%", "2010-03-31": "6.90%", "2009-12-31": "8.88%", "2009-09-30": "9.97%", "2009-06-30": "9.30%", "2009-03-31": "9.51%", "2008-12-31": "8.96%", "2008-09-30": "7.26%", "2008-06-30": "0.32%", "2008-03-31": "0.35%", "2007-12-31": "-0.70%", "2007-09-30": "0.27%", "2007-06-30": "13.61%", "2007-03-31": "8.67%", "2006-12-31": "7.24%", "2006-09-30": "6.42%", "2006-06-30": "4.76%", "2006-03-31": "5.15%", "2005-12-31": "5.64%"}, "pe ratio": {"current": "0.00", "2021-02-05": "0.00", "2020-12-31": "0.00", "2020-09-30": "0.00", "2020-06-30": "0.00", "2020-03-31": "0.00", "2019-12-31": "0.00", "2019-09-30": "24.32", "2019-06-30": "12.59", "2019-03-31": "10.19", "2018-12-31": "9.37", "2018-09-30": "5.12", "2018-06-30": "7.00", "2018-03-31": "8.24", "2017-12-31": "9.70", "2017-09-30": "66.87", "2017-06-30": "105.72", "2017-03-31": "101.78", "2016-12-31": "0.00", "2016-09-30": "0.00", "2016-06-30": "0.00", "2016-03-31": "727.64", "2015-12-31": "33.91", "2015-09-30": "14.46", "2015-06-30": "18.19", "2015-03-31": "22.81", "2014-12-31": "13.67", "2014-09-30": "13.51", "2014-06-30": "10.53", "2014-03-31": "10.36", "2013-12-31": "10.11", "2013-09-30": "7.60", "2013-06-30": "10.00", "2013-03-31": "10.18", "2012-12-31": "8.74", "2012-09-30": "9.77", "2012-06-30": "8.16", "2012-03-31": "8.74", "2011-12-31": "4.74", "2011-09-30": "4.62", "2011-06-30": "6.15", "2011-03-31": "7.00", "2010-12-31": "17.54", "2010-09-30": "12.92", "2010-06-30": "10.49", "2010-03-31": "9.99", "2009-12-31": "6.68", "2009-09-30": "5.52", "2009-06-30": "3.73", "2009-03-31": "4.18", "2008-12-31": "5.48", "2008-09-30": "7.24", "2008-06-30": "322.21", "2008-03-31": "200.70", "2007-12-31": "0.00", "2007-09-30": "334.32", "2007-06-30": "6.44", "2007-03-31": "5.22", "2006-12-31": "4.64"}, "price sales": {"2021-02-05": "0.75", "2020-12-31": "0.67", "2020-09-30": "0.35", "2020-06-30": "0.32", "2020-03-31": "0.30", "2019-12-31": "0.44", "2019-09-30": "0.46", "2019-06-30": "0.51", "2019-03-31": "0.52", "2018-12-31": "0.44", "2018-09-30": "0.56", "2018-06-30": "0.66", "2018-03-31": "0.71", "2017-12-31": "0.84", "2017-09-30": "0.83", "2017-06-30": "0.74", "2017-03-31": "0.82", "2016-12-31": "0.66", "2016-09-30": "0.47", "2016-06-30": "0.59", "2016-03-31": "0.43", "2015-12-31": "0.44", "2015-09-30": "0.52", "2015-06-30": "0.80", "2015-03-31": "0.94", "2014-12-31": "0.65", "2014-09-30": "0.70", "2014-06-30": "0.72", "2014-03-31": "0.71", "2013-12-31": "0.72", "2013-09-30": "0.56", "2013-06-30": "0.60", "2013-03-31": "0.67", "2012-12-31": "0.60", "2012-09-30": "0.64", "2012-06-30": "0.62", "2012-03-31": "0.63", "2011-12-31": "0.58", "2011-09-30": "0.54", "2011-06-30": "0.72", "2011-03-31": "0.77", "2010-12-31": "0.72", "2010-09-30": "0.71", "2010-06-30": "0.64", "2010-03-31": "0.69", "2009-12-31": "0.59", "2009-09-30": "0.55", "2009-06-30": "0.34", "2009-03-31": "0.39", "2008-12-31": "0.49", "2008-09-30": "0.52", "2008-06-30": "0.76", "2008-03-31": "0.63", "2007-12-31": "0.68", "2007-09-30": "0.88", "2007-06-30": "0.88", "2007-03-31": "0.45", "2006-12-31": "0.33"}, "price book": {"current": "2.96", "2021-02-05": "2.93", "2020-09-30": "1.32", "2020-06-30": "0.81", "2020-03-31": "0.77", "2019-12-31": "1.06", "2019-09-30": "1.05", "2019-06-30": "1.20", "2019-03-31": "1.23", "2018-12-31": "1.07", "2018-09-30": "1.32", "2018-06-30": "1.55", "2018-03-31": "1.64", "2017-12-31": "1.91", "2017-09-30": "2.18", "2017-06-30": "1.95", "2017-03-31": "2.08", "2016-12-31": "1.60", "2016-09-30": "1.24", "2016-06-30": "1.49", "2016-03-31": "1.01", "2015-12-31": "0.97", "2015-09-30": "1.02", "2015-06-30": "1.61", "2015-03-31": "1.96", "2014-12-31": "1.39", "2014-09-30": "1.39", "2014-06-30": "1.48", "2014-03-31": "1.54", "2013-12-31": "1.61", "2013-09-30": "1.28", "2013-06-30": "1.39", "2013-03-31": "1.49", "2012-12-31": "1.30", "2012-09-30": "1.20", "2012-06-30": "1.17", "2012-03-31": "1.25", "2011-12-31": "1.15", "2011-09-30": "1.02", "2011-06-30": "1.30", "2011-03-31": "1.35", "2010-12-31": "1.36", "2010-09-30": "1.28", "2010-06-30": "1.18", "2010-03-31": "1.27", "2009-12-31": "1.11", "2009-09-30": "1.08", "2009-06-30": "0.76", "2009-03-31": "0.93", "2008-12-31": "1.24", "2008-09-30": "1.18", "2008-06-30": "1.68", "2008-03-31": "1.29", "2007-12-31": "1.31", "2007-09-30": "1.90", "2007-06-30": "1.53", "2007-03-31": "1.31", "2006-12-31": "1.29", "2006-09-30": "1.18", "2006-06-30": "1.52", "2006-03-31": "1.90"}, "price fcf": {"2021-02-05": "", "2020-09-30": "$1.06", "2020-06-30": "$0.45", "2020-03-31": "$0.50", "2019-12-31": "$1.43", "2019-09-30": "$2.14", "2019-06-30": "$2.87", "2019-03-31": "$3.18", "2018-12-31": "$3.12", "2018-09-30": "$2.55", "2018-06-30": "$2.20", "2018-03-31": "$1.98", "2017-12-31": "$2.13", "2017-09-30": "$2.18", "2017-06-30": "$2.38", "2017-03-31": "$2.49", "2016-12-31": "$2.22", "2016-09-30": "$1.81", "2016-06-30": "$1.11", "2016-03-31": "$1.32", "2015-12-31": "$1.09", "2015-09-30": "$1.26", "2015-06-30": "$1.36", "2015-03-31": "$1.06", "2014-12-31": "$1.17", "2014-09-30": "$1.36", "2014-06-30": "$2.87", "2014-03-31": "$3.35", "2013-12-31": "$3.30", "2013-09-30": "$3.65", "2013-06-30": "$1.86", "2013-03-31": "$0.96", "2012-12-31": "$0.45", "2012-09-30": "$-0.13", "2012-06-30": "$-0.04", "2012-03-31": "$0.00", "2011-12-31": "$0.32", "2011-09-30": "$0.54", "2011-06-30": "$0.44", "2011-03-31": "$0.29", "2010-12-31": "$0.42", "2010-09-30": "$0.85", "2010-06-30": "$0.99", "2010-03-31": "$1.41", "2009-12-31": "$0.90", "2009-09-30": "$0.51", "2009-06-30": "$-0.15", "2009-03-31": "$-1.33", "2008-12-31": "$-0.84", "2008-09-30": "$-0.75", "2008-06-30": "$0.57", "2008-03-31": "$1.24", "2007-12-31": "$1.92", "2007-09-30": "$1.99", "2007-06-30": "$1.56", "2007-03-31": "$0.91", "2006-12-31": "$0.04"}, "net worth": {"value": "$4.3B"}, "current ratio": {"2020-12-31": "1.44", "2020-09-30": "1.61", "2020-06-30": "1.75", "2020-03-31": "1.11", "2019-12-31": "1.58", "2019-09-30": "1.64", "2019-06-30": "1.64", "2019-03-31": "1.48", "2018-12-31": "1.53", "2018-09-30": "1.81", "2018-06-30": "1.80", "2018-03-31": "1.75", "2017-12-31": "1.78", "2017-09-30": "1.72", "2017-06-30": "1.68", "2017-03-31": "1.69", "2016-12-31": "1.68", "2016-09-30": "1.74", "2016-06-30": "1.70", "2016-03-31": "1.79", "2015-12-31": "1.69", "2015-09-30": "1.49", "2015-06-30": "1.67", "2015-03-31": "2.17", "2014-12-31": "2.16", "2014-09-30": "2.19", "2014-06-30": "2.23", "2014-03-31": "2.21", "2013-12-31": "2.06", "2013-09-30": "2.06", "2013-06-30": "1.82", "2013-03-31": "1.83", "2012-12-31": "1.73", "2012-09-30": "1.64", "2012-06-30": "1.93", "2012-03-31": "2.03", "2011-12-31": "1.96", "2011-09-30": "1.84", "2011-06-30": "1.85", "2011-03-31": "1.86", "2010-12-31": "2.26", "2010-09-30": "2.85", "2010-06-30": "2.79", "2010-03-31": "2.73", "2009-12-31": "2.77", "2009-09-30": "2.65", "2009-06-30": "2.07", "2009-03-31": "1.92", "2008-12-31": "1.68", "2008-09-30": "1.82", "2008-06-30": "1.84", "2008-03-31": "1.82", "2007-12-31": "1.78", "2007-09-30": "1.40", "2007-06-30": "1.99", "2007-03-31": "2.26", "2006-12-31": "2.18", "2006-09-30": "2.21", "2006-06-30": "2.26", "2006-03-31": "2.42", "2005-12-31": "2.38", "2005-09-30": "2.75", "2005-06-30": "2.63", "2005-03-31": "2.28"}, "quick ratio": {"2020-12-31": "0.87", "2020-09-30": "1.02", "2020-06-30": "1.08", "2020-03-31": "0.68", "2019-12-31": "0.94", "2019-09-30": "0.99", "2019-06-30": "0.98", "2019-03-31": "0.85", "2018-12-31": "0.89", "2018-09-30": "1.13", "2018-06-30": "1.07", "2018-03-31": "1.05", "2017-12-31": "1.07", "2017-09-30": "1.03", "2017-06-30": "1.02", "2017-03-31": "1.03", "2016-12-31": "0.99", "2016-09-30": "1.05", "2016-06-30": "1.01", "2016-03-31": "1.14", "2015-12-31": "1.09", "2015-09-30": "1.09", "2015-06-30": "1.23", "2015-03-31": "1.59", "2014-12-31": "1.60", "2014-09-30": "1.68", "2014-06-30": "1.67", "2014-03-31": "1.71", "2013-12-31": "1.60", "2013-09-30": "1.63", "2013-06-30": "1.35", "2013-03-31": "1.34", "2012-12-31": "1.28", "2012-09-30": "1.17", "2012-06-30": "1.42", "2012-03-31": "1.53", "2011-12-31": "1.51", "2011-09-30": "1.48", "2011-06-30": "1.45", "2011-03-31": "1.44", "2010-12-31": "1.86", "2010-09-30": "2.33", "2010-06-30": "2.25", "2010-03-31": "2.23", "2009-12-31": "2.37", "2009-09-30": "2.26", "2009-06-30": "1.55", "2009-03-31": "1.41", "2008-12-31": "1.35", "2008-09-30": "1.43", "2008-06-30": "1.44", "2008-03-31": "1.49", "2007-12-31": "1.52", "2007-09-30": "1.21", "2007-06-30": "1.76", "2007-03-31": "2.04", "2006-12-31": "1.98", "2006-09-30": "1.99", "2006-06-30": "1.57", "2006-03-31": "1.75", "2005-12-31": "1.66", "2005-09-30": "1.92", "2005-06-30": "1.69", "2005-03-31": "1.50"}, "debt equity ratio": {"current": "2.64", "2020-12-31": "4.70", "2020-09-30": "4.63", "2020-06-30": "3.10", "2020-03-31": "3.01", "2019-12-31": "2.80", "2019-09-30": "2.47", "2019-06-30": "2.33", "2019-03-31": "2.23", "2018-12-31": "2.18", "2018-09-30": "2.16", "2018-06-30": "2.31", "2018-03-31": "2.32", "2017-12-31": "2.35", "2017-09-30": "3.08", "2017-06-30": "2.89", "2017-03-31": "2.88", "2016-12-31": "2.86", "2016-09-30": "2.77", "2016-06-30": "2.82", "2016-03-31": "2.84", "2015-12-31": "2.84", "2015-09-30": "1.58", "2015-06-30": "1.56", "2015-03-31": "1.63", "2014-12-31": "1.66", "2014-09-30": "1.46", "2014-06-30": "1.48", "2014-03-31": "1.50", "2013-12-31": "1.55", "2013-09-30": "1.59", "2013-06-30": "1.67", "2013-03-31": "1.67", "2012-12-31": "1.78", "2012-09-30": "1.62", "2012-06-30": "1.37", "2012-03-31": "1.40", "2011-12-31": "1.49", "2011-09-30": "1.47", "2011-06-30": "1.50", "2011-03-31": "1.52", "2010-12-31": "1.47", "2010-09-30": "1.29", "2010-06-30": "1.35", "2010-03-31": "1.35", "2009-12-31": "1.35", "2009-09-30": "1.33", "2009-06-30": "1.16", "2009-03-31": "1.23", "2008-12-31": "1.44", "2008-09-30": "1.31", "2008-06-30": "1.43", "2008-03-31": "1.52", "2007-12-31": "1.61", "2007-09-30": "2.75", "2007-06-30": "1.77", "2007-03-31": "2.01", "2006-12-31": "2.02", "2006-09-30": "2.60", "2006-06-30": "2.90", "2006-03-31": "3.02", "2005-12-31": "3.21", "2005-09-30": "2.84", "2005-06-30": "3.00", "2005-03-31": "3.30"}, "return on equity": {"2020-12-31": "-52.44%", "2020-09-30": "-48.49%", "2020-06-30": "-9.75%", "2020-03-31": "-5.24%", "2019-12-31": "-0.41%", "2019-09-30": "4.29%", "2019-06-30": "9.50%", "2019-03-31": "12.29%", "2018-12-31": "11.63%", "2018-09-30": "27.28%", "2018-06-30": "23.52%", "2018-03-31": "22.11%", "2017-12-31": "22.91%", "2017-09-30": "3.43%", "2017-06-30": "1.88%", "2017-03-31": "2.09%", "2016-12-31": "-0.13%", "2016-09-30": "-3.55%", "2016-06-30": "-4.70%", "2016-03-31": "-3.08%", "2015-12-31": "-0.14%", "2015-09-30": "7.17%", "2015-06-30": "8.94%", "2015-03-31": "8.33%", "2014-12-31": "9.71%", "2014-09-30": "10.60%", "2014-06-30": "14.63%", "2014-03-31": "15.54%", "2013-12-31": "16.87%", "2013-09-30": "18.25%", "2013-06-30": "14.38%", "2013-03-31": "14.75%", "2012-12-31": "14.59%", "2012-09-30": "13.08%", "2012-06-30": "15.09%", "2012-03-31": "14.71%", "2011-12-31": "24.62%", "2011-09-30": "23.84%", "2011-06-30": "23.17%", "2011-03-31": "21.38%", "2010-12-31": "7.80%", "2010-09-30": "10.23%", "2010-06-30": "11.15%", "2010-03-31": "12.61%", "2009-12-31": "16.97%", "2009-09-30": "20.85%", "2009-06-30": "21.06%", "2009-03-31": "22.62%", "2008-12-31": "21.72%", "2008-09-30": "17.57%", "2008-06-30": "0.77%", "2008-03-31": "0.80%", "2007-12-31": "-1.54%", "2007-09-30": "0.54%", "2007-06-30": "25.33%", "2007-03-31": "26.18%", "2006-12-31": "29.66%", "2006-09-30": "32.72%", "2006-06-30": "29.08%", "2006-03-31": "30.02%", "2005-12-31": "31.95%"}, "return on assets": {"2020-12-31": "-11.18%", "2020-09-30": "-11.39%", "2020-06-30": "-2.55%", "2020-03-31": "-1.44%", "2019-12-31": "-0.12%", "2019-09-30": "1.30%", "2019-06-30": "2.95%", "2019-03-31": "3.82%", "2018-12-31": "3.59%", "2018-09-30": "8.32%", "2018-06-30": "6.75%", "2018-03-31": "6.10%", "2017-12-31": "6.07%", "2017-09-30": "0.87%", "2017-06-30": "0.49%", "2017-03-31": "0.54%", "2016-12-31": "-0.03%", "2016-09-30": "-0.93%", "2016-06-30": "-1.28%", "2016-03-31": "-0.89%", "2015-12-31": "-0.05%", "2015-09-30": "2.75%", "2015-06-30": "3.48%", "2015-03-31": "3.26%", "2014-12-31": "3.85%", "2014-09-30": "4.25%", "2014-06-30": "5.79%", "2014-03-31": "6.04%", "2013-12-31": "6.45%", "2013-09-30": "6.82%", "2013-06-30": "5.36%", "2013-03-31": "5.66%", "2012-12-31": "5.74%", "2012-09-30": "5.30%", "2012-06-30": "6.20%", "2012-03-31": "5.97%", "2011-12-31": "9.88%", "2011-09-30": "9.58%", "2011-06-30": "9.47%", "2011-03-31": "8.88%", "2010-12-31": "3.30%", "2010-09-30": "4.38%", "2010-06-30": "4.76%", "2010-03-31": "5.49%", "2009-12-31": "7.48%", "2009-09-30": "9.12%", "2009-06-30": "9.23%", "2009-03-31": "9.62%", "2008-12-31": "8.96%", "2008-09-30": "7.14%", "2008-06-30": "0.28%", "2008-03-31": "0.28%", "2007-12-31": "-0.51%", "2007-09-30": "0.17%", "2007-06-30": "8.20%", "2007-03-31": "7.78%", "2006-12-31": "8.21%", "2006-09-30": "8.37%", "2006-06-30": "7.29%", "2006-03-31": "7.48%", "2005-12-31": "7.83%"}, "return on investments": {"2020-12-31": "-13.13%", "2020-09-30": "-15.09%", "2020-06-30": "-1.50%", "2020-03-31": "0.61%", "2019-12-31": "3.01%", "2019-09-30": "5.94%", "2019-06-30": "9.39%", "2019-03-31": "11.29%", "2018-12-31": "10.95%", "2018-09-30": "10.49%", "2018-06-30": "7.23%", "2018-03-31": "5.25%", "2017-12-31": "4.95%", "2017-09-30": "3.60%", "2017-06-30": "2.98%", "2017-03-31": "3.00%", "2016-12-31": "1.82%", "2016-09-30": "0.92%", "2016-06-30": "0.20%", "2016-03-31": "1.79%", "2015-12-31": "3.72%", "2015-09-30": "9.63%", "2015-06-30": "11.33%", "2015-03-31": "9.98%", "2014-12-31": "11.57%", "2014-09-30": "11.90%", "2014-06-30": "14.54%", "2014-03-31": "15.24%", "2013-12-31": "16.36%", "2013-09-30": "18.37%", "2013-06-30": "15.50%", "2013-03-31": "15.68%", "2012-12-31": "15.82%", "2012-09-30": "14.44%", "2012-06-30": "16.66%", "2012-03-31": "16.92%", "2011-12-31": "15.14%", "2011-09-30": "12.88%", "2011-06-30": "10.19%", "2011-03-31": "6.90%", "2010-12-31": "5.67%", "2010-09-30": "9.04%", "2010-06-30": "10.54%", "2010-03-31": "12.05%", "2009-12-31": "16.23%", "2009-09-30": "20.07%", "2009-06-30": "24.62%", "2009-03-31": "26.16%", "2008-12-31": "25.66%", "2008-09-30": "22.95%", "2008-06-30": "18.60%", "2008-03-31": "16.61%", "2007-12-31": "13.38%", "2007-09-30": "12.41%", "2007-06-30": "11.62%", "2007-03-31": "14.46%", "2006-12-31": "18.20%", "2006-09-30": "21.09%", "2006-06-30": "24.11%", "2006-03-31": "25.36%", "2005-12-31": "27.73%"}, "return on tangible equity": {"2020-09-30": "363.44%", "2020-06-30": "137.87%", "2020-03-31": "338.85%", "2019-12-31": "-13.37%", "2019-09-30": "70.00%", "2019-06-30": "124.00%", "2019-03-31": "174.72%", "2018-12-31": "200.92%", "2018-09-30": "602.76%", "2018-06-30": "-1367.03%", "2018-03-31": "-297.86%", "2017-12-31": "-170.36%", "2017-09-30": "-17.15%", "2017-06-30": "-9.31%", "2017-03-31": "-10.06%", "2016-12-31": "0.64%", "2016-09-30": "18.27%", "2016-06-30": "31.74%", "2016-03-31": "42.91%", "2015-12-31": "-8.60%", "2015-09-30": "44.25%", "2015-06-30": "43.87%", "2015-03-31": "34.07%", "2014-12-31": "33.78%", "2014-09-30": "32.20%", "2014-06-30": "44.94%", "2014-03-31": "49.60%", "2013-12-31": "56.25%", "2013-09-30": "64.57%", "2013-06-30": "51.51%", "2013-03-31": "47.85%", "2012-12-31": "43.45%", "2012-09-30": "36.07%", "2012-06-30": "39.56%", "2012-03-31": "39.54%", "2011-12-31": "68.17%", "2011-09-30": "56.53%", "2011-06-30": "47.48%", "2011-03-31": "38.30%", "2010-12-31": "12.20%", "2010-09-30": "16.01%", "2010-06-30": "17.55%", "2010-03-31": "19.96%", "2009-12-31": "27.20%", "2009-09-30": "34.20%", "2009-06-30": "34.95%", "2009-03-31": "38.12%", "2008-12-31": "37.13%", "2008-09-30": "30.38%", "2008-06-30": "1.42%", "2008-03-31": "1.26%", "2007-12-31": "-2.07%", "2007-09-30": "0.62%", "2007-06-30": "25.33%", "2007-03-31": "27.19%", "2006-12-31": "32.10%", "2006-09-30": "37.19%", "2006-06-30": "34.98%", "2006-03-31": "36.31%", "2005-12-31": "38.95%"}, "dividend yield history": {"last payout": "$0.80", "last yield": "2.93%"}}