{"ticker": "OHI", "price": {"title": "Omega Healthcare Investors Historical Annual Stock Price Data", "value": 36.85, "historical": {"2021": {"Average Stock Price": "36.1092", "Year Open": "35.0300", "Year High": "37.2200", "Year Low": "35.0300", "Year Close": "36.8500", "Annual % Change": "1.46%"}, "2020": {"Average Stock Price": "33.1032", "Year Open": "41.6700", "Year High": "44.9500", "Year Low": "14.8700", "Year Close": "36.3200", "Annual % Change": "-14.24%"}, "2019": {"Average Stock Price": "38.7303", "Year Open": "33.9500", "Year High": "44.9600", "Year Low": "33.9500", "Year Close": "42.3500", "Annual % Change": "20.48%"}, "2018": {"Average Stock Price": "30.4612", "Year Open": "27.4300", "Year High": "38.2100", "Year Low": "25.3600", "Year Close": "35.1500", "Annual % Change": "27.63%"}, "2017": {"Average Stock Price": "31.5274", "Year Open": "31.9500", "Year High": "34.9800", "Year Low": "26.7800", "Year Close": "27.5400", "Annual % Change": "-11.90%"}, "2016": {"Average Stock Price": "33.1442", "Year Open": "35.3000", "Year High": "38.0200", "Year Low": "27.4600", "Year Close": "31.2600", "Annual % Change": "-10.63%"}, "2015": {"Average Stock Price": "36.8940", "Year Open": "40.4300", "Year High": "45.1600", "Year Low": "32.0800", "Year Close": "34.9800", "Annual % Change": "-10.47%"}, "2014": {"Average Stock Price": "35.5964", "Year Open": "29.5600", "Year High": "40.2900", "Year Low": "29.5600", "Year Close": "39.0700", "Annual % Change": "31.11%"}, "2013": {"Average Stock Price": "30.5415", "Year Open": "24.3000", "Year High": "37.6100", "Year Low": "24.3000", "Year Close": "29.8000", "Annual % Change": "24.95%"}, "2012": {"Average Stock Price": "22.2523", "Year Open": "19.8000", "Year High": "24.7500", "Year Low": "19.1900", "Year Close": "23.8500", "Annual % Change": "23.26%"}, "2011": {"Average Stock Price": "20.0199", "Year Open": "22.7900", "Year High": "24.2700", "Year Low": "14.4200", "Year Close": "19.3500", "Annual % Change": "-13.77%"}, "2010": {"Average Stock Price": "20.7891", "Year Open": "19.6200", "Year High": "23.6700", "Year Low": "17.6700", "Year Close": "22.4400", "Annual % Change": "15.37%"}, "2009": {"Average Stock Price": "15.8368", "Year Open": "14.9200", "Year High": "19.8500", "Year Low": "11.8300", "Year Close": "19.4500", "Annual % Change": "21.79%"}, "2008": {"Average Stock Price": "16.5565", "Year Open": "15.9200", "Year High": "19.6600", "Year Low": "10.7200", "Year Close": "15.9700", "Annual % Change": "-0.50%"}, "2007": {"Average Stock Price": "16.4067", "Year Open": "17.7400", "Year High": "19.0800", "Year Low": "12.6900", "Year Close": "16.0500", "Annual % Change": "-9.42%"}, "2006": {"Average Stock Price": "14.0680", "Year Open": "13.0000", "Year High": "17.9400", "Year Low": "11.5000", "Year Close": "17.7200", "Annual % Change": "40.75%"}, "2005": {"Average Stock Price": "12.2216", "Year Open": "11.7000", "Year High": "14.1600", "Year Low": "10.5600", "Year Close": "12.5900", "Annual % Change": "6.69%"}, "2004": {"Average Stock Price": "10.4183", "Year Open": "9.2100", "Year High": "12.6500", "Year Low": "8.7100", "Year Close": "11.8000", "Annual % Change": "26.47%"}, "2003": {"Average Stock Price": "5.2181", "Year Open": "3.5500", "Year High": "9.3300", "Year Low": "2.2800", "Year Close": "9.3300", "Annual % Change": "149.47%"}, "2002": {"Average Stock Price": "5.2852", "Year Open": "6.0700", "Year High": "7.6100", "Year Low": "3.3800", "Year Close": "3.7400", "Annual % Change": "-37.87%"}, "2001": {"Average Stock Price": "2.9714", "Year Open": "3.8130", "Year High": "6.1500", "Year Low": "1.5100", "Year Close": "6.0200", "Annual % Change": "60.53%"}, "2000": {"Average Stock Price": "6.2523", "Year Open": "12.5600", "Year High": "13.3100", "Year Low": "3.3750", "Year Close": "3.7500", "Annual % Change": "-70.45%"}, "1999": {"Average Stock Price": "22.3713", "Year Open": "29.5600", "Year High": "30.5000", "Year Low": "12.5600", "Year Close": "12.6900", "Annual % Change": "-57.97%"}, "1998": {"Average Stock Price": "34.1018", "Year Open": "38.3800", "Year High": "39.9400", "Year Low": "27.4400", "Year Close": "30.1900", "Annual % Change": "-21.85%"}, "1997": {"Average Stock Price": "33.4558", "Year Open": "32.8800", "Year High": "38.6300", "Year Low": "30.5000", "Year Close": "38.6300", "Annual % Change": "16.18%"}, "1996": {"Average Stock Price": "29.1044", "Year Open": "27.0000", "Year High": "33.5000", "Year Low": "26.6250", "Year Close": "33.2500", "Annual % Change": "24.86%"}, "1995": {"Average Stock Price": "25.1687", "Year Open": "23.6300", "Year High": "27.1300", "Year Low": "23.5000", "Year Close": "26.6300", "Annual % Change": "10.36%"}, "1994": {"Average Stock Price": "24.5540", "Year Open": "25.1300", "Year High": "26.5000", "Year Low": "23.0000", "Year Close": "24.1300", "Annual % Change": "-4.44%"}, "1993": {"Average Stock Price": "22.4390", "Year Open": "20.2500", "Year High": "25.2500", "Year Low": "19.8800", "Year Close": "25.2500", "Annual % Change": "20.93%"}}}, "market cap": {"value": "$8.37B"}, "income statement": {"Revenue": {"2020-12-31": "892.38100", "2019-12-31": "928.83000", "2018-12-31": "881.68200", "2017-12-31": "908.38500", "2016-12-31": "900.82700", "2015-12-31": "743.61700", "2014-12-31": "504.78700", "2013-12-31": "418.71400", "2012-12-31": "350.46000", "2011-12-31": "292.20400", "2010-12-31": "258.32100", "2009-12-31": "197.43800", "2008-12-31": "193.76200", "2007-12-31": "159.55800", "2006-12-31": "135.51300", "2005-12-31": "109.53500"}, "Cost Of Goods Sold": {"2020-12-31": "", "2019-12-31": "", "2018-12-31": "", "2017-12-31": "", "2016-12-31": "", "2015-12-31": "", "2014-12-31": "", "2013-12-31": "", "2012-12-31": "", "2011-12-31": "0.65300", "2010-12-31": "7.99800", "2009-12-31": "20.63200", "2008-12-31": "27.60100", "2007-12-31": "", "2006-12-31": "", "2005-12-31": ""}, "Gross Profit": {"2020-12-31": "892.38100", "2019-12-31": "928.83000", "2018-12-31": "881.68200", "2017-12-31": "908.38500", "2016-12-31": "900.82700", "2015-12-31": "743.61700", "2014-12-31": "504.78700", "2013-12-31": "418.71400", "2012-12-31": "350.46000", "2011-12-31": "291.55100", "2010-12-31": "250.32300", "2009-12-31": "176.80600", "2008-12-31": "166.16100", "2007-12-31": "159.55800", "2006-12-31": "135.51300", "2005-12-31": "109.53500"}, "Research And Development Expenses": {"2020-12-31": "", "2019-12-31": "", "2018-12-31": "", "2017-12-31": "", "2016-12-31": "", "2015-12-31": "", "2014-12-31": "", "2013-12-31": "", "2012-12-31": "", "2011-12-31": "", "2010-12-31": "", "2009-12-31": "", "2008-12-31": "", "2007-12-31": "", "2006-12-31": "", "2005-12-31": ""}, "SG&A Expenses": {"2020-12-31": "58.44100", "2019-12-31": "57.86900", "2018-12-31": "63.50800", "2017-12-31": "47.68300", "2016-12-31": "45.86700", "2015-12-31": "38.56800", "2014-12-31": "25.88800", "2013-12-31": "21.58800", "2012-12-31": "21.33000", "2011-12-31": "19.43200", "2010-12-31": "15.05400", "2009-12-31": "11.74200", "2008-12-31": "11.70100", "2007-12-31": "11.08600", "2006-12-31": "13.74400", "2005-12-31": "8.58700"}, "Other Operating Income Or Expenses": {"2020-12-31": "-121.17600", "2019-12-31": "-12.41800", "2018-12-31": "-38.92200", "2017-12-31": "-257.93700", "2016-12-31": "-18.36300", "2015-12-31": "-25.55200", "2014-12-31": "-3.66000", "2013-12-31": "-2.55600", "2012-12-31": "-0.27200", "2011-12-31": "-32.78300", "2010-12-31": "-0.15500", "2009-12-31": "-2.92400", "2008-12-31": "-9.83200", "2007-12-31": "-1.41600", "2006-12-31": "-0.79200", "2005-12-31": "-1.13300"}, "Operating Expenses": {"2020-12-31": "511.55900", "2019-12-31": "377.08500", "2018-12-31": "384.09200", "2017-12-31": "593.21100", "2016-12-31": "340.87400", "2015-12-31": "332.34800", "2014-12-31": "156.75300", "2013-12-31": "153.03500", "2012-12-31": "135.49400", "2011-12-31": "154.40900", "2010-12-31": "109.38400", "2009-12-31": "81.55300", "2008-12-31": "89.02400", "2007-12-31": "48.53000", "2006-12-31": "46.60600", "2005-12-31": "33.53300"}, "Operating Income": {"2020-12-31": "380.82200", "2019-12-31": "551.74500", "2018-12-31": "497.59000", "2017-12-31": "315.17400", "2016-12-31": "559.95300", "2015-12-31": "411.26900", "2014-12-31": "348.03400", "2013-12-31": "265.67900", "2012-12-31": "214.96600", "2011-12-31": "137.79500", "2010-12-31": "148.93700", "2009-12-31": "115.88500", "2008-12-31": "104.73800", "2007-12-31": "111.02800", "2006-12-31": "88.90700", "2005-12-31": "76.00200"}, "Total Non-Operating Income/Expense": {"2020-12-31": "-218.49500", "2019-12-31": "-207.90100", "2018-12-31": "-201.07700", "2017-12-31": "-209.25300", "2016-12-31": "-175.62000", "2015-12-31": "-176.74300", "2014-12-31": "-126.68500", "2013-12-31": "-93.15800", "2012-12-31": "-106.06700", "2011-12-31": "-85.18900", "2010-12-31": "-90.50100", "2009-12-31": "-33.77400", "2008-12-31": "-27.11900", "2007-12-31": "-43.43700", "2006-12-31": "-30.65500", "2005-12-31": "-36.32800"}, "Pre-Tax Income": {"2020-12-31": "162.32700", "2019-12-31": "343.84400", "2018-12-31": "296.51300", "2017-12-31": "105.92100", "2016-12-31": "384.33300", "2015-12-31": "234.52600", "2014-12-31": "221.34900", "2013-12-31": "172.52100", "2012-12-31": "108.89900", "2011-12-31": "52.60600", "2010-12-31": "58.43600", "2009-12-31": "82.11100", "2008-12-31": "77.61900", "2007-12-31": "67.59100", "2006-12-31": "58.25200", "2005-12-31": "39.67400"}, "Income Taxes": {"2020-12-31": "4.92500", "2019-12-31": "2.84400", "2018-12-31": "3.01000", "2017-12-31": "3.24800", "2016-12-31": "1.40500", "2015-12-31": "1.21100", "2014-12-31": "", "2013-12-31": "", "2012-12-31": "", "2011-12-31": "", "2010-12-31": "", "2009-12-31": "", "2008-12-31": "-0.07200", "2007-12-31": "-0.00700", "2006-12-31": "2.34700", "2005-12-31": "2.38500"}, "Income After Taxes": {"2020-12-31": "157.40200", "2019-12-31": "341.00000", "2018-12-31": "293.50300", "2017-12-31": "102.67300", "2016-12-31": "382.92800", "2015-12-31": "233.31500", "2014-12-31": "221.34900", "2013-12-31": "172.52100", "2012-12-31": "108.89900", "2011-12-31": "52.60600", "2010-12-31": "58.43600", "2009-12-31": "82.11100", "2008-12-31": "77.69100", "2007-12-31": "67.59800", "2006-12-31": "55.90500", "2005-12-31": "37.28900"}, "Other Income": {"2020-12-31": "", "2019-12-31": "", "2018-12-31": "", "2017-12-31": "", "2016-12-31": "", "2015-12-31": "", "2014-12-31": "", "2013-12-31": "", "2012-12-31": "", "2011-12-31": "", "2010-12-31": "", "2009-12-31": "", "2008-12-31": "", "2007-12-31": "", "2006-12-31": "", "2005-12-31": ""}, "Income From Continuous Operations": {"2020-12-31": "163.54500", "2019-12-31": "351.94700", "2018-12-31": "293.88400", "2017-12-31": "104.91000", "2016-12-31": "383.36700", "2015-12-31": "233.31500", "2014-12-31": "221.34900", "2013-12-31": "172.52100", "2012-12-31": "108.89900", "2011-12-31": "52.60600", "2010-12-31": "58.43600", "2009-12-31": "82.11100", "2008-12-31": "77.69100", "2007-12-31": "67.59800", "2006-12-31": "55.90500", "2005-12-31": "37.28900"}, "Income From Discontinued Operations": {"2020-12-31": "", "2019-12-31": "", "2018-12-31": "", "2017-12-31": "", "2016-12-31": "", "2015-12-31": "", "2014-12-31": "", "2013-12-31": "", "2012-12-31": "", "2011-12-31": "", "2010-12-31": "", "2009-12-31": "", "2008-12-31": "0.44600", "2007-12-31": "1.77600", "2006-12-31": "-0.20800", "2005-12-31": "1.46400"}, "Net Income": {"2020-12-31": "159.32700", "2019-12-31": "341.12300", "2018-12-31": "281.57800", "2017-12-31": "100.41900", "2016-12-31": "366.41500", "2015-12-31": "224.52400", "2014-12-31": "221.34900", "2013-12-31": "172.52100", "2012-12-31": "120.69800", "2011-12-31": "47.45900", "2010-12-31": "49.35000", "2009-12-31": "73.02500", "2008-12-31": "70.55100", "2007-12-31": "59.45100", "2006-12-31": "45.77400", "2005-12-31": "25.35500"}, "EBITDA": {"2020-12-31": "380.82200", "2019-12-31": "857.08800", "2018-12-31": "777.12200", "2017-12-31": "610.56600", "2016-12-31": "824.48210", "2015-12-31": "608.12600", "2014-12-31": "473.80500", "2013-12-31": "386.85100", "2012-12-31": "339.14800", "2011-12-31": "243.82600", "2010-12-31": "255.06500", "2009-12-31": "165.49500", "2008-12-31": "148.73200", "2007-12-31": "150.46700", "2006-12-31": "127.63900", "2005-12-31": "104.54100"}, "EBIT": {"2020-12-31": "380.82200", "2019-12-31": "551.74500", "2018-12-31": "497.59000", "2017-12-31": "315.17400", "2016-12-31": "559.95300", "2015-12-31": "411.26900", "2014-12-31": "348.03400", "2013-12-31": "265.67900", "2012-12-31": "214.96600", "2011-12-31": "137.79500", "2010-12-31": "148.93700", "2009-12-31": "115.88500", "2008-12-31": "104.73800", "2007-12-31": "111.02800", "2006-12-31": "88.90700", "2005-12-31": "76.00200"}, "Basic Shares Outstanding": {"2020-12-31": "227.74100", "2019-12-31": "213.40400", "2018-12-31": "200.27900", "2017-12-31": "197.73800", "2016-12-31": "191.78100", "2015-12-31": "172.24200", "2014-12-31": "126.55000", "2013-12-31": "117.25700", "2012-12-31": "107.59100", "2011-12-31": "102.11900", "2010-12-31": "94.05600", "2009-12-31": "83.55600", "2008-12-31": "75.12700", "2007-12-31": "65.85800", "2006-12-31": "58.65100", "2005-12-31": "51.73800"}, "Shares Outstanding": {"2020-12-31": "235.10400", "2019-12-31": "222.12500", "2018-12-31": "209.71100", "2017-12-31": "206.79000", "2016-12-31": "201.63500", "2015-12-31": "180.50800", "2014-12-31": "127.29400", "2013-12-31": "118.10000", "2012-12-31": "108.01100", "2011-12-31": "102.17700", "2010-12-31": "94.23700", "2009-12-31": "83.64900", "2008-12-31": "75.21300", "2007-12-31": "65.88600", "2006-12-31": "58.74500", "2005-12-31": "52.05900"}, "Basic EPS": {"2020-12-31": "0.70000", "2019-12-31": "1.60000", "2018-12-31": "1.41000", "2017-12-31": "0.51000", "2016-12-31": "1.91000", "2015-12-31": "1.30000", "2014-12-31": "1.75000", "2013-12-31": "1.47000", "2012-12-31": "1.12000", "2011-12-31": "0.46000", "2010-12-31": "0.52000", "2009-12-31": "0.87000", "2008-12-31": "0.94000", "2007-12-31": "0.90000", "2006-12-31": "0.78000", "2005-12-31": "0.49000"}, "EPS - Earnings Per Share": {"2020-12-31": "0.70000", "2019-12-31": "1.58000", "2018-12-31": "1.40000", "2017-12-31": "0.51000", "2016-12-31": "1.90000", "2015-12-31": "1.29000", "2014-12-31": "1.74000", "2013-12-31": "1.46000", "2012-12-31": "1.12000", "2011-12-31": "0.46000", "2010-12-31": "0.52000", "2009-12-31": "0.87000", "2008-12-31": "0.94000", "2007-12-31": "0.90000", "2006-12-31": "0.78000", "2005-12-31": "0.49000"}}, "income statement, quarterly": {"Revenue": {"2020-12-31": "263.78500", "2020-09-30": "119.17700", "2020-06-30": "256.39500", "2020-03-31": "253.02400", "2019-12-31": "246.66800", "2019-09-30": "233.19500", "2019-06-30": "225.27900", "2019-03-31": "223.68800", "2018-12-31": "219.75000", "2018-09-30": "221.85200", "2018-06-30": "219.88100", "2018-03-31": "220.19900", "2017-12-31": "221.20600", "2017-09-30": "219.63800", "2017-06-30": "235.79700", "2017-03-31": "231.74400", "2016-12-31": "234.48600", "2016-09-30": "224.63800", "2016-06-30": "228.82400", "2016-03-31": "212.87900", "2015-12-31": "210.51200", "2015-09-30": "201.97400", "2015-06-30": "197.71100", "2015-03-31": "133.42000", "2014-12-31": "131.32100", "2014-09-30": "130.66500", "2014-06-30": "121.80000", "2014-03-31": "121.00100", "2013-12-31": "111.13700", "2013-09-30": "103.30100", "2013-06-30": "102.51500", "2013-03-31": "101.76100", "2012-12-31": "95.01200", "2012-09-30": "87.10800", "2012-06-30": "83.82500", "2012-03-31": "84.51500", "2011-12-31": "76.30400", "2011-09-30": "72.81800", "2011-06-30": "72.60600", "2011-03-31": "70.47600", "2010-12-31": "71.11400", "2010-09-30": "69.72400", "2010-06-30": "58.80500", "2010-03-31": "58.67800", "2009-12-31": "49.37300", "2009-09-30": "49.75300", "2009-06-30": "49.15200", "2009-03-31": "49.16000", "2008-12-31": "49.16200", "2008-09-30": "59.99900", "2008-06-30": "43.73500", "2008-03-31": "40.86600", "2007-12-31": "39.59400", "2007-09-30": "39.22400", "2007-06-30": "38.11700", "2007-03-31": "42.62300", "2006-12-31": "36.02700", "2006-09-30": "35.10600", "2006-06-30": "32.31300", "2006-03-31": "32.06700", "2005-12-31": "29.99700", "2005-09-30": "27.08700", "2005-06-30": "25.28500", "2005-03-31": "27.16600"}, "Cost Of Goods Sold": {"2020-12-31": "", "2020-09-30": "", "2020-06-30": "", "2020-03-31": "", "2019-12-31": "", "2019-09-30": "", "2019-06-30": "", "2019-03-31": "", "2018-12-31": "", "2018-09-30": "", "2018-06-30": "", "2018-03-31": "", "2017-12-31": "", "2017-09-30": "", "2017-06-30": "", "2017-03-31": "", "2016-12-31": "", "2016-09-30": "", "2016-06-30": "", "2016-03-31": "", "2015-12-31": "", "2015-09-30": "", "2015-06-30": "", "2015-03-31": "", "2014-12-31": "", "2014-09-30": "", "2014-06-30": "", "2014-03-31": "", "2013-12-31": "", "2013-09-30": "", "2013-06-30": "", "2013-03-31": "", "2012-12-31": "", "2012-09-30": "", "2012-06-30": "", "2012-03-31": "", "2011-12-31": "0.05000", "2011-09-30": "0.14800", "2011-06-30": "0.22500", "2011-03-31": "0.23000", "2010-12-31": "0.14900", "2010-09-30": "0.48000", "2010-06-30": "2.79700", "2010-03-31": "4.57200", "2009-12-31": "4.88200", "2009-09-30": "4.89900", "2009-06-30": "5.49800", "2009-03-31": "5.35300", "2008-12-31": "6.76800", "2008-09-30": "20.83300", "2008-06-30": "", "2008-03-31": "", "2007-12-31": "", "2007-09-30": "", "2007-06-30": "", "2007-03-31": "", "2006-12-31": "", "2006-09-30": "", "2006-06-30": "", "2006-03-31": "", "2005-12-31": "", "2005-09-30": "", "2005-06-30": "", "2005-03-31": ""}, "Gross Profit": {"2020-12-31": "263.78500", "2020-09-30": "119.17700", "2020-06-30": "256.39500", "2020-03-31": "253.02400", "2019-12-31": "246.66800", "2019-09-30": "233.19500", "2019-06-30": "225.27900", "2019-03-31": "223.68800", "2018-12-31": "219.75000", "2018-09-30": "221.85200", "2018-06-30": "219.88100", "2018-03-31": "220.19900", "2017-12-31": "221.20600", "2017-09-30": "219.63800", "2017-06-30": "235.79700", "2017-03-31": "231.74400", "2016-12-31": "234.48600", "2016-09-30": "224.63800", "2016-06-30": "228.82400", "2016-03-31": "212.87900", "2015-12-31": "210.51200", "2015-09-30": "201.97400", "2015-06-30": "197.71100", "2015-03-31": "133.42000", "2014-12-31": "131.32100", "2014-09-30": "130.66500", "2014-06-30": "121.80000", "2014-03-31": "121.00100", "2013-12-31": "111.13700", "2013-09-30": "103.30100", "2013-06-30": "102.51500", "2013-03-31": "101.76100", "2012-12-31": "95.01200", "2012-09-30": "87.10800", "2012-06-30": "83.82500", "2012-03-31": "84.51500", "2011-12-31": "76.25400", "2011-09-30": "72.67000", "2011-06-30": "72.38100", "2011-03-31": "70.24600", "2010-12-31": "70.96500", "2010-09-30": "69.24400", "2010-06-30": "56.00800", "2010-03-31": "54.10600", "2009-12-31": "44.49100", "2009-09-30": "44.85400", "2009-06-30": "43.65400", "2009-03-31": "43.80700", "2008-12-31": "42.39400", "2008-09-30": "39.16600", "2008-06-30": "43.73500", "2008-03-31": "40.86600", "2007-12-31": "39.59400", "2007-09-30": "39.22400", "2007-06-30": "38.11700", "2007-03-31": "42.62300", "2006-12-31": "36.02700", "2006-09-30": "35.10600", "2006-06-30": "32.31300", "2006-03-31": "32.06700", "2005-12-31": "29.99700", "2005-09-30": "27.08700", "2005-06-30": "25.28500", "2005-03-31": "27.16600"}, "Research And Development Expenses": {"2020-12-31": "", "2020-09-30": "", "2020-06-30": "", "2020-03-31": "", "2019-12-31": "", "2019-09-30": "", "2019-06-30": "", "2019-03-31": "", "2018-12-31": "", "2018-09-30": "", "2018-06-30": "", "2018-03-31": "", "2017-12-31": "", "2017-09-30": "", "2017-06-30": "", "2017-03-31": "", "2016-12-31": "", "2016-09-30": "", "2016-06-30": "", "2016-03-31": "", "2015-12-31": "", "2015-09-30": "", "2015-06-30": "", "2015-03-31": "", "2014-12-31": "", "2014-09-30": "", "2014-06-30": "", "2014-03-31": "", "2013-12-31": "", "2013-09-30": "", "2013-06-30": "", "2013-03-31": "", "2012-12-31": "", "2012-09-30": "", "2012-06-30": "", "2012-03-31": "", "2011-12-31": "", "2011-09-30": "", "2011-06-30": "", "2011-03-31": "", "2010-12-31": "", "2010-09-30": "", "2010-06-30": "", "2010-03-31": "", "2009-12-31": "", "2009-09-30": "", "2009-06-30": "", "2009-03-31": "", "2008-12-31": "", "2008-09-30": "", "2008-06-30": "", "2008-03-31": "", "2007-12-31": "", "2007-09-30": "", "2007-06-30": "", "2007-03-31": "", "2006-12-31": "", "2006-09-30": "", "2006-06-30": "", "2006-03-31": "", "2005-12-31": "", "2005-09-30": "", "2005-06-30": "", "2005-03-31": ""}, "SG&A Expenses": {"2020-12-31": "14.82300", "2020-09-30": "14.81200", "2020-06-30": "13.96900", "2020-03-31": "15.92300", "2019-12-31": "14.09900", "2019-09-30": "13.76200", "2019-06-30": "13.87500", "2019-03-31": "16.13300", "2018-12-31": "17.55600", "2018-09-30": "14.24000", "2018-06-30": "15.23700", "2018-03-31": "16.47500", "2017-12-31": "12.05800", "2017-09-30": "11.56000", "2017-06-30": "11.54100", "2017-03-31": "12.52400", "2016-12-31": "11.15200", "2016-09-30": "12.42800", "2016-06-30": "11.83200", "2016-03-31": "10.45500", "2015-12-31": "12.08600", "2015-09-30": "10.16000", "2015-06-30": "10.30800", "2015-03-31": "6.01400", "2014-12-31": "7.10700", "2014-09-30": "5.98700", "2014-06-30": "6.29700", "2014-03-31": "6.49700", "2013-12-31": "5.44600", "2013-09-30": "5.46200", "2013-06-30": "5.48300", "2013-03-31": "5.19700", "2012-12-31": "5.67700", "2012-09-30": "5.17300", "2012-06-30": "4.95400", "2012-03-31": "5.52600", "2011-12-31": "4.88300", "2011-09-30": "4.39300", "2011-06-30": "4.93000", "2011-03-31": "5.22600", "2010-12-31": "3.29600", "2010-09-30": "4.37600", "2010-06-30": "3.67200", "2010-03-31": "3.71000", "2009-12-31": "2.82200", "2009-09-30": "2.67500", "2009-06-30": "3.08600", "2009-03-31": "3.15900", "2008-12-31": "2.71100", "2008-09-30": "2.92500", "2008-06-30": "2.97100", "2008-03-31": "3.09400", "2007-12-31": "3.00600", "2007-09-30": "2.74200", "2007-06-30": "2.76500", "2007-03-31": "2.57300", "2006-12-31": "3.41300", "2006-09-30": "5.66900", "2006-06-30": "2.31300", "2006-03-31": "2.34900", "2005-12-31": "2.11700", "2005-09-30": "2.23500", "2005-06-30": "2.12300", "2005-03-31": "2.11200"}, "Other Operating Income Or Expenses": {"2020-12-31": "-34.40900", "2020-09-30": "-62.73300", "2020-06-30": "-2.06300", "2020-03-31": "-6.95300", "2019-12-31": "-36.14300", "2019-09-30": "45.31000", "2019-06-30": "-10.00600", "2019-03-31": "-11.57900", "2018-12-31": "-15.10700", "2018-09-30": "-26.22900", "2018-06-30": "-2.35800", "2018-03-31": "4.77200", "2017-12-31": "-10.69200", "2017-09-30": "-224.39500", "2017-06-30": "-12.80800", "2017-03-31": "-10.04200", "2016-12-31": "44.33000", "2016-09-30": "-17.27200", "2016-06-30": "-5.73900", "2016-03-31": "-39.68200", "2015-12-31": "-10.61900", "2015-09-30": "-2.04400", "2015-06-30": "-6.90900", "2015-03-31": "-5.98000", "2014-12-31": "2.76100", "2014-09-30": "-2.10200", "2014-06-30": "-4.31900", "2014-03-31": "0.00000", "2013-12-31": "-2.49100", "2013-09-30": "0.00000", "2013-06-30": "-0.06500", "2013-03-31": "", "2012-12-31": "", "2012-09-30": "", "2012-06-30": "", "2012-03-31": "-0.27200", "2011-12-31": "-3.67300", "2011-09-30": "", "2011-06-30": "-4.13900", "2011-03-31": "-24.97100", "2010-12-31": "", "2010-09-30": "", "2010-06-30": "-0.15500", "2010-03-31": "", "2009-12-31": "-2.76500", "2009-09-30": "-0.08900", "2009-06-30": "", "2009-03-31": "-0.07000", "2008-12-31": "-3.88000", "2008-09-30": "-0.17000", "2008-06-30": "-4.26800", "2008-03-31": "-1.51400", "2007-12-31": "0.22000", "2007-09-30": "-1.63600", "2007-06-30": "", "2007-03-31": "", "2006-12-31": "-0.76500", "2006-09-30": "-0.02700", "2006-06-30": "", "2006-03-31": "", "2005-12-31": "2.77200", "2005-09-30": "-3.07200", "2005-06-30": "-0.83300", "2005-03-31": ""}, "Operating Expenses": {"2020-12-31": "133.81100", "2020-09-30": "158.65300", "2020-06-30": "99.86900", "2020-03-31": "105.29400", "2019-12-31": "130.78300", "2019-09-30": "46.03500", "2019-06-30": "98.75400", "2019-03-31": "101.51300", "2018-12-31": "103.64400", "2018-09-30": "111.18000", "2018-06-30": "87.20400", "2018-03-31": "82.06400", "2017-12-31": "98.09500", "2017-09-30": "307.88000", "2017-06-30": "94.71800", "2017-03-31": "92.51800", "2016-12-31": "37.62800", "2016-09-30": "100.32500", "2016-06-30": "86.58000", "2016-03-31": "116.34100", "2015-12-31": "85.51700", "2015-09-30": "75.90200", "2015-06-30": "123.45700", "2015-03-31": "47.47200", "2014-12-31": "38.29600", "2014-09-30": "38.45900", "2014-06-30": "41.96200", "2014-03-31": "38.03600", "2013-12-31": "40.30800", "2013-09-30": "37.65500", "2013-06-30": "37.78200", "2013-03-31": "37.29000", "2012-12-31": "36.23200", "2012-09-30": "33.96100", "2012-06-30": "32.25100", "2012-03-31": "33.05000", "2011-12-31": "35.25400", "2011-09-30": "29.41200", "2011-06-30": "34.05300", "2011-03-31": "55.69000", "2010-12-31": "29.25200", "2010-09-30": "32.67600", "2010-06-30": "24.26700", "2010-03-31": "23.18900", "2009-12-31": "23.71000", "2009-09-30": "18.75600", "2009-06-30": "19.57400", "2009-03-31": "19.51300", "2008-12-31": "24.06400", "2008-09-30": "34.00400", "2008-06-30": "16.95200", "2008-03-31": "14.00400", "2007-12-31": "12.07400", "2007-09-30": "13.50900", "2007-06-30": "11.58600", "2007-03-31": "11.36100", "2006-12-31": "12.93900", "2006-09-30": "14.01000", "2006-06-30": "9.82300", "2006-03-31": "9.83400", "2005-12-31": "5.23500", "2005-09-30": "11.48900", "2005-06-30": "9.00000", "2005-03-31": "7.80900"}, "Operating Income": {"2020-12-31": "129.97400", "2020-09-30": "-39.47600", "2020-06-30": "156.52600", "2020-03-31": "147.73000", "2019-12-31": "115.88500", "2019-09-30": "187.16000", "2019-06-30": "126.52500", "2019-03-31": "122.17500", "2018-12-31": "116.10600", "2018-09-30": "110.67200", "2018-06-30": "132.67700", "2018-03-31": "138.13500", "2017-12-31": "123.11100", "2017-09-30": "-88.24200", "2017-06-30": "141.07900", "2017-03-31": "139.22600", "2016-12-31": "196.85800", "2016-09-30": "124.31300", "2016-06-30": "142.24400", "2016-03-31": "96.53800", "2015-12-31": "124.99500", "2015-09-30": "126.07200", "2015-06-30": "74.25400", "2015-03-31": "85.94800", "2014-12-31": "93.02500", "2014-09-30": "92.20600", "2014-06-30": "79.83800", "2014-03-31": "82.96500", "2013-12-31": "70.82900", "2013-09-30": "65.64600", "2013-06-30": "64.73300", "2013-03-31": "64.47100", "2012-12-31": "58.78000", "2012-09-30": "53.14700", "2012-06-30": "51.57400", "2012-03-31": "51.46500", "2011-12-31": "41.05000", "2011-09-30": "43.40600", "2011-06-30": "38.55300", "2011-03-31": "14.78600", "2010-12-31": "41.86200", "2010-09-30": "37.04800", "2010-06-30": "34.53800", "2010-03-31": "35.48900", "2009-12-31": "25.66300", "2009-09-30": "30.99700", "2009-06-30": "29.57800", "2009-03-31": "29.64700", "2008-12-31": "25.09800", "2008-09-30": "25.99500", "2008-06-30": "26.78300", "2008-03-31": "26.86200", "2007-12-31": "27.52000", "2007-09-30": "25.71500", "2007-06-30": "26.53100", "2007-03-31": "31.26200", "2006-12-31": "23.08800", "2006-09-30": "21.09600", "2006-06-30": "22.49000", "2006-03-31": "22.23300", "2005-12-31": "24.76200", "2005-09-30": "15.59800", "2005-06-30": "16.28500", "2005-03-31": "19.35700"}, "Total Non-Operating Income/Expense": {"2020-12-31": "-66.09000", "2020-09-30": "-55.22100", "2020-06-30": "-55.11000", "2020-03-31": "-56.00600", "2019-12-31": "-54.76500", "2019-09-30": "-52.15700", "2019-06-30": "-51.00400", "2019-03-31": "-49.97500", "2018-12-31": "-51.01300", "2018-09-30": "-51.18900", "2018-06-30": "-49.26500", "2018-03-31": "-49.61000", "2017-12-31": "-57.90600", "2017-09-30": "-48.81900", "2017-06-30": "-72.88200", "2017-03-31": "-29.64600", "2016-12-31": "-66.79100", "2016-09-30": "-42.09800", "2016-06-30": "-28.63600", "2016-03-31": "-38.09500", "2015-12-31": "-61.18600", "2015-09-30": "-42.41200", "2015-06-30": "-30.24900", "2015-03-31": "-42.89600", "2014-12-31": "-33.15200", "2014-09-30": "-30.49300", "2014-06-30": "-33.02100", "2014-03-31": "-30.01900", "2013-12-31": "-24.77400", "2013-09-30": "-27.50900", "2013-06-30": "-14.52400", "2013-03-31": "-26.35100", "2012-12-31": "-36.65600", "2012-09-30": "-23.02800", "2012-06-30": "-21.00200", "2012-03-31": "-25.38100", "2011-12-31": "-21.75700", "2011-09-30": "-21.97000", "2011-06-30": "-20.76300", "2011-03-31": "-20.69900", "2010-12-31": "-36.89300", "2010-09-30": "-20.04100", "2010-06-30": "-19.02900", "2010-03-31": "-14.53800", "2009-12-31": "-9.42400", "2009-09-30": "-9.85900", "2009-06-30": "-9.75600", "2009-03-31": "-4.73500", "2008-12-31": "-9.38900", "2008-09-30": "2.00500", "2008-06-30": "-9.66100", "2008-03-31": "-10.07400", "2007-12-31": "-10.12400", "2007-09-30": "-10.53500", "2007-06-30": "-10.51500", "2007-03-31": "-12.26300", "2006-12-31": "-9.35100", "2006-09-30": "-5.77900", "2006-06-30": "-4.33500", "2006-03-31": "-11.19000", "2005-12-31": "-10.04100", "2005-09-30": "-8.23900", "2005-06-30": "-10.80900", "2005-03-31": "-7.23900"}, "Pre-Tax Income": {"2020-12-31": "63.88400", "2020-09-30": "-94.69700", "2020-06-30": "101.41600", "2020-03-31": "91.72400", "2019-12-31": "61.12000", "2019-09-30": "135.00300", "2019-06-30": "75.52100", "2019-03-31": "72.20000", "2018-12-31": "65.09300", "2018-09-30": "59.48300", "2018-06-30": "83.41200", "2018-03-31": "88.52500", "2017-12-31": "65.20500", "2017-09-30": "-137.06100", "2017-06-30": "68.19700", "2017-03-31": "109.58000", "2016-12-31": "130.06700", "2016-09-30": "82.21500", "2016-06-30": "113.60800", "2016-03-31": "58.44300", "2015-12-31": "63.80900", "2015-09-30": "83.66000", "2015-06-30": "44.00500", "2015-03-31": "43.05200", "2014-12-31": "59.87300", "2014-09-30": "61.71300", "2014-06-30": "46.81700", "2014-03-31": "52.94600", "2013-12-31": "46.05500", "2013-09-30": "38.13700", "2013-06-30": "50.20900", "2013-03-31": "38.12000", "2012-12-31": "22.12400", "2012-09-30": "30.11900", "2012-06-30": "30.57200", "2012-03-31": "26.08400", "2011-12-31": "19.29300", "2011-09-30": "21.43600", "2011-06-30": "17.79000", "2011-03-31": "-5.91300", "2010-12-31": "4.96900", "2010-09-30": "17.00700", "2010-06-30": "15.50900", "2010-03-31": "20.95100", "2009-12-31": "16.23900", "2009-09-30": "21.13800", "2009-06-30": "19.82200", "2009-03-31": "24.91200", "2008-12-31": "15.70900", "2008-09-30": "28.00000", "2008-06-30": "17.12200", "2008-03-31": "16.78800", "2007-12-31": "17.39600", "2007-09-30": "15.18000", "2007-06-30": "16.01600", "2007-03-31": "18.99900", "2006-12-31": "13.73700", "2006-09-30": "15.31700", "2006-06-30": "18.15500", "2006-03-31": "11.04300", "2005-12-31": "14.72100", "2005-09-30": "7.35900", "2005-06-30": "5.47600", "2005-03-31": "12.11800"}, "Income Taxes": {"2020-12-31": "2.29900", "2020-09-30": "0.76300", "2020-06-30": "0.85800", "2020-03-31": "1.00500", "2019-12-31": "0.89300", "2019-09-30": "0.48300", "2019-06-30": "0.79300", "2019-03-31": "0.67500", "2018-12-31": "0.82500", "2018-09-30": "0.80400", "2018-06-30": "0.83800", "2018-03-31": "0.54300", "2017-12-31": "0.55800", "2017-09-30": "0.99900", "2017-06-30": "0.59100", "2017-03-31": "1.10000", "2016-12-31": "0.62300", "2016-09-30": "0.08100", "2016-06-30": "0.45400", "2016-03-31": "0.24700", "2015-12-31": "0.26600", "2015-09-30": "0.40600", "2015-06-30": "0.53900", "2015-03-31": "", "2014-12-31": "", "2014-09-30": "", "2014-06-30": "", "2014-03-31": "", "2013-12-31": "", "2013-09-30": "", "2013-06-30": "", "2013-03-31": "", "2012-12-31": "", "2012-09-30": "", "2012-06-30": "", "2012-03-31": "", "2011-12-31": "", "2011-09-30": "", "2011-06-30": "", "2011-03-31": "", "2010-12-31": "", "2010-09-30": "", "2010-06-30": "", "2010-03-31": "", "2009-12-31": "", "2009-09-30": "", "2009-06-30": "", "2009-03-31": "", "2008-12-31": "", "2008-09-30": "-0.07200", "2008-06-30": "", "2008-03-31": "", "2007-12-31": "0.12500", "2007-09-30": "-0.13200", "2007-06-30": "", "2007-03-31": "", "2006-12-31": "0.60800", "2006-09-30": "0.60000", "2006-06-30": "0.59000", "2006-03-31": "0.54900", "2005-12-31": "1.79700", "2005-09-30": "0.58800", "2005-06-30": "", "2005-03-31": ""}, "Income After Taxes": {"2020-12-31": "61.58500", "2020-09-30": "-95.46000", "2020-06-30": "100.55800", "2020-03-31": "90.71900", "2019-12-31": "60.22700", "2019-09-30": "134.52000", "2019-06-30": "74.72800", "2019-03-31": "71.52500", "2018-12-31": "64.26800", "2018-09-30": "58.67900", "2018-06-30": "82.57400", "2018-03-31": "87.98200", "2017-12-31": "64.64700", "2017-09-30": "-138.06000", "2017-06-30": "67.60600", "2017-03-31": "108.48000", "2016-12-31": "129.44400", "2016-09-30": "82.13400", "2016-06-30": "113.15400", "2016-03-31": "58.19600", "2015-12-31": "63.54300", "2015-09-30": "83.25400", "2015-06-30": "43.46600", "2015-03-31": "43.05200", "2014-12-31": "59.87300", "2014-09-30": "61.71300", "2014-06-30": "46.81700", "2014-03-31": "52.94600", "2013-12-31": "46.05500", "2013-09-30": "38.13700", "2013-06-30": "50.20900", "2013-03-31": "38.12000", "2012-12-31": "22.12400", "2012-09-30": "30.11900", "2012-06-30": "30.57200", "2012-03-31": "26.08400", "2011-12-31": "19.29300", "2011-09-30": "21.43600", "2011-06-30": "17.79000", "2011-03-31": "-5.91300", "2010-12-31": "4.96900", "2010-09-30": "17.00700", "2010-06-30": "15.50900", "2010-03-31": "20.95100", "2009-12-31": "16.23900", "2009-09-30": "21.13800", "2009-06-30": "19.82200", "2009-03-31": "24.91200", "2008-12-31": "15.70900", "2008-09-30": "28.07200", "2008-06-30": "17.12200", "2008-03-31": "16.78800", "2007-12-31": "17.27100", "2007-09-30": "15.31200", "2007-06-30": "16.01600", "2007-03-31": "18.99900", "2006-12-31": "13.12900", "2006-09-30": "14.71700", "2006-06-30": "17.56500", "2006-03-31": "10.49400", "2005-12-31": "12.92400", "2005-09-30": "6.77100", "2005-06-30": "5.47600", "2005-03-31": "12.11800"}, "Other Income": {"2020-12-31": "", "2020-09-30": "", "2020-06-30": "", "2020-03-31": "", "2019-12-31": "", "2019-09-30": "", "2019-06-30": "", "2019-03-31": "", "2018-12-31": "", "2018-09-30": "", "2018-06-30": "", "2018-03-31": "", "2017-12-31": "", "2017-09-30": "", "2017-06-30": "", "2017-03-31": "", "2016-12-31": "", "2016-09-30": "", "2016-06-30": "", "2016-03-31": "", "2015-12-31": "", "2015-09-30": "", "2015-06-30": "", "2015-03-31": "", "2014-12-31": "", "2014-09-30": "", "2014-06-30": "", "2014-03-31": "", "2013-12-31": "", "2013-09-30": "", "2013-06-30": "", "2013-03-31": "", "2012-12-31": "", "2012-09-30": "", "2012-06-30": "", "2012-03-31": "", "2011-12-31": "", "2011-09-30": "", "2011-06-30": "", "2011-03-31": "", "2010-12-31": "", "2010-09-30": "", "2010-06-30": "", "2010-03-31": "", "2009-12-31": "", "2009-09-30": "", "2009-06-30": "", "2009-03-31": "", "2008-12-31": "", "2008-09-30": "", "2008-06-30": "", "2008-03-31": "", "2007-12-31": "", "2007-09-30": "", "2007-06-30": "", "2007-03-31": "", "2006-12-31": "", "2006-09-30": "", "2006-06-30": "", "2006-03-31": "", "2005-12-31": "", "2005-09-30": "", "2005-06-30": "", "2005-03-31": ""}, "Income From Continuous Operations": {"2020-12-31": "63.07400", "2020-09-30": "-93.76800", "2020-06-30": "101.96000", "2020-03-31": "92.27900", "2019-12-31": "61.14600", "2019-09-30": "142.94800", "2019-06-30": "75.67100", "2019-03-31": "72.18200", "2018-12-31": "64.90300", "2018-09-30": "59.06200", "2018-06-30": "81.98600", "2018-03-31": "87.93300", "2017-12-31": "65.15600", "2017-09-30": "-137.51500", "2017-06-30": "68.15700", "2017-03-31": "109.11200", "2016-12-31": "129.88300", "2016-09-30": "82.13400", "2016-06-30": "113.15400", "2016-03-31": "58.19600", "2015-12-31": "63.54300", "2015-09-30": "83.25400", "2015-06-30": "43.46600", "2015-03-31": "43.05200", "2014-12-31": "59.87300", "2014-09-30": "61.71300", "2014-06-30": "46.81700", "2014-03-31": "52.94600", "2013-12-31": "46.05500", "2013-09-30": "38.13700", "2013-06-30": "50.20900", "2013-03-31": "38.12000", "2012-12-31": "22.12400", "2012-09-30": "30.11900", "2012-06-30": "30.57200", "2012-03-31": "26.08400", "2011-12-31": "19.29300", "2011-09-30": "21.43600", "2011-06-30": "17.79000", "2011-03-31": "-5.91300", "2010-12-31": "4.96900", "2010-09-30": "17.00700", "2010-06-30": "15.50900", "2010-03-31": "20.95100", "2009-12-31": "16.23900", "2009-09-30": "21.13800", "2009-06-30": "19.82200", "2009-03-31": "24.91200", "2008-12-31": "15.70900", "2008-09-30": "28.07200", "2008-06-30": "17.12200", "2008-03-31": "16.78800", "2007-12-31": "17.27100", "2007-09-30": "15.31200", "2007-06-30": "16.01600", "2007-03-31": "18.99900", "2006-12-31": "13.12900", "2006-09-30": "14.71700", "2006-06-30": "17.56500", "2006-03-31": "10.49400", "2005-12-31": "12.92400", "2005-09-30": "6.77100", "2005-06-30": "5.47600", "2005-03-31": "12.11800"}, "Income From Discontinued Operations": {"2020-12-31": "", "2020-09-30": "", "2020-06-30": "", "2020-03-31": "", "2019-12-31": "", "2019-09-30": "", "2019-06-30": "", "2019-03-31": "", "2018-12-31": "", "2018-09-30": "", "2018-06-30": "", "2018-03-31": "", "2017-12-31": "", "2017-09-30": "", "2017-06-30": "", "2017-03-31": "", "2016-12-31": "", "2016-09-30": "", "2016-06-30": "", "2016-03-31": "", "2015-12-31": "", "2015-09-30": "", "2015-06-30": "", "2015-03-31": "", "2014-12-31": "", "2014-09-30": "", "2014-06-30": "", "2014-03-31": "", "2013-12-31": "", "2013-09-30": "", "2013-06-30": "", "2013-03-31": "", "2012-12-31": "", "2012-09-30": "", "2012-06-30": "", "2012-03-31": "", "2011-12-31": "", "2011-09-30": "", "2011-06-30": "", "2011-03-31": "", "2010-12-31": "", "2010-09-30": "", "2010-06-30": "", "2010-03-31": "", "2009-12-31": "", "2009-09-30": "", "2009-06-30": "", "2009-03-31": "", "2008-12-31": "", "2008-09-30": "", "2008-06-30": "", "2008-03-31": "0.44600", "2007-12-31": "0.04500", "2007-09-30": "0.03700", "2007-06-30": "0.03400", "2007-03-31": "1.66000", "2006-12-31": "0.28000", "2006-09-30": "-0.09400", "2006-06-30": "-0.07500", "2006-03-31": "-0.31900", "2005-12-31": "8.58400", "2005-09-30": "-1.08700", "2005-06-30": "-3.21900", "2005-03-31": "-2.81400"}, "Net Income": {"2020-12-31": "61.39600", "2020-09-30": "-91.29100", "2020-06-30": "99.30700", "2020-03-31": "89.91500", "2019-12-31": "59.54000", "2019-09-30": "138.74000", "2019-06-30": "73.14100", "2019-03-31": "69.70200", "2018-12-31": "62.21600", "2018-09-30": "56.60600", "2018-06-30": "78.53600", "2018-03-31": "84.22000", "2017-12-31": "62.40000", "2017-09-30": "-131.67800", "2017-06-30": "65.25700", "2017-03-31": "104.44000", "2016-12-31": "124.25900", "2016-09-30": "78.54900", "2016-06-30": "108.05200", "2016-03-31": "55.55500", "2015-12-31": "60.64200", "2015-09-30": "79.40200", "2015-06-30": "41.42800", "2015-03-31": "43.05200", "2014-12-31": "56.99000", "2014-09-30": "61.71300", "2014-06-30": "46.81700", "2014-03-31": "55.82900", "2013-12-31": "47.20600", "2013-09-30": "38.13700", "2013-06-30": "49.05800", "2013-03-31": "38.12000", "2012-12-31": "33.92300", "2012-09-30": "30.11900", "2012-06-30": "30.57200", "2012-03-31": "26.08400", "2011-12-31": "19.29300", "2011-09-30": "21.43600", "2011-06-30": "17.80600", "2011-03-31": "-11.07600", "2010-12-31": "2.69700", "2010-09-30": "14.73600", "2010-06-30": "13.23700", "2010-03-31": "18.68000", "2009-12-31": "13.96700", "2009-09-30": "18.86700", "2009-06-30": "17.55000", "2009-03-31": "22.64100", "2008-12-31": "15.56500", "2008-09-30": "25.59200", "2008-06-30": "14.64100", "2008-03-31": "14.75300", "2007-12-31": "14.83500", "2007-09-30": "12.86900", "2007-06-30": "13.56900", "2007-03-31": "18.17800", "2006-12-31": "10.92800", "2006-09-30": "12.14300", "2006-06-30": "15.00900", "2006-03-31": "7.69400", "2005-12-31": "19.02700", "2005-09-30": "3.20300", "2005-06-30": "-2.62000", "2005-03-31": "5.74500"}, "EBITDA": {"2020-12-31": "", "2020-09-30": "40.39600", "2020-06-30": "239.06600", "2020-03-31": "231.54300", "2019-12-31": "197.96300", "2019-09-30": "264.84600", "2019-06-30": "200.84000", "2019-03-31": "193.43900", "2018-12-31": "185.75200", "2018-09-30": "181.38000", "2018-06-30": "201.93800", "2018-03-31": "208.05200", "2017-12-31": "197.86800", "2017-09-30": "-16.98800", "2017-06-30": "221.06100", "2017-03-31": "208.62500", "2016-12-31": "276.09000", "2016-09-30": "189.58200", "2016-06-30": "207.06000", "2016-03-31": "151.75000", "2015-12-31": "162.81000", "2015-09-30": "186.69100", "2015-06-30": "132.52900", "2015-03-31": "126.09600", "2014-12-31": "123.54000", "2014-09-30": "120.73500", "2014-06-30": "113.44600", "2014-03-31": "116.08400", "2013-12-31": "104.03600", "2013-09-30": "98.73800", "2013-06-30": "86.81700", "2013-03-31": "97.26000", "2012-12-31": "92.56300", "2012-09-30": "82.37400", "2012-06-30": "77.80300", "2012-03-31": "86.40800", "2011-12-31": "67.25800", "2011-09-30": "72.08900", "2011-06-30": "63.91800", "2011-03-31": "40.56100", "2010-12-31": "82.86400", "2010-09-30": "64.36600", "2010-06-30": "55.84200", "2010-03-31": "51.99300", "2009-12-31": "38.60400", "2009-09-30": "43.26000", "2009-06-30": "42.07300", "2009-03-31": "41.55800", "2008-12-31": "36.83000", "2008-09-30": "37.09700", "2008-06-30": "37.52100", "2008-03-31": "37.28400", "2007-12-31": "37.85200", "2007-09-30": "35.89900", "2007-06-30": "36.17000", "2007-03-31": "40.54600", "2006-12-31": "32.65100", "2006-09-30": "33.53700", "2006-06-30": "30.75500", "2006-03-31": "30.69600", "2005-12-31": "31.80700", "2005-09-30": "22.69700", "2005-06-30": "23.63600", "2005-03-31": "26.40100"}, "EBIT": {"2020-12-31": "129.97400", "2020-09-30": "-39.47600", "2020-06-30": "156.52600", "2020-03-31": "147.73000", "2019-12-31": "115.88500", "2019-09-30": "187.16000", "2019-06-30": "126.52500", "2019-03-31": "122.17500", "2018-12-31": "116.10600", "2018-09-30": "110.67200", "2018-06-30": "132.67700", "2018-03-31": "138.13500", "2017-12-31": "123.11100", "2017-09-30": "-88.24200", "2017-06-30": "141.07900", "2017-03-31": "139.22600", "2016-12-31": "196.85800", "2016-09-30": "124.31300", "2016-06-30": "142.24400", "2016-03-31": "96.53800", "2015-12-31": "124.99500", "2015-09-30": "126.07200", "2015-06-30": "74.25400", "2015-03-31": "85.94800", "2014-12-31": "93.02500", "2014-09-30": "92.20600", "2014-06-30": "79.83800", "2014-03-31": "82.96500", "2013-12-31": "70.82900", "2013-09-30": "65.64600", "2013-06-30": "64.73300", "2013-03-31": "64.47100", "2012-12-31": "58.78000", "2012-09-30": "53.14700", "2012-06-30": "51.57400", "2012-03-31": "51.46500", "2011-12-31": "41.05000", "2011-09-30": "43.40600", "2011-06-30": "38.55300", "2011-03-31": "14.78600", "2010-12-31": "41.86200", "2010-09-30": "37.04800", "2010-06-30": "34.53800", "2010-03-31": "35.48900", "2009-12-31": "25.66300", "2009-09-30": "30.99700", "2009-06-30": "29.57800", "2009-03-31": "29.64700", "2008-12-31": "25.09800", "2008-09-30": "25.99500", "2008-06-30": "26.78300", "2008-03-31": "26.86200", "2007-12-31": "27.52000", "2007-09-30": "25.71500", "2007-06-30": "26.53100", "2007-03-31": "31.26200", "2006-12-31": "23.08800", "2006-09-30": "21.09600", "2006-06-30": "22.49000", "2006-03-31": "22.23300", "2005-12-31": "24.76200", "2005-09-30": "15.59800", "2005-06-30": "16.28500", "2005-03-31": "19.35700"}, "Basic Shares Outstanding": {"2020-12-31": "228.78500", "2020-09-30": "233.67500", "2020-06-30": "227.41100", "2020-03-31": "227.26100", "2019-12-31": "213.40400", "2019-09-30": "224.44000", "2019-06-30": "211.56900", "2019-03-31": "204.55800", "2018-12-31": "200.27900", "2018-09-30": "200.91000", "2018-06-30": "199.49700", "2018-03-31": "198.91100", "2017-12-31": "197.73800", "2017-09-30": "197.89000", "2017-06-30": "197.43300", "2017-03-31": "197.01300", "2016-12-31": "191.78100", "2016-09-30": "194.12300", "2016-06-30": "188.98100", "2016-03-31": "188.22800", "2015-12-31": "172.24200", "2015-09-30": "184.73900", "2015-06-30": "182.69700", "2015-03-31": "134.34600", "2014-12-31": "126.55000", "2014-09-30": "127.46400", "2014-06-30": "126.47400", "2014-03-31": "124.45900", "2013-12-31": "117.25700", "2013-09-30": "117.60000", "2013-06-30": "116.19900", "2013-03-31": "112.78200", "2012-12-31": "107.59100", "2012-09-30": "109.13500", "2012-06-30": "105.71700", "2012-03-31": "103.75400", "2011-12-31": "102.11900", "2011-09-30": "103.18000", "2011-06-30": "101.91200", "2011-03-31": "100.07400", "2010-12-31": "94.05600", "2010-09-30": "95.69800", "2010-06-30": "93.03100", "2010-03-31": "88.84000", "2009-12-31": "83.55600", "2009-09-30": "83.74000", "2009-06-30": "82.57300", "2009-03-31": "82.39600", "2008-12-31": "75.12700", "2008-09-30": "76.59000", "2008-06-30": "72.94200", "2008-03-31": "68.68000", "2007-12-31": "65.85800", "2007-09-30": "67.95200", "2007-06-30": "67.23700", "2007-03-31": "60.09400", "2006-12-31": "58.65100", "2006-09-30": "59.02100", "2006-06-30": "58.15800", "2006-03-31": "57.41200", "2005-12-31": "51.73800", "2005-09-30": "51.18700", "2005-06-30": "51.03100", "2005-03-31": "50.92800"}, "Shares Outstanding": {"2020-12-31": "236.80900", "2020-09-30": "233.67500", "2020-06-30": "234.52300", "2020-03-31": "234.50600", "2019-12-31": "222.12500", "2019-09-30": "226.51300", "2019-06-30": "220.47900", "2019-03-31": "213.52300", "2018-12-31": "209.71100", "2018-09-30": "210.43700", "2018-06-30": "208.46000", "2018-03-31": "207.81600", "2017-12-31": "206.79000", "2017-09-30": "206.66200", "2017-06-30": "206.67200", "2017-03-31": "206.17400", "2016-12-31": "201.63500", "2016-09-30": "204.07800", "2016-06-30": "199.15700", "2016-03-31": "198.35000", "2015-12-31": "180.50800", "2015-09-30": "195.18300", "2015-06-30": "194.48200", "2015-03-31": "134.80600", "2014-12-31": "127.29400", "2014-09-30": "128.42800", "2014-06-30": "127.43600", "2014-03-31": "124.82200", "2013-12-31": "118.10000", "2013-09-30": "118.46200", "2013-06-30": "117.02200", "2013-03-31": "113.52200", "2012-12-31": "108.01100", "2012-09-30": "109.66700", "2012-06-30": "106.03300", "2012-03-31": "104.01200", "2011-12-31": "102.17700", "2011-09-30": "103.23100", "2011-06-30": "102.00100", "2011-03-31": "100.08600", "2010-12-31": "94.23700", "2010-09-30": "95.98700", "2010-06-30": "93.15300", "2010-03-31": "88.96100", "2009-12-31": "83.64900", "2009-09-30": "83.85800", "2009-06-30": "82.67400", "2009-03-31": "82.47800", "2008-12-31": "75.21300", "2008-09-30": "76.70200", "2008-06-30": "73.03800", "2008-03-31": "68.74700", "2007-12-31": "65.88600", "2007-09-30": "67.96500", "2007-06-30": "67.26100", "2007-03-31": "60.11800", "2006-12-31": "58.74500", "2006-09-30": "59.44600", "2006-06-30": "58.28300", "2006-03-31": "57.47400", "2005-12-31": "52.05900", "2005-09-30": "51.47900", "2005-06-30": "51.36500", "2005-03-31": "51.31300"}, "Basic EPS": {"2020-12-31": "0.27000", "2020-09-30": "-0.40000", "2020-06-30": "0.44000", "2020-03-31": "0.40000", "2019-12-31": "0.27000", "2019-09-30": "0.64000", "2019-06-30": "0.35000", "2019-03-31": "0.34000", "2018-12-31": "0.32000", "2018-09-30": "0.28000", "2018-06-30": "0.39000", "2018-03-31": "0.42000", "2017-12-31": "0.32000", "2017-09-30": "-0.67000", "2017-06-30": "0.33000", "2017-03-31": "0.53000", "2016-12-31": "0.64000", "2016-09-30": "0.40000", "2016-06-30": "0.57000", "2016-03-31": "0.30000", "2015-12-31": "0.32000", "2015-09-30": "0.43000", "2015-06-30": "0.23000", "2015-03-31": "0.32000", "2014-12-31": "0.45000", "2014-09-30": "0.48000", "2014-06-30": "0.37000", "2014-03-31": "0.45000", "2013-12-31": "0.39000", "2013-09-30": "0.32000", "2013-06-30": "0.42000", "2013-03-31": "0.34000", "2012-12-31": "0.30000", "2012-09-30": "0.28000", "2012-06-30": "0.29000", "2012-03-31": "0.25000", "2011-12-31": "0.19000", "2011-09-30": "0.21000", "2011-06-30": "0.17000", "2011-03-31": "-0.11000", "2010-12-31": "0.02000", "2010-09-30": "0.15000", "2010-06-30": "0.14000", "2010-03-31": "0.21000", "2009-12-31": "0.16000", "2009-09-30": "0.23000", "2009-06-30": "0.21000", "2009-03-31": "0.27000", "2008-12-31": "0.20000", "2008-09-30": "0.33000", "2008-06-30": "0.20000", "2008-03-31": "0.21000", "2007-12-31": "0.21000", "2007-09-30": "0.19000", "2007-06-30": "0.20000", "2007-03-31": "0.30000", "2006-12-31": "0.18000", "2006-09-30": "0.21000", "2006-06-30": "0.26000", "2006-03-31": "0.13000", "2005-12-31": "0.37000", "2005-09-30": "0.06000", "2005-06-30": "-0.05000", "2005-03-31": "0.11000"}, "EPS - Earnings Per Share": {"2020-12-31": "0.27000", "2020-09-30": "-0.40000", "2020-06-30": "0.43000", "2020-03-31": "0.39000", "2019-12-31": "0.27000", "2019-09-30": "0.63000", "2019-06-30": "0.34000", "2019-03-31": "0.34000", "2018-12-31": "0.31000", "2018-09-30": "0.28000", "2018-06-30": "0.39000", "2018-03-31": "0.42000", "2017-12-31": "0.32000", "2017-09-30": "-0.67000", "2017-06-30": "0.33000", "2017-03-31": "0.53000", "2016-12-31": "0.64000", "2016-09-30": "0.40000", "2016-06-30": "0.57000", "2016-03-31": "0.29000", "2015-12-31": "0.32000", "2015-09-30": "0.43000", "2015-06-30": "0.22000", "2015-03-31": "0.32000", "2014-12-31": "0.44000", "2014-09-30": "0.48000", "2014-06-30": "0.37000", "2014-03-31": "0.45000", "2013-12-31": "0.38000", "2013-09-30": "0.32000", "2013-06-30": "0.42000", "2013-03-31": "0.34000", "2012-12-31": "0.31000", "2012-09-30": "0.27000", "2012-06-30": "0.29000", "2012-03-31": "0.25000", "2011-12-31": "0.19000", "2011-09-30": "0.21000", "2011-06-30": "0.17000", "2011-03-31": "-0.11000", "2010-12-31": "0.02000", "2010-09-30": "0.15000", "2010-06-30": "0.14000", "2010-03-31": "0.21000", "2009-12-31": "0.17000", "2009-09-30": "0.22000", "2009-06-30": "0.21000", "2009-03-31": "0.27000", "2008-12-31": "0.20000", "2008-09-30": "0.33000", "2008-06-30": "0.20000", "2008-03-31": "0.21000", "2007-12-31": "0.21000", "2007-09-30": "0.19000", "2007-06-30": "0.20000", "2007-03-31": "0.30000", "2006-12-31": "0.19000", "2006-09-30": "0.20000", "2006-06-30": "0.26000", "2006-03-31": "0.13000", "2005-12-31": "0.37000", "2005-09-30": "0.06000", "2005-06-30": "-0.05000", "2005-03-31": "0.11000"}}, "balance sheet": {"Cash On Hand": {"2020-12-31": "167.55800", "2019-12-31": "33.38000", "2018-12-31": "11.67100", "2017-12-31": "96.80800", "2016-12-31": "107.27600", "2015-12-31": "20.03100", "2014-12-31": "33.56500", "2013-12-31": "34.37500", "2012-12-31": "38.37100", "2011-12-31": "34.46300", "2010-12-31": "29.32000", "2009-12-31": "11.65600", "2008-12-31": "6.50300", "2007-12-31": "4.08300", "2006-12-31": "4.84600", "2005-12-31": "9.70000"}, "Receivables": {"2020-12-31": "10.40800", "2019-12-31": "27.12200", "2018-12-31": "33.82600", "2017-12-31": "279.33400", "2016-12-31": "240.03500", "2015-12-31": "203.86200", "2014-12-31": "168.17600", "2013-12-31": "147.50400", "2012-12-31": "125.18000", "2011-12-31": "100.66400", "2010-12-31": "92.81900", "2009-12-31": "81.55800", "2008-12-31": "75.03700", "2007-12-31": "64.99200", "2006-12-31": "51.19400", "2005-12-31": "15.01800"}, "Inventory": {"2020-12-31": "", "2019-12-31": "", "2018-12-31": "", "2017-12-31": "", "2016-12-31": "", "2015-12-31": "", "2014-12-31": "", "2013-12-31": "", "2012-12-31": "", "2011-12-31": "", "2010-12-31": "", "2009-12-31": "", "2008-12-31": "", "2007-12-31": "", "2006-12-31": "", "2005-12-31": ""}, "Pre-Paid Expenses": {"2020-12-31": "", "2019-12-31": "", "2018-12-31": "", "2017-12-31": "", "2016-12-31": "", "2015-12-31": "", "2014-12-31": "", "2013-12-31": "", "2012-12-31": "", "2011-12-31": "", "2010-12-31": "", "2009-12-31": "", "2008-12-31": "", "2007-12-31": "", "2006-12-31": "", "2005-12-31": ""}, "Other Current Assets": {"2020-12-31": "", "2019-12-31": "", "2018-12-31": "", "2017-12-31": "", "2016-12-31": "", "2015-12-31": "", "2014-12-31": "", "2013-12-31": "", "2012-12-31": "", "2011-12-31": "", "2010-12-31": "", "2009-12-31": "", "2008-12-31": "", "2007-12-31": "", "2006-12-31": "", "2005-12-31": ""}, "Total Current Assets": {"2020-12-31": "1063.27900", "2019-12-31": "834.06500", "2018-12-31": "756.35500", "2017-12-31": "1047.37400", "2016-12-31": "986.65410", "2015-12-31": "903.68800", "2014-12-31": "849.81990", "2013-12-31": "423.39400", "2012-12-31": "402.17200", "2011-12-31": "373.80200", "2010-12-31": "230.69600", "2009-12-31": "193.43700", "2008-12-31": "182.36100", "2007-12-31": "100.76400", "2006-12-31": "87.92600", "2005-12-31": "129.24000"}, "Property, Plant, And Equipment": {"2020-12-31": "6705.24000", "2019-12-31": "7198.56900", "2018-12-31": "6183.79100", "2017-12-31": "6279.13200", "2016-12-31": "6326.02200", "2015-12-31": "5724.80800", "2014-12-31": "2402.07300", "2013-12-31": "2392.13700", "2012-12-31": "2458.18000", "2011-12-31": "2066.61900", "2010-12-31": "1985.86100", "2009-12-31": "1373.40200", "2008-12-31": "1120.15800", "2007-12-31": "1053.35600", "2006-12-31": "1047.88200", "2005-12-31": "834.29400"}, "Long-Term Investments": {"2020-12-31": "", "2019-12-31": "", "2018-12-31": "", "2017-12-31": "", "2016-12-31": "", "2015-12-31": "", "2014-12-31": "", "2013-12-31": "", "2012-12-31": "", "2011-12-31": "", "2010-12-31": "", "2009-12-31": "", "2008-12-31": "", "2007-12-31": "", "2006-12-31": "", "2005-12-31": ""}, "Goodwill And Intangible Assets": {"2020-12-31": "651.73700", "2019-12-31": "644.41500", "2018-12-31": "643.95000", "2017-12-31": "644.69000", "2016-12-31": "643.47400", "2015-12-31": "645.68300", "2014-12-31": "", "2013-12-31": "", "2012-12-31": "", "2011-12-31": "", "2010-12-31": "", "2009-12-31": "", "2008-12-31": "", "2007-12-31": "", "2006-12-31": "", "2005-12-31": ""}, "Other Long-Term Assets": {"2020-12-31": "995.74100", "2019-12-31": "1114.15300", "2018-12-31": "1005.79200", "2017-12-31": "715.41000", "2016-12-31": "940.24200", "2015-12-31": "709.15800", "2014-12-31": "656.96000", "2013-12-31": "645.32900", "2012-12-31": "120.63300", "2011-12-31": "114.43000", "2010-12-31": "86.78000", "2009-12-31": "87.31700", "2008-12-31": "61.79800", "2007-12-31": "25.29700", "2006-12-31": "34.89900", "2005-12-31": "66.68700"}, "Total Long-Term Assets": {"2020-12-31": "8434.17000", "2019-12-31": "8962.05900", "2018-12-31": "7834.52200", "2017-12-31": "7725.93100", "2016-12-31": "7962.60600", "2015-12-31": "7086.24900", "2014-12-31": "3071.82500", "2013-12-31": "3038.82200", "2012-12-31": "2579.83300", "2011-12-31": "2183.51000", "2010-12-31": "2073.31100", "2009-12-31": "1461.59600", "2008-12-31": "1182.10600", "2007-12-31": "1081.52300", "2006-12-31": "1087.44400", "2005-12-31": "906.80200"}, "Total Assets": {"2020-12-31": "9497.44900", "2019-12-31": "9796.12400", "2018-12-31": "8590.87700", "2017-12-31": "8773.30500", "2016-12-31": "8949.26000", "2015-12-31": "7989.93600", "2014-12-31": "3921.64500", "2013-12-31": "3462.21600", "2012-12-31": "2982.00500", "2011-12-31": "2557.31200", "2010-12-31": "2304.00700", "2009-12-31": "1655.03300", "2008-12-31": "1364.46700", "2007-12-31": "1182.28700", "2006-12-31": "1175.37000", "2005-12-31": "1036.04200"}, "Total Current Liabilities": {"2020-12-31": "280.82400", "2019-12-31": "312.04000", "2018-12-31": "272.17200", "2017-12-31": "295.14200", "2016-12-31": "360.51400", "2015-12-31": "333.70600", "2014-12-31": "141.81500", "2013-12-31": "137.69500", "2012-12-31": "145.74400", "2011-12-31": "127.42800", "2010-12-31": "121.85900", "2009-12-31": "49.89500", "2008-12-31": "25.42000", "2007-12-31": "22.45100", "2006-12-31": "33.68300", "2005-12-31": "25.31500"}, "Long Term Debt": {"2020-12-31": "5169.25200", "2019-12-31": "5136.14000", "2018-12-31": "4540.62200", "2017-12-31": "4572.15800", "2016-12-31": "4366.85400", "2015-12-31": "3540.01300", "2014-12-31": "2378.50300", "2013-12-31": "2024.41800", "2012-12-31": "1824.93200", "2011-12-31": "1551.40000", "2010-12-31": "1176.96500", "2009-12-31": "738.14900", "2008-12-31": "548.19700", "2007-12-31": "532.71400", "2006-12-31": "634.73100", "2005-12-31": "563.42900"}, "Other Non-Current Liabilities": {"2020-12-31": "", "2019-12-31": "", "2018-12-31": "", "2017-12-31": "", "2016-12-31": "", "2015-12-31": "", "2014-12-31": "", "2013-12-31": "", "2012-12-31": "", "2011-12-31": "", "2010-12-31": "1.11700", "2009-12-31": "1.76200", "2008-12-31": "2.86200", "2007-12-31": "40.99500", "2006-12-31": "41.50200", "2005-12-31": "6.35500"}, "Total Long Term Liabilities": {"2020-12-31": "5180.01800", "2019-12-31": "5147.49000", "2018-12-31": "4554.22100", "2017-12-31": "4589.90500", "2016-12-31": "4376.76000", "2015-12-31": "3555.36500", "2014-12-31": "2378.50300", "2013-12-31": "2024.41800", "2012-12-31": "1824.93200", "2011-12-31": "1551.40000", "2010-12-31": "1178.08200", "2009-12-31": "739.91100", "2008-12-31": "551.05900", "2007-12-31": "573.70900", "2006-12-31": "676.23300", "2005-12-31": "569.78390"}, "Total Liabilities": {"2020-12-31": "5460.84200", "2019-12-31": "5459.53000", "2018-12-31": "4826.39300", "2017-12-31": "4885.04700", "2016-12-31": "4737.27400", "2015-12-31": "3889.07100", "2014-12-31": "2520.31800", "2013-12-31": "2162.11300", "2012-12-31": "1970.67600", "2011-12-31": "1678.82800", "2010-12-31": "1299.94100", "2009-12-31": "789.80600", "2008-12-31": "576.47900", "2007-12-31": "596.16000", "2006-12-31": "709.91600", "2005-12-31": "595.09900"}, "Common Stock Net": {"2020-12-31": "23.11900", "2019-12-31": "22.66300", "2018-12-31": "20.23500", "2017-12-31": "19.83100", "2016-12-31": "19.61400", "2015-12-31": "18.74000", "2014-12-31": "12.76100", "2013-12-31": "12.35300", "2012-12-31": "11.23900", "2011-12-31": "10.34100", "2010-12-31": "9.92300", "2009-12-31": "8.82700", "2008-12-31": "8.23800", "2007-12-31": "6.81100", "2006-12-31": "5.97000", "2005-12-31": "5.68700"}, "Retained Earnings (Accumulated Deficit)": {"2020-12-31": "-2321.36200", "2019-12-31": "-1840.11000", "2018-12-31": "-1608.68600", "2017-12-31": "-1370.89200", "2016-12-31": "-968.45000", "2015-12-31": "-881.51610", "2014-12-31": "-747.66800", "2013-12-31": "-710.41900", "2012-12-31": "-664.76500", "2011-12-31": "-603.23800", "2010-12-31": "-490.47600", "2009-12-31": "-410.01900", "2008-12-31": "-382.89500", "2007-12-31": "-365.09700", "2006-12-31": "-353.21100", "2005-12-31": "-342.03900"}, "Comprehensive Income": {"2020-12-31": "-12.76800", "2019-12-31": "-39.85800", "2018-12-31": "-41.65200", "2017-12-31": "-30.15000", "2016-12-31": "-53.82700", "2015-12-31": "-8.71200", "2014-12-31": "", "2013-12-31": "", "2012-12-31": "", "2011-12-31": "", "2010-12-31": "", "2009-12-31": "", "2008-12-31": "", "2007-12-31": "", "2006-12-31": "", "2005-12-31": "2.05400"}, "Other Share Holders Equity": {"2020-12-31": "", "2019-12-31": "", "2018-12-31": "", "2017-12-31": "", "2016-12-31": "", "2015-12-31": "", "2014-12-31": "", "2013-12-31": "", "2012-12-31": "", "2011-12-31": "", "2010-12-31": "", "2009-12-31": "", "2008-12-31": "", "2007-12-31": "", "2006-12-31": "", "2005-12-31": ""}, "Share Holder Equity": {"2020-12-31": "4036.60700", "2019-12-31": "4336.59400", "2018-12-31": "3764.48400", "2017-12-31": "3888.25800", "2016-12-31": "4211.98600", "2015-12-31": "4100.86500", "2014-12-31": "1401.32700", "2013-12-31": "1300.10300", "2012-12-31": "1011.32900", "2011-12-31": "878.48400", "2010-12-31": "1004.06600", "2009-12-31": "865.22700", "2008-12-31": "787.98800", "2007-12-31": "586.12700", "2006-12-31": "465.45400", "2005-12-31": "440.94300"}, "Total Liabilities And Share Holders Equity": {"2020-12-31": "9497.44900", "2019-12-31": "9796.12400", "2018-12-31": "8590.87700", "2017-12-31": "8773.30500", "2016-12-31": "8949.26000", "2015-12-31": "7989.93600", "2014-12-31": "3921.64500", "2013-12-31": "3462.21600", "2012-12-31": "2982.00500", "2011-12-31": "2557.31200", "2010-12-31": "2304.00700", "2009-12-31": "1655.03300", "2008-12-31": "1364.46700", "2007-12-31": "1182.28700", "2006-12-31": "1175.37000", "2005-12-31": "1036.04200"}}, "balance sheet, quarterly": {"Cash On Hand": {"2020-12-31": "167.55800", "2020-09-30": "40.11500", "2020-06-30": "41.56500", "2020-03-31": "352.02200", "2019-12-31": "33.38000", "2019-09-30": "42.23200", "2019-06-30": "34.13800", "2019-03-31": "41.40000", "2018-12-31": "11.67100", "2018-09-30": "11.13900", "2018-06-30": "13.54900", "2018-03-31": "79.09900", "2017-12-31": "96.80800", "2017-09-30": "34.91400", "2017-06-30": "33.23400", "2017-03-31": "52.54700", "2016-12-31": "107.27600", "2016-09-30": "44.84900", "2016-06-30": "46.79200", "2016-03-31": "21.73400", "2015-12-31": "20.03100", "2015-09-30": "38.71800", "2015-06-30": "46.69900", "2015-03-31": "728.02300", "2014-12-31": "33.56500", "2014-09-30": "32.27300", "2014-06-30": "63.47000", "2014-03-31": "49.19100", "2013-12-31": "34.37500", "2013-09-30": "96.53800", "2013-06-30": "47.16600", "2013-03-31": "59.98800", "2012-12-31": "38.37100", "2012-09-30": "39.87400", "2012-06-30": "39.34000", "2012-03-31": "37.11000", "2011-12-31": "34.46300", "2011-09-30": "30.56500", "2011-06-30": "25.60500", "2011-03-31": "23.56100", "2010-12-31": "29.32000", "2010-09-30": "22.34300", "2010-06-30": "23.68700", "2010-03-31": "84.86600", "2009-12-31": "11.65600", "2009-09-30": "7.32400", "2009-06-30": "11.52500", "2009-03-31": "16.66200", "2008-12-31": "6.50300", "2008-09-30": "8.83800", "2008-06-30": "7.25600", "2008-03-31": "5.27000", "2007-12-31": "4.08300", "2007-09-30": "4.30600", "2007-06-30": "6.68500", "2007-03-31": "6.67100", "2006-12-31": "4.84600", "2006-09-30": "", "2006-06-30": "14.05300", "2006-03-31": "0.40300", "2005-12-31": "9.70000", "2005-09-30": "0.76800", "2005-06-30": "0.53400", "2005-03-31": "9.84600"}, "Receivables": {"2020-12-31": "10.40800", "2020-09-30": "10.75700", "2020-06-30": "27.57900", "2020-03-31": "27.42900", "2019-12-31": "27.12200", "2019-09-30": "27.61700", "2019-06-30": "25.90300", "2019-03-31": "33.34600", "2018-12-31": "33.82600", "2018-09-30": "336.82500", "2018-06-30": "320.14000", "2018-03-31": "319.71300", "2017-12-31": "279.33400", "2017-09-30": "269.74600", "2017-06-30": "288.68600", "2017-03-31": "272.50600", "2016-12-31": "240.03500", "2016-09-30": "225.22500", "2016-06-30": "214.03600", "2016-03-31": "208.26900", "2015-12-31": "203.86200", "2015-09-30": "198.85700", "2015-06-30": "189.03700", "2015-03-31": "176.87700", "2014-12-31": "168.17600", "2014-09-30": "162.62800", "2014-06-30": "153.74500", "2014-03-31": "152.86300", "2013-12-31": "147.50400", "2013-09-30": "142.42600", "2013-06-30": "138.05900", "2013-03-31": "130.25800", "2012-12-31": "125.18000", "2012-09-30": "119.36100", "2012-06-30": "112.84200", "2012-03-31": "106.74100", "2011-12-31": "100.66400", "2011-09-30": "96.61500", "2011-06-30": "94.31500", "2011-03-31": "95.98100", "2010-12-31": "92.81900", "2010-09-30": "90.78000", "2010-06-30": "87.13600", "2010-03-31": "83.69000", "2009-12-31": "81.55800", "2009-09-30": "81.27400", "2009-06-30": "79.22800", "2009-03-31": "77.03500", "2008-12-31": "75.03700", "2008-09-30": "71.81700", "2008-06-30": "66.16700", "2008-03-31": "65.29700", "2007-12-31": "64.99200", "2007-09-30": "61.76800", "2007-06-30": "59.39600", "2007-03-31": "56.28700", "2006-12-31": "51.19400", "2006-09-30": "39.48800", "2006-06-30": "6.34200", "2006-03-31": "6.49500", "2005-12-31": "15.01800", "2005-09-30": "4.77800", "2005-06-30": "4.04100", "2005-03-31": "4.64200"}, "Inventory": {"2020-12-31": "", "2020-09-30": "", "2020-06-30": "", "2020-03-31": "", "2019-12-31": "", "2019-09-30": "", "2019-06-30": "", "2019-03-31": "", "2018-12-31": "", "2018-09-30": "", "2018-06-30": "", "2018-03-31": "", "2017-12-31": "", "2017-09-30": "", "2017-06-30": "", "2017-03-31": "", "2016-12-31": "", "2016-09-30": "", "2016-06-30": "", "2016-03-31": "", "2015-12-31": "", "2015-09-30": "", "2015-06-30": "", "2015-03-31": "", "2014-12-31": "", "2014-09-30": "", "2014-06-30": "", "2014-03-31": "", "2013-12-31": "", "2013-09-30": "", "2013-06-30": "", "2013-03-31": "", "2012-12-31": "", "2012-09-30": "", "2012-06-30": "", "2012-03-31": "", "2011-12-31": "", "2011-09-30": "", "2011-06-30": "", "2011-03-31": "", "2010-12-31": "", "2010-09-30": "", "2010-06-30": "", "2010-03-31": "", "2009-12-31": "", "2009-09-30": "", "2009-06-30": "", "2009-03-31": "", "2008-12-31": "", "2008-09-30": "", "2008-06-30": "", "2008-03-31": "", "2007-12-31": "", "2007-09-30": "", "2007-06-30": "", "2007-03-31": "", "2006-12-31": "", "2006-09-30": "", "2006-06-30": "", "2006-03-31": "", "2005-12-31": "", "2005-09-30": "", "2005-06-30": "", "2005-03-31": ""}, "Pre-Paid Expenses": {"2020-12-31": "", "2020-09-30": "", "2020-06-30": "", "2020-03-31": "", "2019-12-31": "", "2019-09-30": "", "2019-06-30": "", "2019-03-31": "", "2018-12-31": "", "2018-09-30": "", "2018-06-30": "", "2018-03-31": "", "2017-12-31": "", "2017-09-30": "", "2017-06-30": "", "2017-03-31": "", "2016-12-31": "", "2016-09-30": "", "2016-06-30": "", "2016-03-31": "", "2015-12-31": "", "2015-09-30": "", "2015-06-30": "", "2015-03-31": "", "2014-12-31": "", "2014-09-30": "", "2014-06-30": "", "2014-03-31": "", "2013-12-31": "", "2013-09-30": "", "2013-06-30": "", "2013-03-31": "", "2012-12-31": "", "2012-09-30": "", "2012-06-30": "", "2012-03-31": "", "2011-12-31": "", "2011-09-30": "", "2011-06-30": "", "2011-03-31": "", "2010-12-31": "", "2010-09-30": "", "2010-06-30": "", "2010-03-31": "", "2009-12-31": "", "2009-09-30": "", "2009-06-30": "", "2009-03-31": "", "2008-12-31": "", "2008-09-30": "", "2008-06-30": "", "2008-03-31": "", "2007-12-31": "", "2007-09-30": "", "2007-06-30": "", "2007-03-31": "", "2006-12-31": "", "2006-09-30": "", "2006-06-30": "", "2006-03-31": "", "2005-12-31": "", "2005-09-30": "", "2005-06-30": "", "2005-03-31": ""}, "Other Current Assets": {"2020-12-31": "", "2020-09-30": "", "2020-06-30": "", "2020-03-31": "", "2019-12-31": "", "2019-09-30": "", "2019-06-30": "", "2019-03-31": "", "2018-12-31": "", "2018-09-30": "", "2018-06-30": "", "2018-03-31": "", "2017-12-31": "", "2017-09-30": "", "2017-06-30": "", "2017-03-31": "", "2016-12-31": "", "2016-09-30": "", "2016-06-30": "", "2016-03-31": "", "2015-12-31": "", "2015-09-30": "", "2015-06-30": "", "2015-03-31": "", "2014-12-31": "", "2014-09-30": "", "2014-06-30": "", "2014-03-31": "", "2013-12-31": "", "2013-09-30": "", "2013-06-30": "", "2013-03-31": "", "2012-12-31": "", "2012-09-30": "", "2012-06-30": "", "2012-03-31": "", "2011-12-31": "", "2011-09-30": "", "2011-06-30": "", "2011-03-31": "", "2010-12-31": "", "2010-09-30": "", "2010-06-30": "", "2010-03-31": "", "2009-12-31": "", "2009-09-30": "", "2009-06-30": "", "2009-03-31": "", "2008-12-31": "", "2008-09-30": "", "2008-06-30": "", "2008-03-31": "", "2007-12-31": "", "2007-09-30": "", "2007-06-30": "", "2007-03-31": "", "2006-12-31": "", "2006-09-30": "", "2006-06-30": "", "2006-03-31": "", "2005-12-31": "", "2005-09-30": "", "2005-06-30": "", "2005-03-31": ""}, "Total Current Assets": {"2020-12-31": "1063.27900", "2020-09-30": "943.41100", "2020-06-30": "955.17300", "2020-03-31": "1133.48100", "2019-12-31": "834.06500", "2019-09-30": "848.59900", "2019-06-30": "834.36800", "2019-03-31": "778.48500", "2018-12-31": "756.35500", "2018-09-30": "1056.14200", "2018-06-30": "1036.99800", "2018-03-31": "1052.13100", "2017-12-31": "1047.37400", "2017-09-30": "971.26600", "2017-06-30": "984.62900", "2017-03-31": "969.74900", "2016-12-31": "986.65410", "2016-09-30": "894.41300", "2016-06-30": "885.96200", "2016-03-31": "890.57200", "2015-12-31": "903.68800", "2015-09-30": "911.33400", "2015-06-30": "917.99100", "2015-03-31": "1554.69300", "2014-12-31": "849.81990", "2014-09-30": "842.49100", "2014-06-30": "869.55100", "2014-03-31": "556.55100", "2013-12-31": "423.39400", "2013-09-30": "480.45400", "2013-06-30": "426.47900", "2013-03-31": "430.79700", "2012-12-31": "402.17200", "2012-09-30": "404.78500", "2012-06-30": "395.64300", "2012-03-31": "383.75200", "2011-12-31": "373.80200", "2011-09-30": "246.25600", "2011-06-30": "233.12200", "2011-03-31": "229.86500", "2010-12-31": "230.69600", "2010-09-30": "203.37500", "2010-06-30": "198.68100", "2010-03-31": "256.39100", "2009-12-31": "193.43700", "2009-09-30": "189.12900", "2009-06-30": "191.38300", "2009-03-31": "194.42300", "2008-12-31": "182.36100", "2008-09-30": "181.80300", "2008-06-30": "174.76600", "2008-03-31": "102.07200", "2007-12-31": "100.76400", "2007-09-30": "97.92300", "2007-06-30": "98.08300", "2007-03-31": "95.04300", "2006-12-31": "87.92600", "2006-09-30": "71.67300", "2006-06-30": "52.77600", "2006-03-31": "49.47500", "2005-12-31": "129.24000", "2005-09-30": "49.05200", "2005-06-30": "48.45800", "2005-03-31": "58.74200"}, "Property, Plant, And Equipment": {"2020-12-31": "6705.24000", "2020-09-30": "6805.92400", "2020-06-30": "6905.35700", "2020-03-31": "7102.92000", "2019-12-31": "7198.56900", "2019-09-30": "6532.44600", "2019-06-30": "6684.10200", "2019-03-31": "6186.53600", "2018-12-31": "6183.79100", "2018-09-30": "6184.79000", "2018-06-30": "6096.19800", "2018-03-31": "6190.70600", "2017-12-31": "6279.13200", "2017-09-30": "6544.88900", "2017-06-30": "6363.82300", "2017-03-31": "6275.58100", "2016-12-31": "6326.02200", "2016-09-30": "6407.80900", "2016-06-30": "6156.76300", "2016-03-31": "6021.93700", "2015-12-31": "5724.80800", "2015-09-30": "5764.94600", "2015-06-30": "5614.94000", "2015-03-31": "2380.74300", "2014-12-31": "2402.07300", "2014-09-30": "2349.25100", "2014-06-30": "2356.63300", "2014-03-31": "2368.57700", "2013-12-31": "2392.13700", "2013-09-30": "2384.50300", "2013-06-30": "2407.84900", "2013-03-31": "2434.50300", "2012-12-31": "2458.18000", "2012-09-30": "2235.83200", "2012-06-30": "2038.80200", "2012-03-31": "2034.68100", "2011-12-31": "2066.61900", "2011-09-30": "1895.74000", "2011-06-30": "1919.03800", "2011-03-31": "1939.88100", "2010-12-31": "1985.86100", "2010-09-30": "1997.09800", "2010-06-30": "2013.54800", "2010-03-31": "1379.62300", "2009-12-31": "1373.40200", "2009-09-30": "1100.84300", "2009-06-30": "1105.09000", "2009-03-31": "1112.37000", "2008-12-31": "1120.15800", "2008-09-30": "1110.94800", "2008-06-30": "1076.79700", "2008-03-31": "1036.58300", "2007-12-31": "1053.35600", "2007-09-30": "1061.02300", "2007-06-30": "1034.37100", "2007-03-31": "1041.77600", "2006-12-31": "1047.88200", "2006-09-30": "1060.12800", "2006-06-30": "888.27800", "2006-03-31": "893.49800", "2005-12-31": "834.29400", "2005-09-30": "717.97200", "2005-06-30": "743.59500", "2005-03-31": "719.84800"}, "Long-Term Investments": {"2020-12-31": "", "2020-09-30": "", "2020-06-30": "", "2020-03-31": "", "2019-12-31": "", "2019-09-30": "", "2019-06-30": "", "2019-03-31": "", "2018-12-31": "", "2018-09-30": "", "2018-06-30": "", "2018-03-31": "", "2017-12-31": "", "2017-09-30": "", "2017-06-30": "", "2017-03-31": "", "2016-12-31": "", "2016-09-30": "", "2016-06-30": "", "2016-03-31": "", "2015-12-31": "", "2015-09-30": "", "2015-06-30": "", "2015-03-31": "", "2014-12-31": "", "2014-09-30": "", "2014-06-30": "", "2014-03-31": "", "2013-12-31": "", "2013-09-30": "", "2013-06-30": "", "2013-03-31": "", "2012-12-31": "", "2012-09-30": "", "2012-06-30": "", "2012-03-31": "", "2011-12-31": "", "2011-09-30": "", "2011-06-30": "", "2011-03-31": "", "2010-12-31": "", "2010-09-30": "", "2010-06-30": "", "2010-03-31": "", "2009-12-31": "", "2009-09-30": "", "2009-06-30": "", "2009-03-31": "", "2008-12-31": "", "2008-09-30": "", "2008-06-30": "", "2008-03-31": "", "2007-12-31": "", "2007-09-30": "", "2007-06-30": "", "2007-03-31": "", "2006-12-31": "", "2006-09-30": "", "2006-06-30": "", "2006-03-31": "", "2005-12-31": "", "2005-09-30": "", "2005-06-30": "", "2005-03-31": ""}, "Goodwill And Intangible Assets": {"2020-12-31": "651.73700", "2020-09-30": "644.08400", "2020-06-30": "643.49100", "2020-03-31": "643.53600", "2019-12-31": "644.41500", "2019-09-30": "643.45600", "2019-06-30": "643.87500", "2019-03-31": "644.19000", "2018-12-31": "643.95000", "2018-09-30": "644.20100", "2018-06-30": "644.36900", "2018-03-31": "645.21400", "2017-12-31": "644.69000", "2017-09-30": "644.57100", "2017-06-30": "644.18400", "2017-03-31": "643.69200", "2016-12-31": "643.47400", "2016-09-30": "644.12900", "2016-06-30": "644.48100", "2016-03-31": "645.56800", "2015-12-31": "645.68300", "2015-09-30": "554.74900", "2015-06-30": "543.09300", "2015-03-31": "", "2014-12-31": "", "2014-09-30": "", "2014-06-30": "", "2014-03-31": "", "2013-12-31": "", "2013-09-30": "", "2013-06-30": "", "2013-03-31": "", "2012-12-31": "", "2012-09-30": "", "2012-06-30": "", "2012-03-31": "", "2011-12-31": "", "2011-09-30": "", "2011-06-30": "", "2011-03-31": "", "2010-12-31": "", "2010-09-30": "", "2010-06-30": "", "2010-03-31": "", "2009-12-31": "", "2009-09-30": "", "2009-06-30": "", "2009-03-31": "", "2008-12-31": "", "2008-09-30": "", "2008-06-30": "", "2008-03-31": "", "2007-12-31": "", "2007-09-30": "", "2007-06-30": "", "2007-03-31": "", "2006-12-31": "", "2006-09-30": "", "2006-06-30": "", "2006-03-31": "", "2005-12-31": "", "2005-09-30": "", "2005-06-30": "", "2005-03-31": ""}, "Other Long-Term Assets": {"2020-12-31": "995.74100", "2020-09-30": "969.24900", "2020-06-30": "1113.04700", "2020-03-31": "1133.16900", "2019-12-31": "1114.15300", "2019-09-30": "969.51200", "2019-06-30": "931.46900", "2019-03-31": "910.21000", "2018-12-31": "1005.79200", "2018-09-30": "739.00500", "2018-06-30": "792.79210", "2018-03-31": "761.15900", "2017-12-31": "715.41000", "2017-09-30": "712.59600", "2017-06-30": "935.12900", "2017-03-31": "929.85100", "2016-12-31": "940.24200", "2016-09-30": "944.80200", "2016-06-30": "866.84100", "2016-03-31": "983.78600", "2015-12-31": "709.15800", "2015-09-30": "1352.08300", "2015-06-30": "721.74900", "2015-03-31": "645.70700", "2014-12-31": "656.96000", "2014-09-30": "659.09000", "2014-06-30": "662.35500", "2014-03-31": "652.97700", "2013-12-31": "645.32900", "2013-09-30": "148.80100", "2013-06-30": "144.44800", "2013-03-31": "138.32100", "2012-12-31": "120.63300", "2012-09-30": "117.20300", "2012-06-30": "115.29700", "2012-03-31": "112.28000", "2011-12-31": "114.43000", "2011-09-30": "88.85800", "2011-06-30": "88.00800", "2011-03-31": "87.37000", "2010-12-31": "86.78000", "2010-09-30": "92.41500", "2010-06-30": "83.49400", "2010-03-31": "104.49500", "2009-12-31": "87.31700", "2009-09-30": "45.53400", "2009-06-30": "46.69000", "2009-03-31": "47.92900", "2008-12-31": "61.79800", "2008-09-30": "61.02200", "2008-06-30": "37.79900", "2008-03-31": "28.32600", "2007-12-31": "25.29700", "2007-09-30": "28.39700", "2007-06-30": "39.04100", "2007-03-31": "35.32200", "2006-12-31": "34.89900", "2006-09-30": "50.51600", "2006-06-30": "43.05800", "2006-03-31": "40.07600", "2005-12-31": "66.68700", "2005-09-30": "38.26200", "2005-06-30": "52.95200", "2005-03-31": "35.38300"}, "Total Long-Term Assets": {"2020-12-31": "8434.17000", "2020-09-30": "8455.17800", "2020-06-30": "8732.41100", "2020-03-31": "8903.75000", "2019-12-31": "8962.05900", "2019-09-30": "8147.59500", "2019-06-30": "8264.05200", "2019-03-31": "7741.58100", "2018-12-31": "7834.52200", "2018-09-30": "7585.82200", "2018-06-30": "7537.14200", "2018-03-31": "7740.49800", "2017-12-31": "7725.93100", "2017-09-30": "7919.38000", "2017-06-30": "7962.02500", "2017-03-31": "7872.36900", "2016-12-31": "7962.60600", "2016-09-30": "8087.95000", "2016-06-30": "7720.53600", "2016-03-31": "7724.88000", "2015-12-31": "7086.24900", "2015-09-30": "7682.14900", "2015-06-30": "6895.68500", "2015-03-31": "3043.32700", "2014-12-31": "3071.82500", "2014-09-30": "3015.01100", "2014-06-30": "3019.80800", "2014-03-31": "3022.37400", "2013-12-31": "3038.82200", "2013-09-30": "2534.32400", "2013-06-30": "2553.31700", "2013-03-31": "2573.84400", "2012-12-31": "2579.83300", "2012-09-30": "2354.65500", "2012-06-30": "2156.21900", "2012-03-31": "2155.05100", "2011-12-31": "2183.51000", "2011-09-30": "1985.40900", "2011-06-30": "2007.85700", "2011-03-31": "2028.06200", "2010-12-31": "2073.31100", "2010-09-30": "2090.18300", "2010-06-30": "2097.76400", "2010-03-31": "1484.99500", "2009-12-31": "1461.59600", "2009-09-30": "1147.26400", "2009-06-30": "1152.46700", "2009-03-31": "1160.37900", "2008-12-31": "1182.10600", "2008-09-30": "1172.12000", "2008-06-30": "1131.97600", "2008-03-31": "1081.65500", "2007-12-31": "1081.52300", "2007-09-30": "1092.97000", "2007-06-30": "1073.41200", "2007-03-31": "1077.87100", "2006-12-31": "1087.44400", "2006-09-30": "1111.38100", "2006-06-30": "931.58400", "2006-03-31": "935.43700", "2005-12-31": "906.80200", "2005-09-30": "779.85800", "2005-06-30": "804.98700", "2005-03-31": "755.23100"}, "Total Assets": {"2020-12-31": "9497.44900", "2020-09-30": "9398.58900", "2020-06-30": "9687.58400", "2020-03-31": "10037.23000", "2019-12-31": "9796.12400", "2019-09-30": "8996.19400", "2019-06-30": "9098.42000", "2019-03-31": "8520.06600", "2018-12-31": "8590.87700", "2018-09-30": "8641.96400", "2018-06-30": "8574.13900", "2018-03-31": "8792.62900", "2017-12-31": "8773.30500", "2017-09-30": "8890.64600", "2017-06-30": "8946.65400", "2017-03-31": "8842.11800", "2016-12-31": "8949.26000", "2016-09-30": "8982.36300", "2016-06-30": "8606.49800", "2016-03-31": "8615.45200", "2015-12-31": "7989.93600", "2015-09-30": "8593.48300", "2015-06-30": "7813.67600", "2015-03-31": "4598.02000", "2014-12-31": "3921.64500", "2014-09-30": "3857.50200", "2014-06-30": "3889.35900", "2014-03-31": "3578.92500", "2013-12-31": "3462.21600", "2013-09-30": "3014.77800", "2013-06-30": "2979.79600", "2013-03-31": "3004.64100", "2012-12-31": "2982.00500", "2012-09-30": "2759.44000", "2012-06-30": "2551.86200", "2012-03-31": "2538.80300", "2011-12-31": "2557.31200", "2011-09-30": "2231.66500", "2011-06-30": "2240.97900", "2011-03-31": "2257.92700", "2010-12-31": "2304.00700", "2010-09-30": "2293.55800", "2010-06-30": "2296.44500", "2010-03-31": "1741.38600", "2009-12-31": "1655.03300", "2009-09-30": "1336.39300", "2009-06-30": "1343.85000", "2009-03-31": "1354.80200", "2008-12-31": "1364.46700", "2008-09-30": "1353.92300", "2008-06-30": "1306.74200", "2008-03-31": "1183.72700", "2007-12-31": "1182.28700", "2007-09-30": "1190.89300", "2007-06-30": "1171.49500", "2007-03-31": "1172.91400", "2006-12-31": "1175.37000", "2006-09-30": "1183.05400", "2006-06-30": "984.36000", "2006-03-31": "984.91200", "2005-12-31": "1036.04200", "2005-09-30": "828.91000", "2005-06-30": "853.44500", "2005-03-31": "813.97300"}, "Total Current Liabilities": {"2020-12-31": "280.82400", "2020-09-30": "277.59600", "2020-06-30": "284.95900", "2020-03-31": "288.74500", "2019-12-31": "312.04000", "2019-09-30": "282.47700", "2019-06-30": "300.30300", "2019-03-31": "271.90200", "2018-12-31": "272.17200", "2018-09-30": "253.56000", "2018-06-30": "257.04900", "2018-03-31": "262.57300", "2017-12-31": "295.14200", "2017-09-30": "285.69000", "2017-06-30": "323.54300", "2017-03-31": "316.98500", "2016-12-31": "360.51400", "2016-09-30": "361.59600", "2016-06-30": "329.36800", "2016-03-31": "328.93200", "2015-12-31": "333.70600", "2015-09-30": "267.69000", "2015-06-30": "271.58400", "2015-03-31": "199.69100", "2014-12-31": "141.81500", "2014-09-30": "149.74500", "2014-06-30": "145.95100", "2014-03-31": "132.45600", "2013-12-31": "137.69500", "2013-09-30": "124.73300", "2013-06-30": "135.83500", "2013-03-31": "133.19300", "2012-12-31": "145.74400", "2012-09-30": "149.98100", "2012-06-30": "126.19600", "2012-03-31": "125.91600", "2011-12-31": "127.42800", "2011-09-30": "114.43800", "2011-06-30": "110.48700", "2011-03-31": "117.31700", "2010-12-31": "121.85900", "2010-09-30": "122.73900", "2010-06-30": "108.07700", "2010-03-31": "52.89300", "2009-12-31": "49.89500", "2009-09-30": "27.10600", "2009-06-30": "24.69100", "2009-03-31": "26.77700", "2008-12-31": "25.42000", "2008-09-30": "26.26500", "2008-06-30": "25.10000", "2008-03-31": "25.46000", "2007-12-31": "22.45100", "2007-09-30": "26.56700", "2007-06-30": "25.95300", "2007-03-31": "26.77100", "2006-12-31": "33.68300", "2006-09-30": "27.81300", "2006-06-30": "22.39900", "2006-03-31": "24.26200", "2005-12-31": "25.31500", "2005-09-30": "22.29400", "2005-06-30": "19.47700", "2005-03-31": "26.55700"}, "Long Term Debt": {"2020-12-31": "5169.25200", "2020-09-30": "5172.96100", "2020-06-30": "5225.55800", "2020-03-31": "5519.64900", "2019-12-31": "5136.14000", "2019-09-30": "4619.25300", "2019-06-30": "4732.78400", "2019-03-31": "4429.02000", "2018-12-31": "4540.62200", "2018-09-30": "4588.24000", "2018-06-30": "4448.05700", "2018-03-31": "4643.67900", "2017-12-31": "4572.15800", "2017-09-30": "4644.52800", "2017-06-30": "4429.88700", "2017-03-31": "4300.86500", "2016-12-31": "4366.85400", "2016-09-30": "4433.63900", "2016-06-30": "4162.29700", "2016-03-31": "4219.19200", "2015-12-31": "3540.01300", "2015-09-30": "4244.91700", "2015-06-30": "3447.92400", "2015-03-31": "2627.37600", "2014-12-31": "2378.50300", "2014-09-30": "2301.38000", "2014-06-30": "2359.61300", "2014-03-31": "2091.12200", "2013-12-31": "2024.41800", "2013-09-30": "1700.04700", "2013-06-30": "1706.66500", "2013-03-31": "1765.69400", "2012-12-31": "1824.93200", "2012-09-30": "1588.53900", "2012-06-30": "1489.99100", "2012-03-31": "1530.00400", "2011-12-31": "1551.40000", "2011-09-30": "1218.91000", "2011-06-30": "1227.93100", "2011-03-31": "1244.95100", "2010-12-31": "1176.96500", "2010-09-30": "1148.15700", "2010-06-30": "1227.01400", "2010-03-31": "781.30400", "2009-12-31": "738.14900", "2009-09-30": "493.68500", "2009-06-30": "530.68900", "2009-03-31": "539.69300", "2008-12-31": "548.19700", "2008-09-30": "518.70200", "2008-06-30": "586.70600", "2008-03-31": "566.71000", "2007-12-31": "532.71400", "2007-09-30": "536.71800", "2007-06-30": "514.72200", "2007-03-31": "631.72600", "2006-12-31": "634.73100", "2006-09-30": "642.23500", "2006-06-30": "484.73900", "2006-03-31": "489.24300", "2005-12-31": "563.42900", "2005-09-30": "440.70000", "2005-06-30": "461.50000", "2005-03-31": "360.00000"}, "Other Non-Current Liabilities": {"2020-12-31": "", "2020-09-30": "", "2020-06-30": "", "2020-03-31": "", "2019-12-31": "", "2019-09-30": "", "2019-06-30": "", "2019-03-31": "", "2018-12-31": "", "2018-09-30": "", "2018-06-30": "", "2018-03-31": "", "2017-12-31": "", "2017-09-30": "", "2017-06-30": "", "2017-03-31": "", "2016-12-31": "", "2016-09-30": "", "2016-06-30": "", "2016-03-31": "", "2015-12-31": "", "2015-09-30": "", "2015-06-30": "", "2015-03-31": "", "2014-12-31": "", "2014-09-30": "", "2014-06-30": "", "2014-03-31": "", "2013-12-31": "", "2013-09-30": "", "2013-06-30": "", "2013-03-31": "", "2012-12-31": "", "2012-09-30": "", "2012-06-30": "", "2012-03-31": "", "2011-12-31": "", "2011-09-30": "0.47200", "2011-06-30": "0.47200", "2011-03-31": "0.47000", "2010-12-31": "1.11700", "2010-09-30": "1.57900", "2010-06-30": "0.27300", "2010-03-31": "1.89600", "2009-12-31": "1.76200", "2009-09-30": "1.44900", "2009-06-30": "2.06600", "2009-03-31": "1.78300", "2008-12-31": "2.86200", "2008-09-30": "5.35800", "2008-06-30": "2.06800", "2008-03-31": "2.06800", "2007-12-31": "40.99500", "2007-09-30": "44.43600", "2007-06-30": "47.05600", "2007-03-31": "47.14800", "2006-12-31": "41.50200", "2006-09-30": "46.54600", "2006-06-30": "41.92500", "2006-03-31": "41.85300", "2005-12-31": "6.35500", "2005-09-30": "4.39300", "2005-06-30": "4.81000", "2005-03-31": "5.01600"}, "Total Long Term Liabilities": {"2020-12-31": "5180.01800", "2020-09-30": "5182.57900", "2020-06-30": "5235.23300", "2020-03-31": "5529.84100", "2019-12-31": "5147.49000", "2019-09-30": "4630.25500", "2019-06-30": "4745.61100", "2019-03-31": "4442.52200", "2018-12-31": "4554.22100", "2018-09-30": "4602.43800", "2018-06-30": "4462.77500", "2018-03-31": "4659.65600", "2017-12-31": "4589.90500", "2017-09-30": "4662.11700", "2017-06-30": "4447.60100", "2017-03-31": "4310.61100", "2016-12-31": "4376.76000", "2016-09-30": "4445.57600", "2016-06-30": "4175.20000", "2016-03-31": "4233.98700", "2015-12-31": "3555.36500", "2015-09-30": "4261.14200", "2015-06-30": "3464.77600", "2015-03-31": "2627.37600", "2014-12-31": "2378.50300", "2014-09-30": "2301.38000", "2014-06-30": "2359.61300", "2014-03-31": "2091.12200", "2013-12-31": "2024.41800", "2013-09-30": "1700.04700", "2013-06-30": "1706.66500", "2013-03-31": "1765.69400", "2012-12-31": "1824.93200", "2012-09-30": "1588.53900", "2012-06-30": "1489.99100", "2012-03-31": "1530.00400", "2011-12-31": "1551.40000", "2011-09-30": "1219.38200", "2011-06-30": "1228.40300", "2011-03-31": "1245.42100", "2010-12-31": "1178.08200", "2010-09-30": "1149.73600", "2010-06-30": "1227.28700", "2010-03-31": "783.20000", "2009-12-31": "739.91100", "2009-09-30": "495.13400", "2009-06-30": "532.75500", "2009-03-31": "541.47600", "2008-12-31": "551.05900", "2008-09-30": "524.06000", "2008-06-30": "588.77400", "2008-03-31": "568.77800", "2007-12-31": "573.70900", "2007-09-30": "581.15400", "2007-06-30": "561.77800", "2007-03-31": "678.87400", "2006-12-31": "676.23300", "2006-09-30": "688.78100", "2006-06-30": "526.66400", "2006-03-31": "531.09600", "2005-12-31": "569.78390", "2005-09-30": "445.09300", "2005-06-30": "466.31000", "2005-03-31": "365.01600"}, "Total Liabilities": {"2020-12-31": "5460.84200", "2020-09-30": "5460.17500", "2020-06-30": "5520.19200", "2020-03-31": "5818.58600", "2019-12-31": "5459.53000", "2019-09-30": "4912.73200", "2019-06-30": "5045.91400", "2019-03-31": "4714.42400", "2018-12-31": "4826.39300", "2018-09-30": "4855.99800", "2018-06-30": "4719.82400", "2018-03-31": "4922.22900", "2017-12-31": "4885.04700", "2017-09-30": "4947.80700", "2017-06-30": "4771.14400", "2017-03-31": "4627.59600", "2016-12-31": "4737.27400", "2016-09-30": "4807.17200", "2016-06-30": "4504.56800", "2016-03-31": "4562.91900", "2015-12-31": "3889.07100", "2015-09-30": "4528.83200", "2015-06-30": "3736.36000", "2015-03-31": "2827.06700", "2014-12-31": "2520.31800", "2014-09-30": "2451.12500", "2014-06-30": "2505.56400", "2014-03-31": "2223.57800", "2013-12-31": "2162.11300", "2013-09-30": "1824.78000", "2013-06-30": "1842.50000", "2013-03-31": "1898.88700", "2012-12-31": "1970.67600", "2012-09-30": "1738.52000", "2012-06-30": "1616.18700", "2012-03-31": "1655.92000", "2011-12-31": "1678.82800", "2011-09-30": "1333.82000", "2011-06-30": "1338.89000", "2011-03-31": "1362.73800", "2010-12-31": "1299.94100", "2010-09-30": "1272.47500", "2010-06-30": "1335.36400", "2010-03-31": "836.09300", "2009-12-31": "789.80600", "2009-09-30": "522.24000", "2009-06-30": "557.44600", "2009-03-31": "568.25300", "2008-12-31": "576.47900", "2008-09-30": "550.32500", "2008-06-30": "613.87400", "2008-03-31": "594.23800", "2007-12-31": "596.16000", "2007-09-30": "607.72100", "2007-06-30": "587.73100", "2007-03-31": "705.64500", "2006-12-31": "709.91600", "2006-09-30": "716.59400", "2006-06-30": "549.06300", "2006-03-31": "555.35800", "2005-12-31": "595.09900", "2005-09-30": "467.38700", "2005-06-30": "485.78700", "2005-03-31": "391.57300"}, "Common Stock Net": {"2020-12-31": "23.11900", "2020-09-30": "22.69800", "2020-06-30": "22.69400", "2020-03-31": "22.68600", "2019-12-31": "22.66300", "2019-09-30": "21.84700", "2019-06-30": "21.60800", "2019-03-31": "20.70000", "2018-12-31": "20.23500", "2018-09-30": "20.06900", "2018-06-30": "20.03300", "2018-03-31": "19.85900", "2017-12-31": "19.83100", "2017-09-30": "19.80600", "2017-06-30": "19.72200", "2017-03-31": "19.67600", "2016-12-31": "19.61400", "2016-09-30": "19.51400", "2016-06-30": "19.04400", "2016-03-31": "18.81700", "2015-12-31": "18.74000", "2015-09-30": "18.49500", "2015-06-30": "18.33200", "2015-03-31": "13.87500", "2014-12-31": "12.76100", "2014-09-30": "12.74100", "2014-06-30": "12.67100", "2014-03-31": "12.54200", "2013-12-31": "12.35300", "2013-09-30": "11.95200", "2013-06-30": "11.71500", "2013-03-31": "11.61500", "2012-12-31": "11.23900", "2012-09-30": "11.20510", "2012-06-30": "10.78200", "2012-03-31": "10.47710", "2011-12-31": "10.34100", "2011-09-30": "10.33500", "2011-06-30": "10.26200", "2011-03-31": "10.13700", "2010-12-31": "9.92300", "2010-09-30": "9.82400", "2010-06-30": "9.44910", "2010-03-31": "9.07800", "2009-12-31": "8.82700", "2009-09-30": "8.49000", "2009-06-30": "8.28700", "2009-03-31": "8.24100", "2008-12-31": "8.23800", "2008-09-30": "8.20900", "2008-06-30": "7.55000", "2008-03-31": "841.30300", "2007-12-31": "6.81100", "2007-09-30": "825.49500", "2007-06-30": "820.51900", "2007-03-31": "699.43900", "2006-12-31": "5.97000", "2006-09-30": "695.94800", "2006-06-30": "680.44300", "2006-03-31": "670.41800", "2005-12-31": "5.68700", "2005-09-30": "601.33600", "2005-06-30": "599.82700", "2005-03-31": "597.52100"}, "Retained Earnings (Accumulated Deficit)": {"2020-12-31": "-2321.36200", "2020-09-30": "-2230.12900", "2020-06-30": "-1986.19800", "2020-03-31": "-1932.88400", "2019-12-31": "-1840.11000", "2019-09-30": "-1752.71700", "2019-06-30": "-1747.96000", "2019-03-31": "-1675.67100", "2018-12-31": "-1608.68600", "2018-09-30": "-1537.88600", "2018-06-30": "-1461.71700", "2018-03-31": "-1408.61200", "2017-12-31": "-1370.89200", "2017-09-30": "-1304.04300", "2017-06-30": "-1045.59600", "2017-03-31": "-986.34110", "2016-12-31": "-968.45000", "2016-09-30": "-973.16300", "2016-06-30": "-935.06300", "2016-03-31": "-933.50300", "2015-12-31": "-881.51610", "2015-09-30": "-836.95300", "2015-06-30": "-814.77900", "2015-03-31": "-823.16990", "2014-12-31": "-747.66800", "2014-09-30": "-737.39700", "2014-06-30": "-733.30600", "2014-03-31": "-716.28000", "2013-12-31": "-710.41900", "2013-09-30": "-698.56300", "2013-06-30": "-681.62000", "2013-03-31": "-677.23500", "2012-12-31": "-664.76500", "2012-09-30": "-649.16700", "2012-06-30": "-633.61300", "2012-03-31": "-619.74100", "2011-12-31": "-603.23800", "2011-09-30": "-581.08800", "2011-06-30": "-561.10800", "2011-03-31": "-540.13400", "2010-12-31": "-490.47600", "2010-09-30": "-455.79300", "2010-06-30": "-436.36300", "2010-03-31": "-419.80400", "2009-12-31": "-410.01900", "2009-09-30": "-398.40300", "2009-06-30": "-392.24000", "2009-03-31": "-385.01800", "2008-12-31": "-382.89500", "2008-09-30": "-373.69100", "2008-06-30": "-376.49600", "2008-03-31": "-370.30200", "2007-12-31": "-365.09700", "2007-09-30": "-360.81100", "2007-06-30": "-355.24300", "2007-03-31": "-350.65800", "2006-12-31": "-353.21100", "2006-09-30": "-349.10700", "2006-06-30": "-365.37400", "2006-03-31": "-360.21100", "2005-12-31": "-342.03900", "2005-09-30": "-357.57900", "2005-06-30": "-348.91900", "2005-03-31": "-338.40100"}, "Comprehensive Income": {"2020-12-31": "-12.76800", "2020-09-30": "-49.10100", "2020-06-30": "-66.23500", "2020-03-31": "-65.78800", "2019-12-31": "-39.85800", "2019-09-30": "-58.27200", "2019-06-30": "-50.71900", "2019-03-31": "-39.94100", "2018-12-31": "-41.65200", "2018-09-30": "-32.38200", "2018-06-30": "-30.15700", "2018-03-31": "-16.39900", "2017-12-31": "-30.15000", "2017-09-30": "-34.84300", "2017-06-30": "-41.90300", "2017-03-31": "-48.47800", "2016-12-31": "-53.82700", "2016-09-30": "-52.17000", "2016-06-30": "-46.46300", "2016-03-31": "-21.70200", "2015-12-31": "-8.71200", "2015-09-30": "-3.95000", "2015-06-30": "2.83900", "2015-03-31": "", "2014-12-31": "", "2014-09-30": "", "2014-06-30": "", "2014-03-31": "", "2013-12-31": "", "2013-09-30": "", "2013-06-30": "", "2013-03-31": "", "2012-12-31": "", "2012-09-30": "", "2012-06-30": "", "2012-03-31": "", "2011-12-31": "", "2011-09-30": "", "2011-06-30": "", "2011-03-31": "", "2010-12-31": "", "2010-09-30": "", "2010-06-30": "", "2010-03-31": "0.03800", "2009-12-31": "", "2009-09-30": "", "2009-06-30": "", "2009-03-31": "", "2008-12-31": "", "2008-09-30": "", "2008-06-30": "", "2008-03-31": "", "2007-12-31": "", "2007-09-30": "", "2007-06-30": "", "2007-03-31": "", "2006-12-31": "", "2006-09-30": "1.13100", "2006-06-30": "1.74000", "2006-03-31": "0.85900", "2005-12-31": "2.05400", "2005-09-30": "0.73000", "2005-06-30": "", "2005-03-31": "-3.18500"}, "Other Share Holders Equity": {"2020-12-31": "", "2020-09-30": "", "2020-06-30": "", "2020-03-31": "", "2019-12-31": "", "2019-09-30": "", "2019-06-30": "", "2019-03-31": "", "2018-12-31": "", "2018-09-30": "", "2018-06-30": "", "2018-03-31": "", "2017-12-31": "", "2017-09-30": "", "2017-06-30": "", "2017-03-31": "", "2016-12-31": "", "2016-09-30": "", "2016-06-30": "", "2016-03-31": "", "2015-12-31": "", "2015-09-30": "", "2015-06-30": "", "2015-03-31": "", "2014-12-31": "", "2014-09-30": "", "2014-06-30": "", "2014-03-31": "", "2013-12-31": "", "2013-09-30": "", "2013-06-30": "", "2013-03-31": "", "2012-12-31": "", "2012-09-30": "", "2012-06-30": "", "2012-03-31": "", "2011-12-31": "", "2011-09-30": "", "2011-06-30": "", "2011-03-31": "", "2010-12-31": "", "2010-09-30": "", "2010-06-30": "", "2010-03-31": "", "2009-12-31": "", "2009-09-30": "", "2009-06-30": "", "2009-03-31": "", "2008-12-31": "", "2008-09-30": "", "2008-06-30": "", "2008-03-31": "", "2007-12-31": "", "2007-09-30": "", "2007-06-30": "", "2007-03-31": "", "2006-12-31": "", "2006-09-30": "", "2006-06-30": "", "2006-03-31": "", "2005-12-31": "", "2005-09-30": "", "2005-06-30": "", "2005-03-31": ""}, "Share Holder Equity": {"2020-12-31": "4036.60700", "2020-09-30": "3938.41400", "2020-06-30": "4167.39200", "2020-03-31": "4218.64500", "2019-12-31": "4336.59400", "2019-09-30": "4083.46200", "2019-06-30": "4052.50600", "2019-03-31": "3805.64200", "2018-12-31": "3764.48400", "2018-09-30": "3785.96600", "2018-06-30": "3854.31500", "2018-03-31": "3870.40000", "2017-12-31": "3888.25800", "2017-09-30": "3942.83900", "2017-06-30": "4175.51000", "2017-03-31": "4214.52200", "2016-12-31": "4211.98600", "2016-09-30": "4175.19100", "2016-06-30": "4101.93000", "2016-03-31": "4052.53300", "2015-12-31": "4100.86500", "2015-09-30": "4064.65100", "2015-06-30": "4077.31600", "2015-03-31": "1770.95300", "2014-12-31": "1401.32700", "2014-09-30": "1406.37700", "2014-06-30": "1383.79500", "2014-03-31": "1355.34700", "2013-12-31": "1300.10300", "2013-09-30": "1189.99800", "2013-06-30": "1137.29600", "2013-03-31": "1105.75400", "2012-12-31": "1011.32900", "2012-09-30": "1020.92000", "2012-06-30": "935.67500", "2012-03-31": "882.88300", "2011-12-31": "878.48400", "2011-09-30": "897.84500", "2011-06-30": "902.08900", "2011-03-31": "895.18900", "2010-12-31": "1004.06600", "2010-09-30": "1021.08300", "2010-06-30": "961.08100", "2010-03-31": "905.29300", "2009-12-31": "865.22700", "2009-09-30": "814.15300", "2009-06-30": "786.40400", "2009-03-31": "786.54900", "2008-12-31": "787.98800", "2008-09-30": "803.59800", "2008-06-30": "692.86800", "2008-03-31": "589.48900", "2007-12-31": "586.12700", "2007-09-30": "583.17200", "2007-06-30": "583.76400", "2007-03-31": "467.26900", "2006-12-31": "465.45400", "2006-09-30": "466.46000", "2006-06-30": "435.29700", "2006-03-31": "429.55400", "2005-12-31": "440.94300", "2005-09-30": "361.52300", "2005-06-30": "367.65800", "2005-03-31": "422.40000"}, "Total Liabilities And Share Holders Equity": {"2020-12-31": "9497.44900", "2020-09-30": "9398.58900", "2020-06-30": "9687.58400", "2020-03-31": "10037.23000", "2019-12-31": "9796.12400", "2019-09-30": "8996.19400", "2019-06-30": "9098.42000", "2019-03-31": "8520.06600", "2018-12-31": "8590.87700", "2018-09-30": "8641.96400", "2018-06-30": "8574.13900", "2018-03-31": "8792.62900", "2017-12-31": "8773.30500", "2017-09-30": "8890.64600", "2017-06-30": "8946.65400", "2017-03-31": "8842.11800", "2016-12-31": "8949.26000", "2016-09-30": "8982.36300", "2016-06-30": "8606.49800", "2016-03-31": "8615.45200", "2015-12-31": "7989.93600", "2015-09-30": "8593.48300", "2015-06-30": "7813.67600", "2015-03-31": "4598.02000", "2014-12-31": "3921.64500", "2014-09-30": "3857.50200", "2014-06-30": "3889.35900", "2014-03-31": "3578.92500", "2013-12-31": "3462.21600", "2013-09-30": "3014.77800", "2013-06-30": "2979.79600", "2013-03-31": "3004.64100", "2012-12-31": "2982.00500", "2012-09-30": "2759.44000", "2012-06-30": "2551.86200", "2012-03-31": "2538.80300", "2011-12-31": "2557.31200", "2011-09-30": "2231.66500", "2011-06-30": "2240.97900", "2011-03-31": "2257.92700", "2010-12-31": "2304.00700", "2010-09-30": "2293.55800", "2010-06-30": "2296.44500", "2010-03-31": "1741.38600", "2009-12-31": "1655.03300", "2009-09-30": "1336.39300", "2009-06-30": "1343.85000", "2009-03-31": "1354.80200", "2008-12-31": "1364.46700", "2008-09-30": "1353.92300", "2008-06-30": "1306.74200", "2008-03-31": "1183.72700", "2007-12-31": "1182.28700", "2007-09-30": "1190.89300", "2007-06-30": "1171.49500", "2007-03-31": "1172.91400", "2006-12-31": "1175.37000", "2006-09-30": "1183.05400", "2006-06-30": "984.36000", "2006-03-31": "984.91200", "2005-12-31": "1036.04200", "2005-09-30": "828.91000", "2005-06-30": "853.44500", "2005-03-31": "813.97300"}}, "cash flow statement": {"Net Income/Loss": {"2020-12-31": "0.00000", "2019-12-31": "351.94700", "2018-12-31": "293.88400", "2017-12-31": "104.91000", "2016-12-31": "383.36700", "2015-12-31": "233.31500", "2014-12-31": "221.34900", "2013-12-31": "172.52100", "2012-12-31": "120.69800", "2011-12-31": "52.60600", "2010-12-31": "58.43600", "2009-12-31": "82.11100", "2008-12-31": "78.13700", "2007-12-31": "69.37400", "2006-12-31": "55.69700", "2005-12-31": "38.75300"}, "Total Depreciation And Amortization - Cash Flow": {"2020-12-31": "", "2019-12-31": "305.34300", "2018-12-31": "279.53200", "2017-12-31": "295.39200", "2016-12-31": "264.52900", "2015-12-31": "196.85700", "2014-12-31": "125.77100", "2013-12-31": "121.17200", "2012-12-31": "124.18200", "2011-12-31": "106.03100", "2010-12-31": "106.12800", "2009-12-31": "49.61000", "2008-12-31": "43.99400", "2007-12-31": "39.43900", "2006-12-31": "38.73200", "2005-12-31": "28.53900"}, "Other Non-Cash Items": {"2020-12-31": "", "2019-12-31": "20.34100", "2018-12-31": "52.76500", "2017-12-31": "265.11800", "2016-12-31": "19.27500", "2015-12-31": "51.08700", "2014-12-31": "-0.55300", "2013-12-31": "1.18000", "2012-12-31": "-14.42500", "2011-12-31": "29.37800", "2010-12-31": "1.49800", "2009-12-31": "10.47200", "2008-12-31": "-2.85500", "2007-12-31": "-1.08100", "2006-12-31": "-13.08000", "2005-12-31": "4.70000"}, "Total Non-Cash Items": {"2020-12-31": "", "2019-12-31": "325.68400", "2018-12-31": "332.29700", "2017-12-31": "560.51010", "2016-12-31": "283.80400", "2015-12-31": "247.94400", "2014-12-31": "125.21800", "2013-12-31": "122.35200", "2012-12-31": "109.75700", "2011-12-31": "135.40900", "2010-12-31": "107.62600", "2009-12-31": "60.08200", "2008-12-31": "41.13900", "2007-12-31": "38.35800", "2006-12-31": "25.65200", "2005-12-31": "33.23900"}, "Change In Accounts Receivable": {"2020-12-31": "", "2019-12-31": "-5.93100", "2018-12-31": "2.36800", "2017-12-31": "-36.62100", "2016-12-31": "-4.87600", "2015-12-31": "0.24800", "2014-12-31": "-2.26400", "2013-12-31": "0.86700", "2012-12-31": "-0.24600", "2011-12-31": "-1.46300", "2010-12-31": "-0.04500", "2009-12-31": "-0.18000", "2008-12-31": "0.68100", "2007-12-31": "-2.14500", "2006-12-31": "-0.06400", "2005-12-31": "2.15000"}, "Change In Inventories": {"2020-12-31": "", "2019-12-31": "", "2018-12-31": "", "2017-12-31": "", "2016-12-31": "", "2015-12-31": "", "2014-12-31": "", "2013-12-31": "", "2012-12-31": "", "2011-12-31": "", "2010-12-31": "", "2009-12-31": "", "2008-12-31": "", "2007-12-31": "", "2006-12-31": "", "2005-12-31": ""}, "Change In Accounts Payable": {"2020-12-31": "", "2019-12-31": "", "2018-12-31": "", "2017-12-31": "", "2016-12-31": "", "2015-12-31": "", "2014-12-31": "", "2013-12-31": "", "2012-12-31": "", "2011-12-31": "", "2010-12-31": "", "2009-12-31": "", "2008-12-31": "", "2007-12-31": "", "2006-12-31": "", "2005-12-31": ""}, "Change In Assets/Liabilities": {"2020-12-31": "", "2019-12-31": "-117.95300", "2018-12-31": "-129.17600", "2017-12-31": "-50.88700", "2016-12-31": "-37.52200", "2015-12-31": "-32.09100", "2014-12-31": "-6.76300", "2013-12-31": "-15.79100", "2012-12-31": "-21.93800", "2011-12-31": "-16.78100", "2010-12-31": "-8.45400", "2009-12-31": "5.21000", "2008-12-31": "-30.55700", "2007-12-31": "-15.47100", "2006-12-31": "-20.82100", "2005-12-31": "-2.46100"}, "Total Change In Assets/Liabilities": {"2020-12-31": "", "2019-12-31": "-123.88400", "2018-12-31": "-126.80800", "2017-12-31": "-87.50800", "2016-12-31": "-42.39800", "2015-12-31": "-31.84300", "2014-12-31": "-9.02700", "2013-12-31": "-14.92400", "2012-12-31": "-22.18400", "2011-12-31": "-18.24400", "2010-12-31": "-8.49900", "2009-12-31": "5.03000", "2008-12-31": "-29.94800", "2007-12-31": "-23.19000", "2006-12-31": "-18.53800", "2005-12-31": "2.07400"}, "Cash Flow From Operating Activities": {"2020-12-31": "", "2019-12-31": "553.74700", "2018-12-31": "499.37300", "2017-12-31": "577.91200", "2016-12-31": "624.77300", "2015-12-31": "449.41600", "2014-12-31": "337.54000", "2013-12-31": "279.94900", "2012-12-31": "208.27100", "2011-12-31": "169.77100", "2010-12-31": "157.56300", "2009-12-31": "147.22300", "2008-12-31": "89.32800", "2007-12-31": "84.54200", "2006-12-31": "62.81100", "2005-12-31": "74.06600"}, "Net Change In Property, Plant, And Equipment": {"2020-12-31": "", "2019-12-31": "-517.51900", "2018-12-31": "-244.56000", "2017-12-31": "-472.10700", "2016-12-31": "-1069.20200", "2015-12-31": "-484.80500", "2014-12-31": "-149.60600", "2013-12-31": "-63.86200", "2012-12-31": "-426.05900", "2011-12-31": "-106.30100", "2010-12-31": "-379.20500", "2009-12-31": "-182.70800", "2008-12-31": "-130.21800", "2007-12-31": "-48.05300", "2006-12-31": "-185.71200", "2005-12-31": "-252.52500"}, "Net Change In Intangible Assets": {"2020-12-31": "", "2019-12-31": "", "2018-12-31": "", "2017-12-31": "", "2016-12-31": "", "2015-12-31": "", "2014-12-31": "", "2013-12-31": "", "2012-12-31": "", "2011-12-31": "", "2010-12-31": "", "2009-12-31": "", "2008-12-31": "", "2007-12-31": "", "2006-12-31": "", "2005-12-31": ""}, "Net Acquisitions/Divestitures": {"2020-12-31": "", "2019-12-31": "-59.61600", "2018-12-31": "", "2017-12-31": "2.34100", "2016-12-31": "", "2015-12-31": "84.85800", "2014-12-31": "", "2013-12-31": "", "2012-12-31": "", "2011-12-31": "", "2010-12-31": "", "2009-12-31": "", "2008-12-31": "", "2007-12-31": "", "2006-12-31": "", "2005-12-31": ""}, "Net Change In Short-term Investments": {"2020-12-31": "", "2019-12-31": "", "2018-12-31": "", "2017-12-31": "", "2016-12-31": "", "2015-12-31": "", "2014-12-31": "", "2013-12-31": "", "2012-12-31": "", "2011-12-31": "", "2010-12-31": "", "2009-12-31": "", "2008-12-31": "", "2007-12-31": "", "2006-12-31": "", "2005-12-31": ""}, "Net Change In Long-Term Investments": {"2020-12-31": "", "2019-12-31": "199.99800", "2018-12-31": "126.22900", "2017-12-31": "240.58400", "2016-12-31": "-57.27700", "2015-12-31": "15.21900", "2014-12-31": "8.22500", "2013-12-31": "-532.07600", "2012-12-31": "34.64100", "2011-12-31": "-21.37100", "2010-12-31": "4.96900", "2009-12-31": "-27.04400", "2008-12-31": "12.10200", "2007-12-31": "17.73500", "2006-12-31": "13.47100", "2005-12-31": "57.33200"}, "Net Change In Investments - Total": {"2020-12-31": "", "2019-12-31": "199.99800", "2018-12-31": "126.22900", "2017-12-31": "240.58400", "2016-12-31": "-57.27700", "2015-12-31": "15.21900", "2014-12-31": "8.22500", "2013-12-31": "-532.07600", "2012-12-31": "34.64100", "2011-12-31": "-21.37100", "2010-12-31": "4.96900", "2009-12-31": "-27.04400", "2008-12-31": "12.10200", "2007-12-31": "17.73500", "2006-12-31": "13.47100", "2005-12-31": "57.33200"}, "Investing Activities - Other": {"2020-12-31": "", "2019-12-31": "-1.81600", "2018-12-31": "-54.88800", "2017-12-31": "-55.95100", "2016-12-31": "12.57100", "2015-12-31": "-12.68300", "2014-12-31": "-406.56400", "2013-12-31": "-2.89300", "2012-12-31": "0.71500", "2011-12-31": "-129.96800", "2010-12-31": "-20.57900", "2009-12-31": "0.74800", "2008-12-31": "-68.98300", "2007-12-31": "0.41200", "2006-12-31": "10.88600", "2005-12-31": "-0.14800"}, "Cash Flow From Investing Activities": {"2020-12-31": "", "2019-12-31": "-378.95300", "2018-12-31": "-173.21900", "2017-12-31": "-285.13300", "2016-12-31": "-1113.90800", "2015-12-31": "-397.41100", "2014-12-31": "-547.94500", "2013-12-31": "-598.83100", "2012-12-31": "-390.70300", "2011-12-31": "-257.64000", "2010-12-31": "-394.81500", "2009-12-31": "-209.00400", "2008-12-31": "-187.09900", "2007-12-31": "-29.90600", "2006-12-31": "-161.35500", "2005-12-31": "-195.34100"}, "Net Long-Term Debt": {"2020-12-31": "", "2019-12-31": "393.76300", "2018-12-31": "-2.04900", "2017-12-31": "93.96110", "2016-12-31": "866.92400", "2015-12-31": "-349.18990", "2014-12-31": "599.60400", "2013-12-31": "44.71300", "2012-12-31": "209.31400", "2011-12-31": "-2.59300", "2010-12-31": "309.29200", "2009-12-31": "100.00000", "2008-12-31": "-40.99500", "2007-12-31": "-1.11100", "2006-12-31": "35.41600", "2005-12-31": "121.20800"}, "Net Current Debt": {"2020-12-31": "", "2019-12-31": "-477.88700", "2018-12-31": "22.99190", "2017-12-31": "70.80200", "2016-12-31": "-51.83000", "2015-12-31": "90.27910", "2014-12-31": "-258.71580", "2013-12-31": "164.76600", "2012-12-31": "-31.62400", "2011-12-31": "268.19500", "2010-12-31": "-125.67900", "2009-12-31": "23.42700", "2008-12-31": "15.50000", "2007-12-31": "-102.00000", "2006-12-31": "92.00000", "2005-12-31": "35.18200"}, "Debt Issuance/Retirement Net - Total": {"2020-12-31": "", "2019-12-31": "-84.12400", "2018-12-31": "20.94290", "2017-12-31": "164.76310", "2016-12-31": "815.09400", "2015-12-31": "-258.91090", "2014-12-31": "340.88820", "2013-12-31": "209.47900", "2012-12-31": "177.69000", "2011-12-31": "265.60200", "2010-12-31": "183.61300", "2009-12-31": "123.42700", "2008-12-31": "-25.49500", "2007-12-31": "-103.11100", "2006-12-31": "127.41600", "2005-12-31": "156.39000"}, "Net Common Equity Issued/Repurchased": {"2020-12-31": "", "2019-12-31": "404.86300", "2018-12-31": "75.53200", "2017-12-31": "22.12000", "2016-12-31": "19.65100", "2015-12-31": "439.32200", "2014-12-31": "61.98100", "2013-12-31": "272.59900", "2012-12-31": "77.61800", "2011-12-31": "28.28200", "2010-12-31": "138.78100", "2009-12-31": "23.02000", "2008-12-31": "195.72000", "2007-12-31": "112.87800", "2006-12-31": "-0.17800", "2005-12-31": "57.71200"}, "Net Total Equity Issued/Repurchased": {"2020-12-31": "", "2019-12-31": "404.86300", "2018-12-31": "75.53200", "2017-12-31": "22.12000", "2016-12-31": "19.65100", "2015-12-31": "439.32200", "2014-12-31": "61.98100", "2013-12-31": "272.59900", "2012-12-31": "77.61800", "2011-12-31": "-80.27400", "2010-12-31": "138.78100", "2009-12-31": "23.02000", "2008-12-31": "188.16000", "2007-12-31": "112.87800", "2006-12-31": "-0.17800", "2005-12-31": "7.69900"}, "Total Common And Preferred Stock Dividends Paid": {"2020-12-31": "", "2019-12-31": "-564.12700", "2018-12-31": "-528.69600", "2017-12-31": "-502.60300", "2016-12-31": "-453.15200", "2015-12-31": "-358.23200", "2014-12-31": "-258.50100", "2013-12-31": "-218.11600", "2012-12-31": "-182.19000", "2011-12-31": "-161.89300", "2010-12-31": "-138.88300", "2009-12-31": "-109.23500", "2008-12-31": "-98.06300", "2007-12-31": "-81.26000", "2006-12-31": "-66.86900", "2005-12-31": "-55.74900"}, "Financial Activities - Other": {"2020-12-31": "", "2019-12-31": "89.42900", "2018-12-31": "21.52000", "2017-12-31": "11.90500", "2016-12-31": "194.70300", "2015-12-31": "112.50500", "2014-12-31": "67.91000", "2013-12-31": "55.82500", "2012-12-31": "110.67400", "2011-12-31": "57.86400", "2010-12-31": "58.49200", "2009-12-31": "26.53000", "2008-12-31": "31.39900", "2007-12-31": "18.10700", "2006-12-31": "34.95600", "2005-12-31": "4.80000"}, "Cash Flow From Financial Activities": {"2020-12-31": "", "2019-12-31": "-153.95900", "2018-12-31": "-410.70100", "2017-12-31": "-303.81500", "2016-12-31": "576.29600", "2015-12-31": "-65.31600", "2014-12-31": "212.27800", "2013-12-31": "319.78700", "2012-12-31": "183.79200", "2011-12-31": "81.29900", "2010-12-31": "242.00300", "2009-12-31": "63.74200", "2008-12-31": "96.00100", "2007-12-31": "-53.38600", "2006-12-31": "95.32500", "2005-12-31": "113.14000"}, "Net Cash Flow": {"2020-12-31": "", "2019-12-31": "21.70900", "2018-12-31": "-85.13700", "2017-12-31": "-10.46800", "2016-12-31": "87.24500", "2015-12-31": "-13.53400", "2014-12-31": "1.87300", "2013-12-31": "0.90500", "2012-12-31": "1.36000", "2011-12-31": "-6.57000", "2010-12-31": "4.75100", "2009-12-31": "1.96100", "2008-12-31": "-1.77000", "2007-12-31": "1.25000", "2006-12-31": "-3.21900", "2005-12-31": "-8.13500"}, "Stock-Based Compensation": {"2020-12-31": "", "2019-12-31": "15.35900", "2018-12-31": "15.98700", "2017-12-31": "15.21200", "2016-12-31": "13.79000", "2015-12-31": "11.13300", "2014-12-31": "8.59200", "2013-12-31": "", "2012-12-31": "", "2011-12-31": "", "2010-12-31": "", "2009-12-31": "", "2008-12-31": "", "2007-12-31": "", "2006-12-31": "", "2005-12-31": ""}, "Common Stock Dividends Paid": {"2020-12-31": "", "2019-12-31": "-564.12700", "2018-12-31": "-528.69600", "2017-12-31": "-502.60300", "2016-12-31": "-453.15200", "2015-12-31": "-358.23200", "2014-12-31": "-258.50100", "2013-12-31": "-218.11600", "2012-12-31": "-182.19000", "2011-12-31": "-161.89300", "2010-12-31": "-138.88300", "2009-12-31": "-109.23500", "2008-12-31": "-98.06300", "2007-12-31": "-81.26000", "2006-12-31": "-66.86900", "2005-12-31": "-55.74900"}}, "cash flow statement, quarterly": {"Net Income/Loss": {"2020-12-31": -100.471, "2020-09-30": -93.768, "2020-06-30": 101.96, "2020-03-31": "92.27900", "2019-12-31": 61.146, "2019-09-30": 142.948, "2019-06-30": 75.671, "2019-03-31": "72.18200", "2018-12-31": 64.903, "2018-09-30": 59.062, "2018-06-30": 81.986, "2018-03-31": "87.93300", "2017-12-31": 65.156, "2017-09-30": -137.515, "2017-06-30": 68.157, "2017-03-31": "109.11200", "2016-12-31": 129.883, "2016-09-30": 82.134, "2016-06-30": 113.154, "2016-03-31": "58.19600", "2015-12-31": 63.543, "2015-09-30": 83.254, "2015-06-30": 43.466, "2015-03-31": "43.05200", "2014-12-31": 56.99, "2014-09-30": 61.713, "2014-06-30": 46.817, "2014-03-31": "55.82900", "2013-12-31": 47.206, "2013-09-30": 38.137, "2013-06-30": 49.058, "2013-03-31": "38.12000", "2012-12-31": 33.923, "2012-09-30": 30.119, "2012-06-30": 30.572, "2012-03-31": "26.08400", "2011-12-31": 19.293, "2011-09-30": 21.436, "2011-06-30": 17.79, "2011-03-31": "-5.91300", "2010-12-31": 4.969, "2010-09-30": 17.007, "2010-06-30": 15.509, "2010-03-31": "20.95100", "2009-12-31": 16.239, "2009-09-30": 21.138, "2009-06-30": 19.822, "2009-03-31": "24.91200", "2008-12-31": 15.709, "2008-09-30": 28.072, "2008-06-30": 17.122, "2008-03-31": "17.23400", "2007-12-31": 17.316, "2007-09-30": 15.349, "2007-06-30": 16.05, "2007-03-31": "20.65900", "2006-12-31": 13.409, "2006-09-30": 14.623, "2006-06-30": 17.49, "2006-03-31": "10.17500", "2005-12-31": 20.972, "2005-09-30": 6.22, "2005-06-30": 2.257, "2005-03-31": "9.30400"}, "Total Depreciation And Amortization - Cash Flow": {"2020-12-31": -246.225, "2020-09-30": 79.872, "2020-06-30": 82.54, "2020-03-31": "83.81300", "2019-12-31": 82.078, "2019-09-30": 77.686, "2019-06-30": 74.315, "2019-03-31": "71.26400", "2018-12-31": 69.646, "2018-09-30": 70.708, "2018-06-30": 69.261, "2018-03-31": "69.91700", "2017-12-31": 74.757, "2017-09-30": 71.254, "2017-06-30": 79.982, "2017-03-31": "69.39900", "2016-12-31": 79.232, "2016-09-30": 65.269, "2016-06-30": 64.816, "2016-03-31": "55.21200", "2015-12-31": 37.815, "2015-09-30": 60.619, "2015-06-30": 58.275, "2015-03-31": "40.14800", "2014-12-31": 30.515, "2014-09-30": 28.529, "2014-06-30": 33.608, "2014-03-31": "33.11900", "2013-12-31": 33.207, "2013-09-30": 33.092, "2013-06-30": 22.084, "2013-03-31": "32.78900", "2012-12-31": 33.783, "2012-09-30": 29.227, "2012-06-30": 26.229, "2012-03-31": "34.94300", "2011-12-31": 26.208, "2011-09-30": 28.683, "2011-06-30": 25.365, "2011-03-31": "25.77500", "2010-12-31": 41.002, "2010-09-30": 27.318, "2010-06-30": 21.304, "2010-03-31": "16.50400", "2009-12-31": 12.941, "2009-09-30": 12.263, "2009-06-30": 12.495, "2009-03-31": "11.91100", "2008-12-31": 11.732, "2008-09-30": 11.102, "2008-06-30": 10.738, "2008-03-31": "10.42200", "2007-12-31": 10.332, "2007-09-30": 10.184, "2007-06-30": 9.639, "2007-03-31": "9.28400", "2006-12-31": 9.563, "2006-09-30": 12.441, "2006-06-30": 8.265, "2006-03-31": "8.46300", "2005-12-31": 7.045, "2005-09-30": 7.099, "2005-06-30": 7.351, "2005-03-31": "7.04400"}, "Other Non-Cash Items": {"2020-12-31": -218.61, "2020-09-30": 212.163, "2020-06-30": 1.539, "2020-03-31": "4.90800", "2019-12-31": 35.256, "2019-09-30": -43.46, "2019-06-30": 17.898, "2019-03-31": "10.64700", "2018-12-31": 17.412, "2018-09-30": 28.583, "2018-06-30": 9.698, "2018-03-31": "-2.92800", "2017-12-31": 21.711, "2017-09-30": 227.232, "2017-06-30": 13.418, "2017-03-31": "2.75700", "2016-12-31": -33.352, "2016-09-30": 17.449, "2016-06-30": -7.322, "2016-03-31": "42.50000", "2015-12-31": 47.166, "2015-09-30": 2.925, "2015-06-30": -2.86, "2015-03-31": "3.85600", "2014-12-31": -1.677, "2014-09-30": 0.504, "2014-06-30": 3.909, "2014-03-31": "-3.28900", "2013-12-31": -0.941, "2013-09-30": 1.979, "2013-06-30": 0.687, "2013-03-31": "-0.54500", "2012-12-31": -3.937, "2012-09-30": -2.288, "2012-06-30": -2.564, "2012-03-31": "-5.63600", "2011-12-31": 3.162, "2011-09-30": -2.097, "2011-06-30": 3.899, "2011-03-31": "24.41400", "2010-12-31": -0.68, "2010-09-30": 2.931, "2010-06-30": -0.736, "2010-03-31": "-0.01700", "2009-12-31": 2.459, "2009-09-30": -0.46, "2009-06-30": 2.469, "2009-03-31": "6.00400", "2008-12-31": 17.075, "2008-09-30": -25.235, "2008-06-30": 4.367, "2008-03-31": "0.93800", "2007-12-31": -0.708, "2007-09-30": 1.568, "2007-06-30": -0.22, "2007-03-31": "-1.72100", "2006-12-31": -2.487, "2006-09-30": -5.822, "2006-06-30": -5.769, "2006-03-31": "0.99800", "2005-12-31": -9.06, "2005-09-30": 3.931, "2005-06-30": 6.179, "2005-03-31": "3.65000"}, "Total Non-Cash Items": {"2020-12-31": -464.835, "2020-09-30": 292.035, "2020-06-30": 84.079, "2020-03-31": "88.72100", "2019-12-31": 117.334, "2019-09-30": 34.226, "2019-06-30": 92.213, "2019-03-31": "81.91100", "2018-12-31": 87.058, "2018-09-30": 99.291, "2018-06-30": 78.959, "2018-03-31": "66.98900", "2017-12-31": 96.4681, "2017-09-30": 298.486, "2017-06-30": 93.4, "2017-03-31": "72.15600", "2016-12-31": 45.88, "2016-09-30": 82.718, "2016-06-30": 57.494, "2016-03-31": "97.71200", "2015-12-31": 84.981, "2015-09-30": 63.544, "2015-06-30": 55.415, "2015-03-31": "44.00400", "2014-12-31": 28.838, "2014-09-30": 29.033, "2014-06-30": 37.517, "2014-03-31": "29.83000", "2013-12-31": 32.266, "2013-09-30": 35.071, "2013-06-30": 22.771, "2013-03-31": "32.24400", "2012-12-31": 29.846, "2012-09-30": 26.939, "2012-06-30": 23.665, "2012-03-31": "29.30700", "2011-12-31": 29.37, "2011-09-30": 26.586, "2011-06-30": 29.264, "2011-03-31": "50.18900", "2010-12-31": 40.322, "2010-09-30": 30.249, "2010-06-30": 20.568, "2010-03-31": "16.48700", "2009-12-31": 15.4, "2009-09-30": 11.803, "2009-06-30": 14.964, "2009-03-31": "17.91500", "2008-12-31": 28.807, "2008-09-30": -14.133, "2008-06-30": 15.105, "2008-03-31": "11.36000", "2007-12-31": 9.624, "2007-09-30": 11.752, "2007-06-30": 9.419, "2007-03-31": "7.56300", "2006-12-31": 7.076, "2006-09-30": 6.619, "2006-06-30": 2.496, "2006-03-31": "9.46100", "2005-12-31": -2.015, "2005-09-30": 11.03, "2005-06-30": 13.53, "2005-03-31": "10.69400"}, "Change In Accounts Receivable": {"2020-12-31": -5.359, "2020-09-30": 5.311, "2020-06-30": 0.355, "2020-03-31": "-0.30700", "2019-12-31": -5.775, "2019-09-30": 22.338, "2019-06-30": -22.974, "2019-03-31": "0.48000", "2018-12-31": 0.103, "2018-09-30": 0.702, "2018-06-30": 6.193, "2018-03-31": "-4.63000", "2017-12-31": -1.203, "2017-09-30": -2.125, "2017-06-30": -11.916, "2017-03-31": "-21.37700", "2016-12-31": -5.079, "2016-09-30": -0.653, "2016-06-30": 0.296, "2016-03-31": "0.56000", "2015-12-31": -0.067, "2015-09-30": -0.814, "2015-06-30": 1.325, "2015-03-31": "-0.19600", "2014-12-31": -0.012, "2014-09-30": -3.164, "2014-06-30": 1.343, "2014-03-31": "-0.43100", "2013-12-31": 0.928, "2013-09-30": -0.208, "2013-06-30": -0.488, "2013-03-31": "0.63500", "2012-12-31": -0.441, "2012-09-30": -0.175, "2012-06-30": 0.194, "2012-03-31": "0.17600", "2011-12-31": -1.818, "2011-09-30": 0.339, "2011-06-30": 0.109, "2011-03-31": "-0.09300", "2010-12-31": 1.988, "2010-09-30": -0.652, "2010-06-30": -1.471, "2010-03-31": "0.09000", "2009-12-31": -0.399, "2009-09-30": 0.075, "2009-06-30": 0.321, "2009-03-31": "-0.17700", "2008-12-31": 0.018, "2008-09-30": 2.792, "2008-06-30": -2.875, "2008-03-31": "0.74600", "2007-12-31": -1.967, "2007-09-30": -0.195, "2007-06-30": -1.389, "2007-03-31": "1.40600", "2006-12-31": 20.04, "2006-09-30": -20.659, "2006-06-30": 0.657, "2006-03-31": "-0.10200", "2005-12-31": 3.426, "2005-09-30": -2.817, "2005-06-30": 0.601, "2005-03-31": "0.94000"}, "Change In Inventories": {"2020-12-31": 0, "2020-09-30": 0, "2020-06-30": 0, "2020-03-31": "", "2019-12-31": 0, "2019-09-30": 0, "2019-06-30": 0, "2019-03-31": "", "2018-12-31": 0, "2018-09-30": 0, "2018-06-30": 0, "2018-03-31": "", "2017-12-31": 0, "2017-09-30": 0, "2017-06-30": 0, "2017-03-31": "", "2016-12-31": 0, "2016-09-30": 0, "2016-06-30": 0, "2016-03-31": "", "2015-12-31": 0, "2015-09-30": 0, "2015-06-30": 0, "2015-03-31": "", "2014-12-31": 0, "2014-09-30": 0, "2014-06-30": 0, "2014-03-31": "", "2013-12-31": 0, "2013-09-30": 0, "2013-06-30": 0, "2013-03-31": "", "2012-12-31": 0, "2012-09-30": 0, "2012-06-30": 0, "2012-03-31": "", "2011-12-31": 0, "2011-09-30": 0, "2011-06-30": 0, "2011-03-31": "", "2010-12-31": 0, "2010-09-30": 0, "2010-06-30": 0, "2010-03-31": "", "2009-12-31": 0, "2009-09-30": 0, "2009-06-30": 0, "2009-03-31": "", "2008-12-31": 0, "2008-09-30": 0, "2008-06-30": 0, "2008-03-31": "", "2007-12-31": 0, "2007-09-30": 0, "2007-06-30": 0, "2007-03-31": "", "2006-12-31": 0, "2006-09-30": 0, "2006-06-30": 0, "2006-03-31": "", "2005-12-31": 0, "2005-09-30": 0, "2005-06-30": 0, "2005-03-31": ""}, "Change In Accounts Payable": {"2020-12-31": 0, "2020-09-30": 0, "2020-06-30": 0, "2020-03-31": "", "2019-12-31": 0, "2019-09-30": 0, "2019-06-30": 0, "2019-03-31": "", "2018-12-31": 0, "2018-09-30": 0, "2018-06-30": 0, "2018-03-31": "", "2017-12-31": 0, "2017-09-30": 0, "2017-06-30": 0, "2017-03-31": "", "2016-12-31": 0, "2016-09-30": 0, "2016-06-30": 0, "2016-03-31": "", "2015-12-31": 0, "2015-09-30": 0, "2015-06-30": 0, "2015-03-31": "", "2014-12-31": 0, "2014-09-30": 0, "2014-06-30": 0, "2014-03-31": "", "2013-12-31": 0, "2013-09-30": 0, "2013-06-30": 0, "2013-03-31": "", "2012-12-31": 0, "2012-09-30": 0, "2012-06-30": 0, "2012-03-31": "", "2011-12-31": 0, "2011-09-30": 0, "2011-06-30": 0, "2011-03-31": "", "2010-12-31": 0, "2010-09-30": 0, "2010-06-30": 0, "2010-03-31": "", "2009-12-31": 0, "2009-09-30": 0, "2009-06-30": 0, "2009-03-31": "", "2008-12-31": 0, "2008-09-30": 0, "2008-06-30": 0, "2008-03-31": "", "2007-12-31": 0, "2007-09-30": 0, "2007-06-30": 0, "2007-03-31": "", "2006-12-31": 0, "2006-09-30": 0, "2006-06-30": 0, "2006-03-31": "", "2005-12-31": 0, "2005-09-30": 0, "2005-06-30": 0, "2005-03-31": ""}, "Change In Assets/Liabilities": {"2020-12-31": 59.768, "2020-09-30": -22.125, "2020-06-30": 3.982, "2020-03-31": "-41.62500", "2019-12-31": -24.713, "2019-09-30": -59.169, "2019-06-30": 10.427, "2019-03-31": "-44.49800", "2018-12-31": -1.156, "2018-09-30": -27.756, "2018-06-30": -2.872, "2018-03-31": "-97.39200", "2017-12-31": -9.777, "2017-09-30": 4.222, "2017-06-30": 2.012, "2017-03-31": "-47.34400", "2016-12-31": -3.148, "2016-09-30": 6.143, "2016-06-30": -11.228, "2016-03-31": "-29.28900", "2015-12-31": -21.845, "2015-09-30": -16.272, "2015-06-30": -10.408, "2015-03-31": "16.43400", "2014-12-31": -7.87, "2014-09-30": 5.257, "2014-06-30": 3.022, "2014-03-31": "-7.17200", "2013-12-31": -0.501, "2013-09-30": 5.722, "2013-06-30": -7.613, "2013-03-31": "-13.39900", "2012-12-31": -12.024, "2012-09-30": 5.66, "2012-06-30": -9.551, "2012-03-31": "-6.02300", "2011-12-31": -6.092, "2011-09-30": 3.505, "2011-06-30": -8.717, "2011-03-31": "-5.47700", "2010-12-31": -0.16, "2010-09-30": -2.098, "2010-06-30": -7.465, "2010-03-31": "1.26900", "2009-12-31": 1.548, "2009-09-30": 0.482, "2009-06-30": 0.433, "2009-03-31": "2.74700", "2008-12-31": -15.351, "2008-09-30": -11.149, "2008-06-30": -3.194, "2008-03-31": "-0.86300", "2007-12-31": -4.037, "2007-09-30": -0.456, "2007-06-30": -2.696, "2007-03-31": "-8.28200", "2006-12-31": -25.145, "2006-09-30": 3.937, "2006-06-30": -3.26, "2006-03-31": "3.64700", "2005-12-31": -4.185, "2005-09-30": 4.667, "2005-06-30": -4.545, "2005-03-31": "1.60200"}, "Total Change In Assets/Liabilities": {"2020-12-31": 54.409, "2020-09-30": -16.814, "2020-06-30": 4.337, "2020-03-31": "-41.93200", "2019-12-31": -30.488, "2019-09-30": -36.831, "2019-06-30": -12.547, "2019-03-31": "-44.01800", "2018-12-31": -1.053, "2018-09-30": -27.054, "2018-06-30": 3.321, "2018-03-31": "-102.02200", "2017-12-31": -10.98, "2017-09-30": 2.097, "2017-06-30": -9.904, "2017-03-31": "-68.72100", "2016-12-31": -8.227, "2016-09-30": 5.49, "2016-06-30": -10.932, "2016-03-31": "-28.72900", "2015-12-31": -21.912, "2015-09-30": -17.086, "2015-06-30": -9.083, "2015-03-31": "16.23800", "2014-12-31": -7.882, "2014-09-30": 2.093, "2014-06-30": 4.365, "2014-03-31": "-7.60300", "2013-12-31": 0.427, "2013-09-30": 5.514, "2013-06-30": -8.101, "2013-03-31": "-12.76400", "2012-12-31": -12.465, "2012-09-30": 5.485, "2012-06-30": -9.357, "2012-03-31": "-5.84700", "2011-12-31": -7.91, "2011-09-30": 3.844, "2011-06-30": -8.608, "2011-03-31": "-5.57000", "2010-12-31": 1.828, "2010-09-30": -2.75, "2010-06-30": -8.936, "2010-03-31": "1.35900", "2009-12-31": 1.149, "2009-09-30": 0.557, "2009-06-30": 0.754, "2009-03-31": "2.57000", "2008-12-31": -15.332, "2008-09-30": -8.43, "2008-06-30": -6.069, "2008-03-31": "-0.11700", "2007-12-31": -9.372, "2007-09-30": -2.857, "2007-06-30": -4.085, "2007-03-31": "-6.87600", "2006-12-31": -4.497, "2006-09-30": -16.122, "2006-06-30": -2.013, "2006-03-31": "4.09400", "2005-12-31": -0.15, "2005-09-30": 3.626, "2005-06-30": -3.944, "2005-03-31": "2.54200"}, "Cash Flow From Operating Activities": {"2020-12-31": -510.897, "2020-09-30": 181.453, "2020-06-30": 190.376, "2020-03-31": "139.06800", "2019-12-31": 147.992, "2019-09-30": 140.343, "2019-06-30": 155.337, "2019-03-31": "110.07500", "2018-12-31": 150.908, "2018-09-30": 131.299, "2018-06-30": 164.266, "2018-03-31": "52.90000", "2017-12-31": 150.644, "2017-09-30": 163.068, "2017-06-30": 151.653, "2017-03-31": "112.54700", "2016-12-31": 167.536, "2016-09-30": 170.342, "2016-06-30": 159.716, "2016-03-31": "127.17900", "2015-12-31": 126.612, "2015-09-30": 129.712, "2015-06-30": 89.798, "2015-03-31": "103.29400", "2014-12-31": 77.946, "2014-09-30": 92.839, "2014-06-30": 88.699, "2014-03-31": "78.05600", "2013-12-31": 79.899, "2013-09-30": 78.722, "2013-06-30": 63.728, "2013-03-31": "57.60000", "2012-12-31": 51.304, "2012-09-30": 62.543, "2012-06-30": 44.88, "2012-03-31": "49.54400", "2011-12-31": 40.753, "2011-09-30": 51.866, "2011-06-30": 38.446, "2011-03-31": "38.70600", "2010-12-31": 47.119, "2010-09-30": 44.506, "2010-06-30": 27.141, "2010-03-31": "38.79700", "2009-12-31": 32.788, "2009-09-30": 33.498, "2009-06-30": 35.54, "2009-03-31": "45.39700", "2008-12-31": 29.184, "2008-09-30": 5.509, "2008-06-30": 26.158, "2008-03-31": "28.47700", "2007-12-31": 17.568, "2007-09-30": 24.244, "2007-06-30": 21.384, "2007-03-31": "21.34600", "2006-12-31": 15.988, "2006-09-30": 5.12, "2006-06-30": 17.973, "2006-03-31": "23.73000", "2005-12-31": 18.807, "2005-09-30": 20.876, "2005-06-30": 11.843, "2005-03-31": "22.54000"}, "Net Change In Property, Plant, And Equipment": {"2020-12-31": 116.239, "2020-09-30": -75.297, "2020-06-30": -0.45, "2020-03-31": "-40.49200", "2019-12-31": -348.505, "2019-09-30": -72.035, "2019-06-30": -55.929, "2019-03-31": "-41.05000", "2018-12-31": -68.631, "2018-09-30": -40.689, "2018-06-30": -103.789, "2018-03-31": "-31.45100", "2017-12-31": -32.137, "2017-09-30": -246.024, "2017-06-30": -162.47, "2017-03-31": "-31.47600", "2016-12-31": -33.933, "2016-09-30": -363.6489, "2016-06-30": -229.6561, "2016-03-31": "-441.96400", "2015-12-31": -33.085, "2015-09-30": -240.672, "2015-06-30": -193.293, "2015-03-31": "-17.75500", "2014-12-31": -89.422, "2014-09-30": -29.822, "2014-06-30": -22.328, "2014-03-31": "-8.03400", "2013-12-31": -22.73, "2013-09-30": -23.825, "2013-06-30": -8.979, "2013-03-31": "-8.32800", "2012-12-31": -173.292, "2012-09-30": -211.638, "2012-06-30": -31.292, "2012-03-31": "-9.83700", "2011-12-31": -94.191, "2011-09-30": -3.894, "2011-06-30": -3.891, "2011-03-31": "-4.32500", "2010-12-31": -10.367, "2010-09-30": -8.655, "2010-06-30": -351.044, "2010-03-31": "-9.13900", "2009-12-31": -168.068, "2009-09-30": -7.115, "2009-06-30": -4.405, "2009-03-31": "-3.12000", "2008-12-31": -23.789, "2008-09-30": -44.2, "2008-06-30": -51.695, "2008-03-31": "-10.53400", "2007-12-31": -3.087, "2007-09-30": -40.947, "2007-06-30": -2.451, "2007-03-31": "-1.56800", "2006-12-31": -1.39, "2006-09-30": -180.673, "2006-06-30": -2.29, "2006-03-31": "-1.35900", "2005-12-31": -129.08, "2005-09-30": -1.411, "2005-06-30": -62.654, "2005-03-31": "-59.38000"}, "Net Change In Intangible Assets": {"2020-12-31": 0, "2020-09-30": 0, "2020-06-30": 0, "2020-03-31": "", "2019-12-31": 0, "2019-09-30": 0, "2019-06-30": 0, "2019-03-31": "", "2018-12-31": 0, "2018-09-30": 0, "2018-06-30": 0, "2018-03-31": "", "2017-12-31": 0, "2017-09-30": 0, "2017-06-30": 0, "2017-03-31": "", "2016-12-31": 0, "2016-09-30": 0, "2016-06-30": 0, "2016-03-31": "", "2015-12-31": 0, "2015-09-30": 0, "2015-06-30": 0, "2015-03-31": "", "2014-12-31": 0, "2014-09-30": 0, "2014-06-30": 0, "2014-03-31": "", "2013-12-31": 0, "2013-09-30": 0, "2013-06-30": 0, "2013-03-31": "", "2012-12-31": 0, "2012-09-30": 0, "2012-06-30": 0, "2012-03-31": "", "2011-12-31": 0, "2011-09-30": 0, "2011-06-30": 0, "2011-03-31": "", "2010-12-31": 0, "2010-09-30": 0, "2010-06-30": 0, "2010-03-31": "", "2009-12-31": 0, "2009-09-30": 0, "2009-06-30": 0, "2009-03-31": "", "2008-12-31": 0, "2008-09-30": 0, "2008-06-30": 0, "2008-03-31": "", "2007-12-31": 0, "2007-09-30": 0, "2007-06-30": 0, "2007-03-31": "", "2006-12-31": 0, "2006-09-30": 0, "2006-06-30": 0, "2006-03-31": "", "2005-12-31": 0, "2005-09-30": 0, "2005-06-30": 0, "2005-03-31": ""}, "Net Acquisitions/Divestitures": {"2020-12-31": 0, "2020-09-30": 0, "2020-06-30": 19.085, "2020-03-31": "-19.08500", "2019-12-31": 22.05, "2019-09-30": 2.482, "2019-06-30": -78.269, "2019-03-31": "-5.87900", "2018-12-31": 0, "2018-09-30": 0, "2018-06-30": 29.672, "2018-03-31": "-29.67200", "2017-12-31": 0, "2017-09-30": 0, "2017-06-30": 2.341, "2017-03-31": "", "2016-12-31": 0, "2016-09-30": 0, "2016-06-30": 0, "2016-03-31": "", "2015-12-31": 0, "2015-09-30": 0, "2015-06-30": 84.858, "2015-03-31": "", "2014-12-31": 0, "2014-09-30": 0, "2014-06-30": 0, "2014-03-31": "", "2013-12-31": 0, "2013-09-30": 0, "2013-06-30": 0, "2013-03-31": "", "2012-12-31": 0, "2012-09-30": 0, "2012-06-30": 0, "2012-03-31": "", "2011-12-31": 0, "2011-09-30": 0, "2011-06-30": 0, "2011-03-31": "", "2010-12-31": 0, "2010-09-30": 0, "2010-06-30": 0, "2010-03-31": "", "2009-12-31": 0, "2009-09-30": 0, "2009-06-30": 0, "2009-03-31": "", "2008-12-31": 0, "2008-09-30": 0, "2008-06-30": 0, "2008-03-31": "", "2007-12-31": 0, "2007-09-30": 0, "2007-06-30": 0, "2007-03-31": "", "2006-12-31": 0, "2006-09-30": 0, "2006-06-30": 0, "2006-03-31": "", "2005-12-31": 0, "2005-09-30": 0, "2005-06-30": 0, "2005-03-31": ""}, "Net Change In Short-term Investments": {"2020-12-31": 0, "2020-09-30": 0, "2020-06-30": 0, "2020-03-31": "", "2019-12-31": 0, "2019-09-30": 0, "2019-06-30": 0, "2019-03-31": "", "2018-12-31": 0, "2018-09-30": 0, "2018-06-30": 0, "2018-03-31": "", "2017-12-31": 0, "2017-09-30": 0, "2017-06-30": 0, "2017-03-31": "", "2016-12-31": 0, "2016-09-30": 0, "2016-06-30": 0, "2016-03-31": "", "2015-12-31": 0, "2015-09-30": 0, "2015-06-30": 0, "2015-03-31": "", "2014-12-31": 0, "2014-09-30": 0, "2014-06-30": 0, "2014-03-31": "", "2013-12-31": 0, "2013-09-30": 0, "2013-06-30": 0, "2013-03-31": "", "2012-12-31": 0, "2012-09-30": 0, "2012-06-30": 0, "2012-03-31": "", "2011-12-31": 0, "2011-09-30": 0, "2011-06-30": 0, "2011-03-31": "", "2010-12-31": 0, "2010-09-30": 0, "2010-06-30": 0, "2010-03-31": "", "2009-12-31": 0, "2009-09-30": 0, "2009-06-30": 0, "2009-03-31": "", "2008-12-31": 0, "2008-09-30": 0, "2008-06-30": 0, "2008-03-31": "", "2007-12-31": 0, "2007-09-30": 0, "2007-06-30": 0, "2007-03-31": "", "2006-12-31": 0, "2006-09-30": 0, "2006-06-30": 0, "2006-03-31": "", "2005-12-31": 0, "2005-09-30": 0, "2005-06-30": 0, "2005-03-31": ""}, "Net Change In Long-Term Investments": {"2020-12-31": -13.747, "2020-09-30": 68.513, "2020-06-30": -48.549, "2020-03-31": "-6.21700", "2019-12-31": -6.483, "2019-09-30": 131.48, "2019-06-30": -3.96, "2019-03-31": "78.96100", "2018-12-31": 75.597, "2018-09-30": -99.486, "2018-06-30": 111.46, "2018-03-31": "38.65800", "2017-12-31": 185.703, "2017-09-30": -15.435, "2017-06-30": 25.66, "2017-03-31": "44.65600", "2016-12-31": 72.573, "2016-09-30": -199.515, "2016-06-30": 181.815, "2016-03-31": "-112.15000", "2015-12-31": -7.468, "2015-09-30": 18.235, "2015-06-30": 2.042, "2015-03-31": "2.41000", "2014-12-31": 2.93, "2014-09-30": 4.405, "2014-06-30": -3.808, "2014-03-31": "4.69800", "2013-12-31": -538.477, "2013-09-30": 1.171, "2013-06-30": 6.428, "2013-03-31": "-1.19800", "2012-12-31": 3.297, "2012-09-30": 2.856, "2012-06-30": 7.429, "2012-03-31": "21.05900", "2011-12-31": -23.862, "2011-09-30": 3.034, "2011-06-30": -0.93, "2011-03-31": "0.38700", "2010-12-31": 2.604, "2010-09-30": 2.144, "2010-06-30": 14.054, "2010-03-31": "-13.83300", "2009-12-31": -27.569, "2009-09-30": 0.309, "2009-06-30": -16.587, "2009-03-31": "16.80300", "2008-12-31": -10.303, "2008-09-30": 26.416, "2008-06-30": -4.813, "2008-03-31": "0.80200", "2007-12-31": 5.63, "2007-09-30": 9.572, "2007-06-30": -2.282, "2007-03-31": "4.81500", "2006-12-31": 6.517, "2006-09-30": 9.394, "2006-06-30": -0.654, "2006-03-31": "-1.78600", "2005-12-31": 35.803, "2005-09-30": 1.169, "2005-06-30": 12.976, "2005-03-31": "7.38400"}, "Net Change In Investments - Total": {"2020-12-31": -13.747, "2020-09-30": 68.513, "2020-06-30": -48.549, "2020-03-31": "-6.21700", "2019-12-31": -6.483, "2019-09-30": 131.48, "2019-06-30": -3.96, "2019-03-31": "78.96100", "2018-12-31": 75.597, "2018-09-30": -99.486, "2018-06-30": 111.46, "2018-03-31": "38.65800", "2017-12-31": 185.703, "2017-09-30": -15.435, "2017-06-30": 25.66, "2017-03-31": "44.65600", "2016-12-31": 72.573, "2016-09-30": -199.515, "2016-06-30": 181.815, "2016-03-31": "-112.15000", "2015-12-31": -7.468, "2015-09-30": 18.235, "2015-06-30": 2.042, "2015-03-31": "2.41000", "2014-12-31": 2.93, "2014-09-30": 4.405, "2014-06-30": -3.808, "2014-03-31": "4.69800", "2013-12-31": -538.477, "2013-09-30": 1.171, "2013-06-30": 6.428, "2013-03-31": "-1.19800", "2012-12-31": 3.297, "2012-09-30": 2.856, "2012-06-30": 7.429, "2012-03-31": "21.05900", "2011-12-31": -23.862, "2011-09-30": 3.034, "2011-06-30": -0.93, "2011-03-31": "0.38700", "2010-12-31": 2.604, "2010-09-30": 2.144, "2010-06-30": 14.054, "2010-03-31": "-13.83300", "2009-12-31": -27.569, "2009-09-30": 0.309, "2009-06-30": -16.587, "2009-03-31": "16.80300", "2008-12-31": -10.303, "2008-09-30": 26.416, "2008-06-30": -4.813, "2008-03-31": "0.80200", "2007-12-31": 5.63, "2007-09-30": 9.572, "2007-06-30": -2.282, "2007-03-31": "4.81500", "2006-12-31": 6.517, "2006-09-30": 9.394, "2006-06-30": -0.654, "2006-03-31": "-1.78600", "2005-12-31": 35.803, "2005-09-30": 1.169, "2005-06-30": 12.976, "2005-03-31": "7.38400"}, "Investing Activities - Other": {"2020-12-31": -46.52, "2020-09-30": 47.552, "2020-06-30": -11.672, "2020-03-31": "10.64000", "2019-12-31": -117.546, "2019-09-30": 24.616, "2019-06-30": 51.02, "2019-03-31": "40.09400", "2018-12-31": -29.633, "2018-09-30": -4.127, "2018-06-30": -42.146, "2018-03-31": "21.01800", "2017-12-31": -38.651, "2017-09-30": -2.736, "2017-06-30": -17.735, "2017-03-31": "3.17100", "2016-12-31": -17.683, "2016-09-30": 137.267, "2016-06-30": 12.653, "2016-03-31": "-119.66600", "2015-12-31": -6.107, "2015-09-30": -3.61, "2015-06-30": 0.216, "2015-03-31": "-3.18200", "2014-12-31": -0.489, "2014-09-30": 4.746, "2014-06-30": -293.774, "2014-03-31": "-117.04700", "2013-12-31": 32.171, "2013-09-30": -2.184, "2013-06-30": -30.95, "2013-03-31": "-1.93000", "2012-12-31": 7.479, "2012-09-30": -2.052, "2012-06-30": -3.522, "2012-03-31": "-1.19000", "2011-12-31": -119.561, "2011-09-30": -5.837, "2011-06-30": -2.841, "2011-03-31": "-1.72900", "2010-12-31": -18.267, "2010-09-30": -2.357, "2010-06-30": 0.015, "2010-03-31": "0.03000", "2009-12-31": 0.345, "2009-09-30": 0.137, "2009-06-30": 13.988, "2009-03-31": "-13.72200", "2008-12-31": 5.264, "2008-09-30": 0.233, "2008-06-30": -74.702, "2008-03-31": "0.22200", "2007-12-31": 0.198, "2007-09-30": 0.19, "2007-06-30": 0.185, "2007-03-31": "-0.16100", "2006-12-31": 0.298, "2006-09-30": 0.196, "2006-06-30": 10.196, "2006-03-31": "0.19600", "2005-12-31": -61.017, "2005-09-30": 13.066, "2005-06-30": -12.318, "2005-03-31": "60.12100"}, "Cash Flow From Investing Activities": {"2020-12-31": 55.972, "2020-09-30": 40.768, "2020-06-30": -41.586, "2020-03-31": "-55.15400", "2019-12-31": -450.484, "2019-09-30": 86.543, "2019-06-30": -87.138, "2019-03-31": "72.12600", "2018-12-31": -22.667, "2018-09-30": -144.302, "2018-06-30": -4.803, "2018-03-31": "-1.44700", "2017-12-31": 114.915, "2017-09-30": -264.195, "2017-06-30": -152.204, "2017-03-31": "16.35100", "2016-12-31": 20.957, "2016-09-30": -425.897, "2016-06-30": -35.188, "2016-03-31": "-673.78000", "2015-12-31": -46.66, "2015-09-30": -226.047, "2015-06-30": -106.177, "2015-03-31": "-18.52700", "2014-12-31": -86.981, "2014-09-30": -20.671, "2014-06-30": -319.91, "2014-03-31": "-120.38300", "2013-12-31": -529.036, "2013-09-30": -24.838, "2013-06-30": -33.501, "2013-03-31": "-11.45600", "2012-12-31": -162.516, "2012-09-30": -210.834, "2012-06-30": -27.385, "2012-03-31": "10.03200", "2011-12-31": -237.614, "2011-09-30": -6.697, "2011-06-30": -7.662, "2011-03-31": "-5.66700", "2010-12-31": -26.03, "2010-09-30": -8.868, "2010-06-30": -336.975, "2010-03-31": "-22.94200", "2009-12-31": -195.292, "2009-09-30": -6.669, "2009-06-30": -7.004, "2009-03-31": "-0.03900", "2008-12-31": -28.828, "2008-09-30": -17.551, "2008-06-30": -131.21, "2008-03-31": "-9.51000", "2007-12-31": 2.741, "2007-09-30": -31.185, "2007-06-30": -4.548, "2007-03-31": "3.08600", "2006-12-31": 5.425, "2006-09-30": -171.083, "2006-06-30": 7.252, "2006-03-31": "-2.94900", "2005-12-31": -154.294, "2005-09-30": 12.824, "2005-06-30": -61.996, "2005-03-31": "8.12500"}, "Net Long-Term Debt": {"2020-12-31": 18.329, "2020-09-30": -14.625, "2020-06-30": -1.859, "2020-03-31": "-1.84500", "2019-12-31": -1.222, "2019-09-30": 392.71, "2019-06-30": 0, "2019-03-31": "2.27500", "2018-12-31": 0, "2018-09-30": 70, "2018-06-30": -71.721, "2018-03-31": "-0.32800", "2017-12-31": -0.3249, "2017-09-30": -0.324, "2017-06-30": 94.928, "2017-03-31": "-0.31800", "2016-12-31": -0.315, "2016-09-30": 517.859, "2016-06-30": -0.311, "2016-03-31": "349.69100", "2015-12-31": 265.7471, "2015-09-30": -17.1681, "2015-06-30": -939.7079, "2015-03-31": "341.93900", "2014-12-31": -4.512, "2014-09-30": 212.286, "2014-06-30": -1.252, "2014-03-31": "393.08200", "2013-12-31": 98.776, "2013-09-30": -1.21, "2013-06-30": -52.211, "2013-03-31": "-0.64200", "2012-12-31": -1.029, "2012-09-30": -0.983, "2012-06-30": -12.667, "2012-03-31": "223.99300", "2011-12-31": -0.757, "2011-09-30": -0.62, "2011-06-30": -0.612, "2011-03-31": "-0.60400", "2010-12-31": 172.618, "2010-09-30": -0.528, "2010-06-30": 0, "2010-03-31": "137.20200", "2009-12-31": 100, "2009-09-30": 0, "2009-06-30": 0, "2009-03-31": "", "2008-12-31": -1.56, "2008-09-30": -0.435, "2008-06-30": 0, "2008-03-31": "-39.00000", "2007-12-31": -0.001, "2007-09-30": -46.51, "2007-06-30": 45.991, "2007-03-31": "-0.59100", "2006-12-31": -2.439, "2006-09-30": -0.39, "2006-06-30": 0, "2006-03-31": "38.24500", "2005-12-31": 121.578, "2005-09-30": -0.37, "2005-06-30": 0, "2005-03-31": ""}, "Net Current Debt": {"2020-12-31": -45.57, "2020-09-30": -50.896, "2020-06-30": -300, "2020-03-31": "396.46600", "2019-12-31": 124.2671, "2019-09-30": -504.0541, "2019-06-30": 19.9, "2019-03-31": "-118.00000", "2018-12-31": -47.0001, "2018-09-30": 69.992, "2018-06-30": -64.992, "2018-03-31": "64.99200", "2017-12-31": -104.198, "2017-09-30": 238.483, "2017-06-30": 4.08, "2017-03-31": "-67.56300", "2016-12-31": -44.83, "2016-09-30": -243.419, "2016-06-30": -60.005, "2016-03-31": "296.42400", "2015-12-31": -344.0119, "2015-09-30": 194.4139, "2015-06-30": 346.1951, "2015-03-31": "-106.31800", "2014-12-31": 81.6032, "2014-09-30": -271.579, "2014-06-30": 261.415, "2014-03-31": "-330.15500", "2013-12-31": 223.819, "2013-09-30": -5.021, "2013-06-30": 4.774, "2013-03-31": "-58.80600", "2012-12-31": 152.026, "2012-09-30": 99.77, "2012-06-30": -25.403, "2012-03-31": "-258.01700", "2011-12-31": 227.431, "2011-09-30": -11.595, "2011-06-30": -16.107, "2011-03-31": "68.46600", "2010-12-31": -165.348, "2010-09-30": -78.407, "2010-06-30": 216.467, "2010-03-31": "-98.39100", "2009-12-31": 82.501, "2009-09-30": -37.215, "2009-06-30": -13.359, "2009-03-31": "-8.50000", "2008-12-31": 29.5, "2008-09-30": -68, "2008-06-30": 20, "2008-03-31": "34.00000", "2007-12-31": -4, "2007-09-30": 68.092, "2007-06-30": -163.092, "2007-03-31": "-3.00000", "2006-12-31": -7.5, "2006-09-30": 157.5, "2006-06-30": -4.5, "2006-03-31": "-53.50000", "2005-12-31": -30.518, "2005-09-30": -20.8, "2005-06-30": 101.5, "2005-03-31": "-15.00000"}, "Debt Issuance/Retirement Net - Total": {"2020-12-31": -27.241, "2020-09-30": -65.521, "2020-06-30": -301.859, "2020-03-31": "394.62100", "2019-12-31": 123.0451, "2019-09-30": -111.3441, "2019-06-30": 19.9, "2019-03-31": "-115.72500", "2018-12-31": -47.0001, "2018-09-30": 139.992, "2018-06-30": -136.713, "2018-03-31": "64.66400", "2017-12-31": -104.5229, "2017-09-30": 238.159, "2017-06-30": 99.008, "2017-03-31": "-67.88100", "2016-12-31": -45.145, "2016-09-30": 274.44, "2016-06-30": -60.316, "2016-03-31": "646.11500", "2015-12-31": -78.2649, "2015-09-30": 177.2458, "2015-06-30": -593.5128, "2015-03-31": "235.62100", "2014-12-31": 77.0911, "2014-09-30": -59.2929, "2014-06-30": 260.163, "2014-03-31": "62.92700", "2013-12-31": 322.595, "2013-09-30": -6.231, "2013-06-30": -47.437, "2013-03-31": "-59.44800", "2012-12-31": 150.997, "2012-09-30": 98.787, "2012-06-30": -38.07, "2012-03-31": "-34.02400", "2011-12-31": 226.674, "2011-09-30": -12.215, "2011-06-30": -16.719, "2011-03-31": "67.86200", "2010-12-31": 7.27, "2010-09-30": -78.935, "2010-06-30": 216.467, "2010-03-31": "38.81100", "2009-12-31": 182.501, "2009-09-30": -37.215, "2009-06-30": -13.359, "2009-03-31": "-8.50000", "2008-12-31": 27.94, "2008-09-30": -68.435, "2008-06-30": 20, "2008-03-31": "-5.00000", "2007-12-31": -4.001, "2007-09-30": 21.582, "2007-06-30": -117.101, "2007-03-31": "-3.59100", "2006-12-31": -9.939, "2006-09-30": 157.11, "2006-06-30": -4.5, "2006-03-31": "-15.25500", "2005-12-31": 91.06, "2005-09-30": -21.17, "2005-06-30": 101.5, "2005-03-31": "-15.00000"}, "Net Common Equity Issued/Repurchased": {"2020-12-31": -1.788, "2020-09-30": 3.36, "2020-06-30": -3.403, "2020-03-31": "1.83100", "2019-12-31": 297.819, "2019-09-30": 7.37, "2019-06-30": 23.127, "2019-03-31": "76.54700", "2018-12-31": 49.984, "2018-09-30": 25.548, "2018-06-30": 0.029, "2018-03-31": "-0.02900", "2017-12-31": -0.076, "2017-09-30": 15.562, "2017-06-30": 1.995, "2017-03-31": "4.63900", "2016-12-31": 19.651, "2016-09-30": -0.487, "2016-06-30": 2.868, "2016-03-31": "-2.38100", "2015-12-31": -0.416, "2015-09-30": 6.684, "2015-06-30": -6.965, "2015-03-31": "440.01900", "2014-12-31": -0.016, "2014-09-30": 5.788, "2014-06-30": 28.391, "2014-03-31": "27.81800", "2013-12-31": 112.44, "2013-09-30": 61.895, "2013-06-30": 46.811, "2013-03-31": "51.45300", "2012-12-31": -0.055, "2012-09-30": 62.099, "2012-06-30": 10.404, "2012-03-31": "5.17000", "2011-12-31": -2.955, "2011-09-30": -0.113, "2011-06-30": 3.242, "2011-03-31": "28.10800", "2010-12-31": 1.847, "2010-09-30": 63.409, "2010-06-30": 36.786, "2010-03-31": "36.73900", "2009-12-31": -0.075, "2009-09-30": 23.304, "2009-06-30": -0.209, "2009-03-31": "", "2008-12-31": -0.256, "2008-09-30": 97.148, "2008-06-30": 98.828, "2008-03-31": "", "2007-12-31": 0, "2007-09-30": 0, "2007-06-30": 112.878, "2007-03-31": "", "2006-12-31": 0, "2006-09-30": 0, "2006-06-30": -0.024, "2006-03-31": "-0.15400", "2005-12-31": 57.74, "2005-09-30": 0, "2005-06-30": 0, "2005-03-31": "-0.02800"}, "Net Total Equity Issued/Repurchased": {"2020-12-31": -1.788, "2020-09-30": 3.36, "2020-06-30": -3.403, "2020-03-31": "1.83100", "2019-12-31": 297.819, "2019-09-30": 7.37, "2019-06-30": 23.127, "2019-03-31": "76.54700", "2018-12-31": 49.984, "2018-09-30": 25.548, "2018-06-30": 0.029, "2018-03-31": "-0.02900", "2017-12-31": -0.076, "2017-09-30": 15.562, "2017-06-30": 1.995, "2017-03-31": "4.63900", "2016-12-31": 19.651, "2016-09-30": -0.487, "2016-06-30": 2.868, "2016-03-31": "-2.38100", "2015-12-31": -0.416, "2015-09-30": 6.684, "2015-06-30": -6.965, "2015-03-31": "440.01900", "2014-12-31": -0.016, "2014-09-30": 5.788, "2014-06-30": 28.391, "2014-03-31": "27.81800", "2013-12-31": 112.44, "2013-09-30": 61.895, "2013-06-30": 46.811, "2013-03-31": "51.45300", "2012-12-31": -0.055, "2012-09-30": 62.099, "2012-06-30": 10.404, "2012-03-31": "5.17000", "2011-12-31": -2.955, "2011-09-30": -0.113, "2011-06-30": 3.238, "2011-03-31": "-80.44400", "2010-12-31": 1.847, "2010-09-30": 63.409, "2010-06-30": 36.786, "2010-03-31": "36.73900", "2009-12-31": -0.075, "2009-09-30": 23.304, "2009-06-30": -0.209, "2009-03-31": "", "2008-12-31": -7.816, "2008-09-30": 97.148, "2008-06-30": 98.828, "2008-03-31": "", "2007-12-31": 0, "2007-09-30": 0, "2007-06-30": 112.878, "2007-03-31": "", "2006-12-31": 0, "2006-09-30": 0, "2006-06-30": -0.024, "2006-03-31": "-0.15400", "2005-12-31": 57.74, "2005-09-30": 0, "2005-06-30": -50.013, "2005-03-31": "-0.02800"}, "Total Common And Preferred Stock Dividends Paid": {"2020-12-31": 459.743, "2020-09-30": -152.579, "2020-06-30": -152.561, "2020-03-31": "-154.60300", "2019-12-31": -146.875, "2019-09-30": -143.441, "2019-06-30": -137.178, "2019-03-31": "-136.63300", "2018-12-31": -132.958, "2018-09-30": -395.738, "2018-06-30": 131.449, "2018-03-31": "-131.44900", "2017-12-31": -129.179, "2017-09-30": -126.702, "2017-06-30": -124.45, "2017-03-31": "-122.27200", "2016-12-31": -119.489, "2016-09-30": -116.595, "2016-06-30": -109.568, "2016-03-31": "-107.50000", "2015-12-31": -105.127, "2015-09-30": -101.718, "2015-06-30": -83.126, "2015-03-31": "-68.26100", "2014-12-31": -67.232, "2014-09-30": -65.777, "2014-06-30": -63.822, "2014-03-31": "-61.67000", "2013-12-31": -59.043, "2013-09-30": -55.063, "2013-06-30": -53.431, "2013-03-31": "-50.57900", "2012-12-31": -49.512, "2012-09-30": -45.661, "2012-06-30": -44.437, "2012-03-31": "-42.58000", "2011-12-31": -41.438, "2011-09-30": -41.411, "2011-06-30": -38.776, "2011-03-31": "-40.26800", "2010-12-31": -39.811, "2010-09-30": -36.42, "2010-06-30": -32.053, "2010-03-31": "-30.59900", "2009-12-31": -27.855, "2009-09-30": -27.301, "2009-06-30": -27.044, "2009-03-31": "-27.03500", "2008-12-31": -27.041, "2008-09-30": -25.267, "2008-06-30": -23.316, "2008-03-31": "-22.43900", "2007-12-31": -21.602, "2007-09-30": -20.917, "2007-06-30": -20.635, "2007-03-31": "-18.10600", "2006-12-31": -17.513, "2006-09-30": -17.247, "2006-06-30": -16.424, "2006-03-31": "-15.68500", "2005-12-31": -13.835, "2005-09-30": -13.78, "2005-06-30": -10.762, "2005-03-31": "-17.37200"}, "Financial Activities - Other": {"2020-12-31": 16.814, "2020-09-30": -8.71, "2020-06-30": -1.412, "2020-03-31": "-6.69200", "2019-12-31": 18.29, "2019-09-30": 28.941, "2019-06-30": 18.977, "2019-03-31": "23.22100", "2018-12-31": 2.379, "2018-09-30": 241.148, "2018-06-30": -219.282, "2018-03-31": "-2.72500", "2017-12-31": 29.954, "2017-09-30": -24.459, "2017-06-30": 4.685, "2017-03-31": "1.72500", "2016-12-31": 16.577, "2016-09-30": 97.534, "2016-06-30": 66.137, "2016-03-31": "14.45500", "2015-12-31": 79.606, "2015-09-30": 4.438, "2015-06-30": 24.953, "2015-03-31": "3.50800", "2014-12-31": 3.229, "2014-09-30": 18.877, "2014-06-30": 14.794, "2014-03-31": "31.01000", "2013-12-31": 8.004, "2013-09-30": 6.233, "2013-06-30": 5.258, "2013-03-31": "36.33000", "2012-12-31": 4.542, "2012-09-30": 37.156, "2012-06-30": 54.752, "2012-03-31": "14.22400", "2011-12-31": 4.201, "2011-09-30": 14.304, "2011-06-30": 23.088, "2011-03-31": "16.27100", "2010-12-31": 15.334, "2010-09-30": 15.543, "2010-06-30": 15.397, "2010-03-31": "12.21800", "2009-12-31": 9.457, "2009-09-30": 10.106, "2009-06-30": 6.784, "2009-03-31": "0.18300", "2008-12-31": 2.98, "2008-09-30": 10.221, "2008-06-30": 10.189, "2008-03-31": "8.00900", "2007-12-31": 6.665, "2007-09-30": 4.4, "2007-06-30": 7.851, "2007-03-31": "-0.80900", "2006-12-31": 6.768, "2006-09-30": 12.047, "2006-06-30": 9.373, "2006-03-31": "6.76800", "2005-12-31": 3.702, "2005-09-30": 1.484, "2005-06-30": 0.116, "2005-03-31": "-0.50200"}, "Cash Flow From Financial Activities": {"2020-12-31": 447.528, "2020-09-30": -223.45, "2020-06-30": -459.235, "2020-03-31": "235.15700", "2019-12-31": 292.279, "2019-09-30": -218.474, "2019-06-30": -75.174, "2019-03-31": "-152.59000", "2018-12-31": -127.595, "2018-09-30": 10.95, "2018-06-30": -224.517, "2018-03-31": "-69.53900", "2017-12-31": -203.824, "2017-09-30": 102.56, "2017-06-30": -18.762, "2017-03-31": "-183.78900", "2016-12-31": -128.406, "2016-09-30": 254.892, "2016-06-30": -100.879, "2016-03-31": "550.68900", "2015-12-31": -104.202, "2015-09-30": 86.65, "2015-06-30": -658.651, "2015-03-31": "610.88700", "2014-12-31": 13.072, "2014-09-30": -100.405, "2014-06-30": 239.526, "2014-03-31": "60.08500", "2013-12-31": 383.996, "2013-09-30": 6.834, "2013-06-30": -48.799, "2013-03-31": "-22.24400", "2012-12-31": 105.972, "2012-09-30": 152.381, "2012-06-30": -17.351, "2012-03-31": "-57.21000", "2011-12-31": 186.482, "2011-09-30": -39.435, "2011-06-30": -29.169, "2011-03-31": "-36.57900", "2010-12-31": -15.36, "2010-09-30": -36.403, "2010-06-30": 236.597, "2010-03-31": "57.16900", "2009-12-31": 164.028, "2009-09-30": -31.106, "2009-06-30": -33.828, "2009-03-31": "-35.35200", "2008-12-31": -3.937, "2008-09-30": 13.667, "2008-06-30": 105.701, "2008-03-31": "-19.43000", "2007-12-31": -18.938, "2007-09-30": 5.065, "2007-06-30": -17.007, "2007-03-31": "-22.50600", "2006-12-31": -20.684, "2006-09-30": 151.91, "2006-06-30": -11.575, "2006-03-31": "-24.32600", "2005-12-31": 138.667, "2005-09-30": -33.466, "2005-06-30": 40.841, "2005-03-31": "-32.90200"}, "Net Cash Flow": {"2020-12-31": -6.735, "2020-09-30": -1.45, "2020-06-30": -310.457, "2020-03-31": "318.64200", "2019-12-31": -8.852, "2019-09-30": 8.094, "2019-06-30": -7.262, "2019-03-31": "29.72900", "2018-12-31": 0.532, "2018-09-30": -2.41, "2018-06-30": -65.55, "2018-03-31": "-17.70900", "2017-12-31": 61.894, "2017-09-30": 1.68, "2017-06-30": -19.313, "2017-03-31": "-54.72900", "2016-12-31": 60.102, "2016-09-30": -0.392, "2016-06-30": 23.552, "2016-03-31": "3.98300", "2015-12-31": -24.364, "2015-09-30": -9.835, "2015-06-30": -674.989, "2015-03-31": "695.65400", "2014-12-31": 4.037, "2014-09-30": -28.237, "2014-06-30": 8.315, "2014-03-31": "17.75800", "2013-12-31": -65.141, "2013-09-30": 60.718, "2013-06-30": -18.572, "2013-03-31": "23.90000", "2012-12-31": -5.24, "2012-09-30": 4.09, "2012-06-30": 0.144, "2012-03-31": "2.36600", "2011-12-31": -10.379, "2011-09-30": 5.734, "2011-06-30": 1.615, "2011-03-31": "-3.54000", "2010-12-31": 5.729, "2010-09-30": -0.765, "2010-06-30": -73.237, "2010-03-31": "73.02400", "2009-12-31": 1.524, "2009-09-30": -4.277, "2009-06-30": -5.292, "2009-03-31": "10.00600", "2008-12-31": -3.581, "2008-09-30": 1.625, "2008-06-30": 0.649, "2008-03-31": "-0.46300", "2007-12-31": 1.371, "2007-09-30": -1.876, "2007-06-30": -0.171, "2007-03-31": "1.92600", "2006-12-31": 0.729, "2006-09-30": -14.053, "2006-06-30": 13.65, "2006-03-31": "-3.54500", "2005-12-31": 3.18, "2005-09-30": 0.234, "2005-06-30": -9.312, "2005-03-31": "-2.23700"}, "Stock-Based Compensation": {"2020-12-31": -14.38, "2020-09-30": 5.122, "2020-06-30": 4.623, "2020-03-31": "4.63500", "2019-12-31": 3.84, "2019-09-30": 2.921, "2019-06-30": 4.04, "2019-03-31": "4.55800", "2018-12-31": 3.88, "2018-09-30": 3.962, "2018-06-30": 4.089, "2018-03-31": "4.05600", "2017-12-31": 3.862, "2017-09-30": 3.872, "2017-06-30": 3.734, "2017-03-31": "3.74400", "2016-12-31": 3.674, "2016-09-30": 3.673, "2016-06-30": 3.665, "2016-03-31": "2.77800", "2015-12-31": 4.451, "2015-09-30": 2.199, "2015-06-30": 2.873, "2015-03-31": "1.61000", "2014-12-31": 2.022, "2014-09-30": 2.022, "2014-06-30": 2.285, "2014-03-31": "2.26300", "2013-12-31": 0, "2013-09-30": 0, "2013-06-30": 0, "2013-03-31": "", "2012-12-31": 0, "2012-09-30": 0, "2012-06-30": 0, "2012-03-31": "", "2011-12-31": 0, "2011-09-30": 0, "2011-06-30": 0, "2011-03-31": "", "2010-12-31": 0, "2010-09-30": 0, "2010-06-30": 0, "2010-03-31": "", "2009-12-31": 0, "2009-09-30": 0, "2009-06-30": 0, "2009-03-31": "", "2008-12-31": 0, "2008-09-30": 0, "2008-06-30": 0, "2008-03-31": "", "2007-12-31": 0, "2007-09-30": 0, "2007-06-30": 0, "2007-03-31": "", "2006-12-31": 0, "2006-09-30": 0, "2006-06-30": 0, "2006-03-31": "", "2005-12-31": 0, "2005-09-30": 0, "2005-06-30": 0, "2005-03-31": ""}, "Common Stock Dividends Paid": {"2020-12-31": 459.743, "2020-09-30": -152.579, "2020-06-30": -152.561, "2020-03-31": "-154.60300", "2019-12-31": -146.875, "2019-09-30": -143.441, "2019-06-30": -137.178, "2019-03-31": "-136.63300", "2018-12-31": -132.958, "2018-09-30": -395.738, "2018-06-30": 131.449, "2018-03-31": "-131.44900", "2017-12-31": -129.179, "2017-09-30": -126.702, "2017-06-30": -124.45, "2017-03-31": "-122.27200", "2016-12-31": -119.489, "2016-09-30": -116.595, "2016-06-30": -109.568, "2016-03-31": "-107.50000", "2015-12-31": -105.127, "2015-09-30": -101.718, "2015-06-30": -83.126, "2015-03-31": "-68.26100", "2014-12-31": -67.232, "2014-09-30": -65.777, "2014-06-30": -63.822, "2014-03-31": "-61.67000", "2013-12-31": -59.043, "2013-09-30": -55.063, "2013-06-30": -53.431, "2013-03-31": "-50.57900", "2012-12-31": -49.512, "2012-09-30": -45.661, "2012-06-30": -44.437, "2012-03-31": "-42.58000", "2011-12-31": -41.438, "2011-09-30": -41.411, "2011-06-30": -38.776, "2011-03-31": "-40.26800", "2010-12-31": -39.811, "2010-09-30": -36.42, "2010-06-30": -32.053, "2010-03-31": "-30.59900", "2009-12-31": -27.855, "2009-09-30": -27.301, "2009-06-30": -27.044, "2009-03-31": "-27.03500", "2008-12-31": -27.041, "2008-09-30": -25.267, "2008-06-30": -23.316, "2008-03-31": "-22.43900", "2007-12-31": -21.602, "2007-09-30": -20.917, "2007-06-30": -20.635, "2007-03-31": "-18.10600", "2006-12-31": -17.513, "2006-09-30": -17.247, "2006-06-30": -16.424, "2006-03-31": "-15.68500", "2005-12-31": -13.835, "2005-09-30": -13.78, "2005-06-30": -10.762, "2005-03-31": "-17.37200"}}, "financial ratios": {"Current Ratio": {"2019-12-31": "", "2018-12-31": "", "2017-12-31": "", "2016-12-31": "", "2015-12-31": "", "2014-12-31": "", "2013-12-31": "", "2012-12-31": "", "2011-12-31": "", "2010-12-31": "", "2009-12-31": "", "2008-12-31": "", "2007-12-31": "", "2006-12-31": "", "2005-12-31": ""}, "Long-term Debt / Capital": {"2019-12-31": "0.54220", "2018-12-31": "0.54670", "2017-12-31": "0.54040", "2016-12-31": "0.50900", "2015-12-31": "0.46330", "2014-12-31": "0.62930", "2013-12-31": "0.60890", "2012-12-31": "0.64340", "2011-12-31": "0.63850", "2010-12-31": "0.53960", "2009-12-31": "0.46040", "2008-12-31": "0.41030", "2007-12-31": "0.47610", "2006-12-31": "0.57690", "2005-12-31": "0.56100"}, "Debt/Equity Ratio": {"2019-12-31": "1.18440", "2018-12-31": "1.20620", "2017-12-31": "1.17590", "2016-12-31": "1.03680", "2015-12-31": "0.86320", "2014-12-31": "1.69730", "2013-12-31": "1.55710", "2012-12-31": "1.80450", "2011-12-31": "1.76600", "2010-12-31": "1.17220", "2009-12-31": "0.85310", "2008-12-31": "0.69570", "2007-12-31": "0.90890", "2006-12-31": "1.36370", "2005-12-31": "1.27780"}, "Gross Margin": {"2019-12-31": "", "2018-12-31": "", "2017-12-31": "", "2016-12-31": "", "2015-12-31": "", "2014-12-31": "", "2013-12-31": "", "2012-12-31": "", "2011-12-31": "", "2010-12-31": "", "2009-12-31": "", "2008-12-31": "", "2007-12-31": "", "2006-12-31": "", "2005-12-31": ""}, "Operating Margin": {"2019-12-31": "59.40220", "2018-12-31": "56.43650", "2017-12-31": "34.69610", "2016-12-31": "62.15990", "2015-12-31": "55.30660", "2014-12-31": "68.94670", "2013-12-31": "63.45120", "2012-12-31": "61.33820", "2011-12-31": "47.15710", "2010-12-31": "57.65580", "2009-12-31": "58.69440", "2008-12-31": "54.05500", "2007-12-31": "69.58470", "2006-12-31": "65.60770", "2005-12-31": "69.38600"}, "EBIT Margin": {"2019-12-31": "59.40220", "2018-12-31": "56.43650", "2017-12-31": "34.69610", "2016-12-31": "62.15990", "2015-12-31": "55.30660", "2014-12-31": "68.94670", "2013-12-31": "63.45120", "2012-12-31": "61.33820", "2011-12-31": "47.15710", "2010-12-31": "57.65580", "2009-12-31": "58.69440", "2008-12-31": "54.05500", "2007-12-31": "69.58470", "2006-12-31": "65.60770", "2005-12-31": "69.38600"}, "EBITDA Margin": {"2019-12-31": "92.27610", "2018-12-31": "88.14090", "2017-12-31": "67.21450", "2016-12-31": "91.52500", "2015-12-31": "81.77950", "2014-12-31": "93.86240", "2013-12-31": "92.39030", "2012-12-31": "96.77220", "2011-12-31": "83.44380", "2010-12-31": "98.73960", "2009-12-31": "83.82130", "2008-12-31": "76.76020", "2007-12-31": "94.30240", "2006-12-31": "94.18950", "2005-12-31": "95.44070"}, "Pre-Tax Profit Margin": {"2019-12-31": "37.01900", "2018-12-31": "33.63040", "2017-12-31": "11.66040", "2016-12-31": "42.66450", "2015-12-31": "31.53860", "2014-12-31": "43.85000", "2013-12-31": "41.20260", "2012-12-31": "31.07320", "2011-12-31": "18.00320", "2010-12-31": "22.62150", "2009-12-31": "41.58830", "2008-12-31": "40.05890", "2007-12-31": "42.36140", "2006-12-31": "42.98630", "2005-12-31": "36.22040"}, "Net Profit Margin": {"2019-12-31": "36.72610", "2018-12-31": "31.93650", "2017-12-31": "11.05470", "2016-12-31": "40.67540", "2015-12-31": "30.19350", "2014-12-31": "43.85000", "2013-12-31": "41.20260", "2012-12-31": "34.43990", "2011-12-31": "16.24170", "2010-12-31": "19.10410", "2009-12-31": "36.98630", "2008-12-31": "36.41120", "2007-12-31": "37.25980", "2006-12-31": "33.77830", "2005-12-31": "23.14790"}, "Asset Turnover": {"2019-12-31": "0.09480", "2018-12-31": "0.10260", "2017-12-31": "0.10350", "2016-12-31": "0.10070", "2015-12-31": "0.09310", "2014-12-31": "0.12870", "2013-12-31": "0.12090", "2012-12-31": "0.11750", "2011-12-31": "0.11430", "2010-12-31": "0.11210", "2009-12-31": "0.11930", "2008-12-31": "0.14200", "2007-12-31": "0.13500", "2006-12-31": "0.11530", "2005-12-31": "0.10570"}, "Inventory Turnover Ratio": {"2019-12-31": "", "2018-12-31": "", "2017-12-31": "", "2016-12-31": "", "2015-12-31": "", "2014-12-31": "", "2013-12-31": "", "2012-12-31": "", "2011-12-31": "", "2010-12-31": "", "2009-12-31": "", "2008-12-31": "", "2007-12-31": "", "2006-12-31": "", "2005-12-31": ""}, "Receiveable Turnover": {"2019-12-31": "", "2018-12-31": "", "2017-12-31": "", "2016-12-31": "", "2015-12-31": "", "2014-12-31": "", "2013-12-31": "", "2012-12-31": "", "2011-12-31": "", "2010-12-31": "", "2009-12-31": "", "2008-12-31": "", "2007-12-31": "", "2006-12-31": "", "2005-12-31": ""}, "Days Sales In Receivables": {"2019-12-31": "", "2018-12-31": "", "2017-12-31": "", "2016-12-31": "", "2015-12-31": "", "2014-12-31": "", "2013-12-31": "", "2012-12-31": "", "2011-12-31": "", "2010-12-31": "", "2009-12-31": "", "2008-12-31": "", "2007-12-31": "", "2006-12-31": "", "2005-12-31": ""}, "ROE - Return On Equity": {"2019-12-31": "8.11570", "2018-12-31": "7.80680", "2017-12-31": "2.69810", "2016-12-31": "9.10180", "2015-12-31": "5.68940", "2014-12-31": "15.79570", "2013-12-31": "13.26980", "2012-12-31": "10.76790", "2011-12-31": "5.98830", "2010-12-31": "6.52490", "2009-12-31": "10.85060", "2008-12-31": "11.43360", "2007-12-31": "14.45520", "2006-12-31": "16.11250", "2005-12-31": "11.56410"}, "Return On Tangible Equity": {"2019-12-31": "9.53220", "2018-12-31": "9.41770", "2017-12-31": "3.23440", "2016-12-31": "10.74310", "2015-12-31": "6.75260", "2014-12-31": "15.79570", "2013-12-31": "13.26980", "2012-12-31": "10.76790", "2011-12-31": "5.98830", "2010-12-31": "5.81990", "2009-12-31": "9.49010", "2008-12-31": "9.85940", "2007-12-31": "11.53300", "2006-12-31": "12.01090", "2005-12-31": "8.45660"}, "ROA - Return On Assets": {"2019-12-31": "3.59270", "2018-12-31": "3.42090", "2017-12-31": "1.19580", "2016-12-31": "4.28380", "2015-12-31": "2.92010", "2014-12-31": "5.64430", "2013-12-31": "4.98300", "2012-12-31": "3.65190", "2011-12-31": "2.05710", "2010-12-31": "2.53630", "2009-12-31": "4.96130", "2008-12-31": "5.69390", "2007-12-31": "5.71760", "2006-12-31": "4.75640", "2005-12-31": "3.59920"}, "ROI - Return On Investment": {"2019-12-31": "3.71540", "2018-12-31": "3.53860", "2017-12-31": "1.24000", "2016-12-31": "4.46880", "2015-12-31": "3.05350", "2014-12-31": "5.85610", "2013-12-31": "5.18930", "2012-12-31": "3.83950", "2011-12-31": "2.16500", "2010-12-31": "2.67930", "2009-12-31": "5.12110", "2008-12-31": "5.81440", "2007-12-31": "6.04180", "2006-12-31": "5.08140", "2005-12-31": "3.71270"}, "Book Value Per Share": {"2019-12-31": "19.13500", "2018-12-31": "18.60420", "2017-12-31": "19.60710", "2016-12-31": "21.47420", "2015-12-31": "21.88310", "2014-12-31": "10.98170", "2013-12-31": "10.52460", "2012-12-31": "8.99810", "2011-12-31": "8.49520", "2010-12-31": "10.11830", "2009-12-31": "9.80250", "2008-12-31": "9.56510", "2007-12-31": "8.60510", "2006-12-31": "7.79620", "2005-12-31": "7.75330"}, "Operating Cash Flow Per Share": {"2019-12-31": 0.1118, "2018-12-31": -0.4135, "2017-12-31": -0.3038, "2016-12-31": 0.6088, "2015-12-31": -0.162, "2014-12-31": 0.2813, "2013-12-31": 0.4422, "2012-12-31": 0.2667, "2011-12-31": -0.0105, "2010-12-31": -0.088, "2009-12-31": 0.5723, "2008-12-31": -0.0955, "2007-12-31": 0.214, "2006-12-31": -0.3535, "2005-12-31": 1.4227}, "Free Cash Flow Per Share": {"2019-12-31": -1.052, "2018-12-31": 0.7034, "2017-12-31": 2.7158, "2016-12-31": -2.008, "2015-12-31": -1.6725, "2014-12-31": -0.3533, "2013-12-31": 3.8461, "2012-12-31": -2.6376, "2011-12-31": 2.9732, "2010-12-31": -1.9278, "2009-12-31": 0.1195, "2008-12-31": -1.0975, "2007-12-31": 2.6459, "2006-12-31": 1.3359, "2005-12-31": -3.428}}, "financial ratios, quarterly": {"Current Ratio": {"2020-09-30": "", "2020-06-30": "", "2020-03-31": "", "2019-12-31": "", "2019-09-30": "", "2019-06-30": "", "2019-03-31": "", "2018-12-31": "", "2018-09-30": "", "2018-06-30": "", "2018-03-31": "", "2017-12-31": "", "2017-09-30": "", "2017-06-30": "", "2017-03-31": "", "2016-12-31": "", "2016-09-30": "", "2016-06-30": "", "2016-03-31": "", "2015-12-31": "", "2015-09-30": "", "2015-06-30": "", "2015-03-31": "", "2014-12-31": "", "2014-09-30": "", "2014-06-30": "", "2014-03-31": "", "2013-12-31": "", "2013-09-30": "", "2013-06-30": "", "2013-03-31": "", "2012-12-31": "", "2012-09-30": "", "2012-06-30": "", "2012-03-31": "", "2011-12-31": "", "2011-09-30": "", "2011-06-30": "", "2011-03-31": "", "2010-12-31": "", "2010-09-30": "", "2010-06-30": "", "2010-03-31": "", "2009-12-31": "", "2009-09-30": "", "2009-06-30": "", "2009-03-31": "", "2008-12-31": "", "2008-09-30": "", "2008-06-30": "", "2008-03-31": "", "2007-12-31": "", "2007-09-30": "", "2007-06-30": "", "2007-03-31": "", "2006-12-31": "", "2006-09-30": "", "2006-06-30": "", "2006-03-31": "", "2005-12-31": "", "2005-09-30": "", "2005-06-30": "", "2005-03-31": ""}, "Long-term Debt / Capital": {"2020-09-30": "0.56770", "2020-06-30": "0.55630", "2020-03-31": "0.56680", "2019-12-31": "0.54220", "2019-09-30": "0.53080", "2019-06-30": "0.53870", "2019-03-31": "0.53790", "2018-12-31": "0.54670", "2018-09-30": "0.54790", "2018-06-30": "0.53580", "2018-03-31": "0.54540", "2017-12-31": "0.54040", "2017-09-30": "0.54090", "2017-06-30": "0.51480", "2017-03-31": "0.50510", "2016-12-31": "0.50900", "2016-09-30": "0.51500", "2016-06-30": "0.50370", "2016-03-31": "0.51010", "2015-12-31": "0.46330", "2015-09-30": "0.51080", "2015-06-30": "0.45820", "2015-03-31": "0.59740", "2014-12-31": "0.62930", "2014-09-30": "0.62070", "2014-06-30": "0.63030", "2014-03-31": "0.60670", "2013-12-31": "0.60890", "2013-09-30": "0.58820", "2013-06-30": "0.60010", "2013-03-31": "0.61490", "2012-12-31": "0.64340", "2012-09-30": "0.60880", "2012-06-30": "0.61430", "2012-03-31": "0.63410", "2011-12-31": "0.63850", "2011-09-30": "0.57580", "2011-06-30": "0.57650", "2011-03-31": "0.58170", "2010-12-31": "0.53960", "2010-09-30": "0.52930", "2010-06-30": "0.56080", "2010-03-31": "0.46320", "2009-12-31": "0.46040", "2009-09-30": "0.37750", "2009-06-30": "0.40290", "2009-03-31": "0.40690", "2008-12-31": "0.41030", "2008-09-30": "0.39230", "2008-06-30": "0.45850", "2008-03-31": "0.49010", "2007-12-31": "0.47610", "2007-09-30": "0.47930", "2007-06-30": "0.46860", "2007-03-31": "0.57480", "2006-12-31": "0.57690", "2006-09-30": "0.57930", "2006-06-30": "0.52690", "2006-03-31": "0.53250", "2005-12-31": "0.56100", "2005-09-30": "0.54930", "2005-06-30": "0.55660", "2005-03-31": "0.46010"}, "Debt/Equity Ratio": {"2020-09-30": "1.31350", "2020-06-30": "1.25390", "2020-03-31": "1.30840", "2019-12-31": "1.18440", "2019-09-30": "1.13120", "2019-06-30": "1.16790", "2019-03-31": "1.16380", "2018-12-31": "1.20620", "2018-09-30": "1.21190", "2018-06-30": "1.15400", "2018-03-31": "1.19980", "2017-12-31": "1.17590", "2017-09-30": "1.17800", "2017-06-30": "1.06090", "2017-03-31": "1.02050", "2016-12-31": "1.03680", "2016-09-30": "1.06190", "2016-06-30": "1.01470", "2016-03-31": "1.04110", "2015-12-31": "0.86320", "2015-09-30": "1.04440", "2015-06-30": "0.84560", "2015-03-31": "1.48360", "2014-12-31": "1.69730", "2014-09-30": "1.63640", "2014-06-30": "1.70520", "2014-03-31": "1.54290", "2013-12-31": "1.55710", "2013-09-30": "1.42860", "2013-06-30": "1.50060", "2013-03-31": "1.59680", "2012-12-31": "1.80450", "2012-09-30": "1.55600", "2012-06-30": "1.59240", "2012-03-31": "1.73300", "2011-12-31": "1.76600", "2011-09-30": "1.35760", "2011-06-30": "1.36120", "2011-03-31": "1.39070", "2010-12-31": "1.17220", "2010-09-30": "1.12450", "2010-06-30": "1.27670", "2010-03-31": "0.86300", "2009-12-31": "0.85310", "2009-09-30": "0.60640", "2009-06-30": "0.67480", "2009-03-31": "0.68620", "2008-12-31": "0.69570", "2008-09-30": "0.64550", "2008-06-30": "0.84680", "2008-03-31": "0.96140", "2007-12-31": "0.90890", "2007-09-30": "0.92030", "2007-06-30": "0.88170", "2007-03-31": "1.35200", "2006-12-31": "1.36370", "2006-09-30": "1.37680", "2006-06-30": "1.11360", "2006-03-31": "1.13900", "2005-12-31": "1.27780", "2005-09-30": "1.21900", "2005-06-30": "1.25520", "2005-03-31": "0.85230"}, "Gross Margin": {"2020-09-30": "", "2020-06-30": "", "2020-03-31": "", "2019-12-31": "", "2019-09-30": "", "2019-06-30": "", "2019-03-31": "", "2018-12-31": "", "2018-09-30": "", "2018-06-30": "", "2018-03-31": "", "2017-12-31": "", "2017-09-30": "", "2017-06-30": "", "2017-03-31": "", "2016-12-31": "", "2016-09-30": "", "2016-06-30": "", "2016-03-31": "", "2015-12-31": "", "2015-09-30": "", "2015-06-30": "", "2015-03-31": "", "2014-12-31": "", "2014-09-30": "", "2014-06-30": "", "2014-03-31": "", "2013-12-31": "", "2013-09-30": "", "2013-06-30": "", "2013-03-31": "", "2012-12-31": "", "2012-09-30": "", "2012-06-30": "", "2012-03-31": "", "2011-12-31": "", "2011-09-30": "", "2011-06-30": "", "2011-03-31": "", "2010-12-31": "", "2010-09-30": "", "2010-06-30": "", "2010-03-31": "", "2009-12-31": "", "2009-09-30": "", "2009-06-30": "", "2009-03-31": "", "2008-12-31": "", "2008-09-30": "", "2008-06-30": "", "2008-03-31": "", "2007-12-31": "", "2007-09-30": "", "2007-06-30": "", "2007-03-31": "", "2006-12-31": "", "2006-09-30": "", "2006-06-30": "", "2006-03-31": "", "2005-12-31": "", "2005-09-30": "", "2005-06-30": "", "2005-03-31": ""}, "Operating Margin": {"2020-09-30": "-33.12380", "2020-06-30": "61.04880", "2020-03-31": "58.38580", "2019-12-31": "46.98020", "2019-09-30": "80.25900", "2019-06-30": "56.16370", "2019-03-31": "54.61850", "2018-12-31": "52.83550", "2018-09-30": "49.88550", "2018-06-30": "60.34040", "2018-03-31": "62.73190", "2017-12-31": "55.65450", "2017-09-30": "-40.17610", "2017-06-30": "59.83070", "2017-03-31": "60.07750", "2016-12-31": "83.95300", "2016-09-30": "55.33930", "2016-06-30": "62.16310", "2016-03-31": "45.34880", "2015-12-31": "59.37670", "2015-09-30": "62.41990", "2015-06-30": "37.55680", "2015-03-31": "64.41910", "2014-12-31": "70.83790", "2014-09-30": "70.56670", "2014-06-30": "65.54850", "2014-03-31": "68.56550", "2013-12-31": "63.73130", "2013-09-30": "63.54830", "2013-06-30": "63.14490", "2013-03-31": "63.35530", "2012-12-31": "61.86590", "2012-09-30": "61.01280", "2012-06-30": "61.52580", "2012-03-31": "60.89450", "2011-12-31": "53.79800", "2011-09-30": "59.60890", "2011-06-30": "53.09890", "2011-03-31": "20.98020", "2010-12-31": "58.86610", "2010-09-30": "53.13520", "2010-06-30": "58.73310", "2010-03-31": "60.48090", "2009-12-31": "51.97780", "2009-09-30": "62.30180", "2009-06-30": "60.17660", "2009-03-31": "60.30720", "2008-12-31": "51.05160", "2008-09-30": "43.32570", "2008-06-30": "61.23930", "2008-03-31": "65.73190", "2007-12-31": "69.50550", "2007-09-30": "65.55940", "2007-06-30": "69.60410", "2007-03-31": "73.34540", "2006-12-31": "64.08530", "2006-09-30": "60.09230", "2006-06-30": "69.60050", "2006-03-31": "69.33300", "2005-12-31": "82.54830", "2005-09-30": "57.58480", "2005-06-30": "64.40580", "2005-03-31": "71.25450"}, "EBIT Margin": {"2020-09-30": "-33.12380", "2020-06-30": "61.04880", "2020-03-31": "58.38580", "2019-12-31": "46.98010", "2019-09-30": "80.25900", "2019-06-30": "56.16370", "2019-03-31": "54.61850", "2018-12-31": "52.83550", "2018-09-30": "49.88550", "2018-06-30": "60.34040", "2018-03-31": "62.73190", "2017-12-31": "55.65450", "2017-09-30": "-40.17610", "2017-06-30": "59.83070", "2017-03-31": "60.07750", "2016-12-31": "83.95300", "2016-09-30": "55.33930", "2016-06-30": "62.16310", "2016-03-31": "45.34880", "2015-12-31": "59.37670", "2015-09-30": "62.41990", "2015-06-30": "37.55680", "2015-03-31": "64.41910", "2014-12-31": "70.83790", "2014-09-30": "70.56670", "2014-06-30": "65.54850", "2014-03-31": "68.56550", "2013-12-31": "63.73130", "2013-09-30": "63.54830", "2013-06-30": "63.14490", "2013-03-31": "63.35530", "2012-12-31": "61.86590", "2012-09-30": "61.01280", "2012-06-30": "61.52580", "2012-03-31": "60.89450", "2011-12-31": "53.79800", "2011-09-30": "59.60890", "2011-06-30": "53.09890", "2011-03-31": "20.98020", "2010-12-31": "58.86610", "2010-09-30": "53.13520", "2010-06-30": "58.73310", "2010-03-31": "60.48090", "2009-12-31": "51.97780", "2009-09-30": "62.30180", "2009-06-30": "60.17660", "2009-03-31": "60.30720", "2008-12-31": "51.05160", "2008-09-30": "43.32570", "2008-06-30": "61.23930", "2008-03-31": "65.73190", "2007-12-31": "69.50550", "2007-09-30": "65.55940", "2007-06-30": "69.60410", "2007-03-31": "73.34540", "2006-12-31": "64.08530", "2006-09-30": "60.09230", "2006-06-30": "69.60050", "2006-03-31": "69.33300", "2005-12-31": "82.54820", "2005-09-30": "57.58480", "2005-06-30": "64.40580", "2005-03-31": "71.25450"}, "EBITDA Margin": {"2020-09-30": "", "2020-06-30": "", "2020-03-31": "", "2019-12-31": "", "2019-09-30": "", "2019-06-30": "", "2019-03-31": "", "2018-12-31": "", "2018-09-30": "", "2018-06-30": "", "2018-03-31": "", "2017-12-31": "", "2017-09-30": "", "2017-06-30": "", "2017-03-31": "", "2016-12-31": "", "2016-09-30": "", "2016-06-30": "", "2016-03-31": "", "2015-12-31": "", "2015-09-30": "", "2015-06-30": "", "2015-03-31": "", "2014-12-31": "", "2014-09-30": "", "2014-06-30": "", "2014-03-31": "", "2013-12-31": "", "2013-09-30": "", "2013-06-30": "", "2013-03-31": "", "2012-12-31": "", "2012-09-30": "", "2012-06-30": "", "2012-03-31": "", "2011-12-31": "", "2011-09-30": "", "2011-06-30": "", "2011-03-31": "", "2010-12-31": "", "2010-09-30": "", "2010-06-30": "", "2010-03-31": "", "2009-12-31": "", "2009-09-30": "", "2009-06-30": "", "2009-03-31": "", "2008-12-31": "", "2008-09-30": "", "2008-06-30": "", "2008-03-31": "", "2007-12-31": "", "2007-09-30": "", "2007-06-30": "", "2007-03-31": "", "2006-12-31": "", "2006-09-30": "", "2006-06-30": "", "2006-03-31": "", "2005-12-31": "", "2005-09-30": "", "2005-06-30": "", "2005-03-31": ""}, "Pre-Tax Profit Margin": {"2020-09-30": "-79.45910", "2020-06-30": "39.55460", "2020-03-31": "36.25110", "2019-12-31": "24.77820", "2019-09-30": "57.89280", "2019-06-30": "33.52330", "2019-03-31": "32.27710", "2018-12-31": "29.62140", "2018-09-30": "26.81200", "2018-06-30": "37.93510", "2018-03-31": "40.20230", "2017-12-31": "29.47710", "2017-09-30": "-62.40310", "2017-06-30": "28.92190", "2017-03-31": "47.28490", "2016-12-31": "55.46900", "2016-09-30": "36.59890", "2016-06-30": "49.64860", "2016-03-31": "27.45360", "2015-12-31": "30.31130", "2015-09-30": "41.42120", "2015-06-30": "22.25720", "2015-03-31": "32.26800", "2014-12-31": "45.59290", "2014-09-30": "47.22990", "2014-06-30": "38.43760", "2014-03-31": "43.75670", "2013-12-31": "41.43990", "2013-09-30": "36.91830", "2013-06-30": "48.97720", "2013-03-31": "37.46030", "2012-12-31": "23.28550", "2012-09-30": "34.57660", "2012-06-30": "36.47120", "2012-03-31": "30.86320", "2011-12-31": "25.28440", "2011-09-30": "29.43780", "2011-06-30": "24.50210", "2011-03-31": "-8.39010", "2010-12-31": "6.98740", "2010-09-30": "24.39190", "2010-06-30": "26.37360", "2010-03-31": "35.70500", "2009-12-31": "32.89050", "2009-09-30": "42.48590", "2009-06-30": "40.32800", "2009-03-31": "50.67540", "2008-12-31": "31.95360", "2008-09-30": "46.66750", "2008-06-30": "39.14940", "2008-03-31": "41.08060", "2007-12-31": "43.93600", "2007-09-30": "38.70080", "2007-06-30": "42.01800", "2007-03-31": "44.57450", "2006-12-31": "38.12970", "2006-09-30": "43.63070", "2006-06-30": "56.18480", "2006-03-31": "34.43730", "2005-12-31": "49.07490", "2005-09-30": "27.16800", "2005-06-30": "21.65710", "2005-03-31": "44.60720"}, "Net Profit Margin": {"2020-09-30": "-76.60120", "2020-06-30": "38.73200", "2020-03-31": "35.53620", "2019-12-31": "24.13770", "2019-09-30": "59.49530", "2019-06-30": "32.46690", "2019-03-31": "31.16040", "2018-12-31": "28.31220", "2018-09-30": "25.51520", "2018-06-30": "35.71750", "2018-03-31": "38.24720", "2017-12-31": "28.20900", "2017-09-30": "-59.95230", "2017-06-30": "27.67510", "2017-03-31": "45.06700", "2016-12-31": "52.99210", "2016-09-30": "34.96690", "2016-06-30": "47.22060", "2016-03-31": "26.09700", "2015-12-31": "28.80690", "2015-09-30": "39.31300", "2015-06-30": "20.95380", "2015-03-31": "32.26800", "2014-12-31": "43.39750", "2014-09-30": "47.22990", "2014-06-30": "38.43760", "2014-03-31": "46.13930", "2013-12-31": "42.47550", "2013-09-30": "36.91830", "2013-06-30": "47.85450", "2013-03-31": "37.46030", "2012-12-31": "35.70390", "2012-09-30": "34.57660", "2012-06-30": "36.47120", "2012-03-31": "30.86320", "2011-12-31": "25.28440", "2011-09-30": "29.43780", "2011-06-30": "24.52410", "2011-03-31": "-15.71600", "2010-12-31": "3.79250", "2010-09-30": "21.13480", "2010-06-30": "22.51000", "2010-03-31": "31.83480", "2009-12-31": "28.28870", "2009-09-30": "37.92130", "2009-06-30": "35.70560", "2009-03-31": "46.05570", "2008-12-31": "31.66060", "2008-09-30": "42.65410", "2008-06-30": "33.47660", "2008-03-31": "36.10090", "2007-12-31": "37.46780", "2007-09-30": "32.80900", "2007-06-30": "35.59830", "2007-03-31": "42.64830", "2006-12-31": "30.33280", "2006-09-30": "34.58950", "2006-06-30": "46.44880", "2006-03-31": "23.99350", "2005-12-31": "63.42970", "2005-09-30": "11.82490", "2005-06-30": "-10.36190", "2005-03-31": "21.14780"}, "Asset Turnover": {"2020-09-30": "0.01270", "2020-06-30": "0.02650", "2020-03-31": "0.02520", "2019-12-31": "0.02520", "2019-09-30": "0.02590", "2019-06-30": "0.02480", "2019-03-31": "0.02630", "2018-12-31": "0.02560", "2018-09-30": "0.02570", "2018-06-30": "0.02560", "2018-03-31": "0.02500", "2017-12-31": "0.02520", "2017-09-30": "0.02470", "2017-06-30": "0.02640", "2017-03-31": "0.02620", "2016-12-31": "0.02620", "2016-09-30": "0.02500", "2016-06-30": "0.02660", "2016-03-31": "0.02470", "2015-12-31": "0.02630", "2015-09-30": "0.02350", "2015-06-30": "0.02530", "2015-03-31": "0.02900", "2014-12-31": "0.03350", "2014-09-30": "0.03390", "2014-06-30": "0.03130", "2014-03-31": "0.03380", "2013-12-31": "0.03210", "2013-09-30": "0.03430", "2013-06-30": "0.03440", "2013-03-31": "0.03390", "2012-12-31": "0.03190", "2012-09-30": "0.03160", "2012-06-30": "0.03280", "2012-03-31": "0.03330", "2011-12-31": "0.02980", "2011-09-30": "0.03260", "2011-06-30": "0.03240", "2011-03-31": "0.03120", "2010-12-31": "0.03090", "2010-09-30": "0.03040", "2010-06-30": "0.02560", "2010-03-31": "0.03370", "2009-12-31": "0.02980", "2009-09-30": "0.03720", "2009-06-30": "0.03660", "2009-03-31": "0.03630", "2008-12-31": "0.03600", "2008-09-30": "0.04430", "2008-06-30": "0.03350", "2008-03-31": "0.03450", "2007-12-31": "0.03350", "2007-09-30": "0.03290", "2007-06-30": "0.03250", "2007-03-31": "0.03630", "2006-12-31": "0.03070", "2006-09-30": "0.02970", "2006-06-30": "0.03280", "2006-03-31": "0.03260", "2005-12-31": "0.02900", "2005-09-30": "0.03270", "2005-06-30": "0.02960", "2005-03-31": "0.03340"}, "Inventory Turnover Ratio": {"2020-09-30": "", "2020-06-30": "", "2020-03-31": "", "2019-12-31": "", "2019-09-30": "", "2019-06-30": "", "2019-03-31": "", "2018-12-31": "", "2018-09-30": "", "2018-06-30": "", "2018-03-31": "", "2017-12-31": "", "2017-09-30": "", "2017-06-30": "", "2017-03-31": "", "2016-12-31": "", "2016-09-30": "", "2016-06-30": "", "2016-03-31": "", "2015-12-31": "", "2015-09-30": "", "2015-06-30": "", "2015-03-31": "", "2014-12-31": "", "2014-09-30": "", "2014-06-30": "", "2014-03-31": "", "2013-12-31": "", "2013-09-30": "", "2013-06-30": "", "2013-03-31": "", "2012-12-31": "", "2012-09-30": "", "2012-06-30": "", "2012-03-31": "", "2011-12-31": "", "2011-09-30": "", "2011-06-30": "", "2011-03-31": "", "2010-12-31": "", "2010-09-30": "", "2010-06-30": "", "2010-03-31": "", "2009-12-31": "", "2009-09-30": "", "2009-06-30": "", "2009-03-31": "", "2008-12-31": "", "2008-09-30": "", "2008-06-30": "", "2008-03-31": "", "2007-12-31": "", "2007-09-30": "", "2007-06-30": "", "2007-03-31": "", "2006-12-31": "", "2006-09-30": "", "2006-06-30": "", "2006-03-31": "", "2005-12-31": "", "2005-09-30": "", "2005-06-30": "", "2005-03-31": ""}, "Receiveable Turnover": {"2020-09-30": "", "2020-06-30": "", "2020-03-31": "", "2019-12-31": "", "2019-09-30": "", "2019-06-30": "", "2019-03-31": "", "2018-12-31": "", "2018-09-30": "", "2018-06-30": "", "2018-03-31": "", "2017-12-31": "", "2017-09-30": "", "2017-06-30": "", "2017-03-31": "", "2016-12-31": "", "2016-09-30": "", "2016-06-30": "", "2016-03-31": "", "2015-12-31": "", "2015-09-30": "", "2015-06-30": "", "2015-03-31": "", "2014-12-31": "", "2014-09-30": "", "2014-06-30": "", "2014-03-31": "", "2013-12-31": "", "2013-09-30": "", "2013-06-30": "", "2013-03-31": "", "2012-12-31": "", "2012-09-30": "", "2012-06-30": "", "2012-03-31": "", "2011-12-31": "", "2011-09-30": "", "2011-06-30": "", "2011-03-31": "", "2010-12-31": "", "2010-09-30": "", "2010-06-30": "", "2010-03-31": "", "2009-12-31": "", "2009-09-30": "", "2009-06-30": "", "2009-03-31": "", "2008-12-31": "", "2008-09-30": "", "2008-06-30": "", "2008-03-31": "", "2007-12-31": "", "2007-09-30": "", "2007-06-30": "", "2007-03-31": "", "2006-12-31": "", "2006-09-30": "", "2006-06-30": "", "2006-03-31": "", "2005-12-31": "", "2005-09-30": "", "2005-06-30": "", "2005-03-31": ""}, "Days Sales In Receivables": {"2020-09-30": "", "2020-06-30": "", "2020-03-31": "", "2019-12-31": "", "2019-09-30": "", "2019-06-30": "", "2019-03-31": "", "2018-12-31": "", "2018-09-30": "", "2018-06-30": "", "2018-03-31": "", "2017-12-31": "", "2017-09-30": "", "2017-06-30": "", "2017-03-31": "", "2016-12-31": "", "2016-09-30": "", "2016-06-30": "", "2016-03-31": "", "2015-12-31": "", "2015-09-30": "", "2015-06-30": "", "2015-03-31": "", "2014-12-31": "", "2014-09-30": "", "2014-06-30": "", "2014-03-31": "", "2013-12-31": "", "2013-09-30": "", "2013-06-30": "", "2013-03-31": "", "2012-12-31": "", "2012-09-30": "", "2012-06-30": "", "2012-03-31": "", "2011-12-31": "", "2011-09-30": "", "2011-06-30": "", "2011-03-31": "", "2010-12-31": "", "2010-09-30": "", "2010-06-30": "", "2010-03-31": "", "2009-12-31": "", "2009-09-30": "", "2009-06-30": "", "2009-03-31": "", "2008-12-31": "", "2008-09-30": "", "2008-06-30": "", "2008-03-31": "", "2007-12-31": "", "2007-09-30": "", "2007-06-30": "", "2007-03-31": "", "2006-12-31": "", "2006-09-30": "", "2006-06-30": "", "2006-03-31": "", "2005-12-31": "", "2005-09-30": "", "2005-06-30": "", "2005-03-31": ""}, "ROE - Return On Equity": {"2020-09-30": "-2.38090", "2020-06-30": "2.44660", "2020-03-31": "2.18740", "2019-12-31": "1.41000", "2019-09-30": "3.50070", "2019-06-30": "1.86730", "2019-03-31": "1.89670", "2018-12-31": "1.72410", "2018-09-30": "1.56000", "2018-06-30": "2.12710", "2018-03-31": "2.27190", "2017-12-31": "1.67570", "2017-09-30": "-3.48770", "2017-06-30": "1.63230", "2017-03-31": "2.58900", "2016-12-31": "3.08370", "2016-09-30": "1.96720", "2016-06-30": "2.75860", "2016-03-31": "1.43600", "2015-12-31": "1.54950", "2015-09-30": "2.04820", "2015-06-30": "1.06600", "2015-03-31": "2.43100", "2014-12-31": "4.27260", "2014-09-30": "4.38810", "2014-06-30": "3.38320", "2014-03-31": "3.90650", "2013-12-31": "3.54240", "2013-09-30": "3.20480", "2013-06-30": "4.41480", "2013-03-31": "3.44740", "2012-12-31": "2.18760", "2012-09-30": "2.95020", "2012-06-30": "3.26740", "2012-03-31": "2.95440", "2011-12-31": "2.19620", "2011-09-30": "2.38750", "2011-06-30": "1.97210", "2011-03-31": "-0.66050", "2010-12-31": "0.55480", "2010-09-30": "1.86360", "2010-06-30": "1.81900", "2010-03-31": "2.62940", "2009-12-31": "2.14590", "2009-09-30": "2.99550", "2009-06-30": "2.92400", "2009-03-31": "3.67400", "2008-12-31": "2.31180", "2008-09-30": "4.09740", "2008-06-30": "2.98100", "2008-03-31": "3.56430", "2007-12-31": "3.69320", "2007-09-30": "3.29510", "2007-06-30": "3.44230", "2007-03-31": "5.44730", "2006-12-31": "3.78390", "2006-09-30": "4.22940", "2006-06-30": "5.54440", "2006-03-31": "3.37360", "2005-12-31": "4.00800", "2005-09-30": "2.78600", "2005-06-30": "2.19770", "2005-03-31": "4.77250"}, "Return On Tangible Equity": {"2020-09-30": "-2.84630", "2020-06-30": "2.89340", "2020-03-31": "2.58120", "2019-12-31": "1.65610", "2019-09-30": "4.15550", "2019-06-30": "2.22000", "2019-03-31": "2.28320", "2018-12-31": "2.07990", "2018-09-30": "1.87990", "2018-06-30": "2.55410", "2018-03-31": "2.72640", "2017-12-31": "2.00880", "2017-09-30": "-4.16930", "2017-06-30": "1.93010", "2017-03-31": "3.05560", "2016-12-31": "3.63970", "2016-09-30": "2.32600", "2016-06-30": "3.27280", "2016-03-31": "1.70810", "2015-12-31": "1.83910", "2015-09-30": "2.37200", "2015-06-30": "1.22990", "2015-03-31": "2.43100", "2014-12-31": "4.27260", "2014-09-30": "4.38810", "2014-06-30": "3.38320", "2014-03-31": "3.90650", "2013-12-31": "3.54240", "2013-09-30": "3.20480", "2013-06-30": "4.41480", "2013-03-31": "3.44740", "2012-12-31": "2.18760", "2012-09-30": "2.95020", "2012-06-30": "3.26740", "2012-03-31": "2.95440", "2011-12-31": "2.19620", "2011-09-30": "2.38750", "2011-06-30": "1.97210", "2011-03-31": "-0.66050", "2010-12-31": "0.49490", "2010-09-30": "1.66560", "2010-06-30": "1.61370", "2010-03-31": "2.31430", "2009-12-31": "1.87680", "2009-09-30": "2.59630", "2009-06-30": "2.52060", "2009-03-31": "3.16730", "2008-12-31": "1.99360", "2008-09-30": "3.49330", "2008-06-30": "2.47120", "2008-03-31": "2.84790", "2007-12-31": "2.94660", "2007-09-30": "2.62560", "2007-06-30": "2.74360", "2007-03-31": "4.06600", "2006-12-31": "2.82070", "2006-09-30": "3.15500", "2006-06-30": "4.03520", "2006-03-31": "2.44300", "2005-12-31": "2.93100", "2005-09-30": "1.87290", "2005-06-30": "1.48940", "2005-03-31": "2.86880"}, "ROA - Return On Assets": {"2020-09-30": "-0.99770", "2020-06-30": "1.05250", "2020-03-31": "0.91940", "2019-12-31": "0.62420", "2019-09-30": "1.58900", "2019-06-30": "0.83170", "2019-03-31": "0.84720", "2018-12-31": "0.75550", "2018-09-30": "0.68340", "2018-06-30": "0.95620", "2018-03-31": "1.00010", "2017-12-31": "0.74270", "2017-09-30": "-1.54670", "2017-06-30": "0.76180", "2017-03-31": "1.23400", "2016-12-31": "1.45130", "2016-09-30": "0.91440", "2016-06-30": "1.31480", "2016-03-31": "0.67550", "2015-12-31": "0.79530", "2015-09-30": "0.96880", "2015-06-30": "0.55630", "2015-03-31": "0.93630", "2014-12-31": "1.52670", "2014-09-30": "1.59980", "2014-06-30": "1.20370", "2014-03-31": "1.47940", "2013-12-31": "1.33020", "2013-09-30": "1.26500", "2013-06-30": "1.68500", "2013-03-31": "1.26870", "2012-12-31": "0.74190", "2012-09-30": "1.09150", "2012-06-30": "1.19800", "2012-03-31": "1.02740", "2011-12-31": "0.75440", "2011-09-30": "0.96050", "2011-06-30": "0.79380", "2011-03-31": "-0.26190", "2010-12-31": "0.21570", "2010-09-30": "0.74150", "2010-06-30": "0.67530", "2010-03-31": "1.20310", "2009-12-31": "0.98120", "2009-09-30": "1.58170", "2009-06-30": "1.47500", "2009-03-31": "1.83880", "2008-12-31": "1.15130", "2008-09-30": "2.07340", "2008-06-30": "1.31030", "2008-03-31": "1.41820", "2007-12-31": "1.46080", "2007-09-30": "1.28580", "2007-06-30": "1.36710", "2007-03-31": "1.61980", "2006-12-31": "1.11700", "2006-09-30": "1.24400", "2006-06-30": "1.78440", "2006-03-31": "1.06550", "2005-12-31": "1.24740", "2005-09-30": "0.81690", "2005-06-30": "0.64160", "2005-03-31": "1.48870"}, "ROI - Return On Investment": {"2020-09-30": "-1.02910", "2020-06-30": "1.08550", "2020-03-31": "0.94760", "2019-12-31": "0.64550", "2019-09-30": "1.64260", "2019-06-30": "0.86130", "2019-03-31": "0.87660", "2018-12-31": "0.78150", "2018-09-30": "0.70530", "2018-06-30": "0.98750", "2018-03-31": "1.03280", "2017-12-31": "0.77010", "2017-09-30": "-1.60140", "2017-06-30": "0.79200", "2017-03-31": "1.28140", "2016-12-31": "1.51400", "2016-09-30": "0.95410", "2016-06-30": "1.36920", "2016-03-31": "0.70360", "2015-12-31": "0.83160", "2015-09-30": "1.00190", "2015-06-30": "0.57760", "2015-03-31": "0.97880", "2014-12-31": "1.58400", "2014-09-30": "1.66440", "2014-06-30": "1.25070", "2014-03-31": "1.53620", "2013-12-31": "1.38530", "2013-09-30": "1.31960", "2013-06-30": "1.76550", "2013-03-31": "1.32760", "2012-12-31": "0.78000", "2012-09-30": "1.15420", "2012-06-30": "1.26040", "2012-03-31": "1.08100", "2011-12-31": "0.79400", "2011-09-30": "1.01270", "2011-06-30": "0.83520", "2011-03-31": "-0.27630", "2010-12-31": "0.22780", "2010-09-30": "0.78400", "2010-06-30": "0.70880", "2010-03-31": "1.24220", "2009-12-31": "1.01280", "2009-09-30": "1.61630", "2009-06-30": "1.50500", "2009-03-31": "1.87840", "2008-12-31": "1.17570", "2008-09-30": "2.12300", "2008-06-30": "1.33810", "2008-03-31": "1.45200", "2007-12-31": "1.54370", "2007-09-30": "1.36730", "2007-06-30": "1.45800", "2007-03-31": "1.72880", "2006-12-31": "1.19330", "2006-09-30": "1.32740", "2006-06-30": "1.90920", "2006-03-31": "1.14210", "2005-12-31": "1.28680", "2005-09-30": "0.84400", "2005-06-30": "0.66040", "2005-03-31": "1.54880"}, "Book Value Per Share": {"2020-09-30": "17.35140", "2020-06-30": "18.36320", "2020-03-31": "18.59530", "2019-12-31": "19.13500", "2019-09-30": "18.69050", "2019-06-30": "18.75390", "2019-03-31": "18.38470", "2018-12-31": "18.60420", "2018-09-30": "18.86450", "2018-06-30": "19.23960", "2018-03-31": "19.48890", "2017-12-31": "19.60710", "2017-09-30": "19.90680", "2017-06-30": "21.17140", "2017-03-31": "21.41950", "2016-12-31": "21.47420", "2016-09-30": "21.39630", "2016-06-30": "21.53920", "2016-03-31": "21.53690", "2015-12-31": "21.88310", "2015-09-30": "21.97660", "2015-06-30": "22.24140", "2015-03-31": "12.76340", "2014-12-31": "10.98170", "2014-09-30": "11.03840", "2014-06-30": "10.92070", "2014-03-31": "10.80660", "2013-12-31": "10.52460", "2013-09-30": "9.95660", "2013-06-30": "9.70790", "2013-03-31": "9.51980", "2012-12-31": "8.99810", "2012-09-30": "9.11160", "2012-06-30": "8.67810", "2012-03-31": "8.42720", "2011-12-31": "8.49520", "2011-09-30": "8.68780", "2011-06-30": "8.79020", "2011-03-31": "8.83080", "2010-12-31": "10.11830", "2010-09-30": "10.39420", "2010-06-30": "10.17130", "2010-03-31": "9.97260", "2009-12-31": "9.80250", "2009-09-30": "9.58910", "2009-06-30": "9.48940", "2009-03-31": "9.54460", "2008-12-31": "9.56510", "2008-09-30": "9.78860", "2008-06-30": "9.17730", "2008-03-31": "8.51800", "2007-12-31": "8.60510", "2007-09-30": "8.57540", "2007-06-30": "8.58550", "2007-03-31": "6.94970", "2006-12-31": "7.79620", "2006-09-30": "7.81300", "2006-06-30": "7.39460", "2006-03-31": "7.40700", "2005-12-31": "7.75330", "2005-09-30": "7.03420", "2005-06-30": "7.18780", "2005-03-31": "8.27730"}, "Operating Cash Flow Per Share": {"2020-09-30": 0.7817, "2020-06-30": 0.8117, "2020-03-31": "0.59300", "2019-12-31": 0.7017, "2019-09-30": 0.5875, "2019-06-30": 0.6883, "2019-03-31": "0.51550", "2018-12-31": 0.7253, "2018-09-30": 0.6141, "2018-06-30": 0.7872, "2018-03-31": "0.25460", "2017-12-31": 0.7272, "2017-09-30": 0.7891, "2017-06-30": 0.7325, "2017-03-31": "0.54590", "2016-12-31": 0.858, "2016-09-30": 0.8, "2016-06-30": 0.7993, "2016-03-31": "0.64120", "2015-12-31": 0.8358, "2015-09-30": 0.661, "2015-06-30": 0.2267, "2015-03-31": "0.76620", "2014-12-31": 0.6304, "2014-09-30": 0.7128, "2014-06-30": 0.6832, "2014-03-31": "0.62530", "2013-12-31": 0.6817, "2013-09-30": 0.6519, "2013-06-30": 0.5294, "2013-03-31": "0.50740", "2012-12-31": 0.4969, "2012-09-30": 0.5408, "2012-06-30": 0.4142, "2012-03-31": "0.47630", "2011-12-31": 0.4117, "2011-09-30": 0.4934, "2011-06-30": 0.3697, "2011-03-31": "0.38670", "2010-12-31": 0.5214, "2010-09-30": 0.4428, "2010-06-30": 0.2717, "2010-03-31": "0.43610", "2009-12-31": 0.3954, "2009-09-30": 0.3856, "2009-06-30": 0.4286, "2009-03-31": "0.55040", "2008-12-31": 0.4036, "2008-09-30": 0.0361, "2008-06-30": 0.3338, "2008-03-31": "0.41420", "2007-12-31": 0.2978, "2007-09-30": 0.3501, "2007-06-30": 0.2802, "2007-03-31": "0.35510", "2006-12-31": 0.2815, "2006-09-30": 0.0722, "2006-06-30": 0.3026, "2006-03-31": "0.41290", "2005-12-31": 0.3493, "2005-09-30": 0.404, "2005-06-30": 0.2301, "2005-03-31": "0.43930"}, "Free Cash Flow Per Share": {"2020-09-30": 0.4587, "2020-06-30": 0.8098, "2020-03-31": "0.42040", "2019-12-31": -0.8821, "2019-09-30": 0.2813, "2019-06-30": 0.4406, "2019-03-31": "0.32330", "2018-12-31": 0.3952, "2018-09-30": 0.4269, "2018-06-30": 0.2898, "2018-03-31": "0.10320", "2017-12-31": 0.5732, "2017-09-30": -0.4014, "2017-06-30": -0.0533, "2017-03-31": "0.39320", "2016-12-31": 0.6283, "2016-09-30": -0.9006, "2016-06-30": -0.3448, "2016-03-31": "-1.58700", "2015-12-31": 0.4644, "2015-09-30": -0.5682, "2015-06-30": -0.7268, "2015-03-31": "0.63450", "2014-12-31": -0.0763, "2014-09-30": 0.4824, "2014-06-30": 0.5093, "2014-03-31": "0.56100", "2013-12-31": 0.4882, "2013-09-30": 0.4526, "2013-06-30": 0.4549, "2013-03-31": "0.43400", "2012-12-31": -1.1428, "2012-09-30": -1.3762, "2012-06-30": 0.1208, "2012-03-31": "0.38180", "2011-12-31": -0.5113, "2011-09-30": 0.4567, "2011-06-30": 0.3323, "2011-03-31": "0.34350", "2010-12-31": 0.34, "2010-09-30": 0.4667, "2010-06-30": -3.4921, "2010-03-31": "0.33340", "2009-12-31": -1.6142, "2009-09-30": 0.302, "2009-06-30": 0.3754, "2009-03-31": "0.51260", "2008-12-31": 0.0597, "2008-09-30": -0.4994, "2008-06-30": -0.365, "2008-03-31": "0.26100", "2007-12-31": 0.23, "2007-09-30": -0.2517, "2007-06-30": 0.2465, "2007-03-31": "0.32900", "2006-12-31": 0.2209, "2006-09-30": -2.9659, "2006-06-30": 0.2637, "2006-03-31": "0.38920", "2005-12-31": -2.1035, "2005-09-30": 0.3819, "2005-06-30": -0.9885, "2005-03-31": "-0.71790"}}, "revenue": {"Omega Healthcare Investors Annual Revenue (Millions of US $)": {"2020": "$892", "2019": "$929", "2018": "$882", "2017": "$908", "2016": "$901", "2015": "$744", "2014": "$505", "2013": "$419", "2012": "$350", "2011": "$292", "2010": "$258", "2009": "$197", "2008": "$194", "2007": "$160", "2006": "$136", "2005": "$110"}, "Omega Healthcare Investors Quarterly Revenue (Millions of US $)": {"2020-12-31": "$264", "2020-09-30": "$119", "2020-06-30": "$256", "2020-03-31": "$253", "2019-12-31": "$247", "2019-09-30": "$233", "2019-06-30": "$225", "2019-03-31": "$224", "2018-12-31": "$220", "2018-09-30": "$222", "2018-06-30": "$220", "2018-03-31": "$220", "2017-12-31": "$221", "2017-09-30": "$220", "2017-06-30": "$236", "2017-03-31": "$232", "2016-12-31": "$234", "2016-09-30": "$225", "2016-06-30": "$229", "2016-03-31": "$213", "2015-12-31": "$211", "2015-09-30": "$202", "2015-06-30": "$198", "2015-03-31": "$133", "2014-12-31": "$131", "2014-09-30": "$131", "2014-06-30": "$122", "2014-03-31": "$121", "2013-12-31": "$111", "2013-09-30": "$103", "2013-06-30": "$103", "2013-03-31": "$102", "2012-12-31": "$95", "2012-09-30": "$87", "2012-06-30": "$84", "2012-03-31": "$85", "2011-12-31": "$76", "2011-09-30": "$73", "2011-06-30": "$73", "2011-03-31": "$70", "2010-12-31": "$71", "2010-09-30": "$70", "2010-06-30": "$59", "2010-03-31": "$59", "2009-12-31": "$49", "2009-09-30": "$50", "2009-06-30": "$49", "2009-03-31": "$49", "2008-12-31": "$49", "2008-09-30": "$60", "2008-06-30": "$44", "2008-03-31": "$41", "2007-12-31": "$40", "2007-09-30": "$39", "2007-06-30": "$38", "2007-03-31": "$43", "2006-12-31": "$36", "2006-09-30": "$35", "2006-06-30": "$32", "2006-03-31": "$32", "2005-12-31": "$30", "2005-09-30": "$27", "2005-06-30": "$25", "2005-03-31": "$27"}}, "gross-profit": {"Omega Healthcare Investors Annual Gross Profit (Millions of US $)": {"2020": "$892", "2019": "$929", "2018": "$882", "2017": "$908", "2016": "$901", "2015": "$744", "2014": "$505", "2013": "$419", "2012": "$350", "2011": "$292", "2010": "$250", "2009": "$177", "2008": "$166", "2007": "$160", "2006": "$136", "2005": "$110"}, "Omega Healthcare Investors Quarterly Gross Profit (Millions of US $)": {"2020-12-31": "$264", "2020-09-30": "$119", "2020-06-30": "$256", "2020-03-31": "$253", "2019-12-31": "$247", "2019-09-30": "$233", "2019-06-30": "$225", "2019-03-31": "$224", "2018-12-31": "$220", "2018-09-30": "$222", "2018-06-30": "$220", "2018-03-31": "$220", "2017-12-31": "$221", "2017-09-30": "$220", "2017-06-30": "$236", "2017-03-31": "$232", "2016-12-31": "$234", "2016-09-30": "$225", "2016-06-30": "$229", "2016-03-31": "$213", "2015-12-31": "$211", "2015-09-30": "$202", "2015-06-30": "$198", "2015-03-31": "$133", "2014-12-31": "$131", "2014-09-30": "$131", "2014-06-30": "$122", "2014-03-31": "$121", "2013-12-31": "$111", "2013-09-30": "$103", "2013-06-30": "$103", "2013-03-31": "$102", "2012-12-31": "$95", "2012-09-30": "$87", "2012-06-30": "$84", "2012-03-31": "$85", "2011-12-31": "$76", "2011-09-30": "$73", "2011-06-30": "$72", "2011-03-31": "$70", "2010-12-31": "$71", "2010-09-30": "$69", "2010-06-30": "$56", "2010-03-31": "$54", "2009-12-31": "$44", "2009-09-30": "$45", "2009-06-30": "$44", "2009-03-31": "$44", "2008-12-31": "$42", "2008-09-30": "$39", "2008-06-30": "$44", "2008-03-31": "$41", "2007-12-31": "$40", "2007-09-30": "$39", "2007-06-30": "$38", "2007-03-31": "$43", "2006-12-31": "$36", "2006-09-30": "$35", "2006-06-30": "$32", "2006-03-31": "$32", "2005-12-31": "$30", "2005-09-30": "$27", "2005-06-30": "$25", "2005-03-31": "$27"}}, "operating-income": {"Omega Healthcare Investors Annual Operating Income (Millions of US $)": {"2020": "$381", "2019": "$552", "2018": "$498", "2017": "$315", "2016": "$560", "2015": "$411", "2014": "$348", "2013": "$266", "2012": "$215", "2011": "$138", "2010": "$149", "2009": "$116", "2008": "$105", "2007": "$111", "2006": "$89", "2005": "$76"}, "Omega Healthcare Investors Quarterly Operating Income (Millions of US $)": {"2020-12-31": "$130", "2020-09-30": "$-39", "2020-06-30": "$157", "2020-03-31": "$148", "2019-12-31": "$116", "2019-09-30": "$187", "2019-06-30": "$127", "2019-03-31": "$122", "2018-12-31": "$116", "2018-09-30": "$111", "2018-06-30": "$133", "2018-03-31": "$138", "2017-12-31": "$123", "2017-09-30": "$-88", "2017-06-30": "$141", "2017-03-31": "$139", "2016-12-31": "$197", "2016-09-30": "$124", "2016-06-30": "$142", "2016-03-31": "$97", "2015-12-31": "$125", "2015-09-30": "$126", "2015-06-30": "$74", "2015-03-31": "$86", "2014-12-31": "$93", "2014-09-30": "$92", "2014-06-30": "$80", "2014-03-31": "$83", "2013-12-31": "$71", "2013-09-30": "$66", "2013-06-30": "$65", "2013-03-31": "$64", "2012-12-31": "$59", "2012-09-30": "$53", "2012-06-30": "$52", "2012-03-31": "$51", "2011-12-31": "$41", "2011-09-30": "$43", "2011-06-30": "$39", "2011-03-31": "$15", "2010-12-31": "$42", "2010-09-30": "$37", "2010-06-30": "$35", "2010-03-31": "$35", "2009-12-31": "$26", "2009-09-30": "$31", "2009-06-30": "$30", "2009-03-31": "$30", "2008-12-31": "$25", "2008-09-30": "$26", "2008-06-30": "$27", "2008-03-31": "$27", "2007-12-31": "$28", "2007-09-30": "$26", "2007-06-30": "$27", "2007-03-31": "$31", "2006-12-31": "$23", "2006-09-30": "$21", "2006-06-30": "$22", "2006-03-31": "$22", "2005-12-31": "$25", "2005-09-30": "$16", "2005-06-30": "$16", "2005-03-31": "$19"}}, "ebitda": {"Omega Healthcare Investors Annual EBITDA (Millions of US $)": {"2019": "$857", "2018": "$777", "2017": "$611", "2016": "$824", "2015": "$608", "2014": "$474", "2013": "$387", "2012": "$339", "2011": "$244", "2010": "$255", "2009": "$165", "2008": "$149", "2007": "$150", "2006": "$128", "2005": "$105"}, "Omega Healthcare Investors Quarterly EBITDA (Millions of US $)": {"2020-09-30": "$40", "2020-06-30": "$239", "2020-03-31": "$232", "2019-12-31": "$198", "2019-09-30": "$265", "2019-06-30": "$201", "2019-03-31": "$193", "2018-12-31": "$186", "2018-09-30": "$181", "2018-06-30": "$202", "2018-03-31": "$208", "2017-12-31": "$198", "2017-09-30": "$-17", "2017-06-30": "$221", "2017-03-31": "$209", "2016-12-31": "$276", "2016-09-30": "$190", "2016-06-30": "$207", "2016-03-31": "$152", "2015-12-31": "$163", "2015-09-30": "$187", "2015-06-30": "$133", "2015-03-31": "$126", "2014-12-31": "$124", "2014-09-30": "$121", "2014-06-30": "$113", "2014-03-31": "$116", "2013-12-31": "$104", "2013-09-30": "$99", "2013-06-30": "$87", "2013-03-31": "$97", "2012-12-31": "$93", "2012-09-30": "$82", "2012-06-30": "$78", "2012-03-31": "$86", "2011-12-31": "$67", "2011-09-30": "$72", "2011-06-30": "$64", "2011-03-31": "$41", "2010-12-31": "$83", "2010-09-30": "$64", "2010-06-30": "$56", "2010-03-31": "$52", "2009-12-31": "$39", "2009-09-30": "$43", "2009-06-30": "$42", "2009-03-31": "$42", "2008-12-31": "$37", "2008-09-30": "$37", "2008-06-30": "$38", "2008-03-31": "$37", "2007-12-31": "$38", "2007-09-30": "$36", "2007-06-30": "$36", "2007-03-31": "$41", "2006-12-31": "$33", "2006-09-30": "$34", "2006-06-30": "$31", "2006-03-31": "$31", "2005-12-31": "$32", "2005-09-30": "$23", "2005-06-30": "$24", "2005-03-31": "$26"}}, "net-income": {"Omega Healthcare Investors Annual Net Income (Millions of US $)": {"2020": "$159", "2019": "$341", "2018": "$282", "2017": "$100", "2016": "$366", "2015": "$225", "2014": "$221", "2013": "$173", "2012": "$121", "2011": "$47", "2010": "$49", "2009": "$73", "2008": "$71", "2007": "$59", "2006": "$46", "2005": "$25"}, "Omega Healthcare Investors Quarterly Net Income (Millions of US $)": {"2020-12-31": "$61", "2020-09-30": "$-91", "2020-06-30": "$99", "2020-03-31": "$90", "2019-12-31": "$60", "2019-09-30": "$139", "2019-06-30": "$73", "2019-03-31": "$70", "2018-12-31": "$62", "2018-09-30": "$57", "2018-06-30": "$79", "2018-03-31": "$84", "2017-12-31": "$62", "2017-09-30": "$-132", "2017-06-30": "$65", "2017-03-31": "$104", "2016-12-31": "$124", "2016-09-30": "$79", "2016-06-30": "$108", "2016-03-31": "$56", "2015-12-31": "$61", "2015-09-30": "$79", "2015-06-30": "$41", "2015-03-31": "$43", "2014-12-31": "$57", "2014-09-30": "$62", "2014-06-30": "$47", "2014-03-31": "$56", "2013-12-31": "$47", "2013-09-30": "$38", "2013-06-30": "$49", "2013-03-31": "$38", "2012-12-31": "$34", "2012-09-30": "$30", "2012-06-30": "$31", "2012-03-31": "$26", "2011-12-31": "$19", "2011-09-30": "$21", "2011-06-30": "$18", "2011-03-31": "$-11", "2010-12-31": "$3", "2010-09-30": "$15", "2010-06-30": "$13", "2010-03-31": "$19", "2009-12-31": "$14", "2009-09-30": "$19", "2009-06-30": "$18", "2009-03-31": "$23", "2008-12-31": "$16", "2008-09-30": "$26", "2008-06-30": "$15", "2008-03-31": "$15", "2007-12-31": "$15", "2007-09-30": "$13", "2007-06-30": "$14", "2007-03-31": "$18", "2006-12-31": "$11", "2006-09-30": "$12", "2006-06-30": "$15", "2006-03-31": "$8", "2005-12-31": "$19", "2005-09-30": "$3", "2005-06-30": "$-3", "2005-03-31": "$6"}}, "eps-earnings-per-share-diluted": {"Omega Healthcare Investors Annual EPS": {"2020": "$0.70", "2019": "$1.58", "2018": "$1.40", "2017": "$0.51", "2016": "$1.90", "2015": "$1.29", "2014": "$1.74", "2013": "$1.46", "2012": "$1.12", "2011": "$0.46", "2010": "$0.52", "2009": "$0.87", "2008": "$0.94", "2007": "$0.90", "2006": "$0.78", "2005": "$0.49"}, "Omega Healthcare Investors Quarterly EPS": {"2020-12-31": "$0.27", "2020-09-30": "$-0.40", "2020-06-30": "$0.43", "2020-03-31": "$0.39", "2019-12-31": "$0.27", "2019-09-30": "$0.63", "2019-06-30": "$0.34", "2019-03-31": "$0.34", "2018-12-31": "$0.31", "2018-09-30": "$0.28", "2018-06-30": "$0.39", "2018-03-31": "$0.42", "2017-12-31": "$0.32", "2017-09-30": "$-0.67", "2017-06-30": "$0.33", "2017-03-31": "$0.53", "2016-12-31": "$0.64", "2016-09-30": "$0.40", "2016-06-30": "$0.57", "2016-03-31": "$0.29", "2015-12-31": "$0.32", "2015-09-30": "$0.43", "2015-06-30": "$0.22", "2015-03-31": "$0.32", "2014-12-31": "$0.44", "2014-09-30": "$0.48", "2014-06-30": "$0.37", "2014-03-31": "$0.45", "2013-12-31": "$0.38", "2013-09-30": "$0.32", "2013-06-30": "$0.42", "2013-03-31": "$0.34", "2012-12-31": "$0.31", "2012-09-30": "$0.27", "2012-06-30": "$0.29", "2012-03-31": "$0.25", "2011-12-31": "$0.19", "2011-09-30": "$0.21", "2011-06-30": "$0.17", "2011-03-31": "$-0.11", "2010-12-31": "$0.02", "2010-09-30": "$0.15", "2010-06-30": "$0.14", "2010-03-31": "$0.21", "2009-12-31": "$0.17", "2009-09-30": "$0.22", "2009-06-30": "$0.21", "2009-03-31": "$0.27", "2008-12-31": "$0.20", "2008-09-30": "$0.33", "2008-06-30": "$0.20", "2008-03-31": "$0.21", "2007-12-31": "$0.21", "2007-09-30": "$0.19", "2007-06-30": "$0.20", "2007-03-31": "$0.30", "2006-12-31": "$0.19", "2006-09-30": "$0.20", "2006-06-30": "$0.26", "2006-03-31": "$0.13", "2005-12-31": "$0.37", "2005-09-30": "$0.06", "2005-06-30": "$-0.05", "2005-03-31": "$0.11"}}, "shares-outstanding": {"Omega Healthcare Investors Annual Shares Outstanding (Millions of Shares)": {"2020": "235", "2019": "222", "2018": "210", "2017": "207", "2016": "202", "2015": "181", "2014": "127", "2013": "118", "2012": "108", "2011": "102", "2010": "94", "2009": "84", "2008": "75", "2007": "66", "2006": "59", "2005": "52"}, "Omega Healthcare Investors Quarterly Shares Outstanding (Millions of Shares)": {"2020-12-31": "237", "2020-09-30": "234", "2020-06-30": "235", "2020-03-31": "235", "2019-12-31": "222", "2019-09-30": "227", "2019-06-30": "220", "2019-03-31": "214", "2018-12-31": "210", "2018-09-30": "210", "2018-06-30": "208", "2018-03-31": "208", "2017-12-31": "207", "2017-09-30": "207", "2017-06-30": "207", "2017-03-31": "206", "2016-12-31": "202", "2016-09-30": "204", "2016-06-30": "199", "2016-03-31": "198", "2015-12-31": "181", "2015-09-30": "195", "2015-06-30": "194", "2015-03-31": "135", "2014-12-31": "127", "2014-09-30": "128", "2014-06-30": "127", "2014-03-31": "125", "2013-12-31": "118", "2013-09-30": "118", "2013-06-30": "117", "2013-03-31": "114", "2012-12-31": "108", "2012-09-30": "110", "2012-06-30": "106", "2012-03-31": "104", "2011-12-31": "102", "2011-09-30": "103", "2011-06-30": "102", "2011-03-31": "100", "2010-12-31": "94", "2010-09-30": "96", "2010-06-30": "93", "2010-03-31": "89", "2009-12-31": "84", "2009-09-30": "84", "2009-06-30": "83", "2009-03-31": "82", "2008-12-31": "75", "2008-09-30": "77", "2008-06-30": "73", "2008-03-31": "69", "2007-12-31": "66", "2007-09-30": "68", "2007-06-30": "67", "2007-03-31": "60", "2006-12-31": "59", "2006-09-30": "59", "2006-06-30": "58", "2006-03-31": "57", "2005-12-31": "52", "2005-09-30": "51", "2005-06-30": "51", "2005-03-31": "51"}}, "total-assets": {"Omega Healthcare Investors Annual Total Assets (Millions of US $)": {"2019": "$9,796", "2018": "$8,591", "2017": "$8,773", "2016": "$8,949", "2015": "$7,990", "2014": "$3,922", "2013": "$3,462", "2012": "$2,982", "2011": "$2,557", "2010": "$2,304", "2009": "$1,655", "2008": "$1,364", "2007": "$1,182", "2006": "$1,175", "2005": "$1,036"}, "Omega Healthcare Investors Quarterly Total Assets (Millions of US $)": {"2020-09-30": "$9,399", "2020-06-30": "$9,688", "2020-03-31": "$10,037", "2019-12-31": "$9,796", "2019-09-30": "$8,996", "2019-06-30": "$9,098", "2019-03-31": "$8,520", "2018-12-31": "$8,591", "2018-09-30": "$8,642", "2018-06-30": "$8,574", "2018-03-31": "$8,793", "2017-12-31": "$8,773", "2017-09-30": "$8,891", "2017-06-30": "$8,947", "2017-03-31": "$8,842", "2016-12-31": "$8,949", "2016-09-30": "$8,982", "2016-06-30": "$8,606", "2016-03-31": "$8,615", "2015-12-31": "$7,990", "2015-09-30": "$8,593", "2015-06-30": "$7,814", "2015-03-31": "$4,598", "2014-12-31": "$3,922", "2014-09-30": "$3,858", "2014-06-30": "$3,889", "2014-03-31": "$3,579", "2013-12-31": "$3,462", "2013-09-30": "$3,015", "2013-06-30": "$2,980", "2013-03-31": "$3,005", "2012-12-31": "$2,982", "2012-09-30": "$2,759", "2012-06-30": "$2,552", "2012-03-31": "$2,539", "2011-12-31": "$2,557", "2011-09-30": "$2,232", "2011-06-30": "$2,241", "2011-03-31": "$2,258", "2010-12-31": "$2,304", "2010-09-30": "$2,294", "2010-06-30": "$2,296", "2010-03-31": "$1,741", "2009-12-31": "$1,655", "2009-09-30": "$1,336", "2009-06-30": "$1,344", "2009-03-31": "$1,355", "2008-12-31": "$1,364", "2008-09-30": "$1,354", "2008-06-30": "$1,307", "2008-03-31": "$1,184", "2007-12-31": "$1,182", "2007-09-30": "$1,191", "2007-06-30": "$1,171", "2007-03-31": "$1,173", "2006-12-31": "$1,175", "2006-09-30": "$1,183", "2006-06-30": "$984", "2006-03-31": "$985", "2005-12-31": "$1,036", "2005-09-30": "$829", "2005-06-30": "$853", "2005-03-31": "$814"}}, "cash-on-hand": {"Omega Healthcare Investors Annual Cash on Hand (Millions of US $)": {"2019": "$33", "2018": "$12", "2017": "$97", "2016": "$107", "2015": "$20", "2014": "$34", "2013": "$34", "2012": "$38", "2011": "$34", "2010": "$29", "2009": "$12", "2008": "$7", "2007": "$4", "2006": "$5", "2005": "$10"}, "Omega Healthcare Investors Quarterly Cash on Hand (Millions of US $)": {"2020-09-30": "$40", "2020-06-30": "$42", "2020-03-31": "$352", "2019-12-31": "$33", "2019-09-30": "$42", "2019-06-30": "$34", "2019-03-31": "$41", "2018-12-31": "$12", "2018-09-30": "$11", "2018-06-30": "$14", "2018-03-31": "$79", "2017-12-31": "$97", "2017-09-30": "$35", "2017-06-30": "$33", "2017-03-31": "$53", "2016-12-31": "$107", "2016-09-30": "$45", "2016-06-30": "$47", "2016-03-31": "$22", "2015-12-31": "$20", "2015-09-30": "$39", "2015-06-30": "$47", "2015-03-31": "$728", "2014-12-31": "$34", "2014-09-30": "$32", "2014-06-30": "$63", "2014-03-31": "$49", "2013-12-31": "$34", "2013-09-30": "$97", "2013-06-30": "$47", "2013-03-31": "$60", "2012-12-31": "$38", "2012-09-30": "$40", "2012-06-30": "$39", "2012-03-31": "$37", "2011-12-31": "$34", "2011-09-30": "$31", "2011-06-30": "$26", "2011-03-31": "$24", "2010-12-31": "$29", "2010-09-30": "$22", "2010-06-30": "$24", "2010-03-31": "$85", "2009-12-31": "$12", "2009-09-30": "$7", "2009-06-30": "$12", "2009-03-31": "$17", "2008-12-31": "$7", "2008-09-30": "$9", "2008-06-30": "$7", "2008-03-31": "$5", "2007-12-31": "$4", "2007-09-30": "$4", "2007-06-30": "$7", "2007-03-31": "$7", "2006-12-31": "$5", "2006-09-30": "", "2006-06-30": "$14", "2006-03-31": "$0", "2005-12-31": "$10", "2005-09-30": "$1", "2005-06-30": "$1", "2005-03-31": "$10"}}, "long-term-debt": {"Omega Healthcare Investors Annual Long Term Debt (Millions of US $)": {"2019": "$5,136", "2018": "$4,541", "2017": "$4,572", "2016": "$4,367", "2015": "$3,540", "2014": "$2,379", "2013": "$2,024", "2012": "$1,825", "2011": "$1,551", "2010": "$1,177", "2009": "$738", "2008": "$548", "2007": "$533", "2006": "$635", "2005": "$563"}, "Omega Healthcare Investors Quarterly Long Term Debt (Millions of US $)": {"2020-09-30": "$5,173", "2020-06-30": "$5,226", "2020-03-31": "$5,520", "2019-12-31": "$5,136", "2019-09-30": "$4,619", "2019-06-30": "$4,733", "2019-03-31": "$4,429", "2018-12-31": "$4,541", "2018-09-30": "$4,588", "2018-06-30": "$4,448", "2018-03-31": "$4,644", "2017-12-31": "$4,572", "2017-09-30": "$4,645", "2017-06-30": "$4,430", "2017-03-31": "$4,301", "2016-12-31": "$4,367", "2016-09-30": "$4,434", "2016-06-30": "$4,162", "2016-03-31": "$4,219", "2015-12-31": "$3,540", "2015-09-30": "$4,245", "2015-06-30": "$3,448", "2015-03-31": "$2,627", "2014-12-31": "$2,379", "2014-09-30": "$2,301", "2014-06-30": "$2,360", "2014-03-31": "$2,091", "2013-12-31": "$2,024", "2013-09-30": "$1,700", "2013-06-30": "$1,707", "2013-03-31": "$1,766", "2012-12-31": "$1,825", "2012-09-30": "$1,589", "2012-06-30": "$1,490", "2012-03-31": "$1,530", "2011-12-31": "$1,551", "2011-09-30": "$1,219", "2011-06-30": "$1,228", "2011-03-31": "$1,245", "2010-12-31": "$1,177", "2010-09-30": "$1,148", "2010-06-30": "$1,227", "2010-03-31": "$781", "2009-12-31": "$738", "2009-09-30": "$494", "2009-06-30": "$531", "2009-03-31": "$540", "2008-12-31": "$548", "2008-09-30": "$519", "2008-06-30": "$587", "2008-03-31": "$567", "2007-12-31": "$533", "2007-09-30": "$537", "2007-06-30": "$515", "2007-03-31": "$632", "2006-12-31": "$635", "2006-09-30": "$642", "2006-06-30": "$485", "2006-03-31": "$489", "2005-12-31": "$563", "2005-09-30": "$441", "2005-06-30": "$462", "2005-03-31": "$360"}}, "total-liabilities": {"Omega Healthcare Investors Annual Total Liabilities (Millions of US $)": {"2019": "$5,460", "2018": "$4,826", "2017": "$4,885", "2016": "$4,737", "2015": "$3,889", "2014": "$2,520", "2013": "$2,162", "2012": "$1,971", "2011": "$1,679", "2010": "$1,300", "2009": "$790", "2008": "$576", "2007": "$596", "2006": "$710", "2005": "$595"}, "Omega Healthcare Investors Quarterly Total Liabilities (Millions of US $)": {"2020-09-30": "$5,460", "2020-06-30": "$5,520", "2020-03-31": "$5,819", "2019-12-31": "$5,460", "2019-09-30": "$4,913", "2019-06-30": "$5,046", "2019-03-31": "$4,714", "2018-12-31": "$4,826", "2018-09-30": "$4,856", "2018-06-30": "$4,720", "2018-03-31": "$4,922", "2017-12-31": "$4,885", "2017-09-30": "$4,948", "2017-06-30": "$4,771", "2017-03-31": "$4,628", "2016-12-31": "$4,737", "2016-09-30": "$4,807", "2016-06-30": "$4,505", "2016-03-31": "$4,563", "2015-12-31": "$3,889", "2015-09-30": "$4,529", "2015-06-30": "$3,736", "2015-03-31": "$2,827", "2014-12-31": "$2,520", "2014-09-30": "$2,451", "2014-06-30": "$2,506", "2014-03-31": "$2,224", "2013-12-31": "$2,162", "2013-09-30": "$1,825", "2013-06-30": "$1,843", "2013-03-31": "$1,899", "2012-12-31": "$1,971", "2012-09-30": "$1,739", "2012-06-30": "$1,616", "2012-03-31": "$1,656", "2011-12-31": "$1,679", "2011-09-30": "$1,334", "2011-06-30": "$1,339", "2011-03-31": "$1,363", "2010-12-31": "$1,300", "2010-09-30": "$1,272", "2010-06-30": "$1,335", "2010-03-31": "$836", "2009-12-31": "$790", "2009-09-30": "$522", "2009-06-30": "$557", "2009-03-31": "$568", "2008-12-31": "$576", "2008-09-30": "$550", "2008-06-30": "$614", "2008-03-31": "$594", "2007-12-31": "$596", "2007-09-30": "$608", "2007-06-30": "$588", "2007-03-31": "$706", "2006-12-31": "$710", "2006-09-30": "$717", "2006-06-30": "$549", "2006-03-31": "$555", "2005-12-31": "$595", "2005-09-30": "$467", "2005-06-30": "$486", "2005-03-31": "$392"}}, "total-share-holder-equity": {"Omega Healthcare Investors Annual Share Holder Equity (Millions of US $)": {"2019": "$4,337", "2018": "$3,764", "2017": "$3,888", "2016": "$4,212", "2015": "$4,101", "2014": "$1,401", "2013": "$1,300", "2012": "$1,011", "2011": "$878", "2010": "$1,004", "2009": "$865", "2008": "$788", "2007": "$586", "2006": "$465", "2005": "$441"}, "Omega Healthcare Investors Quarterly Share Holder Equity (Millions of US $)": {"2020-09-30": "$3,938", "2020-06-30": "$4,167", "2020-03-31": "$4,219", "2019-12-31": "$4,337", "2019-09-30": "$4,083", "2019-06-30": "$4,053", "2019-03-31": "$3,806", "2018-12-31": "$3,764", "2018-09-30": "$3,786", "2018-06-30": "$3,854", "2018-03-31": "$3,870", "2017-12-31": "$3,888", "2017-09-30": "$3,943", "2017-06-30": "$4,176", "2017-03-31": "$4,215", "2016-12-31": "$4,212", "2016-09-30": "$4,175", "2016-06-30": "$4,102", "2016-03-31": "$4,053", "2015-12-31": "$4,101", "2015-09-30": "$4,065", "2015-06-30": "$4,077", "2015-03-31": "$1,771", "2014-12-31": "$1,401", "2014-09-30": "$1,406", "2014-06-30": "$1,384", "2014-03-31": "$1,355", "2013-12-31": "$1,300", "2013-09-30": "$1,190", "2013-06-30": "$1,137", "2013-03-31": "$1,106", "2012-12-31": "$1,011", "2012-09-30": "$1,021", "2012-06-30": "$936", "2012-03-31": "$883", "2011-12-31": "$878", "2011-09-30": "$898", "2011-06-30": "$902", "2011-03-31": "$895", "2010-12-31": "$1,004", "2010-09-30": "$1,021", "2010-06-30": "$961", "2010-03-31": "$905", "2009-12-31": "$865", "2009-09-30": "$814", "2009-06-30": "$786", "2009-03-31": "$787", "2008-12-31": "$788", "2008-09-30": "$804", "2008-06-30": "$693", "2008-03-31": "$589", "2007-12-31": "$586", "2007-09-30": "$583", "2007-06-30": "$584", "2007-03-31": "$467", "2006-12-31": "$465", "2006-09-30": "$466", "2006-06-30": "$435", "2006-03-31": "$430", "2005-12-31": "$441", "2005-09-30": "$362", "2005-06-30": "$368", "2005-03-31": "$422"}}, "profit-margins": {"current": "17.85%"}, "gross margin": {"2020-12-31": "100.00%", "2020-09-30": "100.00%", "2020-06-30": "100.00%", "2020-03-31": "100.00%", "2019-12-31": "100.00%", "2019-09-30": "100.00%", "2019-06-30": "100.00%", "2019-03-31": "100.00%", "2018-12-31": "100.00%", "2018-09-30": "100.00%", "2018-06-30": "100.00%", "2018-03-31": "100.00%", "2017-12-31": "100.00%", "2017-09-30": "100.00%", "2017-06-30": "100.00%", "2017-03-31": "100.00%", "2016-12-31": "100.00%", "2016-09-30": "100.00%", "2016-06-30": "100.00%", "2016-03-31": "100.00%", "2015-12-31": "100.00%", "2015-09-30": "100.00%", "2015-06-30": "100.00%", "2015-03-31": "100.00%", "2014-12-31": "100.00%", "2014-09-30": "100.00%", "2014-06-30": "100.00%", "2014-03-31": "100.00%", "2013-12-31": "100.00%", "2013-09-30": "100.00%", "2013-06-30": "100.00%", "2013-03-31": "100.00%", "2012-12-31": "100.00%", "2012-09-30": "100.00%", "2012-06-30": "100.00%", "2012-03-31": "99.67%", "2011-12-31": "99.66%", "2011-09-30": "99.65%", "2011-06-30": "99.30%", "2011-03-31": "98.52%", "2010-12-31": "96.53%", "2010-09-30": "94.09%", "2010-06-30": "91.71%", "2010-03-31": "90.34%", "2009-12-31": "89.85%", "2009-09-30": "88.83%", "2009-06-30": "81.64%", "2009-03-31": "83.66%", "2008-12-31": "85.57%", "2008-09-30": "88.65%", "2008-06-30": "100.00%", "2008-03-31": "100.00%", "2007-12-31": "100.00%", "2007-09-30": "100.00%", "2007-06-30": "100.00%", "2007-03-31": "100.00%", "2006-12-31": "100.00%", "2006-09-30": "100.00%", "2006-06-30": "100.00%", "2006-03-31": "100.00%", "2005-12-31": "100.00%"}, "operating margin": {"2020-12-31": "44.39%", "2020-09-30": "43.66%", "2020-06-30": "61.48%", "2020-03-31": "60.33%", "2019-12-31": "59.42%", "2019-09-30": "61.20%", "2019-06-30": "53.42%", "2019-03-31": "54.40%", "2018-12-31": "56.46%", "2018-09-30": "57.19%", "2018-06-30": "34.73%", "2018-03-31": "35.01%", "2017-12-31": "34.65%", "2017-09-30": "42.19%", "2017-06-30": "64.83%", "2017-03-31": "65.43%", "2016-12-31": "62.15%", "2016-09-30": "55.58%", "2016-06-30": "57.31%", "2016-03-31": "51.21%", "2015-12-31": "55.24%", "2015-09-30": "57.08%", "2015-06-30": "58.18%", "2015-03-31": "67.89%", "2014-12-31": "68.91%", "2014-09-30": "67.22%", "2014-06-30": "65.65%", "2014-03-31": "65.07%", "2013-12-31": "63.48%", "2013-09-30": "63.03%", "2013-06-30": "62.27%", "2013-03-31": "61.96%", "2012-12-31": "61.25%", "2012-09-30": "59.34%", "2012-06-30": "58.81%", "2012-03-31": "56.68%", "2011-12-31": "47.26%", "2011-09-30": "48.43%", "2011-06-30": "46.83%", "2011-03-31": "47.78%", "2010-12-31": "57.53%", "2010-09-30": "56.12%", "2010-06-30": "58.53%", "2010-03-31": "58.94%", "2009-12-31": "59.39%", "2009-09-30": "58.88%", "2009-06-30": "53.62%", "2009-03-31": "53.47%", "2008-12-31": "54.12%", "2008-09-30": "58.38%", "2008-06-30": "65.85%", "2008-03-31": "68.35%", "2007-12-31": "70.00%", "2007-09-30": "68.59%", "2007-06-30": "67.11%", "2007-03-31": "66.44%", "2006-12-31": "65.19%", "2006-09-30": "69.77%", "2006-06-30": "70.25%", "2006-03-31": "69.30%", "2005-12-31": "69.72%"}, "ebitda margin": {"2020-09-30": "81.03%", "2020-06-30": "94.44%", "2020-03-31": "93.53%", "2019-12-31": "92.25%", "2019-09-30": "93.68%", "2019-06-30": "85.41%", "2019-03-31": "86.00%", "2018-12-31": "88.10%", "2018-09-30": "89.35%", "2018-06-30": "67.08%", "2018-03-31": "68.00%", "2017-12-31": "67.22%", "2017-09-30": "74.73%", "2017-06-30": "96.66%", "2017-03-31": "95.87%", "2016-12-31": "91.56%", "2016-09-30": "81.09%", "2016-06-30": "82.92%", "2016-03-31": "77.06%", "2015-12-31": "81.85%", "2015-09-30": "85.84%", "2015-06-30": "84.99%", "2015-03-31": "93.62%", "2014-12-31": "93.86%", "2014-09-30": "93.61%", "2014-06-30": "94.53%", "2014-03-31": "92.69%", "2013-12-31": "92.36%", "2013-09-30": "93.30%", "2013-06-30": "92.76%", "2013-03-31": "95.11%", "2012-12-31": "96.58%", "2012-09-30": "94.28%", "2012-06-30": "95.28%", "2012-03-31": "94.14%", "2011-12-31": "83.56%", "2011-09-30": "90.59%", "2011-06-30": "88.73%", "2011-03-31": "90.37%", "2010-12-31": "98.46%", "2010-09-30": "89.03%", "2010-06-30": "87.56%", "2010-03-31": "85.02%", "2009-12-31": "84.26%", "2009-09-30": "83.25%", "2009-06-30": "76.33%", "2009-03-31": "76.24%", "2008-12-31": "76.80%", "2008-09-30": "81.08%", "2008-06-30": "90.85%", "2008-03-31": "93.04%", "2007-12-31": "94.38%", "2007-09-30": "93.59%", "2007-06-30": "94.74%", "2007-03-31": "95.21%", "2006-12-31": "95.56%", "2006-09-30": "99.22%", "2006-06-30": "96.69%", "2006-03-31": "96.49%", "2005-12-31": "96.33%"}, "pre tax profit margin": {"2020-12-31": "18.16%", "2020-09-30": "18.17%", "2020-06-30": "39.33%", "2020-03-31": "38.00%", "2019-12-31": "37.03%", "2019-09-30": "38.58%", "2019-06-30": "30.53%", "2019-03-31": "31.49%", "2018-12-31": "33.56%", "2018-09-30": "33.52%", "2018-06-30": "11.35%", "2018-03-31": "9.48%", "2017-12-31": "11.66%", "2017-09-30": "18.55%", "2017-06-30": "42.07%", "2017-03-31": "47.39%", "2016-12-31": "42.62%", "2016-09-30": "36.22%", "2016-06-30": "37.43%", "2016-03-31": "30.34%", "2015-12-31": "31.59%", "2015-09-30": "34.79%", "2015-06-30": "35.24%", "2015-03-31": "41.01%", "2014-12-31": "43.96%", "2014-09-30": "42.89%", "2014-06-30": "40.26%", "2014-03-31": "42.69%", "2013-12-31": "41.05%", "2013-09-30": "36.72%", "2013-06-30": "36.18%", "2013-03-31": "32.88%", "2012-12-31": "31.05%", "2012-09-30": "31.93%", "2012-06-30": "30.50%", "2012-03-31": "27.36%", "2011-12-31": "17.81%", "2011-09-30": "13.24%", "2011-06-30": "11.97%", "2011-03-31": "11.85%", "2010-12-31": "22.78%", "2010-09-30": "29.54%", "2010-06-30": "34.10%", "2010-03-31": "37.68%", "2009-12-31": "41.62%", "2009-09-30": "41.62%", "2009-06-30": "43.00%", "2009-03-31": "42.57%", "2008-12-31": "40.21%", "2008-09-30": "42.70%", "2008-06-30": "40.24%", "2008-03-31": "41.14%", "2007-12-31": "41.88%", "2007-09-30": "41.03%", "2007-06-30": "42.11%", "2007-03-31": "45.21%", "2006-12-31": "42.96%", "2006-09-30": "45.74%", "2006-06-30": "42.15%", "2006-03-31": "33.33%", "2005-12-31": "35.78%"}, "net profit margin": {"2020-12-31": "17.83%", "2020-09-30": "18.06%", "2020-06-30": "39.23%", "2020-03-31": "37.79%", "2019-12-31": "36.81%", "2019-09-30": "38.14%", "2019-06-30": "29.41%", "2019-03-31": "30.25%", "2018-12-31": "31.97%", "2018-09-30": "31.94%", "2018-06-30": "10.56%", "2018-03-31": "8.81%", "2017-12-31": "10.89%", "2017-09-30": "17.46%", "2017-06-30": "40.13%", "2017-03-31": "45.11%", "2016-12-31": "40.73%", "2016-09-30": "34.62%", "2016-06-30": "35.56%", "2016-03-31": "28.76%", "2015-12-31": "30.11%", "2015-09-30": "33.13%", "2015-06-30": "34.23%", "2015-03-31": "40.43%", "2014-12-31": "43.96%", "2014-09-30": "43.71%", "2014-06-30": "41.14%", "2014-03-31": "43.38%", "2013-12-31": "41.05%", "2013-09-30": "39.45%", "2013-06-30": "39.02%", "2013-03-31": "36.14%", "2012-12-31": "34.47%", "2012-09-30": "31.93%", "2012-06-30": "30.50%", "2012-03-31": "27.36%", "2011-12-31": "16.10%", "2011-09-30": "10.80%", "2011-06-30": "8.80%", "2011-03-31": "7.41%", "2010-12-31": "19.31%", "2010-09-30": "25.74%", "2010-06-30": "29.95%", "2010-03-31": "33.82%", "2009-12-31": "37.56%", "2009-09-30": "38.58%", "2009-06-30": "40.10%", "2009-03-31": "39.60%", "2008-12-31": "37.11%", "2008-09-30": "38.38%", "2008-06-30": "35.37%", "2008-03-31": "36.08%", "2007-12-31": "37.50%", "2007-09-30": "35.90%", "2007-06-30": "36.18%", "2007-03-31": "38.36%", "2006-12-31": "34.07%", "2006-09-30": "41.86%", "2006-06-30": "37.19%", "2006-03-31": "23.68%", "2005-12-31": "22.94%"}, "pe ratio": {"current": "11.41", "2021-02-05": "87.74", "2020-12-31": "84.93", "2020-09-30": "41.65", "2020-06-30": "16.25", "2020-03-31": "14.97", "2019-12-31": "24.26", "2019-09-30": "23.00", "2019-06-30": "25.34", "2019-03-31": "24.84", "2018-12-31": "21.23", "2018-09-30": "19.40", "2018-06-30": "55.85", "2018-03-31": "54.81", "2017-12-31": "42.47", "2017-09-30": "29.39", "2017-06-30": "12.93", "2017-03-31": "11.25", "2016-12-31": "11.79", "2016-09-30": "15.78", "2016-06-30": "14.58", "2016-03-31": "19.07", "2015-12-31": "18.13", "2015-09-30": "16.28", "2015-06-30": "15.12", "2015-03-31": "16.13", "2014-12-31": "14.08", "2014-09-30": "12.59", "2014-06-30": "14.80", "2014-03-31": "12.85", "2013-12-31": "12.09", "2013-09-30": "12.64", "2013-06-30": "13.43", "2013-03-31": "14.36", "2012-12-31": "11.99", "2012-09-30": "12.44", "2012-06-30": "12.88", "2012-03-31": "13.68", "2011-12-31": "21.77", "2011-09-30": "26.89", "2011-06-30": "43.44", "2011-03-31": "51.97", "2010-12-31": "20.35", "2010-09-30": "16.09", "2010-06-30": "12.70", "2010-03-31": "11.16", "2009-12-31": "10.07", "2009-09-30": "7.86", "2009-06-30": "6.67", "2009-03-31": "5.99", "2008-12-31": "7.18", "2008-09-30": "8.37", "2008-06-30": "8.16", "2008-03-31": "8.37", "2007-12-31": "6.85", "2007-09-30": "6.81", "2007-06-30": "6.72", "2007-03-31": "7.60", "2006-12-31": "10.54"}, "price sales": {"2021-02-05": "9.71", "2020-12-31": "9.40", "2020-09-30": "7.58", "2020-06-30": "6.48", "2020-03-31": "5.76", "2019-12-31": "9.11", "2019-09-30": "8.98", "2019-06-30": "7.71", "2019-03-31": "7.80", "2018-12-31": "7.05", "2018-09-30": "6.41", "2018-06-30": "5.92", "2018-03-31": "4.93", "2017-12-31": "4.83", "2017-09-30": "5.37", "2017-06-30": "5.40", "2017-03-31": "5.28", "2016-12-31": "4.97", "2016-09-30": "5.52", "2016-06-30": "5.27", "2016-03-31": "5.56", "2015-12-31": "5.52", "2015-09-30": "5.64", "2015-06-30": "5.44", "2015-03-31": "6.50", "2014-12-31": "6.16", "2014-09-30": "5.45", "2014-06-30": "6.02", "2014-03-31": "5.51", "2013-12-31": "4.92", "2013-09-30": "4.95", "2013-06-30": "5.18", "2013-03-31": "5.13", "2012-12-31": "4.06", "2012-09-30": "3.96", "2012-06-30": "3.96", "2012-03-31": "3.77", "2011-12-31": "3.49", "2011-09-30": "2.80", "2011-06-30": "3.60", "2011-03-31": "3.88", "2010-12-31": "3.89", "2010-09-30": "4.07", "2010-06-30": "3.75", "2010-03-31": "3.66", "2009-12-31": "3.69", "2009-09-30": "2.90", "2009-06-30": "2.56", "2009-03-31": "2.28", "2008-12-31": "2.54", "2008-09-30": "3.12", "2008-06-30": "2.82", "2008-03-31": "2.93", "2007-12-31": "2.54", "2007-09-30": "2.40", "2007-06-30": "2.39", "2007-03-31": "2.56", "2006-12-31": "2.78"}, "price book": {"current": "2.12", "2021-02-05": "2.12", "2020-09-30": "1.66", "2020-06-30": "1.52", "2020-03-31": "1.31", "2019-12-31": "2.00", "2019-09-30": "1.99", "2019-06-30": "1.72", "2019-03-31": "1.78", "2018-12-31": "1.60", "2018-09-30": "1.44", "2018-06-30": "1.31", "2018-03-31": "1.10", "2017-12-31": "1.08", "2017-09-30": "1.21", "2017-06-30": "1.15", "2017-03-31": "1.12", "2016-12-31": "1.04", "2016-09-30": "1.16", "2016-06-30": "1.08", "2016-03-31": "1.11", "2015-12-31": "1.06", "2015-09-30": "1.04", "2015-06-30": "0.99", "2015-03-31": "2.03", "2014-12-31": "2.23", "2014-09-30": "1.92", "2014-06-30": "2.06", "2014-03-31": "1.87", "2013-12-31": "1.68", "2013-09-30": "1.75", "2013-06-30": "1.84", "2013-03-31": "1.81", "2012-12-31": "1.48", "2012-09-30": "1.37", "2012-06-30": "1.39", "2012-03-31": "1.33", "2011-12-31": "1.18", "2011-09-30": "0.93", "2011-06-30": "1.19", "2011-03-31": "1.24", "2010-12-31": "1.07", "2010-09-30": "1.02", "2010-06-30": "0.91", "2010-03-31": "0.90", "2009-12-31": "0.89", "2009-09-30": "0.74", "2009-06-30": "0.71", "2009-03-31": "0.63", "2008-12-31": "0.70", "2008-09-30": "0.82", "2008-06-30": "0.73", "2008-03-31": "0.81", "2007-12-31": "0.72", "2007-09-30": "0.69", "2007-06-30": "0.69", "2007-03-31": "0.91", "2006-12-31": "0.82", "2006-09-30": "0.69", "2006-06-30": "0.63", "2006-03-31": "0.65"}, "price fcf": {"2021-02-05": "", "2020-09-30": "$0.81", "2020-06-30": "$0.63", "2020-03-31": "$0.26", "2019-12-31": "$0.16", "2019-09-30": "$1.44", "2019-06-30": "$1.59", "2019-03-31": "$1.44", "2018-12-31": "$1.22", "2018-09-30": "$1.39", "2018-06-30": "$0.56", "2018-03-31": "$0.22", "2017-12-31": "$0.51", "2017-09-30": "$0.57", "2017-06-30": "$0.07", "2017-03-31": "$-0.22", "2016-12-31": "$-2.20", "2016-09-30": "$-2.37", "2016-06-30": "$-2.04", "2016-03-31": "$-2.42", "2015-12-31": "$-0.20", "2015-09-30": "$-0.74", "2015-06-30": "$0.31", "2015-03-31": "$1.55", "2014-12-31": "$1.48", "2014-09-30": "$2.04", "2014-06-30": "$2.01", "2014-03-31": "$1.96", "2013-12-31": "$1.83", "2013-09-30": "$0.20", "2013-06-30": "$-1.63", "2013-03-31": "$-1.96", "2012-12-31": "$-2.02", "2012-09-30": "$-1.38", "2012-06-30": "$0.45", "2012-03-31": "$0.66", "2011-12-31": "$0.62", "2011-09-30": "$1.47", "2011-06-30": "$1.48", "2011-03-31": "$-2.34", "2010-12-31": "$-2.35", "2010-09-30": "$-4.31", "2010-06-30": "$-4.47", "2010-03-31": "$-0.60", "2009-12-31": "$-0.42", "2009-09-30": "$1.25", "2009-06-30": "$0.45", "2009-03-31": "$-0.29", "2008-12-31": "$-0.54", "2008-09-30": "$-0.37", "2008-06-30": "$-0.13", "2008-03-31": "$0.49", "2007-12-31": "$0.55", "2007-09-30": "$0.54", "2007-06-30": "$-2.17", "2007-03-31": "$-2.15", "2006-12-31": "$-2.09"}, "net worth": {"value": "$8.37B"}, "current ratio": {"2020-12-31": "3.79", "2020-09-30": "3.40", "2020-06-30": "3.35", "2020-03-31": "3.93", "2019-12-31": "2.67", "2019-09-30": "3.00", "2019-06-30": "2.78", "2019-03-31": "2.86", "2018-12-31": "2.78", "2018-09-30": "4.17", "2018-06-30": "4.03", "2018-03-31": "4.01", "2017-12-31": "3.55", "2017-09-30": "3.40", "2017-06-30": "3.04", "2017-03-31": "3.06", "2016-12-31": "2.74", "2016-09-30": "2.47", "2016-06-30": "2.69", "2016-03-31": "2.71", "2015-12-31": "2.71", "2015-09-30": "3.40", "2015-06-30": "3.38", "2015-03-31": "7.79", "2014-12-31": "5.99", "2014-09-30": "5.63", "2014-06-30": "5.96", "2014-03-31": "4.20", "2013-12-31": "3.08", "2013-09-30": "3.85", "2013-06-30": "3.14", "2013-03-31": "3.23", "2012-12-31": "2.76", "2012-09-30": "2.70", "2012-06-30": "3.14", "2012-03-31": "3.05", "2011-12-31": "2.93", "2011-09-30": "2.15", "2011-06-30": "2.11", "2011-03-31": "1.96", "2010-12-31": "1.89", "2010-09-30": "1.66", "2010-06-30": "1.84", "2010-03-31": "4.85", "2009-12-31": "3.88", "2009-09-30": "6.98", "2009-06-30": "7.75", "2009-03-31": "7.26", "2008-12-31": "7.17", "2008-09-30": "6.92", "2008-06-30": "6.96", "2008-03-31": "4.01", "2007-12-31": "4.49", "2007-09-30": "3.69", "2007-06-30": "3.78", "2007-03-31": "3.55", "2006-12-31": "2.61", "2006-09-30": "2.58", "2006-06-30": "2.36", "2006-03-31": "2.04", "2005-12-31": "5.11", "2005-09-30": "2.20", "2005-06-30": "2.49", "2005-03-31": "2.21"}, "quick ratio": {"2020-12-31": "0.00", "2020-09-30": "0.00", "2020-06-30": "0.00", "2020-03-31": "0.00", "2019-12-31": "0.00", "2019-09-30": "0.00", "2019-06-30": "0.00", "2019-03-31": "0.00", "2018-12-31": "0.00", "2018-09-30": "0.00", "2018-06-30": "0.00", "2018-03-31": "0.00", "2017-12-31": "0.00", "2017-09-30": "0.00", "2017-06-30": "0.00", "2017-03-31": "0.00", "2016-12-31": "0.00", "2016-09-30": "0.00", "2016-06-30": "0.00", "2016-03-31": "0.00", "2015-12-31": "0.00", "2015-09-30": "0.00", "2015-06-30": "0.00", "2015-03-31": "0.00", "2014-12-31": "0.00", "2014-09-30": "0.00", "2014-06-30": "0.00", "2014-03-31": "0.00", "2013-12-31": "0.00", "2013-09-30": "0.00", "2013-06-30": "0.00", "2013-03-31": "0.00", "2012-12-31": "0.00", "2012-09-30": "0.00", "2012-06-30": "0.00", "2012-03-31": "0.00", "2011-12-31": "0.00", "2011-09-30": "0.00", "2011-06-30": "0.00", "2011-03-31": "0.00", "2010-12-31": "0.00", "2010-09-30": "0.00", "2010-06-30": "0.00", "2010-03-31": "0.00", "2009-12-31": "0.00", "2009-09-30": "0.00", "2009-06-30": "0.00", "2009-03-31": "0.00", "2008-12-31": "0.00", "2008-09-30": "0.00", "2008-06-30": "0.00", "2008-03-31": "0.00", "2007-12-31": "0.00", "2007-09-30": "0.00", "2007-06-30": "0.00", "2007-03-31": "0.00", "2006-12-31": "0.00", "2006-09-30": "0.00", "2006-06-30": "0.00", "2006-03-31": "0.00", "2005-12-31": "0.00", "2005-09-30": "0.00", "2005-06-30": "0.00", "2005-03-31": "0.00"}, "debt equity ratio": {"current": "1.31", "2020-12-31": "1.35", "2020-09-30": "1.39", "2020-06-30": "1.33", "2020-03-31": "1.38", "2019-12-31": "1.26", "2019-09-30": "1.20", "2019-06-30": "1.25", "2019-03-31": "1.24", "2018-12-31": "1.28", "2018-09-30": "1.28", "2018-06-30": "1.23", "2018-03-31": "1.27", "2017-12-31": "1.26", "2017-09-30": "1.26", "2017-06-30": "1.14", "2017-03-31": "1.10", "2016-12-31": "1.13", "2016-09-30": "1.15", "2016-06-30": "1.10", "2016-03-31": "1.13", "2015-12-31": "0.95", "2015-09-30": "1.11", "2015-06-30": "0.92", "2015-03-31": "1.60", "2014-12-31": "1.80", "2014-09-30": "1.74", "2014-06-30": "1.81", "2014-03-31": "1.64", "2013-12-31": "1.66", "2013-09-30": "1.53", "2013-06-30": "1.62", "2013-03-31": "1.72", "2012-12-31": "1.95", "2012-09-30": "1.70", "2012-06-30": "1.73", "2012-03-31": "1.88", "2011-12-31": "1.91", "2011-09-30": "1.49", "2011-06-30": "1.48", "2011-03-31": "1.52", "2010-12-31": "1.30", "2010-09-30": "1.25", "2010-06-30": "1.39", "2010-03-31": "0.92", "2009-12-31": "0.91", "2009-09-30": "0.64", "2009-06-30": "0.71", "2009-03-31": "0.72", "2008-12-31": "0.73", "2008-09-30": "0.69", "2008-06-30": "0.89", "2008-03-31": "1.01", "2007-12-31": "1.02", "2007-09-30": "1.04", "2007-06-30": "1.01", "2007-03-31": "1.51", "2006-12-31": "1.53", "2006-09-30": "1.54", "2006-06-30": "1.26", "2006-03-31": "1.29", "2005-12-31": "1.35", "2005-09-30": "1.29", "2005-06-30": "1.32", "2005-03-31": "0.93"}, "return on equity": {"2020-12-31": "3.89%", "2020-09-30": "3.79%", "2020-06-30": "9.23%", "2020-03-31": "8.67%", "2019-12-31": "8.40%", "2019-09-30": "8.76%", "2019-06-30": "6.80%", "2019-03-31": "7.05%", "2018-12-31": "7.39%", "2018-09-30": "7.33%", "2018-06-30": "2.39%", "2018-03-31": "1.99%", "2017-12-31": "2.44%", "2017-09-30": "3.89%", "2017-06-30": "8.87%", "2017-03-31": "9.94%", "2016-12-31": "8.87%", "2016-09-30": "7.40%", "2016-06-30": "7.45%", "2016-03-31": "5.82%", "2015-12-31": "6.39%", "2015-09-30": "7.78%", "2015-06-30": "9.38%", "2015-03-31": "14.02%", "2014-12-31": "16.01%", "2014-09-30": "15.57%", "2014-06-30": "14.38%", "2014-03-31": "15.25%", "2013-12-31": "14.54%", "2013-09-30": "14.31%", "2013-06-30": "14.13%", "2013-03-31": "13.06%", "2012-12-31": "12.57%", "2012-09-30": "11.40%", "2012-06-30": "10.79%", "2012-03-31": "9.44%", "2011-12-31": "5.26%", "2011-09-30": "3.35%", "2011-06-30": "2.62%", "2011-03-31": "2.06%", "2010-12-31": "5.14%", "2010-09-30": "6.50%", "2010-06-30": "7.33%", "2010-03-31": "8.31%", "2009-12-31": "9.10%", "2009-09-30": "9.57%", "2009-06-30": "10.49%", "2009-03-31": "10.42%", "2008-12-31": "10.02%", "2008-09-30": "10.63%", "2008-06-30": "9.47%", "2008-03-31": "9.74%", "2007-12-31": "10.81%", "2007-09-30": "10.67%", "2007-06-30": "11.10%", "2007-03-31": "12.22%", "2006-12-31": "10.24%", "2006-09-30": "12.19%", "2006-06-30": "10.79%", "2006-03-31": "6.75%", "2005-12-31": "6.28%"}, "return on assets": {"2020-12-31": "1.65%", "2020-09-30": "1.62%", "2020-06-30": "4.03%", "2020-03-31": "3.82%", "2019-12-31": "3.76%", "2019-09-30": "3.91%", "2019-06-30": "3.01%", "2019-03-31": "3.12%", "2018-12-31": "3.26%", "2018-09-30": "3.24%", "2018-06-30": "1.06%", "2018-03-31": "0.89%", "2017-12-31": "1.12%", "2017-09-30": "1.81%", "2017-06-30": "4.17%", "2017-03-31": "4.69%", "2016-12-31": "4.18%", "2016-09-30": "3.56%", "2016-06-30": "3.60%", "2016-03-31": "2.87%", "2015-12-31": "3.09%", "2015-09-30": "3.53%", "2015-06-30": "4.02%", "2015-03-31": "5.14%", "2014-12-31": "5.82%", "2014-09-30": "5.73%", "2014-06-30": "5.39%", "2014-03-31": "5.83%", "2013-12-31": "5.52%", "2013-09-30": "5.31%", "2013-06-30": "5.15%", "2013-03-31": "4.71%", "2012-12-31": "4.47%", "2012-09-30": "4.07%", "2012-06-30": "3.93%", "2012-03-31": "3.51%", "2011-12-31": "2.02%", "2011-09-30": "1.37%", "2011-06-30": "1.10%", "2011-03-31": "0.87%", "2010-12-31": "2.32%", "2010-09-30": "3.06%", "2010-06-30": "3.70%", "2010-03-31": "4.61%", "2009-12-31": "5.20%", "2009-09-30": "5.63%", "2009-06-30": "6.13%", "2009-03-31": "5.95%", "2008-12-31": "5.53%", "2008-09-30": "5.65%", "2008-06-30": "4.77%", "2008-03-31": "4.82%", "2007-12-31": "5.09%", "2007-09-30": "4.76%", "2007-06-30": "4.68%", "2007-03-31": "4.96%", "2006-12-31": "4.25%", "2006-09-30": "5.16%", "2006-06-30": "4.69%", "2006-03-31": "2.92%", "2005-12-31": "2.83%"}, "return on investments": {"2020-12-31": "4.23%", "2020-09-30": "4.05%", "2020-06-30": "6.52%", "2020-03-31": "6.30%", "2019-12-31": "6.27%", "2019-09-30": "6.49%", "2019-06-30": "5.65%", "2019-03-31": "5.80%", "2018-12-31": "5.95%", "2018-09-30": "6.00%", "2018-06-30": "3.61%", "2018-03-31": "3.68%", "2017-12-31": "3.69%", "2017-09-30": "4.54%", "2017-06-30": "7.01%", "2017-03-31": "7.09%", "2016-12-31": "6.64%", "2016-09-30": "5.95%", "2016-06-30": "6.03%", "2016-03-31": "5.32%", "2015-12-31": "5.90%", "2015-09-30": "6.31%", "2015-06-30": "7.11%", "2015-03-31": "8.98%", "2014-12-31": "9.48%", "2014-09-30": "9.17%", "2014-06-30": "8.95%", "2014-03-31": "9.12%", "2013-12-31": "8.92%", "2013-09-30": "8.88%", "2013-06-30": "8.64%", "2013-03-31": "8.49%", "2012-12-31": "8.36%", "2012-09-30": "7.98%", "2012-06-30": "7.97%", "2012-03-31": "7.66%", "2011-12-31": "6.26%", "2011-09-30": "6.49%", "2011-06-30": "6.17%", "2011-03-31": "5.95%", "2010-12-31": "7.25%", "2010-09-30": "6.96%", "2010-06-30": "7.49%", "2010-03-31": "8.25%", "2009-12-31": "8.43%", "2009-09-30": "8.78%", "2009-06-30": "8.38%", "2009-03-31": "8.21%", "2008-12-31": "8.24%", "2008-09-30": "8.86%", "2008-06-30": "9.24%", "2008-03-31": "9.61%", "2007-12-31": "10.10%", "2007-09-30": "9.69%", "2007-06-30": "9.26%", "2007-03-31": "9.18%", "2006-12-31": "8.70%", "2006-09-30": "9.11%", "2006-06-30": "9.33%", "2006-03-31": "8.89%", "2005-12-31": "8.90%"}, "return on tangible equity": {"2020-09-30": "4.49%", "2020-06-30": "10.91%", "2020-03-31": "10.26%", "2019-12-31": "9.98%", "2019-09-30": "10.48%", "2019-06-30": "8.17%", "2019-03-31": "8.49%", "2018-12-31": "8.88%", "2018-09-30": "8.80%", "2018-06-30": "2.87%", "2018-03-31": "2.38%", "2017-12-31": "2.90%", "2017-09-30": "4.61%", "2017-06-30": "10.48%", "2017-03-31": "11.75%", "2016-12-31": "10.51%", "2016-09-30": "8.78%", "2016-06-30": "8.79%", "2016-03-31": "6.82%", "2015-12-31": "7.30%", "2015-09-30": "8.61%", "2015-06-30": "10.01%", "2015-03-31": "14.02%", "2014-12-31": "16.01%", "2014-09-30": "15.57%", "2014-06-30": "14.38%", "2014-03-31": "15.25%", "2013-12-31": "14.54%", "2013-09-30": "14.31%", "2013-06-30": "14.13%", "2013-03-31": "13.06%", "2012-12-31": "12.57%", "2012-09-30": "11.40%", "2012-06-30": "10.79%", "2012-03-31": "9.44%", "2011-12-31": "5.26%", "2011-09-30": "3.35%", "2011-06-30": "2.62%", "2011-03-31": "2.06%", "2010-12-31": "5.14%", "2010-09-30": "6.50%", "2010-06-30": "7.33%", "2010-03-31": "8.31%", "2009-12-31": "9.10%", "2009-09-30": "9.57%", "2009-06-30": "10.49%", "2009-03-31": "10.42%", "2008-12-31": "10.02%", "2008-09-30": "10.63%", "2008-06-30": "9.47%", "2008-03-31": "9.74%", "2007-12-31": "10.81%", "2007-09-30": "10.67%", "2007-06-30": "11.10%", "2007-03-31": "12.22%", "2006-12-31": "10.24%", "2006-09-30": "12.19%", "2006-06-30": "10.79%", "2006-03-31": "6.75%", "2005-12-31": "6.28%"}, "dividend yield history": {"last payout": "$2.68", "last yield": "7.27%"}}