{"ticker": "OMC", "price": {"title": "Omnicom Group Historical Annual Stock Price Data", "value": 65.88, "historical": {"2021": {"Average Stock Price": "63.7246", "Year Open": "60.8800", "Year High": "66.9700", "Year Low": "60.8800", "Year Close": "65.8800", "Annual % Change": "5.63%"}, "2020": {"Average Stock Price": "58.9421", "Year Open": "79.8700", "Year High": "80.4900", "Year Low": "45.8000", "Year Close": "62.3700", "Annual % Change": "-23.02%"}, "2019": {"Average Stock Price": "77.9764", "Year Open": "72.7100", "Year High": "84.7700", "Year Low": "71.5700", "Year Close": "81.0200", "Annual % Change": "10.62%"}, "2018": {"Average Stock Price": "73.2684", "Year Open": "72.7700", "Year High": "82.7800", "Year Low": "67.3100", "Year Close": "73.2400", "Annual % Change": "0.56%"}, "2017": {"Average Stock Price": "79.3507", "Year Open": "85.0700", "Year High": "87.3900", "Year Low": "65.5200", "Year Close": "72.8300", "Annual % Change": "-14.43%"}, "2016": {"Average Stock Price": "81.5995", "Year Open": "73.5700", "Year High": "88.4700", "Year Low": "67.9400", "Year Close": "85.1100", "Annual % Change": "12.49%"}, "2015": {"Average Stock Price": "73.8119", "Year Open": "75.9300", "Year High": "80.5200", "Year Low": "64.7900", "Year Close": "75.6600", "Annual % Change": "-2.34%"}, "2014": {"Average Stock Price": "71.8488", "Year Open": "74.0000", "Year High": "78.4100", "Year Low": "64.9300", "Year Close": "77.4700", "Annual % Change": "4.17%"}, "2013": {"Average Stock Price": "62.4982", "Year Open": "51.4600", "Year High": "74.3700", "Year Low": "51.2100", "Year Close": "74.3700", "Annual % Change": "48.86%"}, "2012": {"Average Stock Price": "49.3012", "Year Open": "45.0000", "Year High": "54.2300", "Year Low": "44.0400", "Year Close": "49.9600", "Annual % Change": "12.07%"}, "2011": {"Average Stock Price": "44.9338", "Year Open": "46.2400", "Year High": "50.9000", "Year Low": "35.9500", "Year Close": "44.5800", "Annual % Change": "-2.66%"}, "2010": {"Average Stock Price": "39.7048", "Year Open": "39.6200", "Year High": "47.5100", "Year Low": "33.7700", "Year Close": "45.8000", "Annual % Change": "16.99%"}, "2009": {"Average Stock Price": "32.0639", "Year Open": "28.3000", "Year High": "39.8400", "Year Low": "22.0600", "Year Close": "39.1500", "Annual % Change": "45.43%"}, "2008": {"Average Stock Price": "40.5100", "Year Open": "46.3800", "Year High": "49.9000", "Year Low": "22.2300", "Year Close": "26.9200", "Annual % Change": "-43.36%"}, "2007": {"Average Stock Price": "51.1051", "Year Open": "50.7650", "Year High": "54.8400", "Year Low": "46.0500", "Year Close": "47.5300", "Annual % Change": "-9.07%"}, "2006": {"Average Stock Price": "45.2793", "Year Open": "43.0550", "Year High": "52.9600", "Year Low": "39.4850", "Year Close": "52.2700", "Annual % Change": "22.80%"}, "2005": {"Average Stock Price": "41.9132", "Year Open": "42.3000", "Year High": "45.5350", "Year Low": "38.2000", "Year Close": "42.5650", "Annual % Change": "0.96%"}, "2004": {"Average Stock Price": "38.8415", "Year Open": "43.5500", "Year High": "44.3500", "Year Low": "33.3500", "Year Close": "42.1600", "Annual % Change": "-3.45%"}, "2003": {"Average Stock Price": "34.9000", "Year Open": "33.3000", "Year High": "43.7400", "Year Low": "24.2500", "Year Close": "43.6650", "Annual % Change": "35.19%"}, "2002": {"Average Stock Price": "35.9923", "Year Open": "45.0550", "Year High": "48.6050", "Year Low": "20.3700", "Year Close": "32.3000", "Annual % Change": "-27.70%"}, "2001": {"Average Stock Price": "42.0873", "Year Open": "39.3450", "Year High": "48.7850", "Year Low": "30.0050", "Year Close": "44.6750", "Annual % Change": "7.81%"}, "2000": {"Average Stock Price": "43.2523", "Year Open": "48.4400", "Year High": "49.8150", "Year Low": "35.0000", "Year Close": "41.4400", "Annual % Change": "-17.12%"}, "1999": {"Average Stock Price": "37.6473", "Year Open": "28.9050", "Year High": "53.7200", "Year Low": "28.1550", "Year Close": "50.0000", "Annual % Change": "72.41%"}, "1998": {"Average Stock Price": "24.1985", "Year Open": "20.8750", "Year High": "29.0000", "Year Low": "18.9400", "Year Close": "29.0000", "Annual % Change": "36.86%"}, "1997": {"Average Stock Price": "15.3681", "Year Open": "11.1575", "Year High": "21.1900", "Year Low": "11.1575", "Year Close": "21.1900", "Annual % Change": "85.27%"}, "1996": {"Average Stock Price": "10.8983", "Year Open": "9.3450", "Year High": "12.8750", "Year Low": "8.9063", "Year Close": "11.4375", "Annual % Change": "22.82%"}, "1995": {"Average Stock Price": "7.4759", "Year Open": "6.4063", "Year High": "9.3125", "Year Low": "6.2500", "Year Close": "9.3125", "Annual % Change": "43.96%"}, "1994": {"Average Stock Price": "6.1276", "Year Open": "5.6563", "Year High": "6.7188", "Year Low": "5.5163", "Year Close": "6.4688", "Annual % Change": "11.89%"}, "1993": {"Average Stock Price": "5.3680", "Year Open": "5.0625", "Year High": "5.9063", "Year Low": "4.6563", "Year Close": "5.7813", "Annual % Change": "12.12%"}, "1992": {"Average Stock Price": "4.4294", "Year Open": "3.9375", "Year High": "5.1875", "Year Low": "3.9063", "Year Close": "5.1563", "Annual % Change": "29.39%"}, "1991": {"Average Stock Price": "3.5775", "Year Open": "2.8438", "Year High": "4.1725", "Year Low": "2.6725", "Year Close": "3.9850", "Annual % Change": "37.83%"}}}, "market cap": {"value": "$14.16B"}, "income statement": {"Revenue": {"2019-12-31": "14953.70000", "2018-12-31": "15290.20000", "2017-12-31": "15273.60000", "2016-12-31": "15416.90000", "2015-12-31": "15134.40000", "2014-12-31": "15317.80000", "2013-12-31": "14584.50000", "2012-12-31": "14219.40000", "2011-12-31": "13872.50000", "2010-12-31": "12542.50000", "2009-12-31": "11720.70000", "2008-12-31": "13359.90000", "2007-12-31": "12694.00000", "2006-12-31": "11376.90000", "2005-12-31": "10481.10000"}, "Cost Of Goods Sold": {"2019-12-31": "12194.00000", "2018-12-31": "12437.30000", "2017-12-31": "12468.00000", "2016-12-31": "12649.60000", "2015-12-31": "12491.40000", "2014-12-31": "12602.10000", "2013-12-31": "10724.40000", "2012-12-31": "10406.80000", "2011-12-31": "10276.90000", "2010-12-31": "9214.20000", "2009-12-31": "8450.60000", "2008-12-31": "9560.20000", "2007-12-31": "9008.20000", "2006-12-31": "8087.80000", "2005-12-31": "7412.90000"}, "Gross Profit": {"2019-12-31": "2759.70000", "2018-12-31": "2852.90100", "2017-12-31": "2805.60000", "2016-12-31": "2767.30100", "2015-12-31": "2643.00000", "2014-12-31": "2715.70000", "2013-12-31": "3860.10000", "2012-12-31": "3812.60100", "2011-12-31": "3595.60000", "2010-12-31": "3328.30000", "2009-12-31": "3270.10100", "2008-12-31": "3799.70000", "2007-12-31": "3685.80000", "2006-12-31": "3289.10100", "2005-12-31": "3068.20000"}, "Research And Development Expenses": {"2019-12-31": "", "2018-12-31": "", "2017-12-31": "", "2016-12-31": "", "2015-12-31": "", "2014-12-31": "", "2013-12-31": "", "2012-12-31": "", "2011-12-31": "", "2010-12-31": "", "2009-12-31": "", "2008-12-31": "", "2007-12-31": "", "2006-12-31": "", "2005-12-31": ""}, "SG&A Expenses": {"2019-12-31": "405.90000", "2018-12-31": "455.40000", "2017-12-31": "439.70000", "2016-12-31": "443.90000", "2015-12-31": "431.80000", "2014-12-31": "477.20000", "2013-12-31": "2034.80000", "2012-12-31": "2008.40000", "2011-12-31": "1924.50000", "2010-12-31": "1868.10000", "2009-12-31": "1895.20000", "2008-12-31": "2110.30000", "2007-12-31": "2026.70000", "2006-12-31": "1805.60000", "2005-12-31": "1728.40000"}, "Other Operating Income Or Expenses": {"2019-12-31": "", "2018-12-31": "", "2017-12-31": "", "2016-12-31": "", "2015-12-31": "", "2014-12-31": "", "2013-12-31": "", "2012-12-31": "", "2011-12-31": "", "2010-12-31": "", "2009-12-31": "", "2008-12-31": "", "2007-12-31": "", "2006-12-31": "", "2005-12-31": ""}, "Operating Expenses": {"2019-12-31": "12831.40000", "2018-12-31": "13156.70000", "2017-12-31": "13189.80000", "2016-12-31": "13386.40000", "2015-12-31": "13214.30000", "2014-12-31": "13373.70000", "2013-12-31": "12759.20000", "2012-12-31": "12415.20000", "2011-12-31": "12201.40000", "2010-12-31": "11082.30000", "2009-12-31": "10345.80000", "2008-12-31": "11670.50000", "2007-12-31": "11034.90000", "2006-12-31": "9893.39900", "2005-12-31": "9141.30000"}, "Operating Income": {"2019-12-31": "2122.30000", "2018-12-31": "2133.50100", "2017-12-31": "2083.80000", "2016-12-31": "2030.50000", "2015-12-31": "1920.10100", "2014-12-31": "1944.10000", "2013-12-31": "1825.30000", "2012-12-31": "1804.20000", "2011-12-31": "1671.10000", "2010-12-31": "1460.20000", "2009-12-31": "1374.90000", "2008-12-31": "1689.40000", "2007-12-31": "1659.10000", "2006-12-31": "1483.50100", "2005-12-31": "1339.80000"}, "Total Non-Operating Income/Expense": {"2019-12-31": "-184.00000", "2018-12-31": "-209.20000", "2017-12-31": "-198.90000", "2016-12-31": "-188.70000", "2015-12-31": "-141.50000", "2014-12-31": "-134.10000", "2013-12-31": "-164.40000", "2012-12-31": "-144.60000", "2011-12-31": "-122.10000", "2010-12-31": "-109.80000", "2009-12-31": "-100.70000", "2008-12-31": "-74.30000", "2007-12-31": "-74.00000", "2006-12-31": "-91.60000", "2005-12-31": "-59.20000"}, "Pre-Tax Income": {"2019-12-31": "1938.30000", "2018-12-31": "1924.30000", "2017-12-31": "1884.90000", "2016-12-31": "1841.80000", "2015-12-31": "1778.60000", "2014-12-31": "1810.00000", "2013-12-31": "1660.90000", "2012-12-31": "1659.60000", "2011-12-31": "1549.00000", "2010-12-31": "1350.40000", "2009-12-31": "1274.20000", "2008-12-31": "1615.10000", "2007-12-31": "1585.10000", "2006-12-31": "1391.90000", "2005-12-31": "1280.60000"}, "Income Taxes": {"2019-12-31": "504.40000", "2018-12-31": "492.70000", "2017-12-31": "696.20000", "2016-12-31": "600.50000", "2015-12-31": "583.60000", "2014-12-31": "593.10000", "2013-12-31": "565.20000", "2012-12-31": "527.10000", "2011-12-31": "505.80000", "2010-12-31": "460.20000", "2009-12-31": "433.60000", "2008-12-31": "542.70000", "2007-12-31": "536.90000", "2006-12-31": "466.90000", "2005-12-31": "435.30000"}, "Income After Taxes": {"2019-12-31": "1433.90000", "2018-12-31": "1431.60000", "2017-12-31": "1188.70000", "2016-12-31": "1241.30000", "2015-12-31": "1195.00000", "2014-12-31": "1216.90000", "2013-12-31": "1095.70000", "2012-12-31": "1132.50000", "2011-12-31": "1043.20000", "2010-12-31": "890.20000", "2009-12-31": "840.60000", "2008-12-31": "1072.40000", "2007-12-31": "1048.20000", "2006-12-31": "925.00000", "2005-12-31": "845.30000"}, "Other Income": {"2019-12-31": "", "2018-12-31": "", "2017-12-31": "", "2016-12-31": "", "2015-12-31": "", "2014-12-31": "", "2013-12-31": "", "2012-12-31": "", "2011-12-31": "", "2010-12-31": "", "2009-12-31": "", "2008-12-31": "", "2007-12-31": "", "2006-12-31": "", "2005-12-31": ""}, "Income From Continuous Operations": {"2019-12-31": "1435.90000", "2018-12-31": "1440.50000", "2017-12-31": "1192.20000", "2016-12-31": "1246.70000", "2015-12-31": "1203.40000", "2014-12-31": "1233.10000", "2013-12-31": "1111.60000", "2012-12-31": "1117.50000", "2011-12-31": "1060.40000", "2010-12-31": "923.70000", "2009-12-31": "871.40000", "2008-12-31": "1114.40000", "2007-12-31": "1086.60000", "2006-12-31": "864.00000", "2005-12-31": "790.70000"}, "Income From Discontinued Operations": {"2019-12-31": "", "2018-12-31": "", "2017-12-31": "", "2016-12-31": "", "2015-12-31": "", "2014-12-31": "", "2013-12-31": "", "2012-12-31": "", "2011-12-31": "", "2010-12-31": "", "2009-12-31": "", "2008-12-31": "", "2007-12-31": "", "2006-12-31": "", "2005-12-31": ""}, "Net Income": {"2019-12-31": "1339.10000", "2018-12-31": "1326.30000", "2017-12-31": "1086.80000", "2016-12-31": "1142.10000", "2015-12-31": "1081.50000", "2014-12-31": "1083.60000", "2013-12-31": "966.00000", "2012-12-31": "975.80000", "2011-12-31": "941.90000", "2010-12-31": "819.70000", "2009-12-31": "783.90000", "2008-12-31": "987.20000", "2007-12-31": "963.20000", "2006-12-31": "864.00000", "2005-12-31": "790.70000"}, "EBITDA": {"2019-12-31": "2339.00000", "2018-12-31": "2384.60100", "2017-12-31": "2353.00000", "2016-12-31": "2308.00000", "2015-12-31": "2202.00000", "2014-12-31": "2231.30000", "2013-12-31": "2102.80000", "2012-12-31": "2086.90000", "2011-12-31": "1944.80000", "2010-12-31": "1713.20000", "2009-12-31": "1617.70000", "2008-12-31": "1925.30000", "2007-12-31": "1936.40000", "2006-12-31": "1744.60100", "2005-12-31": "1602.00000"}, "EBIT": {"2019-12-31": "2122.30000", "2018-12-31": "2133.50100", "2017-12-31": "2083.80000", "2016-12-31": "2030.50000", "2015-12-31": "1920.10100", "2014-12-31": "1944.10000", "2013-12-31": "1825.30000", "2012-12-31": "1804.20000", "2011-12-31": "1671.10000", "2010-12-31": "1460.20000", "2009-12-31": "1374.90000", "2008-12-31": "1689.40000", "2007-12-31": "1659.10000", "2006-12-31": "1483.50100", "2005-12-31": "1339.80000"}, "Basic Shares Outstanding": {"2019-12-31": "219.80000", "2018-12-31": "226.60000", "2017-12-31": "232.30000", "2016-12-31": "237.90000", "2015-12-31": "244.20000", "2014-12-31": "253.90000", "2013-12-31": "258.90000", "2012-12-31": "268.30000", "2011-12-31": "279.00000", "2010-12-31": "299.60000", "2009-12-31": "308.20000", "2008-12-31": "313.00000", "2007-12-31": "326.00000", "2006-12-31": "342.90000", "2005-12-31": "361.10000"}, "Shares Outstanding": {"2019-12-31": "220.90000", "2018-12-31": "227.60000", "2017-12-31": "233.90000", "2016-12-31": "239.20000", "2015-12-31": "245.20000", "2014-12-31": "255.30000", "2013-12-31": "260.40000", "2012-12-31": "270.00000", "2011-12-31": "283.30000", "2010-12-31": "303.50000", "2009-12-31": "310.40000", "2008-12-31": "314.80000", "2007-12-31": "329.10000", "2006-12-31": "346.10000", "2005-12-31": "362.70000"}, "Basic EPS": {"2019-12-31": "6.09000", "2018-12-31": "5.85000", "2017-12-31": "4.68000", "2016-12-31": "4.80000", "2015-12-31": "4.43000", "2014-12-31": "4.27000", "2013-12-31": "3.73000", "2012-12-31": "3.64000", "2011-12-31": "3.38000", "2010-12-31": "2.74000", "2009-12-31": "2.54000", "2008-12-31": "3.17000", "2007-12-31": "2.95000", "2006-12-31": "2.52000", "2005-12-31": "2.19000"}, "EPS - Earnings Per Share": {"2019-12-31": "6.06000", "2018-12-31": "5.83000", "2017-12-31": "4.65000", "2016-12-31": "4.78000", "2015-12-31": "4.41000", "2014-12-31": "4.24000", "2013-12-31": "3.71000", "2012-12-31": "3.61000", "2011-12-31": "3.33000", "2010-12-31": "2.70000", "2009-12-31": "2.53000", "2008-12-31": "3.14000", "2007-12-31": "2.93000", "2006-12-31": "2.50000", "2005-12-31": "2.18000"}}, "income statement, quarterly": {"Revenue": {"2020-09-30": "3206.50000", "2020-06-30": "2800.70000", "2020-03-31": "3406.90000", "2019-12-31": "4141.20100", "2019-09-30": "3623.80000", "2019-06-30": "3719.80000", "2019-03-31": "3468.90000", "2018-12-31": "4086.70000", "2018-09-30": "3714.30000", "2018-06-30": "3859.60000", "2018-03-31": "3629.60000", "2017-12-31": "4176.60000", "2017-09-30": "3719.50000", "2017-06-30": "3790.10000", "2017-03-31": "3587.40000", "2016-12-31": "4241.80100", "2016-09-30": "3791.10000", "2016-06-30": "3884.90000", "2016-03-31": "3499.10000", "2015-12-31": "4153.30100", "2015-09-30": "3706.60000", "2015-06-30": "3805.30000", "2015-03-31": "3469.20000", "2014-12-31": "4195.10000", "2014-09-30": "3749.60000", "2014-06-30": "3870.90000", "2014-03-31": "3502.20000", "2013-12-31": "4058.10000", "2013-09-30": "3490.50000", "2013-06-30": "3637.00000", "2013-03-31": "3398.90000", "2012-12-31": "3944.50100", "2012-09-30": "3406.60000", "2012-06-30": "3561.00000", "2012-03-31": "3307.30000", "2011-12-31": "3852.90000", "2011-09-30": "3380.90000", "2011-06-30": "3487.40000", "2011-03-31": "3151.30000", "2010-12-31": "3586.70000", "2010-09-30": "2994.60000", "2010-06-30": "3041.20000", "2010-03-31": "2920.00000", "2009-12-31": "3265.79900", "2009-09-30": "2837.60000", "2009-06-30": "2870.70000", "2009-03-31": "2746.60000", "2008-12-31": "3371.40000", "2008-09-30": "3316.20000", "2008-06-30": "3476.90000", "2008-03-31": "3195.40000", "2007-12-31": "3625.89900", "2007-09-30": "3101.40000", "2007-06-30": "3126.10000", "2007-03-31": "2840.60000", "2006-12-31": "3216.30100", "2006-09-30": "2774.30000", "2006-06-30": "2823.40000", "2006-03-31": "2562.90000", "2005-12-31": "2939.39900", "2005-09-30": "2522.90000", "2005-06-30": "2615.80000", "2005-03-31": "2403.00000"}, "Cost Of Goods Sold": {"2020-09-30": "2560.20000", "2020-06-30": "2599.00000", "2020-03-31": "2842.90000", "2019-12-31": "3341.20000", "2019-09-30": "2995.40000", "2019-06-30": "2980.60000", "2019-03-31": "2876.80000", "2018-12-31": "3279.09900", "2018-09-30": "3032.60000", "2018-06-30": "3092.50000", "2018-03-31": "3033.10000", "2017-12-31": "3359.00000", "2017-09-30": "3081.20000", "2017-06-30": "3037.40000", "2017-03-31": "2990.40000", "2016-12-31": "3424.90000", "2016-09-30": "3160.80000", "2016-06-30": "3139.20000", "2016-03-31": "2924.70000", "2015-12-31": "3389.50100", "2015-09-30": "3102.80000", "2015-06-30": "3083.90000", "2015-03-31": "2915.20000", "2014-12-31": "4371.49900", "2014-09-30": "2813.20000", "2014-06-30": "2794.60000", "2014-03-31": "2622.80000", "2013-12-31": "2991.10000", "2013-09-30": "2585.20000", "2013-06-30": "2607.10000", "2013-03-31": "2541.00000", "2012-12-31": "2915.30000", "2012-09-30": "2515.80000", "2012-06-30": "2541.30000", "2012-03-31": "2434.40000", "2011-12-31": "2881.10000", "2011-09-30": "2504.70000", "2011-06-30": "2472.80000", "2011-03-31": "2418.30000", "2010-12-31": "2687.60100", "2010-09-30": "2210.80000", "2010-06-30": "2153.40000", "2010-03-31": "2162.40000", "2009-12-31": "2372.70000", "2009-09-30": "2052.30000", "2009-06-30": "2011.80000", "2009-03-31": "2013.80000", "2008-12-31": "2411.40000", "2008-09-30": "2405.60000", "2008-06-30": "2416.30000", "2008-03-31": "2326.90000", "2007-12-31": "2537.30000", "2007-09-30": "2248.50000", "2007-06-30": "2171.80000", "2007-03-31": "2050.60000", "2006-12-31": "2274.20000", "2006-09-30": "2008.90000", "2006-06-30": "1959.90000", "2006-03-31": "1844.80000", "2005-12-31": "2050.70000", "2005-09-30": "1827.90000", "2005-06-30": "1803.30000", "2005-03-31": "1731.00000"}, "Gross Profit": {"2020-09-30": "646.29980", "2020-06-30": "201.70000", "2020-03-31": "563.99980", "2019-12-31": "800.00070", "2019-09-30": "628.40010", "2019-06-30": "739.20020", "2019-03-31": "592.09990", "2018-12-31": "807.60110", "2018-09-30": "681.70000", "2018-06-30": "767.10010", "2018-03-31": "596.50000", "2017-12-31": "817.59960", "2017-09-30": "638.30000", "2017-06-30": "752.70020", "2017-03-31": "597.00000", "2016-12-31": "816.90110", "2016-09-30": "630.30000", "2016-06-30": "745.70000", "2016-03-31": "574.40010", "2015-12-31": "763.80000", "2015-09-30": "603.80000", "2015-06-30": "721.40010", "2015-03-31": "554.00000", "2014-12-31": "-176.39940", "2014-09-30": "936.40010", "2014-06-30": "1076.30000", "2014-03-31": "879.39990", "2013-12-31": "1067.00000", "2013-09-30": "905.30000", "2013-06-30": "1029.90000", "2013-03-31": "857.89990", "2012-12-31": "1029.20000", "2012-09-30": "890.80000", "2012-06-30": "1019.70000", "2012-03-31": "872.90010", "2011-12-31": "971.79930", "2011-09-30": "876.20000", "2011-06-30": "1014.60000", "2011-03-31": "733.00000", "2010-12-31": "899.09960", "2010-09-30": "783.80000", "2010-06-30": "887.80000", "2010-03-31": "757.60010", "2009-12-31": "893.09940", "2009-09-30": "785.30000", "2009-06-30": "858.89990", "2009-03-31": "732.80000", "2008-12-31": "960.00050", "2008-09-30": "910.59990", "2008-06-30": "1060.60000", "2008-03-31": "868.50000", "2007-12-31": "1088.59900", "2007-09-30": "852.89990", "2007-06-30": "954.30000", "2007-03-31": "790.00000", "2006-12-31": "942.10080", "2006-09-30": "765.40000", "2006-06-30": "863.49990", "2006-03-31": "718.09990", "2005-12-31": "888.69950", "2005-09-30": "694.99990", "2005-06-30": "812.50000", "2005-03-31": "672.00000"}, "Research And Development Expenses": {"2020-09-30": "", "2020-06-30": "", "2020-03-31": "", "2019-12-31": "", "2019-09-30": "", "2019-06-30": "", "2019-03-31": "", "2018-12-31": "", "2018-09-30": "", "2018-06-30": "", "2018-03-31": "", "2017-12-31": "", "2017-09-30": "", "2017-06-30": "", "2017-03-31": "", "2016-12-31": "", "2016-09-30": "", "2016-06-30": "", "2016-03-31": "", "2015-12-31": "", "2015-09-30": "", "2015-06-30": "", "2015-03-31": "", "2014-12-31": "", "2014-09-30": "", "2014-06-30": "", "2014-03-31": "", "2013-12-31": "", "2013-09-30": "", "2013-06-30": "", "2013-03-31": "", "2012-12-31": "", "2012-09-30": "", "2012-06-30": "", "2012-03-31": "", "2011-12-31": "", "2011-09-30": "", "2011-06-30": "", "2011-03-31": "", "2010-12-31": "", "2010-09-30": "", "2010-06-30": "", "2010-03-31": "", "2009-12-31": "", "2009-09-30": "", "2009-06-30": "", "2009-03-31": "", "2008-12-31": "", "2008-09-30": "", "2008-06-30": "", "2008-03-31": "", "2007-12-31": "", "2007-09-30": "", "2007-06-30": "", "2007-03-31": "", "2006-12-31": "", "2006-09-30": "", "2006-06-30": "", "2006-03-31": "", "2005-12-31": "", "2005-09-30": "", "2005-06-30": "", "2005-03-31": ""}, "SG&A Expenses": {"2020-09-30": "90.20000", "2020-06-30": "82.10000", "2020-03-31": "86.80000", "2019-12-31": "97.40000", "2019-09-30": "97.20000", "2019-06-30": "107.70000", "2019-03-31": "103.60000", "2018-12-31": "119.10000", "2018-09-30": "113.50000", "2018-06-30": "117.40000", "2018-03-31": "105.40000", "2017-12-31": "121.50000", "2017-09-30": "99.50000", "2017-06-30": "110.10000", "2017-03-31": "108.60000", "2016-12-31": "120.80000", "2016-09-30": "104.10000", "2016-06-30": "110.90000", "2016-03-31": "108.10000", "2015-12-31": "115.90000", "2015-09-30": "103.70000", "2015-06-30": "110.10000", "2015-03-31": "102.10000", "2014-12-31": "-1050.20000", "2014-09-30": "502.80000", "2014-06-30": "527.90000", "2014-03-31": "496.70000", "2013-12-31": "543.90000", "2013-09-30": "497.80000", "2013-06-30": "506.90000", "2013-03-31": "486.20000", "2012-12-31": "481.20000", "2012-09-30": "503.50000", "2012-06-30": "513.30000", "2012-03-31": "510.40000", "2011-12-31": "484.30000", "2011-09-30": "502.80000", "2011-06-30": "526.50000", "2011-03-31": "410.90000", "2010-12-31": "459.39990", "2010-09-30": "469.70000", "2010-06-30": "472.40000", "2010-03-31": "466.60000", "2009-12-31": "493.50000", "2009-09-30": "490.50000", "2009-06-30": "460.80000", "2009-03-31": "450.40000", "2008-12-31": "511.60000", "2008-09-30": "537.20000", "2008-06-30": "543.80000", "2008-03-31": "517.70000", "2007-12-31": "556.80000", "2007-09-30": "502.70000", "2007-06-30": "492.70000", "2007-03-31": "474.50000", "2006-12-31": "467.80000", "2006-09-30": "458.00000", "2006-06-30": "446.10000", "2006-03-31": "433.70000", "2005-12-31": "462.70000", "2005-09-30": "420.50000", "2005-06-30": "430.50000", "2005-03-31": "414.70000"}, "Other Operating Income Or Expenses": {"2020-09-30": "", "2020-06-30": "", "2020-03-31": "", "2019-12-31": "", "2019-09-30": "", "2019-06-30": "", "2019-03-31": "", "2018-12-31": "", "2018-09-30": "", "2018-06-30": "", "2018-03-31": "", "2017-12-31": "", "2017-09-30": "", "2017-06-30": "", "2017-03-31": "", "2016-12-31": "", "2016-09-30": "", "2016-06-30": "", "2016-03-31": "", "2015-12-31": "", "2015-09-30": "", "2015-06-30": "", "2015-03-31": "", "2014-12-31": "", "2014-09-30": "", "2014-06-30": "", "2014-03-31": "", "2013-12-31": "", "2013-09-30": "", "2013-06-30": "", "2013-03-31": "", "2012-12-31": "", "2012-09-30": "", "2012-06-30": "", "2012-03-31": "", "2011-12-31": "", "2011-09-30": "", "2011-06-30": "", "2011-03-31": "", "2010-12-31": "", "2010-09-30": "", "2010-06-30": "", "2010-03-31": "", "2009-12-31": "", "2009-09-30": "", "2009-06-30": "", "2009-03-31": "", "2008-12-31": "", "2008-09-30": "", "2008-06-30": "", "2008-03-31": "", "2007-12-31": "", "2007-09-30": "", "2007-06-30": "", "2007-03-31": "", "2006-12-31": "", "2006-09-30": "", "2006-06-30": "", "2006-03-31": "", "2005-12-31": "", "2005-09-30": "", "2005-06-30": "", "2005-03-31": ""}, "Operating Expenses": {"2020-09-30": "2705.10000", "2020-06-30": "2738.20000", "2020-03-31": "2986.70000", "2019-12-31": "3494.80100", "2019-09-30": "3150.50000", "2019-06-30": "3146.10000", "2019-03-31": "3040.00000", "2018-12-31": "3459.50000", "2018-09-30": "3212.00000", "2018-06-30": "3277.30000", "2018-03-31": "3207.90000", "2017-12-31": "3550.20000", "2017-09-30": "3249.30000", "2017-06-30": "3218.60000", "2017-03-31": "3171.70000", "2016-12-31": "3618.30100", "2016-09-30": "3338.00000", "2016-06-30": "3323.10000", "2016-03-31": "3107.00000", "2015-12-31": "3577.80000", "2015-09-30": "3278.30000", "2015-06-30": "3266.70000", "2015-03-31": "3091.50000", "2014-12-31": "3615.70000", "2014-09-30": "3316.00000", "2014-06-30": "3322.50000", "2014-03-31": "3119.50000", "2013-12-31": "3506.90000", "2013-09-30": "3111.10000", "2013-06-30": "3114.00000", "2013-03-31": "3027.20000", "2012-12-31": "3396.50000", "2012-09-30": "3019.30000", "2012-06-30": "3054.60000", "2012-03-31": "2944.80000", "2011-12-31": "3365.40100", "2011-09-30": "3007.50000", "2011-06-30": "2999.30000", "2011-03-31": "2829.20000", "2010-12-31": "3147.00000", "2010-09-30": "2680.50000", "2010-06-30": "2625.80000", "2010-03-31": "2629.00000", "2009-12-31": "2866.20000", "2009-09-30": "2542.80000", "2009-06-30": "2472.60000", "2009-03-31": "2464.20000", "2008-12-31": "2923.00000", "2008-09-30": "2942.80000", "2008-06-30": "2960.10000", "2008-03-31": "2844.60000", "2007-12-31": "3094.10000", "2007-09-30": "2751.20000", "2007-06-30": "2664.50000", "2007-03-31": "2525.10000", "2006-12-31": "2742.00000", "2006-09-30": "2466.90000", "2006-06-30": "2406.00000", "2006-03-31": "2278.50000", "2005-12-31": "2513.40000", "2005-09-30": "2248.40000", "2005-06-30": "2233.80000", "2005-03-31": "2145.70000"}, "Operating Income": {"2020-09-30": "501.39990", "2020-06-30": "62.49980", "2020-03-31": "420.19970", "2019-12-31": "646.40010", "2019-09-30": "473.30030", "2019-06-30": "573.70020", "2019-03-31": "428.89970", "2018-12-31": "627.20070", "2018-09-30": "502.30000", "2018-06-30": "582.30030", "2018-03-31": "421.70020", "2017-12-31": "626.39970", "2017-09-30": "470.20000", "2017-06-30": "571.50000", "2017-03-31": "415.70000", "2016-12-31": "623.50000", "2016-09-30": "453.09990", "2016-06-30": "561.80000", "2016-03-31": "392.10010", "2015-12-31": "575.50100", "2015-09-30": "428.30000", "2015-06-30": "538.60010", "2015-03-31": "377.70000", "2014-12-31": "579.39940", "2014-09-30": "433.60010", "2014-06-30": "548.39990", "2014-03-31": "382.70000", "2013-12-31": "551.20040", "2013-09-30": "379.39990", "2013-06-30": "523.00000", "2013-03-31": "371.70000", "2012-12-31": "548.00020", "2012-09-30": "387.30000", "2012-06-30": "506.39990", "2012-03-31": "362.50020", "2011-12-31": "487.49900", "2011-09-30": "373.39990", "2011-06-30": "488.09990", "2011-03-31": "322.10010", "2010-12-31": "439.70020", "2010-09-30": "314.10010", "2010-06-30": "415.40010", "2010-03-31": "291.00000", "2009-12-31": "399.59940", "2009-09-30": "294.80000", "2009-06-30": "398.09990", "2009-03-31": "282.40010", "2008-12-31": "448.40010", "2008-09-30": "373.39990", "2008-06-30": "516.79980", "2008-03-31": "350.80000", "2007-12-31": "531.79930", "2007-09-30": "350.20000", "2007-06-30": "461.60010", "2007-03-31": "315.50000", "2006-12-31": "474.30130", "2006-09-30": "307.40010", "2006-06-30": "417.39990", "2006-03-31": "284.39990", "2005-12-31": "425.99980", "2005-09-30": "274.50000", "2005-06-30": "382.00000", "2005-03-31": "257.30000"}, "Total Non-Operating Income/Expense": {"2020-09-30": "-48.50000", "2020-06-30": "-47.20000", "2020-03-31": "-45.80000", "2019-12-31": "-38.50000", "2019-09-30": "-49.30000", "2019-06-30": "-50.20000", "2019-03-31": "-46.00000", "2018-12-31": "-53.10000", "2018-09-30": "-56.70000", "2018-06-30": "-52.50000", "2018-03-31": "-46.90000", "2017-12-31": "-49.80000", "2017-09-30": "-52.40000", "2017-06-30": "-51.30000", "2017-03-31": "-45.40000", "2016-12-31": "-61.80000", "2016-09-30": "-42.00000", "2016-06-30": "-44.80000", "2016-03-31": "-40.10000", "2015-12-31": "-36.80000", "2015-09-30": "-35.90000", "2015-06-30": "-34.60000", "2015-03-31": "-34.20000", "2014-12-31": "-30.00000", "2014-09-30": "-31.40000", "2014-06-30": "-33.70000", "2014-03-31": "-39.00000", "2013-12-31": "-40.00000", "2013-09-30": "-42.80000", "2013-06-30": "-40.70000", "2013-03-31": "-40.90000", "2012-12-31": "-40.20000", "2012-09-30": "-40.30000", "2012-06-30": "-34.90000", "2012-03-31": "-29.20000", "2011-12-31": "-30.50000", "2011-09-30": "-31.90000", "2011-06-30": "-27.60000", "2011-03-31": "-32.10000", "2010-12-31": "-32.20000", "2010-09-30": "-29.80000", "2010-06-30": "-23.70000", "2010-03-31": "-24.10000", "2009-12-31": "-28.50000", "2009-09-30": "-28.90000", "2009-06-30": "-21.90000", "2009-03-31": "-21.40000", "2008-12-31": "-23.90000", "2008-09-30": "-20.70000", "2008-06-30": "-18.70000", "2008-03-31": "-11.00000", "2007-12-31": "-14.20000", "2007-09-30": "-19.30000", "2007-06-30": "-22.20000", "2007-03-31": "-18.30000", "2006-12-31": "-24.30000", "2006-09-30": "-26.70000", "2006-06-30": "-25.50000", "2006-03-31": "-15.10000", "2005-12-31": "-16.50000", "2005-09-30": "-16.30000", "2005-06-30": "-14.30000", "2005-03-31": "-12.10000"}, "Pre-Tax Income": {"2020-09-30": "452.90000", "2020-06-30": "15.30000", "2020-03-31": "374.40000", "2019-12-31": "607.90000", "2019-09-30": "424.00000", "2019-06-30": "523.50000", "2019-03-31": "382.90000", "2018-12-31": "574.10010", "2018-09-30": "445.60000", "2018-06-30": "529.80000", "2018-03-31": "374.80000", "2017-12-31": "576.60010", "2017-09-30": "417.80000", "2017-06-30": "520.20000", "2017-03-31": "370.30000", "2016-12-31": "561.70010", "2016-09-30": "411.10000", "2016-06-30": "517.00000", "2016-03-31": "352.00000", "2015-12-31": "538.70000", "2015-09-30": "392.40000", "2015-06-30": "504.00000", "2015-03-31": "343.50000", "2014-12-31": "549.40000", "2014-09-30": "402.20000", "2014-06-30": "514.70000", "2014-03-31": "343.70000", "2013-12-31": "511.20010", "2013-09-30": "336.60000", "2013-06-30": "482.30000", "2013-03-31": "330.80000", "2012-12-31": "507.80000", "2012-09-30": "347.00000", "2012-06-30": "471.50000", "2012-03-31": "333.30000", "2011-12-31": "457.00000", "2011-09-30": "341.50000", "2011-06-30": "460.50000", "2011-03-31": "290.00000", "2010-12-31": "407.50010", "2010-09-30": "284.30000", "2010-06-30": "391.70000", "2010-03-31": "266.90000", "2009-12-31": "371.09990", "2009-09-30": "265.90000", "2009-06-30": "376.20000", "2009-03-31": "261.00000", "2008-12-31": "424.49990", "2008-09-30": "352.70000", "2008-06-30": "498.10000", "2008-03-31": "339.80000", "2007-12-31": "517.59990", "2007-09-30": "330.90000", "2007-06-30": "439.40000", "2007-03-31": "297.20000", "2006-12-31": "449.99990", "2006-09-30": "280.70000", "2006-06-30": "391.90000", "2006-03-31": "269.30000", "2005-12-31": "409.49990", "2005-09-30": "258.20000", "2005-06-30": "367.70000", "2005-03-31": "245.20000"}, "Income Taxes": {"2020-09-30": "120.90000", "2020-06-30": "21.90000", "2020-03-31": "97.40000", "2019-12-31": "158.80000", "2019-09-30": "112.30000", "2019-06-30": "130.60000", "2019-03-31": "102.70000", "2018-12-31": "149.80000", "2018-09-30": "115.30000", "2018-06-30": "136.70000", "2018-03-31": "90.90000", "2017-12-31": "289.50000", "2017-09-30": "132.00000", "2017-06-30": "166.70000", "2017-03-31": "108.00000", "2016-12-31": "182.80000", "2016-09-30": "134.30000", "2016-06-30": "167.90000", "2016-03-31": "115.50000", "2015-12-31": "176.70000", "2015-09-30": "128.90000", "2015-06-30": "165.30000", "2015-03-31": "112.70000", "2014-12-31": "182.10000", "2014-09-30": "134.40000", "2014-06-30": "160.30000", "2014-03-31": "116.30000", "2013-12-31": "176.20000", "2013-09-30": "116.20000", "2013-06-30": "163.60000", "2013-03-31": "109.20000", "2012-12-31": "137.20000", "2012-09-30": "118.70000", "2012-06-30": "161.90000", "2012-03-31": "109.30000", "2011-12-31": "156.70000", "2011-09-30": "117.10000", "2011-06-30": "158.10000", "2011-03-31": "73.90000", "2010-12-31": "139.40000", "2010-09-30": "96.90000", "2010-06-30": "133.20000", "2010-03-31": "90.70000", "2009-12-31": "124.70000", "2009-09-30": "90.50000", "2009-06-30": "129.70000", "2009-03-31": "88.70000", "2008-12-31": "142.10000", "2008-09-30": "118.20000", "2008-06-30": "167.20000", "2008-03-31": "115.20000", "2007-12-31": "175.50000", "2007-09-30": "112.10000", "2007-06-30": "148.80000", "2007-03-31": "100.50000", "2006-12-31": "151.40000", "2006-09-30": "92.90000", "2006-06-30": "131.70000", "2006-03-31": "90.90000", "2005-12-31": "138.00000", "2005-09-30": "86.90000", "2005-06-30": "124.30000", "2005-03-31": "86.10000"}, "Income After Taxes": {"2020-09-30": "332.00000", "2020-06-30": "-6.60000", "2020-03-31": "277.00000", "2019-12-31": "449.09990", "2019-09-30": "311.70000", "2019-06-30": "392.90000", "2019-03-31": "280.20000", "2018-12-31": "424.30010", "2018-09-30": "330.30000", "2018-06-30": "393.10000", "2018-03-31": "283.90000", "2017-12-31": "287.10000", "2017-09-30": "285.80000", "2017-06-30": "353.50000", "2017-03-31": "262.30000", "2016-12-31": "378.90000", "2016-09-30": "276.80000", "2016-06-30": "349.10000", "2016-03-31": "236.50000", "2015-12-31": "362.00000", "2015-09-30": "263.50000", "2015-06-30": "338.70000", "2015-03-31": "230.80000", "2014-12-31": "367.29990", "2014-09-30": "267.80000", "2014-06-30": "354.40000", "2014-03-31": "227.40000", "2013-12-31": "335.00000", "2013-09-30": "220.40000", "2013-06-30": "318.70000", "2013-03-31": "221.60000", "2012-12-31": "370.60000", "2012-09-30": "228.30000", "2012-06-30": "309.60000", "2012-03-31": "224.00000", "2011-12-31": "300.29990", "2011-09-30": "224.40000", "2011-06-30": "302.40000", "2011-03-31": "216.10000", "2010-12-31": "268.10000", "2010-09-30": "187.40000", "2010-06-30": "258.50000", "2010-03-31": "176.20000", "2009-12-31": "246.39990", "2009-09-30": "175.40000", "2009-06-30": "246.50000", "2009-03-31": "172.30000", "2008-12-31": "282.39990", "2008-09-30": "234.50000", "2008-06-30": "330.90000", "2008-03-31": "224.60000", "2007-12-31": "342.10000", "2007-09-30": "218.80000", "2007-06-30": "290.60000", "2007-03-31": "196.70000", "2006-12-31": "298.59990", "2006-09-30": "187.80000", "2006-06-30": "260.20000", "2006-03-31": "178.40000", "2005-12-31": "271.50000", "2005-09-30": "171.30000", "2005-06-30": "243.40000", "2005-03-31": "159.10000"}, "Other Income": {"2020-09-30": "", "2020-06-30": "", "2020-03-31": "", "2019-12-31": "", "2019-09-30": "", "2019-06-30": "", "2019-03-31": "", "2018-12-31": "", "2018-09-30": "", "2018-06-30": "", "2018-03-31": "", "2017-12-31": "", "2017-09-30": "", "2017-06-30": "", "2017-03-31": "", "2016-12-31": "", "2016-09-30": "", "2016-06-30": "", "2016-03-31": "", "2015-12-31": "", "2015-09-30": "", "2015-06-30": "", "2015-03-31": "", "2014-12-31": "", "2014-09-30": "", "2014-06-30": "", "2014-03-31": "", "2013-12-31": "", "2013-09-30": "", "2013-06-30": "", "2013-03-31": "", "2012-12-31": "", "2012-09-30": "", "2012-06-30": "", "2012-03-31": "", "2011-12-31": "", "2011-09-30": "", "2011-06-30": "", "2011-03-31": "", "2010-12-31": "", "2010-09-30": "", "2010-06-30": "", "2010-03-31": "", "2009-12-31": "", "2009-09-30": "", "2009-06-30": "", "2009-03-31": "", "2008-12-31": "", "2008-09-30": "", "2008-06-30": "", "2008-03-31": "", "2007-12-31": "", "2007-09-30": "", "2007-06-30": "", "2007-03-31": "", "2006-12-31": "", "2006-09-30": "", "2006-06-30": "", "2006-03-31": "", "2005-12-31": "", "2005-09-30": "", "2005-06-30": "", "2005-03-31": ""}, "Income From Continuous Operations": {"2020-09-30": "334.90000", "2020-06-30": "-14.40000", "2020-03-31": "271.70000", "2019-12-31": "449.90000", "2019-09-30": "312.20000", "2019-06-30": "394.10000", "2019-03-31": "279.70000", "2018-12-31": "429.70020", "2018-09-30": "331.30000", "2018-06-30": "394.80000", "2018-03-31": "284.70000", "2017-12-31": "287.80000", "2017-09-30": "286.90000", "2017-06-30": "355.10000", "2017-03-31": "262.40000", "2016-12-31": "380.30010", "2016-09-30": "278.20000", "2016-06-30": "351.90000", "2016-03-31": "236.30000", "2015-12-31": "364.20000", "2015-09-30": "266.70000", "2015-06-30": "342.70000", "2015-03-31": "229.80000", "2014-12-31": "373.10000", "2014-09-30": "273.60000", "2014-06-30": "358.40000", "2014-03-31": "228.00000", "2013-12-31": "340.50000", "2013-09-30": "224.70000", "2013-06-30": "321.60000", "2013-03-31": "224.80000", "2012-12-31": "343.70000", "2012-09-30": "233.60000", "2012-06-30": "314.20000", "2012-03-31": "226.00000", "2011-12-31": "307.19990", "2011-09-30": "228.90000", "2011-06-30": "307.20000", "2011-03-31": "217.10000", "2010-12-31": "278.40010", "2010-09-30": "195.60000", "2010-06-30": "268.80000", "2010-03-31": "180.90000", "2009-12-31": "256.70000", "2009-09-30": "182.70000", "2009-06-30": "253.80000", "2009-03-31": "178.20000", "2008-12-31": "298.49980", "2008-09-30": "241.30000", "2008-06-30": "341.90000", "2008-03-31": "232.70000", "2007-12-31": "424.70010", "2007-09-30": "202.20000", "2007-06-30": "276.70000", "2007-03-31": "183.00000", "2006-12-31": "277.09990", "2006-09-30": "177.10000", "2006-06-30": "244.10000", "2006-03-31": "165.70000", "2005-12-31": "252.70000", "2005-09-30": "161.70000", "2005-06-30": "225.80000", "2005-03-31": "150.50000"}, "Income From Discontinued Operations": {"2020-09-30": "", "2020-06-30": "", "2020-03-31": "", "2019-12-31": "", "2019-09-30": "", "2019-06-30": "", "2019-03-31": "", "2018-12-31": "", "2018-09-30": "", "2018-06-30": "", "2018-03-31": "", "2017-12-31": "", "2017-09-30": "", "2017-06-30": "", "2017-03-31": "", "2016-12-31": "", "2016-09-30": "", "2016-06-30": "", "2016-03-31": "", "2015-12-31": "", "2015-09-30": "", "2015-06-30": "", "2015-03-31": "", "2014-12-31": "", "2014-09-30": "", "2014-06-30": "", "2014-03-31": "", "2013-12-31": "", "2013-09-30": "", "2013-06-30": "", "2013-03-31": "", "2012-12-31": "", "2012-09-30": "", "2012-06-30": "", "2012-03-31": "", "2011-12-31": "", "2011-09-30": "", "2011-06-30": "", "2011-03-31": "", "2010-12-31": "", "2010-09-30": "", "2010-06-30": "", "2010-03-31": "", "2009-12-31": "", "2009-09-30": "", "2009-06-30": "", "2009-03-31": "", "2008-12-31": "", "2008-09-30": "", "2008-06-30": "", "2008-03-31": "", "2007-12-31": "", "2007-09-30": "", "2007-06-30": "", "2007-03-31": "", "2006-12-31": "", "2006-09-30": "", "2006-06-30": "", "2006-03-31": "", "2005-12-31": "", "2005-09-30": "", "2005-06-30": "", "2005-03-31": ""}, "Net Income": {"2020-09-30": "313.30000", "2020-06-30": "-24.20000", "2020-03-31": "258.10000", "2019-12-31": "414.99990", "2019-09-30": "290.20000", "2019-06-30": "370.70000", "2019-03-31": "263.20000", "2018-12-31": "399.10000", "2018-09-30": "298.90000", "2018-06-30": "364.20000", "2018-03-31": "264.10000", "2017-12-31": "254.10010", "2017-09-30": "263.30000", "2017-06-30": "328.10000", "2017-03-31": "241.30000", "2016-12-31": "348.50000", "2016-09-30": "252.60000", "2016-06-30": "324.10000", "2016-03-31": "216.90000", "2015-12-31": "328.40000", "2015-09-30": "236.80000", "2015-06-30": "310.00000", "2015-03-31": "206.30000", "2014-12-31": "323.80000", "2014-09-30": "239.50000", "2014-06-30": "318.90000", "2014-03-31": "201.40000", "2013-12-31": "293.40000", "2013-09-30": "191.20000", "2013-06-30": "281.70000", "2013-03-31": "199.70000", "2012-12-31": "300.00000", "2012-09-30": "199.40000", "2012-06-30": "276.30000", "2012-03-31": "200.10000", "2011-12-31": "268.40000", "2011-09-30": "201.40000", "2011-06-30": "272.20000", "2011-03-31": "199.90000", "2010-12-31": "238.40000", "2010-09-30": "174.60000", "2010-06-30": "243.30000", "2010-03-31": "163.40000", "2009-12-31": "220.40010", "2009-09-30": "165.60000", "2009-06-30": "233.40000", "2009-03-31": "164.50000", "2008-12-31": "257.90000", "2008-09-30": "213.60000", "2008-06-30": "307.00000", "2008-03-31": "208.70000", "2007-12-31": "301.30000", "2007-09-30": "202.20000", "2007-06-30": "276.70000", "2007-03-31": "183.00000", "2006-12-31": "277.10000", "2006-09-30": "177.10000", "2006-06-30": "244.10000", "2006-03-31": "165.70000", "2005-12-31": "252.70000", "2005-09-30": "161.70000", "2005-06-30": "225.80000", "2005-03-31": "150.50000"}, "EBITDA": {"2020-09-30": "554.69990", "2020-06-30": "118.29980", "2020-03-31": "473.09970", "2019-12-31": "696.90010", "2019-09-30": "528.50030", "2019-06-30": "628.30020", "2019-03-31": "485.29970", "2018-12-31": "685.20070", "2018-09-30": "565.00010", "2018-06-30": "646.50030", "2018-03-31": "487.90020", "2017-12-31": "696.89970", "2017-09-30": "525.10000", "2017-06-30": "642.60000", "2017-03-31": "488.40000", "2016-12-31": "692.90000", "2016-09-30": "513.99990", "2016-06-30": "634.80000", "2016-03-31": "466.30010", "2015-12-31": "644.10100", "2015-09-30": "498.20000", "2015-06-30": "609.60010", "2015-03-31": "450.09990", "2014-12-31": "649.19950", "2014-09-30": "507.70010", "2014-06-30": "620.79990", "2014-03-31": "453.59990", "2013-12-31": "621.30040", "2013-09-30": "448.49990", "2013-06-30": "592.00000", "2013-03-31": "440.99990", "2012-12-31": "625.60030", "2012-09-30": "457.40000", "2012-06-30": "573.89990", "2012-03-31": "430.00020", "2011-12-31": "558.49900", "2011-09-30": "442.19990", "2011-06-30": "556.79990", "2011-03-31": "387.30010", "2010-12-31": "507.10020", "2010-09-30": "376.50010", "2010-06-30": "476.60020", "2010-03-31": "353.00000", "2009-12-31": "468.59940", "2009-09-30": "354.90010", "2009-06-30": "441.49980", "2009-03-31": "352.70010", "2008-12-31": "463.80010", "2008-09-30": "450.39990", "2008-06-30": "587.89980", "2008-03-31": "423.20000", "2007-12-31": "604.89930", "2007-09-30": "419.90000", "2007-06-30": "529.90010", "2007-03-31": "381.70000", "2006-12-31": "545.20130", "2006-09-30": "373.40010", "2006-06-30": "481.69990", "2006-03-31": "344.29990", "2005-12-31": "492.59980", "2005-09-30": "337.20000", "2005-06-30": "447.20000", "2005-03-31": "325.00010"}, "EBIT": {"2020-09-30": "501.39990", "2020-06-30": "62.49980", "2020-03-31": "420.19970", "2019-12-31": "646.39970", "2019-09-30": "473.30030", "2019-06-30": "573.70020", "2019-03-31": "428.89970", "2018-12-31": "627.20040", "2018-09-30": "502.30000", "2018-06-30": "582.30030", "2018-03-31": "421.70020", "2017-12-31": "626.39990", "2017-09-30": "470.20000", "2017-06-30": "571.50000", "2017-03-31": "415.70000", "2016-12-31": "623.50000", "2016-09-30": "453.09990", "2016-06-30": "561.80000", "2016-03-31": "392.10010", "2015-12-31": "575.50050", "2015-09-30": "428.30000", "2015-06-30": "538.60010", "2015-03-31": "377.70000", "2014-12-31": "579.39970", "2014-09-30": "433.60010", "2014-06-30": "548.39990", "2014-03-31": "382.70000", "2013-12-31": "551.20000", "2013-09-30": "379.39990", "2013-06-30": "523.00000", "2013-03-31": "371.70000", "2012-12-31": "548.00000", "2012-09-30": "387.30000", "2012-06-30": "506.39990", "2012-03-31": "362.50020", "2011-12-31": "487.49980", "2011-09-30": "373.39990", "2011-06-30": "488.09990", "2011-03-31": "322.10010", "2010-12-31": "439.70000", "2010-09-30": "314.10010", "2010-06-30": "415.40010", "2010-03-31": "291.00000", "2009-12-31": "399.60030", "2009-09-30": "294.80000", "2009-06-30": "398.09990", "2009-03-31": "282.40010", "2008-12-31": "448.40060", "2008-09-30": "373.39990", "2008-06-30": "516.79980", "2008-03-31": "350.80000", "2007-12-31": "531.79960", "2007-09-30": "350.20000", "2007-06-30": "461.60010", "2007-03-31": "315.50000", "2006-12-31": "474.30100", "2006-09-30": "307.40010", "2006-06-30": "417.39990", "2006-03-31": "284.39990", "2005-12-31": "425.99980", "2005-09-30": "274.50000", "2005-06-30": "382.00000", "2005-03-31": "257.30000"}, "Basic Shares Outstanding": {"2020-09-30": "215.40000", "2020-06-30": "214.90000", "2020-03-31": "216.60000", "2019-12-31": "219.80000", "2019-09-30": "218.20000", "2019-06-30": "219.60000", "2019-03-31": "223.20000", "2018-12-31": "226.60000", "2018-09-30": "224.80000", "2018-06-30": "226.80000", "2018-03-31": "230.20000", "2017-12-31": "232.30000", "2017-09-30": "231.20000", "2017-06-30": "232.10000", "2017-03-31": "234.60000", "2016-12-31": "237.90000", "2016-09-30": "237.40000", "2016-06-30": "237.70000", "2016-03-31": "240.00000", "2015-12-31": "244.20000", "2015-09-30": "243.20000", "2015-06-30": "244.50000", "2015-03-31": "246.40000", "2014-12-31": "253.90000", "2014-09-30": "251.40000", "2014-06-30": "256.20000", "2014-03-31": "259.10000", "2013-12-31": "258.90000", "2013-09-30": "258.20000", "2013-06-30": "257.70000", "2013-03-31": "261.00000", "2012-12-31": "268.30000", "2012-09-30": "266.60000", "2012-06-30": "269.00000", "2012-03-31": "273.30000", "2011-12-31": "279.00000", "2011-09-30": "277.10000", "2011-06-30": "278.70000", "2011-03-31": "283.60000", "2010-12-31": "299.60000", "2010-09-30": "299.30000", "2010-06-30": "302.30000", "2010-03-31": "306.40000", "2009-12-31": "308.20000", "2009-09-30": "308.60000", "2009-06-30": "308.10000", "2009-03-31": "307.50000", "2008-12-31": "313.00000", "2008-09-30": "309.10000", "2008-06-30": "317.50000", "2008-03-31": "318.30000", "2007-12-31": "326.00000", "2007-09-30": "324.00000", "2007-06-30": "325.80000", "2007-03-31": "331.10000", "2006-12-31": "342.90000", "2006-09-30": "338.80000", "2006-06-30": "340.50000", "2006-03-31": "353.40000", "2005-12-31": "361.10000", "2005-09-30": "358.60000", "2005-06-30": "362.80000", "2005-03-31": "365.28800"}, "Shares Outstanding": {"2020-09-30": "215.80000", "2020-06-30": "215.40000", "2020-03-31": "217.50000", "2019-12-31": "220.90000", "2019-09-30": "219.40000", "2019-06-30": "220.90000", "2019-03-31": "224.20000", "2018-12-31": "227.60000", "2018-09-30": "225.90000", "2018-06-30": "228.10000", "2018-03-31": "231.50000", "2017-12-31": "233.90000", "2017-09-30": "232.70000", "2017-06-30": "234.00000", "2017-03-31": "236.50000", "2016-12-31": "239.20000", "2016-09-30": "238.70000", "2016-06-30": "239.00000", "2016-03-31": "241.10000", "2015-12-31": "245.20000", "2015-09-30": "244.40000", "2015-06-30": "245.70000", "2015-03-31": "247.40000", "2014-12-31": "255.30000", "2014-09-30": "252.40000", "2014-06-30": "258.20000", "2014-03-31": "261.40000", "2013-12-31": "260.40000", "2013-09-30": "259.90000", "2013-06-30": "259.20000", "2013-03-31": "263.20000", "2012-12-31": "270.00000", "2012-09-30": "268.50000", "2012-06-30": "271.80000", "2012-03-31": "277.50000", "2011-12-31": "283.30000", "2011-09-30": "281.40000", "2011-06-30": "283.70000", "2011-03-31": "289.20000", "2010-12-31": "303.50000", "2010-09-30": "303.50000", "2010-06-30": "307.00000", "2010-03-31": "311.00000", "2009-12-31": "310.40000", "2009-09-30": "311.60000", "2009-06-30": "308.60000", "2009-03-31": "307.60000", "2008-12-31": "314.80000", "2008-09-30": "310.30000", "2008-06-30": "319.60000", "2008-03-31": "320.10000", "2007-12-31": "329.10000", "2007-09-30": "328.20000", "2007-06-30": "330.80000", "2007-03-31": "335.50000", "2006-12-31": "346.10000", "2006-09-30": "341.90000", "2006-06-30": "344.10000", "2006-03-31": "355.60000", "2005-12-31": "362.70000", "2005-09-30": "361.00000", "2005-06-30": "365.60000", "2005-03-31": "367.61000"}, "Basic EPS": {"2020-09-30": "1.45000", "2020-06-30": "-0.11000", "2020-03-31": "1.19000", "2019-12-31": "1.89000", "2019-09-30": "1.33000", "2019-06-30": "1.69000", "2019-03-31": "1.18000", "2018-12-31": "1.76000", "2018-09-30": "1.33000", "2018-06-30": "1.61000", "2018-03-31": "1.15000", "2017-12-31": "1.10000", "2017-09-30": "1.14000", "2017-06-30": "1.41000", "2017-03-31": "1.03000", "2016-12-31": "1.48000", "2016-09-30": "1.06000", "2016-06-30": "1.36000", "2016-03-31": "0.90000", "2015-12-31": "1.35000", "2015-09-30": "0.97000", "2015-06-30": "1.27000", "2015-03-31": "0.84000", "2014-12-31": "1.30000", "2014-09-30": "0.95000", "2014-06-30": "1.24000", "2014-03-31": "0.78000", "2013-12-31": "1.14000", "2013-09-30": "0.74000", "2013-06-30": "1.09000", "2013-03-31": "0.76000", "2012-12-31": "1.13000", "2012-09-30": "0.75000", "2012-06-30": "1.03000", "2012-03-31": "0.73000", "2011-12-31": "0.97000", "2011-09-30": "0.73000", "2011-06-30": "0.98000", "2011-03-31": "0.70000", "2010-12-31": "0.83000", "2010-09-30": "0.58000", "2010-06-30": "0.80000", "2010-03-31": "0.53000", "2009-12-31": "0.73000", "2009-09-30": "0.53000", "2009-06-30": "0.75000", "2009-03-31": "0.53000", "2008-12-31": "0.88000", "2008-09-30": "0.68000", "2008-06-30": "0.96000", "2008-03-31": "0.65000", "2007-12-31": "0.93000", "2007-09-30": "0.62000", "2007-06-30": "0.85000", "2007-03-31": "0.55000", "2006-12-31": "0.81000", "2006-09-30": "0.52000", "2006-06-30": "0.72000", "2006-03-31": "0.47000", "2005-12-31": "0.71000", "2005-09-30": "0.45000", "2005-06-30": "0.62000", "2005-03-31": "0.41000"}, "EPS - Earnings Per Share": {"2020-09-30": "1.45000", "2020-06-30": "-0.11000", "2020-03-31": "1.19000", "2019-12-31": "1.89000", "2019-09-30": "1.32000", "2019-06-30": "1.68000", "2019-03-31": "1.17000", "2018-12-31": "1.77000", "2018-09-30": "1.32000", "2018-06-30": "1.60000", "2018-03-31": "1.14000", "2017-12-31": "1.10000", "2017-09-30": "1.13000", "2017-06-30": "1.40000", "2017-03-31": "1.02000", "2016-12-31": "1.46000", "2016-09-30": "1.06000", "2016-06-30": "1.36000", "2016-03-31": "0.90000", "2015-12-31": "1.35000", "2015-09-30": "0.97000", "2015-06-30": "1.26000", "2015-03-31": "0.83000", "2014-12-31": "1.29000", "2014-09-30": "0.95000", "2014-06-30": "1.23000", "2014-03-31": "0.77000", "2013-12-31": "1.12000", "2013-09-30": "0.74000", "2013-06-30": "1.09000", "2013-03-31": "0.76000", "2012-12-31": "1.13000", "2012-09-30": "0.74000", "2012-06-30": "1.02000", "2012-03-31": "0.72000", "2011-12-31": "0.96000", "2011-09-30": "0.72000", "2011-06-30": "0.96000", "2011-03-31": "0.69000", "2010-12-31": "0.82000", "2010-09-30": "0.57000", "2010-06-30": "0.79000", "2010-03-31": "0.52000", "2009-12-31": "0.72000", "2009-09-30": "0.53000", "2009-06-30": "0.75000", "2009-03-31": "0.53000", "2008-12-31": "0.87000", "2008-09-30": "0.68000", "2008-06-30": "0.95000", "2008-03-31": "0.64000", "2007-12-31": "0.92000", "2007-09-30": "0.62000", "2007-06-30": "0.84000", "2007-03-31": "0.55000", "2006-12-31": "0.80500", "2006-09-30": "0.52000", "2006-06-30": "0.71000", "2006-03-31": "0.46500", "2005-12-31": "0.70000", "2005-09-30": "0.45000", "2005-06-30": "0.62000", "2005-03-31": "0.41000"}}, "balance sheet": {"Cash On Hand": {"2019-12-31": "4309.30000", "2018-12-31": "3657.90000", "2017-12-31": "3796.40000", "2016-12-31": "3022.80000", "2015-12-31": "2619.70000", "2014-12-31": "2390.30000", "2013-12-31": "2728.70000", "2012-12-31": "2698.90000", "2011-12-31": "1805.00000", "2010-12-31": "2300.00000", "2009-12-31": "1594.80000", "2008-12-31": "1112.40000", "2007-12-31": "1841.00000", "2006-12-31": "1928.80000", "2005-12-31": "1209.90000"}, "Receivables": {"2019-12-31": "7829.00000", "2018-12-31": "7666.10000", "2017-12-31": "8083.80000", "2016-12-31": "7510.80000", "2015-12-31": "7220.90000", "2014-12-31": "6524.70000", "2013-12-31": "6632.60000", "2012-12-31": "6958.20000", "2011-12-31": "6632.00000", "2010-12-31": "5977.20000", "2009-12-31": "5574.10000", "2008-12-31": "5775.50000", "2007-12-31": "6830.40000", "2006-12-31": "6628.10000", "2005-12-31": "5908.10000"}, "Inventory": {"2019-12-31": "1257.60000", "2018-12-31": "1161.50000", "2017-12-31": "1110.60000", "2016-12-31": "1125.40000", "2015-12-31": "1122.70000", "2014-12-31": "1166.60000", "2013-12-31": "1288.00000", "2012-12-31": "1008.40000", "2011-12-31": "1017.50000", "2010-12-31": "707.60000", "2009-12-31": "607.60000", "2008-12-31": "672.00000", "2007-12-31": "801.00000", "2006-12-31": "", "2005-12-31": ""}, "Pre-Paid Expenses": {"2019-12-31": "", "2018-12-31": "", "2017-12-31": "", "2016-12-31": "", "2015-12-31": "", "2014-12-31": "", "2013-12-31": "", "2012-12-31": "", "2011-12-31": "", "2010-12-31": "", "2009-12-31": "", "2008-12-31": "1005.00000", "2007-12-31": "1031.80000", "2006-12-31": "1089.30000", "2005-12-31": "849.40000"}, "Other Current Assets": {"2019-12-31": "1188.80000", "2018-12-31": "1241.40000", "2017-12-31": "1125.20000", "2016-12-31": "1063.00000", "2015-12-31": "1017.20000", "2014-12-31": "998.10000", "2013-12-31": "1003.00000", "2012-12-31": "995.90000", "2011-12-31": "967.00000", "2010-12-31": "1209.30000", "2009-12-31": "1012.00000", "2008-12-31": "", "2007-12-31": "", "2006-12-31": "", "2005-12-31": ""}, "Total Current Assets": {"2019-12-31": "14584.70000", "2018-12-31": "13726.90000", "2017-12-31": "14116.00000", "2016-12-31": "12722.00000", "2015-12-31": "11980.50000", "2014-12-31": "11079.70000", "2013-12-31": "11652.30000", "2012-12-31": "11661.40000", "2011-12-31": "10421.50000", "2010-12-31": "10194.10000", "2009-12-31": "8788.50000", "2008-12-31": "8564.90000", "2007-12-31": "10504.20000", "2006-12-31": "9646.20000", "2005-12-31": "7967.40000"}, "Property, Plant, And Equipment": {"2019-12-31": "663.40000", "2018-12-31": "694.40000", "2017-12-31": "690.90000", "2016-12-31": "674.80000", "2015-12-31": "692.70000", "2014-12-31": "708.00000", "2013-12-31": "737.40000", "2012-12-31": "723.80000", "2011-12-31": "682.90000", "2010-12-31": "653.30000", "2009-12-31": "677.30000", "2008-12-31": "719.60000", "2007-12-31": "706.70000", "2006-12-31": "639.80000", "2005-12-31": "608.70000"}, "Long-Term Investments": {"2019-12-31": "106.80000", "2018-12-31": "120.90000", "2017-12-31": "120.30000", "2016-12-31": "120.40000", "2015-12-31": "136.60000", "2014-12-31": "148.20000", "2013-12-31": "131.80000", "2012-12-31": "155.20000", "2011-12-31": "184.20000", "2010-12-31": "299.10000", "2009-12-31": "299.40000", "2008-12-31": "297.30000", "2007-12-31": "247.10000", "2006-12-31": "214.10000", "2005-12-31": "182.40000"}, "Goodwill And Intangible Assets": {"2019-12-31": "9778.70000", "2018-12-31": "9767.10000", "2017-12-31": "9705.90000", "2016-12-31": "9403.50000", "2015-12-31": "9021.20000", "2014-12-31": "9211.60100", "2013-12-31": "9302.00000", "2012-12-31": "9300.30000", "2011-12-31": "8924.70000", "2010-12-31": "8087.30000", "2009-12-31": "7862.00000", "2008-12-31": "7441.20000", "2007-12-31": "7514.20000", "2006-12-31": "6995.10000", "2005-12-31": "6614.50000"}, "Other Long-Term Assets": {"2019-12-31": "251.50000", "2018-12-31": "307.70000", "2017-12-31": "298.10000", "2016-12-31": "244.70000", "2015-12-31": "279.70000", "2014-12-31": "280.90000", "2013-12-31": "275.20000", "2012-12-31": "311.20000", "2011-12-31": "292.10000", "2010-12-31": "318.10000", "2009-12-31": "253.50000", "2008-12-31": "250.20000", "2007-12-31": "259.00000", "2006-12-31": "260.10000", "2005-12-31": "237.10000"}, "Total Long-Term Assets": {"2019-12-31": "12198.70000", "2018-12-31": "10890.10000", "2017-12-31": "10815.20000", "2016-12-31": "10443.40000", "2015-12-31": "10130.20000", "2014-12-31": "10348.70000", "2013-12-31": "10446.40000", "2012-12-31": "10490.50000", "2011-12-31": "10083.90000", "2010-12-31": "9372.00000", "2009-12-31": "9132.20000", "2008-12-31": "8753.50100", "2007-12-31": "8767.50000", "2006-12-31": "8158.50000", "2005-12-31": "7952.50000"}, "Total Assets": {"2019-12-31": "26783.40000", "2018-12-31": "24617.00000", "2017-12-31": "24931.20000", "2016-12-31": "23165.40000", "2015-12-31": "22110.70000", "2014-12-31": "21428.40000", "2013-12-31": "22098.70000", "2012-12-31": "22151.90000", "2011-12-31": "20505.40000", "2010-12-31": "19566.10000", "2009-12-31": "17920.70000", "2008-12-31": "17318.40000", "2007-12-31": "19271.70000", "2006-12-31": "17804.70000", "2005-12-31": "15919.90000"}, "Total Current Liabilities": {"2019-12-31": "15980.90000", "2018-12-31": "15270.20000", "2017-12-31": "15108.90000", "2016-12-31": "14010.90000", "2015-12-31": "14219.60000", "2014-12-31": "12061.10000", "2013-12-31": "12277.70000", "2012-12-31": "11875.80000", "2011-12-31": "11671.00000", "2010-12-31": "11023.10000", "2009-12-31": "10082.50000", "2008-12-31": "9754.20000", "2007-12-31": "11227.20000", "2006-12-31": "10296.10000", "2005-12-31": "8700.30000"}, "Long Term Debt": {"2019-12-31": "4531.90000", "2018-12-31": "4384.10000", "2017-12-31": "4912.90000", "2016-12-31": "4920.50000", "2015-12-31": "3564.20000", "2014-12-31": "4542.10000", "2013-12-31": "4033.40000", "2012-12-31": "4448.50000", "2011-12-31": "3182.90000", "2010-12-31": "3124.60000", "2009-12-31": "2220.60000", "2008-12-31": "3054.30000", "2007-12-31": "3054.70000", "2006-12-31": "3054.70000", "2005-12-31": "2357.50000"}, "Other Non-Current Liabilities": {"2019-12-31": "1006.80000", "2018-12-31": "1197.80000", "2017-12-31": "1091.20000", "2016-12-31": "892.30000", "2015-12-31": "800.50000", "2014-12-31": "774.30000", "2013-12-31": "685.10000", "2012-12-31": "739.90000", "2011-12-31": "602.00000", "2010-12-31": "576.50000", "2009-12-31": "462.00000", "2008-12-31": "444.40000", "2007-12-31": "481.20000", "2006-12-31": "305.80000", "2005-12-31": "298.40000"}, "Total Long Term Liabilities": {"2019-12-31": "7428.80000", "2018-12-31": "6239.90000", "2017-12-31": "6670.10000", "2016-12-31": "6494.90000", "2015-12-31": "5001.70000", "2014-12-31": "6046.00000", "2013-12-31": "5753.10000", "2012-12-31": "6319.80000", "2011-12-31": "4854.60000", "2010-12-31": "4649.90000", "2009-12-31": "3385.40000", "2008-12-31": "3810.80000", "2007-12-31": "3952.80000", "2006-12-31": "3637.30000", "2005-12-31": "3271.60000"}, "Total Liabilities": {"2019-12-31": "23409.70000", "2018-12-31": "21510.10000", "2017-12-31": "21779.00000", "2016-12-31": "20505.80000", "2015-12-31": "19221.30000", "2014-12-31": "18107.10000", "2013-12-31": "18030.80000", "2012-12-31": "18195.60000", "2011-12-31": "16525.60000", "2010-12-31": "15673.00000", "2009-12-31": "13467.90000", "2008-12-31": "13565.00000", "2007-12-31": "15180.00000", "2006-12-31": "13933.40000", "2005-12-31": "11971.90000"}, "Common Stock Net": {"2019-12-31": "44.60000", "2018-12-31": "44.60000", "2017-12-31": "44.60000", "2016-12-31": "44.60000", "2015-12-31": "59.60000", "2014-12-31": "59.60000", "2013-12-31": "59.60000", "2012-12-31": "59.60000", "2011-12-31": "59.60000", "2010-12-31": "59.60000", "2009-12-31": "59.60000", "2008-12-31": "59.60000", "2007-12-31": "59.60000", "2006-12-31": "29.80000", "2005-12-31": "29.80000"}, "Retained Earnings (Accumulated Deficit)": {"2019-12-31": "7806.30000", "2018-12-31": "7016.10000", "2017-12-31": "6210.60000", "2016-12-31": "5677.20000", "2015-12-31": "10178.20000", "2014-12-31": "9576.90000", "2013-12-31": "8961.20000", "2012-12-31": "8394.40000", "2011-12-31": "7724.10000", "2010-12-31": "7052.50000", "2009-12-31": "6465.40000", "2008-12-31": "5859.60000", "2007-12-31": "5077.50000", "2006-12-31": "4289.80000", "2005-12-31": "3599.00000"}, "Comprehensive Income": {"2019-12-31": "-1197.60000", "2018-12-31": "-1228.50000", "2017-12-31": "-963.00000", "2016-12-31": "-1356.00000", "2015-12-31": "-1015.40000", "2014-12-31": "-618.20000", "2013-12-31": "-191.60000", "2012-12-31": "-129.50000", "2011-12-31": "-191.70000", "2010-12-31": "-106.40000", "2009-12-31": "-8.00000", "2008-12-31": "-247.30000", "2007-12-31": "430.70000", "2006-12-31": "267.90000", "2005-12-31": "59.80000"}, "Other Share Holders Equity": {"2019-12-31": "", "2018-12-31": "", "2017-12-31": "", "2016-12-31": "", "2015-12-31": "", "2014-12-31": "", "2013-12-31": "", "2012-12-31": "", "2011-12-31": "", "2010-12-31": "", "2009-12-31": "", "2008-12-31": "", "2007-12-31": "", "2006-12-31": "", "2005-12-31": ""}, "Share Holder Equity": {"2019-12-31": "3373.70000", "2018-12-31": "3106.90000", "2017-12-31": "3152.20000", "2016-12-31": "2659.60000", "2015-12-31": "2889.40000", "2014-12-31": "3321.30000", "2013-12-31": "4067.90000", "2012-12-31": "3956.30000", "2011-12-31": "3979.80000", "2010-12-31": "3893.10000", "2009-12-31": "4452.80000", "2008-12-31": "3753.40000", "2007-12-31": "4091.70000", "2006-12-31": "3871.30000", "2005-12-31": "3948.00000"}, "Total Liabilities And Share Holders Equity": {"2019-12-31": "26783.40000", "2018-12-31": "24617.00000", "2017-12-31": "24931.20000", "2016-12-31": "23165.40000", "2015-12-31": "22110.70000", "2014-12-31": "21428.40000", "2013-12-31": "22098.70000", "2012-12-31": "22151.90000", "2011-12-31": "20505.40000", "2010-12-31": "19566.10000", "2009-12-31": "17920.70000", "2008-12-31": "17318.40000", "2007-12-31": "19271.70000", "2006-12-31": "17804.70000", "2005-12-31": "15919.90000"}}, "balance sheet, quarterly": {"Cash On Hand": {"2020-09-30": "3278.30000", "2020-06-30": "3281.00000", "2020-03-31": "2694.10000", "2019-12-31": "4309.30000", "2019-09-30": "2445.60000", "2019-06-30": "2903.50000", "2019-03-31": "3455.10000", "2018-12-31": "3657.90000", "2018-09-30": "2105.80000", "2018-06-30": "1918.70000", "2018-03-31": "2570.00000", "2017-12-31": "3796.40000", "2017-09-30": "1851.00000", "2017-06-30": "1874.40000", "2017-03-31": "2485.80000", "2016-12-31": "3022.80000", "2016-09-30": "1969.20000", "2016-06-30": "1536.70000", "2016-03-31": "1750.00000", "2015-12-31": "2619.70000", "2015-09-30": "1430.00000", "2015-06-30": "1362.10000", "2015-03-31": "1532.40000", "2014-12-31": "2390.30000", "2014-09-30": "850.30000", "2014-06-30": "1544.60000", "2014-03-31": "2089.10000", "2013-12-31": "2728.70000", "2013-09-30": "1534.40000", "2013-06-30": "1414.60000", "2013-03-31": "2090.30000", "2012-12-31": "2698.90000", "2012-09-30": "1972.80000", "2012-06-30": "1680.00000", "2012-03-31": "1508.50000", "2011-12-31": "1805.00000", "2011-09-30": "912.00000", "2011-06-30": "1003.30000", "2011-03-31": "1517.80000", "2010-12-31": "2300.00000", "2010-09-30": "1698.30000", "2010-06-30": "543.10000", "2010-03-31": "908.40000", "2009-12-31": "1594.80000", "2009-09-30": "613.30000", "2009-06-30": "411.90000", "2009-03-31": "427.20000", "2008-12-31": "1112.40000", "2008-09-30": "552.60000", "2008-06-30": "959.10000", "2008-03-31": "862.90000", "2007-12-31": "1841.00000", "2007-09-30": "635.20000", "2007-06-30": "820.80000", "2007-03-31": "1065.00000", "2006-12-31": "1928.80000", "2006-09-30": "848.80000", "2006-06-30": "1135.20000", "2006-03-31": "1861.70000", "2005-12-31": "1209.90000", "2005-09-30": "410.00000", "2005-06-30": "365.10000", "2005-03-31": "605.40000"}, "Receivables": {"2020-09-30": "6298.30000", "2020-06-30": "5290.80000", "2020-03-31": "6690.50000", "2019-12-31": "7829.00000", "2019-09-30": "6547.90000", "2019-06-30": "7244.90000", "2019-03-31": "7036.70000", "2018-12-31": "7666.10000", "2018-09-30": "6811.00000", "2018-06-30": "6760.50000", "2018-03-31": "7198.80000", "2017-12-31": "8083.80000", "2017-09-30": "7045.70000", "2017-06-30": "7142.80000", "2017-03-31": "6796.80000", "2016-12-31": "7510.80000", "2016-09-30": "6488.90000", "2016-06-30": "6422.60000", "2016-03-31": "6321.40000", "2015-12-31": "7220.90000", "2015-09-30": "6313.90000", "2015-06-30": "6501.60000", "2015-03-31": "5840.10000", "2014-12-31": "6524.70000", "2014-09-30": "6135.70000", "2014-06-30": "6499.20000", "2014-03-31": "6006.60000", "2013-12-31": "6632.60000", "2013-09-30": "6577.80000", "2013-06-30": "6637.00000", "2013-03-31": "6313.20000", "2012-12-31": "6958.20000", "2012-09-30": "6260.20000", "2012-06-30": "6041.50000", "2012-03-31": "5932.40000", "2011-12-31": "6632.00000", "2011-09-30": "5971.40000", "2011-06-30": "5981.00000", "2011-03-31": "5470.80000", "2010-12-31": "5977.20000", "2010-09-30": "5516.90000", "2010-06-30": "5140.60000", "2010-03-31": "5184.30000", "2009-12-31": "5574.10000", "2009-09-30": "4812.50000", "2009-06-30": "4940.30000", "2009-03-31": "4883.00000", "2008-12-31": "5775.50000", "2008-09-30": "5906.00000", "2008-06-30": "7231.20000", "2008-03-31": "7115.10000", "2007-12-31": "6830.40000", "2007-09-30": "7154.70000", "2007-06-30": "6628.10000", "2007-03-31": "6370.70000", "2006-12-31": "6628.10000", "2006-09-30": "6117.20000", "2006-06-30": "6025.40000", "2006-03-31": "5753.00000", "2005-12-31": "5908.10000", "2005-09-30": "5646.20000", "2005-06-30": "5663.90000", "2005-03-31": "5625.90000"}, "Inventory": {"2020-09-30": "1174.40000", "2020-06-30": "1158.60000", "2020-03-31": "1313.20000", "2019-12-31": "1257.60000", "2019-09-30": "1427.90000", "2019-06-30": "1363.50000", "2019-03-31": "1314.40000", "2018-12-31": "1161.50000", "2018-09-30": "1359.20000", "2018-06-30": "1353.50000", "2018-03-31": "1378.00000", "2017-12-31": "1110.60000", "2017-09-30": "1458.10000", "2017-06-30": "1401.60000", "2017-03-31": "1349.70000", "2016-12-31": "1125.40000", "2016-09-30": "1355.00000", "2016-06-30": "1365.10000", "2016-03-31": "1361.50000", "2015-12-31": "1122.70000", "2015-09-30": "1455.30000", "2015-06-30": "1511.30000", "2015-03-31": "1410.30000", "2014-12-31": "1166.60000", "2014-09-30": "1528.00000", "2014-06-30": "1462.90000", "2014-03-31": "1488.60000", "2013-12-31": "1288.00000", "2013-09-30": "1328.30000", "2013-06-30": "1258.10000", "2013-03-31": "1188.90000", "2012-12-31": "1008.40000", "2012-09-30": "700.20000", "2012-06-30": "698.70000", "2012-03-31": "708.70000", "2011-12-31": "1017.50000", "2011-09-30": "799.10000", "2011-06-30": "782.40000", "2011-03-31": "803.10000", "2010-12-31": "707.60000", "2010-09-30": "750.60000", "2010-06-30": "711.10000", "2010-03-31": "673.90000", "2009-12-31": "607.60000", "2009-09-30": "669.00000", "2009-06-30": "614.10000", "2009-03-31": "636.80000", "2008-12-31": "672.00000", "2008-09-30": "890.60000", "2008-06-30": "", "2008-03-31": "", "2007-12-31": "801.00000", "2007-09-30": "", "2007-06-30": "", "2007-03-31": "", "2006-12-31": "", "2006-09-30": "", "2006-06-30": "", "2006-03-31": "", "2005-12-31": "", "2005-09-30": "", "2005-06-30": "", "2005-03-31": ""}, "Pre-Paid Expenses": {"2020-09-30": "", "2020-06-30": "", "2020-03-31": "", "2019-12-31": "", "2019-09-30": "", "2019-06-30": "", "2019-03-31": "", "2018-12-31": "", "2018-09-30": "", "2018-06-30": "", "2018-03-31": "", "2017-12-31": "", "2017-09-30": "", "2017-06-30": "", "2017-03-31": "", "2016-12-31": "", "2016-09-30": "", "2016-06-30": "", "2016-03-31": "", "2015-12-31": "", "2015-09-30": "", "2015-06-30": "", "2015-03-31": "", "2014-12-31": "", "2014-09-30": "", "2014-06-30": "", "2014-03-31": "", "2013-12-31": "", "2013-09-30": "", "2013-06-30": "", "2013-03-31": "", "2012-12-31": "", "2012-09-30": "", "2012-06-30": "", "2012-03-31": "", "2011-12-31": "", "2011-09-30": "", "2011-06-30": "", "2011-03-31": "", "2010-12-31": "", "2010-09-30": "", "2010-06-30": "", "2010-03-31": "", "2009-12-31": "", "2009-09-30": "1014.90000", "2009-06-30": "933.50000", "2009-03-31": "992.90000", "2008-12-31": "1005.00000", "2008-09-30": "1002.00000", "2008-06-30": "1343.30000", "2008-03-31": "1490.30000", "2007-12-31": "1031.80000", "2007-09-30": "1258.90000", "2007-06-30": "1189.00000", "2007-03-31": "1176.10000", "2006-12-31": "1089.30000", "2006-09-30": "1050.70000", "2006-06-30": "1034.90000", "2006-03-31": "1008.70000", "2005-12-31": "849.40000", "2005-09-30": "905.20000", "2005-06-30": "894.20000", "2005-03-31": "986.30000"}, "Other Current Assets": {"2020-09-30": "1111.40000", "2020-06-30": "1162.70000", "2020-03-31": "1152.30000", "2019-12-31": "1188.80000", "2019-09-30": "1179.50000", "2019-06-30": "1290.90000", "2019-03-31": "1266.00000", "2018-12-31": "1241.40000", "2018-09-30": "1299.30000", "2018-06-30": "1197.40000", "2018-03-31": "1191.70000", "2017-12-31": "1125.20000", "2017-09-30": "1062.60000", "2017-06-30": "1086.30000", "2017-03-31": "1096.50000", "2016-12-31": "1063.00000", "2016-09-30": "1018.80000", "2016-06-30": "989.80000", "2016-03-31": "1112.50000", "2015-12-31": "1017.20000", "2015-09-30": "1053.60000", "2015-06-30": "1125.40000", "2015-03-31": "1122.10000", "2014-12-31": "998.10000", "2014-09-30": "1053.20000", "2014-06-30": "1039.80000", "2014-03-31": "992.30000", "2013-12-31": "1003.00000", "2013-09-30": "1024.90000", "2013-06-30": "978.50000", "2013-03-31": "1008.80000", "2012-12-31": "995.90000", "2012-09-30": "1463.90000", "2012-06-30": "1437.30000", "2012-03-31": "1470.90000", "2011-12-31": "967.00000", "2011-09-30": "1292.20000", "2011-06-30": "1267.70000", "2011-03-31": "1374.20000", "2010-12-31": "1209.30000", "2010-09-30": "1166.50000", "2010-06-30": "1060.00000", "2010-03-31": "1084.40000", "2009-12-31": "1012.00000", "2009-09-30": "", "2009-06-30": "", "2009-03-31": "", "2008-12-31": "", "2008-09-30": "", "2008-06-30": "", "2008-03-31": "", "2007-12-31": "", "2007-09-30": "", "2007-06-30": "", "2007-03-31": "", "2006-12-31": "", "2006-09-30": "", "2006-06-30": "", "2006-03-31": "", "2005-12-31": "", "2005-09-30": "", "2005-06-30": "", "2005-03-31": ""}, "Total Current Assets": {"2020-09-30": "11862.40000", "2020-06-30": "10893.10000", "2020-03-31": "11850.10000", "2019-12-31": "14584.70000", "2019-09-30": "11600.90000", "2019-06-30": "12802.80000", "2019-03-31": "13072.20000", "2018-12-31": "13726.90000", "2018-09-30": "11575.30000", "2018-06-30": "11230.10000", "2018-03-31": "12338.50000", "2017-12-31": "14116.00000", "2017-09-30": "11417.40000", "2017-06-30": "11505.10000", "2017-03-31": "11728.80000", "2016-12-31": "12722.00000", "2016-09-30": "10831.90000", "2016-06-30": "10314.20000", "2016-03-31": "10545.40000", "2015-12-31": "11980.50000", "2015-09-30": "10252.80000", "2015-06-30": "10500.40000", "2015-03-31": "9904.90000", "2014-12-31": "11079.70000", "2014-09-30": "9567.20000", "2014-06-30": "10546.50000", "2014-03-31": "10576.60000", "2013-12-31": "11652.30000", "2013-09-30": "10465.40000", "2013-06-30": "10288.20000", "2013-03-31": "10601.20000", "2012-12-31": "11661.40000", "2012-09-30": "10397.10000", "2012-06-30": "9857.50000", "2012-03-31": "9620.50000", "2011-12-31": "10421.50000", "2011-09-30": "8974.70000", "2011-06-30": "9034.40000", "2011-03-31": "9165.90000", "2010-12-31": "10194.10000", "2010-09-30": "9132.30000", "2010-06-30": "7454.80000", "2010-03-31": "7851.00000", "2009-12-31": "8788.50000", "2009-09-30": "7109.70000", "2009-06-30": "6899.80000", "2009-03-31": "6939.90000", "2008-12-31": "8564.90000", "2008-09-30": "8351.20000", "2008-06-30": "9533.60000", "2008-03-31": "9468.30000", "2007-12-31": "10504.20000", "2007-09-30": "9048.80000", "2007-06-30": "8637.90000", "2007-03-31": "8611.80000", "2006-12-31": "9646.20000", "2006-09-30": "8016.70000", "2006-06-30": "8195.50000", "2006-03-31": "8623.40000", "2005-12-31": "7967.40000", "2005-09-30": "6961.40000", "2005-06-30": "6923.20000", "2005-03-31": "7217.60000"}, "Property, Plant, And Equipment": {"2020-09-30": "588.10000", "2020-06-30": "599.20000", "2020-03-31": "632.50000", "2019-12-31": "663.40000", "2019-09-30": "665.40000", "2019-06-30": "679.80000", "2019-03-31": "686.40000", "2018-12-31": "694.40000", "2018-09-30": "673.10000", "2018-06-30": "697.20000", "2018-03-31": "691.70000", "2017-12-31": "690.90000", "2017-09-30": "690.50000", "2017-06-30": "687.70000", "2017-03-31": "678.20000", "2016-12-31": "674.80000", "2016-09-30": "678.90000", "2016-06-30": "683.40000", "2016-03-31": "690.10000", "2015-12-31": "692.70000", "2015-09-30": "691.30000", "2015-06-30": "706.60000", "2015-03-31": "681.50000", "2014-12-31": "708.00000", "2014-09-30": "713.60000", "2014-06-30": "737.20000", "2014-03-31": "732.00000", "2013-12-31": "737.40000", "2013-09-30": "701.60000", "2013-06-30": "687.10000", "2013-03-31": "708.00000", "2012-12-31": "723.80000", "2012-09-30": "700.00000", "2012-06-30": "698.20000", "2012-03-31": "687.40000", "2011-12-31": "682.90000", "2011-09-30": "632.10000", "2011-06-30": "663.40000", "2011-03-31": "661.60000", "2010-12-31": "653.30000", "2010-09-30": "637.40000", "2010-06-30": "628.50000", "2010-03-31": "647.50000", "2009-12-31": "677.30000", "2009-09-30": "694.30000", "2009-06-30": "704.80000", "2009-03-31": "690.10000", "2008-12-31": "719.60000", "2008-09-30": "719.60000", "2008-06-30": "732.80000", "2008-03-31": "724.50000", "2007-12-31": "706.70000", "2007-09-30": "690.50000", "2007-06-30": "661.90000", "2007-03-31": "634.10000", "2006-12-31": "639.80000", "2006-09-30": "617.60000", "2006-06-30": "617.90000", "2006-03-31": "606.00000", "2005-12-31": "608.70000", "2005-09-30": "599.80000", "2005-06-30": "602.50000", "2005-03-31": "617.10000"}, "Long-Term Investments": {"2020-09-30": "81.40000", "2020-06-30": "82.20000", "2020-03-31": "92.70000", "2019-12-31": "106.80000", "2019-09-30": "110.50000", "2019-06-30": "111.70000", "2019-03-31": "118.40000", "2018-12-31": "120.90000", "2018-09-30": "118.90000", "2018-06-30": "120.30000", "2018-03-31": "122.40000", "2017-12-31": "120.30000", "2017-09-30": "129.10000", "2017-06-30": "126.30000", "2017-03-31": "117.70000", "2016-12-31": "120.40000", "2016-09-30": "137.20000", "2016-06-30": "137.50000", "2016-03-31": "137.90000", "2015-12-31": "136.60000", "2015-09-30": "136.50000", "2015-06-30": "136.20000", "2015-03-31": "142.20000", "2014-12-31": "148.20000", "2014-09-30": "153.60000", "2014-06-30": "155.90000", "2014-03-31": "133.50000", "2013-12-31": "131.80000", "2013-09-30": "152.20000", "2013-06-30": "147.40000", "2013-03-31": "154.40000", "2012-12-31": "155.20000", "2012-09-30": "192.50000", "2012-06-30": "185.80000", "2012-03-31": "185.90000", "2011-12-31": "184.20000", "2011-09-30": "199.00000", "2011-06-30": "209.60000", "2011-03-31": "204.10000", "2010-12-31": "299.10000", "2010-09-30": "280.00000", "2010-06-30": "291.30000", "2010-03-31": "275.10000", "2009-12-31": "299.40000", "2009-09-30": "315.80000", "2009-06-30": "315.20000", "2009-03-31": "299.70000", "2008-12-31": "297.30000", "2008-09-30": "307.00000", "2008-06-30": "235.20000", "2008-03-31": "236.30000", "2007-12-31": "247.10000", "2007-09-30": "242.50000", "2007-06-30": "236.70000", "2007-03-31": "214.60000", "2006-12-31": "214.10000", "2006-09-30": "206.00000", "2006-06-30": "190.20000", "2006-03-31": "180.80000", "2005-12-31": "182.40000", "2005-09-30": "166.40000", "2005-06-30": "161.70000", "2005-03-31": "163.50000"}, "Goodwill And Intangible Assets": {"2020-09-30": "9744.60100", "2020-06-30": "9552.69900", "2020-03-31": "9514.39900", "2019-12-31": "9778.70000", "2019-09-30": "9625.90000", "2019-06-30": "9718.20000", "2019-03-31": "9746.69900", "2018-12-31": "9767.10000", "2018-09-30": "9808.00000", "2018-06-30": "9820.30000", "2018-03-31": "10060.10000", "2017-12-31": "9705.90000", "2017-09-30": "9713.40000", "2017-06-30": "9574.30000", "2017-03-31": "9489.30000", "2016-12-31": "9403.50000", "2016-09-30": "9489.50000", "2016-06-30": "9525.80100", "2016-03-31": "9445.20000", "2015-12-31": "9021.20000", "2015-09-30": "9021.60100", "2015-06-30": "9124.80000", "2015-03-31": "9007.00000", "2014-12-31": "9211.60100", "2014-09-30": "9262.20000", "2014-06-30": "9494.50000", "2014-03-31": "9371.40000", "2013-12-31": "9302.00000", "2013-09-30": "9267.10000", "2013-06-30": "9115.10100", "2013-03-31": "9148.80100", "2012-12-31": "9300.30000", "2012-09-30": "9175.39900", "2012-06-30": "9044.69900", "2012-03-31": "9037.30000", "2011-12-31": "8924.70000", "2011-09-30": "8833.50000", "2011-06-30": "8945.10100", "2011-03-31": "8842.00000", "2010-12-31": "8087.30000", "2010-09-30": "7982.90000", "2010-06-30": "7701.00000", "2010-03-31": "7783.10000", "2009-12-31": "7862.00000", "2009-09-30": "7779.70000", "2009-06-30": "7661.60000", "2009-03-31": "7339.60000", "2008-12-31": "7441.20000", "2008-09-30": "7617.40000", "2008-06-30": "7829.20000", "2008-03-31": "7678.00000", "2007-12-31": "7514.20000", "2007-09-30": "7489.10000", "2007-06-30": "7211.60000", "2007-03-31": "7034.00000", "2006-12-31": "6995.10000", "2006-09-30": "6937.40000", "2006-06-30": "6903.70000", "2006-03-31": "6696.30000", "2005-12-31": "6614.50000", "2005-09-30": "6558.30000", "2005-06-30": "6470.20000", "2005-03-31": "6483.40000"}, "Other Long-Term Assets": {"2020-09-30": "250.00000", "2020-06-30": "244.80000", "2020-03-31": "231.10000", "2019-12-31": "251.50000", "2019-09-30": "268.10010", "2019-06-30": "294.29990", "2019-03-31": "288.70000", "2018-12-31": "307.70000", "2018-09-30": "312.30000", "2018-06-30": "301.60000", "2018-03-31": "300.40000", "2017-12-31": "298.10000", "2017-09-30": "257.10000", "2017-06-30": "270.00000", "2017-03-31": "223.30000", "2016-12-31": "244.70000", "2016-09-30": "264.40000", "2016-06-30": "274.30000", "2016-03-31": "249.10000", "2015-12-31": "279.70000", "2015-09-30": "355.10000", "2015-06-30": "307.50000", "2015-03-31": "335.40000", "2014-12-31": "280.90000", "2014-09-30": "272.00000", "2014-06-30": "285.30000", "2014-03-31": "274.40000", "2013-12-31": "275.20000", "2013-09-30": "284.50000", "2013-06-30": "287.20000", "2013-03-31": "295.90000", "2012-12-31": "311.20000", "2012-09-30": "333.00000", "2012-06-30": "320.30000", "2012-03-31": "292.40000", "2011-12-31": "292.10000", "2011-09-30": "296.70000", "2011-06-30": "304.20000", "2011-03-31": "294.90000", "2010-12-31": "318.10000", "2010-09-30": "238.10000", "2010-06-30": "231.00000", "2010-03-31": "234.60000", "2009-12-31": "253.50000", "2009-09-30": "268.30000", "2009-06-30": "272.10000", "2009-03-31": "254.80000", "2008-12-31": "250.20000", "2008-09-30": "307.50000", "2008-06-30": "316.10000", "2008-03-31": "299.40000", "2007-12-31": "259.00000", "2007-09-30": "262.50000", "2007-06-30": "252.50000", "2007-03-31": "245.40000", "2006-12-31": "260.10000", "2006-09-30": "258.10000", "2006-06-30": "247.80000", "2006-03-31": "245.50000", "2005-12-31": "237.10000", "2005-09-30": "255.00000", "2005-06-30": "270.20000", "2005-03-31": "267.10000"}, "Total Long-Term Assets": {"2020-09-30": "11917.10000", "2020-06-30": "11748.00000", "2020-03-31": "11825.80000", "2019-12-31": "12198.70000", "2019-09-30": "12052.60000", "2019-06-30": "12239.30000", "2019-03-31": "12139.00000", "2018-12-31": "10890.10000", "2018-09-30": "10912.30000", "2018-06-30": "10939.40000", "2018-03-31": "11174.60000", "2017-12-31": "10815.20000", "2017-09-30": "10790.10000", "2017-06-30": "10658.30000", "2017-03-31": "10508.50000", "2016-12-31": "10443.40000", "2016-09-30": "10570.00000", "2016-06-30": "10621.00000", "2016-03-31": "10522.30000", "2015-12-31": "10130.20000", "2015-09-30": "10204.50000", "2015-06-30": "10275.10000", "2015-03-31": "10166.10000", "2014-12-31": "10348.70000", "2014-09-30": "10401.40000", "2014-06-30": "10672.90000", "2014-03-31": "10511.30000", "2013-12-31": "10446.40000", "2013-09-30": "10405.40000", "2013-06-30": "10236.80000", "2013-03-31": "10307.10000", "2012-12-31": "10490.50000", "2012-09-30": "10400.90000", "2012-06-30": "10249.00000", "2012-03-31": "10203.00000", "2011-12-31": "10083.90000", "2011-09-30": "9961.30000", "2011-06-30": "10122.30000", "2011-03-31": "10002.60000", "2010-12-31": "9372.00000", "2010-09-30": "9150.39900", "2010-06-30": "8874.39900", "2010-03-31": "8978.50000", "2009-12-31": "9132.20000", "2009-09-30": "9091.69900", "2009-06-30": "8985.60000", "2009-03-31": "8620.80000", "2008-12-31": "8753.50100", "2008-09-30": "8988.00000", "2008-06-30": "9149.99900", "2008-03-31": "8969.10100", "2007-12-31": "8767.50000", "2007-09-30": "9084.39900", "2007-06-30": "8724.30000", "2007-03-31": "8532.60100", "2006-12-31": "8158.50000", "2006-09-30": "8309.20000", "2006-06-30": "8257.80100", "2006-03-31": "8037.40000", "2005-12-31": "7952.50000", "2005-09-30": "7872.10000", "2005-06-30": "7790.90000", "2005-03-31": "7831.90000"}, "Total Assets": {"2020-09-30": "23779.50000", "2020-06-30": "22641.10000", "2020-03-31": "23675.90000", "2019-12-31": "26783.40000", "2019-09-30": "23653.50000", "2019-06-30": "25042.10000", "2019-03-31": "25211.20000", "2018-12-31": "24617.00000", "2018-09-30": "22487.60000", "2018-06-30": "22169.50000", "2018-03-31": "23513.10000", "2017-12-31": "24931.20000", "2017-09-30": "22207.50000", "2017-06-30": "22163.40000", "2017-03-31": "22237.30000", "2016-12-31": "23165.40000", "2016-09-30": "21401.90000", "2016-06-30": "20935.20000", "2016-03-31": "21067.70000", "2015-12-31": "22110.70000", "2015-09-30": "20457.30000", "2015-06-30": "20775.50000", "2015-03-31": "20071.00000", "2014-12-31": "21428.40000", "2014-09-30": "19968.60000", "2014-06-30": "21219.40000", "2014-03-31": "21087.90000", "2013-12-31": "22098.70000", "2013-09-30": "20870.80000", "2013-06-30": "20525.00000", "2013-03-31": "20908.30000", "2012-12-31": "22151.90000", "2012-09-30": "20798.00000", "2012-06-30": "20106.50000", "2012-03-31": "19823.50000", "2011-12-31": "20505.40000", "2011-09-30": "18936.00000", "2011-06-30": "19156.70000", "2011-03-31": "19168.50000", "2010-12-31": "19566.10000", "2010-09-30": "18282.70000", "2010-06-30": "16329.20000", "2010-03-31": "16829.50000", "2009-12-31": "17920.70000", "2009-09-30": "16201.40000", "2009-06-30": "15885.40000", "2009-03-31": "15560.70000", "2008-12-31": "17318.40000", "2008-09-30": "17339.20000", "2008-06-30": "18683.60000", "2008-03-31": "18437.40000", "2007-12-31": "19271.70000", "2007-09-30": "18133.20000", "2007-06-30": "17362.20000", "2007-03-31": "17144.40000", "2006-12-31": "17804.70000", "2006-09-30": "16325.90000", "2006-06-30": "16453.30000", "2006-03-31": "16660.80000", "2005-12-31": "15919.90000", "2005-09-30": "14833.50000", "2005-06-30": "14714.10000", "2005-03-31": "15049.50000"}, "Total Current Liabilities": {"2020-09-30": "12163.80000", "2020-06-30": "11330.90000", "2020-03-31": "12857.00000", "2019-12-31": "15980.90000", "2019-09-30": "13259.80000", "2019-06-30": "15068.10000", "2019-03-31": "14913.10000", "2018-12-31": "15270.20000", "2018-09-30": "13280.10000", "2018-06-30": "12617.90000", "2018-03-31": "13598.80000", "2017-12-31": "15108.90000", "2017-09-30": "12621.20000", "2017-06-30": "12863.70000", "2017-03-31": "13070.10000", "2016-12-31": "14010.90000", "2016-09-30": "11960.60000", "2016-06-30": "11540.80000", "2016-03-31": "12939.40000", "2015-12-31": "14219.60000", "2015-09-30": "12386.90000", "2015-06-30": "12548.80000", "2015-03-31": "11021.20000", "2014-12-31": "12061.10000", "2014-09-30": "11075.30000", "2014-06-30": "11811.10000", "2014-03-31": "11448.30000", "2013-12-31": "12277.70000", "2013-09-30": "11235.40000", "2013-06-30": "11227.10000", "2013-03-31": "10943.30000", "2012-12-31": "11875.80000", "2012-09-30": "10702.20000", "2012-06-30": "10689.80000", "2012-03-31": "10867.20000", "2011-12-31": "11671.00000", "2011-09-30": "10200.90000", "2011-06-30": "10354.80000", "2011-03-31": "10396.90000", "2010-12-31": "11023.10000", "2010-09-30": "9784.20000", "2010-06-30": "9219.60000", "2010-03-31": "9235.10000", "2009-12-31": "10082.50000", "2009-09-30": "8605.00000", "2009-06-30": "8328.90000", "2009-03-31": "8291.80000", "2008-12-31": "9754.20000", "2008-09-30": "9649.70000", "2008-06-30": "10345.30000", "2008-03-31": "10342.70000", "2007-12-31": "11227.20000", "2007-09-30": "10023.60000", "2007-06-30": "9555.40000", "2007-03-31": "9443.50000", "2006-12-31": "10296.10000", "2006-09-30": "8617.70000", "2006-06-30": "8630.70000", "2006-03-31": "8600.20000", "2005-12-31": "8700.30000", "2005-09-30": "7743.20000", "2005-06-30": "7713.20000", "2005-03-31": "8043.80000"}, "Long Term Debt": {"2020-09-30": "5761.50000", "2020-06-30": "5714.10100", "2020-03-31": "5093.40000", "2019-12-31": "4531.90000", "2019-09-30": "4507.00000", "2019-06-30": "4025.90000", "2019-03-31": "4402.00000", "2018-12-31": "4384.10000", "2018-09-30": "4357.80000", "2018-06-30": "4866.80000", "2018-03-31": "4885.00000", "2017-12-31": "4912.90000", "2017-09-30": "4927.40000", "2017-06-30": "4930.00000", "2017-03-31": "4914.50000", "2016-12-31": "4920.50000", "2016-09-30": "5007.30000", "2016-06-30": "5022.20000", "2016-03-31": "3612.70000", "2015-12-31": "3564.20000", "2015-09-30": "3602.20000", "2015-06-30": "3547.90000", "2015-03-31": "4593.80000", "2014-12-31": "4542.10000", "2014-09-30": "3778.90000", "2014-06-30": "3785.20000", "2014-03-31": "3778.60000", "2013-12-31": "4033.40000", "2013-09-30": "4035.40000", "2013-06-30": "4037.50000", "2013-03-31": "4446.30000", "2012-12-31": "4448.50000", "2012-09-30": "4450.60000", "2012-06-30": "3926.10000", "2012-03-31": "3180.80000", "2011-12-31": "3182.90000", "2011-09-30": "3184.20000", "2011-06-30": "3147.40000", "2011-03-31": "3115.20000", "2010-12-31": "3124.60000", "2010-09-30": "2904.60000", "2010-06-30": "1901.60000", "2010-03-31": "2215.30000", "2009-12-31": "2220.60000", "2009-09-30": "2236.00000", "2009-06-30": "2413.50000", "2009-03-31": "2718.10000", "2008-12-31": "3054.30000", "2008-09-30": "3054.40000", "2008-06-30": "3054.60000", "2008-03-31": "3054.80000", "2007-12-31": "3054.70000", "2007-09-30": "3056.60000", "2007-06-30": "3055.20000", "2007-03-31": "3054.70000", "2006-12-31": "3054.70000", "2006-09-30": "3055.20000", "2006-06-30": "3220.40000", "2006-03-31": "3352.40000", "2005-12-31": "2357.50000", "2005-09-30": "2358.10000", "2005-06-30": "2357.90000", "2005-03-31": "2358.10000"}, "Other Non-Current Liabilities": {"2020-09-30": "948.60000", "2020-06-30": "950.50000", "2020-03-31": "966.70000", "2019-12-31": "1006.80000", "2019-09-30": "975.50000", "2019-06-30": "975.10000", "2019-03-31": "1027.10000", "2018-12-31": "1197.80000", "2018-09-30": "1276.40000", "2018-06-30": "1196.40000", "2018-03-31": "1182.80000", "2017-12-31": "1091.20000", "2017-09-30": "954.70000", "2017-06-30": "930.40000", "2017-03-31": "936.80000", "2016-12-31": "892.30000", "2016-09-30": "849.40000", "2016-06-30": "822.30000", "2016-03-31": "915.80000", "2015-12-31": "800.50000", "2015-09-30": "772.60000", "2015-06-30": "763.10000", "2015-03-31": "802.60000", "2014-12-31": "774.30000", "2014-09-30": "680.00000", "2014-06-30": "733.70000", "2014-03-31": "713.00000", "2013-12-31": "685.10000", "2013-09-30": "718.00000", "2013-06-30": "689.50000", "2013-03-31": "725.10000", "2012-12-31": "739.90000", "2012-09-30": "653.40000", "2012-06-30": "627.20000", "2012-03-31": "598.60000", "2011-12-31": "602.00000", "2011-09-30": "611.29990", "2011-06-30": "594.20000", "2011-03-31": "657.20000", "2010-12-31": "576.50000", "2010-09-30": "433.70000", "2010-06-30": "439.00000", "2010-03-31": "462.00000", "2009-12-31": "462.00000", "2009-09-30": "466.40000", "2009-06-30": "459.40000", "2009-03-31": "439.90000", "2008-12-31": "444.40000", "2008-09-30": "486.40000", "2008-06-30": "537.80000", "2008-03-31": "539.40000", "2007-12-31": "481.20000", "2007-09-30": "443.00000", "2007-06-30": "372.90000", "2007-03-31": "358.10000", "2006-12-31": "305.80000", "2006-09-30": "275.80000", "2006-06-30": "272.20000", "2006-03-31": "297.20000", "2005-12-31": "298.40000", "2005-09-30": "293.20000", "2005-06-30": "287.20000", "2005-03-31": "281.60000"}, "Total Long Term Liabilities": {"2020-09-30": "8493.80000", "2020-06-30": "8448.80100", "2020-03-31": "7894.30000", "2019-12-31": "7428.80000", "2019-09-30": "7406.20000", "2019-06-30": "7014.60000", "2019-03-31": "7328.50000", "2018-12-31": "6239.90000", "2018-09-30": "6261.80000", "2018-06-30": "6692.70000", "2018-03-31": "6697.50000", "2017-12-31": "6670.10000", "2017-09-30": "6544.70000", "2017-06-30": "6540.70000", "2017-03-31": "6500.70000", "2016-12-31": "6494.90000", "2016-09-30": "6614.60000", "2016-06-30": "6621.30000", "2016-03-31": "5221.00000", "2015-12-31": "5001.70000", "2015-09-30": "5166.80000", "2015-06-30": "5142.70000", "2015-03-31": "6217.10000", "2014-12-31": "6046.00000", "2014-09-30": "5381.90000", "2014-06-30": "5459.70000", "2014-03-31": "5433.30000", "2013-12-31": "5753.10000", "2013-09-30": "5827.40000", "2013-06-30": "5788.60000", "2013-03-31": "6306.90000", "2012-12-31": "6319.80000", "2012-09-30": "6249.10000", "2012-06-30": "5681.60100", "2012-03-31": "4903.30000", "2011-12-31": "4854.60000", "2011-09-30": "4822.40000", "2011-06-30": "4775.10000", "2011-03-31": "4787.30000", "2010-12-31": "4649.90000", "2010-09-30": "4096.90000", "2010-06-30": "3097.20000", "2010-03-31": "3429.50000", "2009-12-31": "3385.40000", "2009-09-30": "3323.80000", "2009-06-30": "3469.60000", "2009-03-31": "3731.30000", "2008-12-31": "3810.80000", "2008-09-30": "4028.30000", "2008-06-30": "4076.30000", "2008-03-31": "4057.80000", "2007-12-31": "3952.80000", "2007-09-30": "4237.90000", "2007-06-30": "4120.90000", "2007-03-31": "4059.30000", "2006-12-31": "3637.30000", "2006-09-30": "4021.00000", "2006-06-30": "4188.80000", "2006-03-31": "4291.10000", "2005-12-31": "3271.60000", "2005-09-30": "3254.40000", "2005-06-30": "3193.40000", "2005-03-31": "3153.20000"}, "Total Liabilities": {"2020-09-30": "20657.60000", "2020-06-30": "19779.70000", "2020-03-31": "20751.30000", "2019-12-31": "23409.70000", "2019-09-30": "20666.00000", "2019-06-30": "22082.70000", "2019-03-31": "22241.60000", "2018-12-31": "21510.10000", "2018-09-30": "19541.90000", "2018-06-30": "19310.60000", "2018-03-31": "20296.30000", "2017-12-31": "21779.00000", "2017-09-30": "19165.90000", "2017-06-30": "19404.40000", "2017-03-31": "19570.80000", "2016-12-31": "20505.80000", "2016-09-30": "18575.20000", "2016-06-30": "18162.10000", "2016-03-31": "18160.40000", "2015-12-31": "19221.30000", "2015-09-30": "17553.70000", "2015-06-30": "17691.50000", "2015-03-31": "17238.30000", "2014-12-31": "18107.10000", "2014-09-30": "16457.20000", "2014-06-30": "17270.80000", "2014-03-31": "16881.60000", "2013-12-31": "18030.80000", "2013-09-30": "17062.80000", "2013-06-30": "17015.70000", "2013-03-31": "17250.20000", "2012-12-31": "18195.60000", "2012-09-30": "16951.30000", "2012-06-30": "16371.40000", "2012-03-31": "15770.50000", "2011-12-31": "16525.60000", "2011-09-30": "15023.30000", "2011-06-30": "15129.90000", "2011-03-31": "15184.20000", "2010-12-31": "15673.00000", "2010-09-30": "13881.10000", "2010-06-30": "12316.80000", "2010-03-31": "12664.60000", "2009-12-31": "13467.90000", "2009-09-30": "11928.80000", "2009-06-30": "11798.50000", "2009-03-31": "12023.10000", "2008-12-31": "13565.00000", "2008-09-30": "13678.00000", "2008-06-30": "14421.60000", "2008-03-31": "14400.50000", "2007-12-31": "15180.00000", "2007-09-30": "14261.50000", "2007-06-30": "13676.30000", "2007-03-31": "13502.80000", "2006-12-31": "13933.40000", "2006-09-30": "12638.70000", "2006-06-30": "12819.50000", "2006-03-31": "12891.30000", "2005-12-31": "11971.90000", "2005-09-30": "10997.60000", "2005-06-30": "10906.60000", "2005-03-31": "11197.00000"}, "Common Stock Net": {"2020-09-30": "44.60000", "2020-06-30": "44.60000", "2020-03-31": "44.60000", "2019-12-31": "44.60000", "2019-09-30": "44.60000", "2019-06-30": "44.60000", "2019-03-31": "44.60000", "2018-12-31": "44.60000", "2018-09-30": "44.60000", "2018-06-30": "44.60000", "2018-03-31": "44.60000", "2017-12-31": "44.60000", "2017-09-30": "44.60000", "2017-06-30": "44.60000", "2017-03-31": "44.60000", "2016-12-31": "44.60000", "2016-09-30": "59.60000", "2016-06-30": "59.60000", "2016-03-31": "59.60000", "2015-12-31": "59.60000", "2015-09-30": "59.60000", "2015-06-30": "59.60000", "2015-03-31": "59.60000", "2014-12-31": "59.60000", "2014-09-30": "59.60000", "2014-06-30": "59.60000", "2014-03-31": "59.60000", "2013-12-31": "59.60000", "2013-09-30": "59.60000", "2013-06-30": "59.60000", "2013-03-31": "59.60000", "2012-12-31": "59.60000", "2012-09-30": "59.60000", "2012-06-30": "59.60000", "2012-03-31": "59.60000", "2011-12-31": "59.60000", "2011-09-30": "59.60000", "2011-06-30": "59.60000", "2011-03-31": "59.60000", "2010-12-31": "59.60000", "2010-09-30": "59.60000", "2010-06-30": "59.60000", "2010-03-31": "59.60000", "2009-12-31": "59.60000", "2009-09-30": "59.60000", "2009-06-30": "59.60000", "2009-03-31": "59.60000", "2008-12-31": "59.60000", "2008-09-30": "59.60000", "2008-06-30": "59.60000", "2008-03-31": "59.60000", "2007-12-31": "59.60000", "2007-09-30": "59.60000", "2007-06-30": "59.60000", "2007-03-31": "29.80000", "2006-12-31": "29.80000", "2006-09-30": "29.80000", "2006-06-30": "29.80000", "2006-03-31": "29.80000", "2005-12-31": "29.80000", "2005-09-30": "29.80000", "2005-06-30": "29.80000", "2005-03-31": "29.80000"}, "Retained Earnings (Accumulated Deficit)": {"2020-09-30": "7932.60000", "2020-06-30": "7759.30000", "2020-03-31": "7924.50000", "2019-12-31": "7806.30000", "2019-09-30": "7533.10000", "2019-06-30": "7384.70000", "2019-03-31": "7157.00000", "2018-12-31": "7016.10000", "2018-09-30": "6751.70000", "2018-06-30": "6587.70000", "2018-03-31": "6360.10000", "2017-12-31": "6210.60000", "2017-09-30": "6095.10000", "2017-06-30": "5958.80000", "2017-03-31": "5758.20000", "2016-12-31": "5677.20000", "2016-09-30": "10593.30000", "2016-06-30": "10470.70000", "2016-03-31": "10275.90000", "2015-12-31": "10178.20000", "2015-09-30": "9968.80000", "2015-06-30": "9852.20000", "2015-03-31": "9661.70000", "2014-12-31": "9576.90000", "2014-09-30": "9373.60000", "2014-06-30": "9257.10000", "2014-03-31": "9060.80000", "2013-12-31": "8961.20000", "2013-09-30": "8766.70000", "2013-06-30": "8676.50000", "2013-03-31": "8492.90000", "2012-12-31": "8394.40000", "2012-09-30": "8168.10000", "2012-06-30": "8045.80000", "2012-03-31": "7844.70000", "2011-12-31": "7724.10000", "2011-09-30": "7522.00000", "2011-06-30": "7388.40000", "2011-03-31": "7183.00000", "2010-12-31": "7052.50000", "2010-09-30": "6863.90000", "2010-06-30": "6749.80000", "2010-03-31": "6567.30000", "2009-12-31": "6465.40000", "2009-09-30": "6282.80000", "2009-06-30": "6164.00000", "2009-03-31": "5981.30000", "2008-12-31": "5859.60000", "2008-09-30": "5663.80000", "2008-06-30": "5496.70000", "2008-03-31": "5238.00000", "2007-12-31": "5077.50000", "2007-09-30": "4812.70000", "2007-06-30": "4659.70000", "2007-03-31": "4432.30000", "2006-12-31": "4289.80000", "2006-09-30": "4055.10000", "2006-06-30": "3920.80000", "2006-03-31": "3720.00000", "2005-12-31": "3599.00000", "2005-09-30": "3391.10000", "2005-06-30": "3269.80000", "2005-03-31": "3084.90000"}, "Comprehensive Income": {"2020-09-30": "-1380.60000", "2020-06-30": "-1456.60000", "2020-03-31": "-1528.30000", "2019-12-31": "-1197.60000", "2019-09-30": "-1348.80000", "2019-06-30": "-1234.90000", "2019-03-31": "-1218.00000", "2018-12-31": "-1228.50000", "2018-09-30": "-1186.20000", "2018-06-30": "-1167.30000", "2018-03-31": "-875.10000", "2017-12-31": "-963.00000", "2017-09-30": "-958.20000", "2017-06-30": "-1112.00000", "2017-03-31": "-1253.10000", "2016-12-31": "-1356.00000", "2016-09-30": "-1089.70000", "2016-06-30": "-1061.50000", "2016-03-31": "-949.30000", "2015-12-31": "-1015.40000", "2015-09-30": "-981.60000", "2015-06-30": "-759.20000", "2015-03-31": "-936.70000", "2014-12-31": "-618.20000", "2014-09-30": "-420.10000", "2014-06-30": "-96.50000", "2014-03-31": "-169.70000", "2013-12-31": "-191.60000", "2013-09-30": "-220.60000", "2013-06-30": "-397.40000", "2013-03-31": "-300.40000", "2012-12-31": "-129.50000", "2012-09-30": "-120.70000", "2012-06-30": "-216.20000", "2012-03-31": "-96.20000", "2011-12-31": "-191.70000", "2011-09-30": "-164.60000", "2011-06-30": "73.90000", "2011-03-31": "14.70000", "2010-12-31": "-106.40000", "2010-09-30": "-58.30000", "2010-06-30": "-278.90000", "2010-03-31": "-153.50000", "2009-12-31": "-8.00000", "2009-09-30": "8.90000", "2009-06-30": "-32.90000", "2009-03-31": "-363.10000", "2008-12-31": "-247.30000", "2008-09-30": "137.70000", "2008-06-30": "498.10000", "2008-03-31": "483.00000", "2007-12-31": "430.70000", "2007-09-30": "470.20000", "2007-06-30": "367.00000", "2007-03-31": "286.40000", "2006-12-31": "267.90000", "2006-09-30": "205.80000", "2006-06-30": "195.00000", "2006-03-31": "79.80000", "2005-12-31": "59.80000", "2005-09-30": "111.80000", "2005-06-30": "122.20000", "2005-03-31": "222.40000"}, "Other Share Holders Equity": {"2020-09-30": "", "2020-06-30": "", "2020-03-31": "", "2019-12-31": "", "2019-09-30": "", "2019-06-30": "", "2019-03-31": "", "2018-12-31": "", "2018-09-30": "", "2018-06-30": "", "2018-03-31": "", "2017-12-31": "", "2017-09-30": "", "2017-06-30": "", "2017-03-31": "", "2016-12-31": "", "2016-09-30": "", "2016-06-30": "", "2016-03-31": "", "2015-12-31": "", "2015-09-30": "", "2015-06-30": "", "2015-03-31": "", "2014-12-31": "", "2014-09-30": "", "2014-06-30": "", "2014-03-31": "", "2013-12-31": "", "2013-09-30": "", "2013-06-30": "", "2013-03-31": "", "2012-12-31": "", "2012-09-30": "", "2012-06-30": "", "2012-03-31": "", "2011-12-31": "", "2011-09-30": "", "2011-06-30": "", "2011-03-31": "", "2010-12-31": "", "2010-09-30": "", "2010-06-30": "", "2010-03-31": "", "2009-12-31": "", "2009-09-30": "", "2009-06-30": "", "2009-03-31": "", "2008-12-31": "", "2008-09-30": "", "2008-06-30": "", "2008-03-31": "", "2007-12-31": "", "2007-09-30": "", "2007-06-30": "", "2007-03-31": "", "2006-12-31": "", "2006-09-30": "", "2006-06-30": "", "2006-03-31": "", "2005-12-31": "", "2005-09-30": "-163.50000", "2005-06-30": "-183.90000", "2005-03-31": "-150.90000"}, "Share Holder Equity": {"2020-09-30": "3121.90000", "2020-06-30": "2861.40000", "2020-03-31": "2924.60000", "2019-12-31": "3373.70000", "2019-09-30": "2987.50000", "2019-06-30": "2959.40000", "2019-03-31": "2969.60000", "2018-12-31": "3106.90000", "2018-09-30": "2945.70000", "2018-06-30": "2858.90000", "2018-03-31": "3216.80000", "2017-12-31": "3152.20000", "2017-09-30": "3041.60000", "2017-06-30": "2759.00000", "2017-03-31": "2666.50000", "2016-12-31": "2659.60000", "2016-09-30": "2826.70000", "2016-06-30": "2773.10000", "2016-03-31": "2907.30000", "2015-12-31": "2889.40000", "2015-09-30": "2903.60000", "2015-06-30": "3084.00000", "2015-03-31": "2832.70000", "2014-12-31": "3321.30000", "2014-09-30": "3511.40000", "2014-06-30": "3948.60000", "2014-03-31": "4206.30000", "2013-12-31": "4067.90000", "2013-09-30": "3808.00000", "2013-06-30": "3509.30000", "2013-03-31": "3658.10000", "2012-12-31": "3956.30000", "2012-09-30": "3846.70000", "2012-06-30": "3735.10000", "2012-03-31": "4053.00000", "2011-12-31": "3979.80000", "2011-09-30": "3912.70000", "2011-06-30": "4026.80000", "2011-03-31": "3984.30000", "2010-12-31": "3893.10000", "2010-09-30": "4401.60000", "2010-06-30": "4012.40000", "2010-03-31": "4164.90000", "2009-12-31": "4452.80000", "2009-09-30": "4272.60000", "2009-06-30": "4086.90000", "2009-03-31": "3537.60000", "2008-12-31": "3753.40000", "2008-09-30": "3661.20000", "2008-06-30": "4262.00000", "2008-03-31": "4036.90000", "2007-12-31": "4091.70000", "2007-09-30": "3871.70000", "2007-06-30": "3685.90000", "2007-03-31": "3641.60000", "2006-12-31": "3871.30000", "2006-09-30": "3687.20000", "2006-06-30": "3633.80000", "2006-03-31": "3769.50000", "2005-12-31": "3948.00000", "2005-09-30": "3835.90000", "2005-06-30": "3807.50000", "2005-03-31": "3852.50000"}, "Total Liabilities And Share Holders Equity": {"2020-09-30": "23779.50000", "2020-06-30": "22641.10000", "2020-03-31": "23675.90000", "2019-12-31": "26783.40000", "2019-09-30": "23653.50000", "2019-06-30": "25042.10000", "2019-03-31": "25211.20000", "2018-12-31": "24617.00000", "2018-09-30": "22487.60000", "2018-06-30": "22169.50000", "2018-03-31": "23513.10000", "2017-12-31": "24931.20000", "2017-09-30": "22207.50000", "2017-06-30": "22163.40000", "2017-03-31": "22237.30000", "2016-12-31": "23165.40000", "2016-09-30": "21401.90000", "2016-06-30": "20935.20000", "2016-03-31": "21067.70000", "2015-12-31": "22110.70000", "2015-09-30": "20457.30000", "2015-06-30": "20775.50000", "2015-03-31": "20071.00000", "2014-12-31": "21428.40000", "2014-09-30": "19968.60000", "2014-06-30": "21219.40000", "2014-03-31": "21087.90000", "2013-12-31": "22098.70000", "2013-09-30": "20870.80000", "2013-06-30": "20525.00000", "2013-03-31": "20908.30000", "2012-12-31": "22151.90000", "2012-09-30": "20798.00000", "2012-06-30": "20106.50000", "2012-03-31": "19823.50000", "2011-12-31": "20505.40000", "2011-09-30": "18936.00000", "2011-06-30": "19156.70000", "2011-03-31": "19168.50000", "2010-12-31": "19566.10000", "2010-09-30": "18282.70000", "2010-06-30": "16329.20000", "2010-03-31": "16829.50000", "2009-12-31": "17920.70000", "2009-09-30": "16201.40000", "2009-06-30": "15885.40000", "2009-03-31": "15560.70000", "2008-12-31": "17318.40000", "2008-09-30": "17339.20000", "2008-06-30": "18683.60000", "2008-03-31": "18437.40000", "2007-12-31": "19271.70000", "2007-09-30": "18133.20000", "2007-06-30": "17362.20000", "2007-03-31": "17144.40000", "2006-12-31": "17804.70000", "2006-09-30": "16325.90000", "2006-06-30": "16453.30000", "2006-03-31": "16660.80000", "2005-12-31": "15919.90000", "2005-09-30": "14833.50000", "2005-06-30": "14714.10000", "2005-03-31": "15049.50000"}}, "cash flow statement": {"Net Income/Loss": {"2019-12-31": "1435.90000", "2018-12-31": "1440.50000", "2017-12-31": "1192.20000", "2016-12-31": "1246.70000", "2015-12-31": "1203.40000", "2014-12-31": "1233.10000", "2013-12-31": "1111.60000", "2012-12-31": "1117.50000", "2011-12-31": "1060.40000", "2010-12-31": "923.70000", "2009-12-31": "871.40000", "2008-12-31": "1114.40000", "2007-12-31": "1086.60000", "2006-12-31": "864.00000", "2005-12-31": "790.70000"}, "Total Depreciation And Amortization - Cash Flow": {"2019-12-31": "216.70000", "2018-12-31": "251.10000", "2017-12-31": "269.20000", "2016-12-31": "277.50000", "2015-12-31": "281.90000", "2014-12-31": "287.20000", "2013-12-31": "277.50000", "2012-12-31": "282.70000", "2011-12-31": "273.70000", "2010-12-31": "253.00000", "2009-12-31": "242.80000", "2008-12-31": "235.90000", "2007-12-31": "277.30000", "2006-12-31": "261.10000", "2005-12-31": "262.20000"}, "Other Non-Cash Items": {"2019-12-31": "78.30000", "2018-12-31": "-49.80000", "2017-12-31": "214.00000", "2016-12-31": "125.40000", "2015-12-31": "99.40000", "2014-12-31": "63.90000", "2013-12-31": "48.50000", "2012-12-31": "24.70000", "2011-12-31": "-94.40000", "2010-12-31": "1.00000", "2009-12-31": "53.00000", "2008-12-31": "58.20000", "2007-12-31": "-6.00000", "2006-12-31": "51.60000", "2005-12-31": "89.50000"}, "Total Non-Cash Items": {"2019-12-31": "295.00000", "2018-12-31": "201.30000", "2017-12-31": "483.20000", "2016-12-31": "402.90000", "2015-12-31": "381.30000", "2014-12-31": "351.10000", "2013-12-31": "326.00000", "2012-12-31": "307.40000", "2011-12-31": "179.30000", "2010-12-31": "254.00000", "2009-12-31": "295.80000", "2008-12-31": "294.10000", "2007-12-31": "271.30000", "2006-12-31": "312.70000", "2005-12-31": "351.70000"}, "Change In Accounts Receivable": {"2019-12-31": "-156.60000", "2018-12-31": "88.30000", "2017-12-31": "-341.60000", "2016-12-31": "", "2015-12-31": "", "2014-12-31": "", "2013-12-31": "", "2012-12-31": "", "2011-12-31": "", "2010-12-31": "", "2009-12-31": "", "2008-12-31": "", "2007-12-31": "", "2006-12-31": "", "2005-12-31": "-723.00000"}, "Change In Inventories": {"2019-12-31": "-99.80000", "2018-12-31": "-269.30000", "2017-12-31": "5.40000", "2016-12-31": "", "2015-12-31": "", "2014-12-31": "", "2013-12-31": "", "2012-12-31": "", "2011-12-31": "", "2010-12-31": "", "2009-12-31": "", "2008-12-31": "", "2007-12-31": "", "2006-12-31": "", "2005-12-31": ""}, "Change In Accounts Payable": {"2019-12-31": "276.30000", "2018-12-31": "242.90000", "2017-12-31": "763.20000", "2016-12-31": "", "2015-12-31": "", "2014-12-31": "", "2013-12-31": "", "2012-12-31": "", "2011-12-31": "", "2010-12-31": "", "2009-12-31": "", "2008-12-31": "", "2007-12-31": "", "2006-12-31": "", "2005-12-31": "428.20000"}, "Change In Assets/Liabilities": {"2019-12-31": "105.20000", "2018-12-31": "18.60000", "2017-12-31": "-78.50000", "2016-12-31": "302.80000", "2015-12-31": "559.50000", "2014-12-31": "-106.20000", "2013-12-31": "351.30000", "2012-12-31": "25.20000", "2011-12-31": "29.20000", "2010-12-31": "310.30000", "2009-12-31": "564.40000", "2008-12-31": "-14.30000", "2007-12-31": "241.40000", "2006-12-31": "564.50000", "2005-12-31": "43.40000"}, "Total Change In Assets/Liabilities": {"2019-12-31": "125.10000", "2018-12-31": "80.50000", "2017-12-31": "348.50000", "2016-12-31": "302.80000", "2015-12-31": "559.50000", "2014-12-31": "-106.20000", "2013-12-31": "351.30000", "2012-12-31": "25.20000", "2011-12-31": "29.20000", "2010-12-31": "310.30000", "2009-12-31": "564.40000", "2008-12-31": "-14.30000", "2007-12-31": "241.40000", "2006-12-31": "564.50000", "2005-12-31": "-151.20000"}, "Cash Flow From Operating Activities": {"2019-12-31": "1856.00000", "2018-12-31": "1722.30000", "2017-12-31": "2023.90000", "2016-12-31": "1952.40000", "2015-12-31": "2199.50000", "2014-12-31": "1476.50000", "2013-12-31": "1809.00000", "2012-12-31": "1451.30000", "2011-12-31": "1315.30000", "2010-12-31": "1488.00000", "2009-12-31": "1731.60000", "2008-12-31": "1394.20000", "2007-12-31": "1599.30000", "2006-12-31": "1741.20000", "2005-12-31": "991.20000"}, "Net Change In Property, Plant, And Equipment": {"2019-12-31": "-102.20000", "2018-12-31": "-195.70000", "2017-12-31": "-156.00000", "2016-12-31": "-165.50000", "2015-12-31": "-202.70000", "2014-12-31": "-213.00000", "2013-12-31": "-212.00000", "2012-12-31": "-226.30000", "2011-12-31": "-185.50000", "2010-12-31": "-153.70000", "2009-12-31": "-130.60000", "2008-12-31": "-212.20000", "2007-12-31": "-223.00000", "2006-12-31": "-177.60000", "2005-12-31": "-162.70000"}, "Net Change In Intangible Assets": {"2019-12-31": "", "2018-12-31": "", "2017-12-31": "", "2016-12-31": "", "2015-12-31": "", "2014-12-31": "", "2013-12-31": "", "2012-12-31": "", "2011-12-31": "", "2010-12-31": "", "2009-12-31": "", "2008-12-31": "", "2007-12-31": "", "2006-12-31": "", "2005-12-31": ""}, "Net Acquisitions/Divestitures": {"2019-12-31": "69.40000", "2018-12-31": "-42.00000", "2017-12-31": "-26.30000", "2016-12-31": "-308.80000", "2015-12-31": "-60.30000", "2014-12-31": "-74.90000", "2013-12-31": "-32.80000", "2012-12-31": "-132.70000", "2011-12-31": "-403.70000", "2010-12-31": "-152.10000", "2009-12-31": "-137.40000", "2008-12-31": "-362.20000", "2007-12-31": "-318.70000", "2006-12-31": "-204.90000", "2005-12-31": "-265.20000"}, "Net Change In Short-term Investments": {"2019-12-31": "", "2018-12-31": "", "2017-12-31": "", "2016-12-31": "", "2015-12-31": "-0.50000", "2014-12-31": "21.00000", "2013-12-31": "", "2012-12-31": "", "2011-12-31": "", "2010-12-31": "12.10000", "2009-12-31": "42.00000", "2008-12-31": "27.80000", "2007-12-31": "-42.00000", "2006-12-31": "180.20000", "2005-12-31": "199.80000"}, "Net Change In Long-Term Investments": {"2019-12-31": "1.90000", "2018-12-31": "15.90000", "2017-12-31": "66.90000", "2016-12-31": "-7.30000", "2015-12-31": "", "2014-12-31": "", "2013-12-31": "", "2012-12-31": "8.60000", "2011-12-31": "14.60000", "2010-12-31": "", "2009-12-31": "", "2008-12-31": "-50.80000", "2007-12-31": "191.80000", "2006-12-31": "13.50000", "2005-12-31": "65.80000"}, "Net Change In Investments - Total": {"2019-12-31": "1.90000", "2018-12-31": "15.90000", "2017-12-31": "66.90000", "2016-12-31": "-7.30000", "2015-12-31": "-0.50000", "2014-12-31": "21.00000", "2013-12-31": "", "2012-12-31": "8.60000", "2011-12-31": "14.60000", "2010-12-31": "12.10000", "2009-12-31": "42.00000", "2008-12-31": "-23.00000", "2007-12-31": "149.80000", "2006-12-31": "193.70000", "2005-12-31": "265.60000"}, "Investing Activities - Other": {"2019-12-31": "", "2018-12-31": "", "2017-12-31": "", "2016-12-31": "", "2015-12-31": "", "2014-12-31": "", "2013-12-31": "16.60000", "2012-12-31": "", "2011-12-31": "", "2010-12-31": "", "2009-12-31": "", "2008-12-31": "", "2007-12-31": "", "2006-12-31": "", "2005-12-31": ""}, "Cash Flow From Investing Activities": {"2019-12-31": "-30.90000", "2018-12-31": "-221.80000", "2017-12-31": "-115.40000", "2016-12-31": "-481.60000", "2015-12-31": "-263.50000", "2014-12-31": "-266.90000", "2013-12-31": "-228.20000", "2012-12-31": "-350.40000", "2011-12-31": "-574.60000", "2010-12-31": "-293.70000", "2009-12-31": "-226.00000", "2008-12-31": "-597.40000", "2007-12-31": "-391.90000", "2006-12-31": "-188.80000", "2005-12-31": "-162.30000"}, "Net Long-Term Debt": {"2019-12-31": "212.40000", "2018-12-31": "", "2017-12-31": "", "2016-12-31": "389.60000", "2015-12-31": "", "2014-12-31": "494.90000", "2013-12-31": "-406.70000", "2012-12-31": "1273.20000", "2011-12-31": "-0.10000", "2010-12-31": "923.60000", "2009-12-31": "-818.20000", "2008-12-31": "0.40000", "2007-12-31": "1.40000", "2006-12-31": "696.20000", "2005-12-31": "-187.50000"}, "Net Current Debt": {"2019-12-31": "2.00000", "2018-12-31": "", "2017-12-31": "-18.10000", "2016-12-31": "-1.20000", "2015-12-31": "-1.10000", "2014-12-31": "2.10000", "2013-12-31": "-0.40000", "2012-12-31": "-3.30000", "2011-12-31": "-43.10000", "2010-12-31": "35.00000", "2009-12-31": "2.50000", "2008-12-31": "5.10000", "2007-12-31": "-0.90000", "2006-12-31": "-3.50000", "2005-12-31": "-1.90000"}, "Debt Issuance/Retirement Net - Total": {"2019-12-31": "214.40000", "2018-12-31": "", "2017-12-31": "-18.10000", "2016-12-31": "388.40000", "2015-12-31": "-1.10000", "2014-12-31": "497.00000", "2013-12-31": "-407.10000", "2012-12-31": "1269.90000", "2011-12-31": "-43.20000", "2010-12-31": "958.60000", "2009-12-31": "-815.70000", "2008-12-31": "5.50000", "2007-12-31": "0.50000", "2006-12-31": "692.70000", "2005-12-31": "-189.40000"}, "Net Common Equity Issued/Repurchased": {"2019-12-31": "-603.70000", "2018-12-31": "-568.30000", "2017-12-31": "-557.70000", "2016-12-31": "-575.40000", "2015-12-31": "-707.40000", "2014-12-31": "-1023.70000", "2013-12-31": "-523.00000", "2012-12-31": "-917.30000", "2011-12-31": "-731.50000", "2010-12-31": "-1172.90000", "2009-12-31": "3.60000", "2008-12-31": "-760.80000", "2007-12-31": "-798.80000", "2006-12-31": "-1046.70000", "2005-12-31": "-657.50000"}, "Net Total Equity Issued/Repurchased": {"2019-12-31": "-603.70000", "2018-12-31": "-568.30000", "2017-12-31": "-557.70000", "2016-12-31": "-575.40000", "2015-12-31": "-707.40000", "2014-12-31": "-1023.70000", "2013-12-31": "-523.00000", "2012-12-31": "-917.30000", "2011-12-31": "-731.50000", "2010-12-31": "-1172.90000", "2009-12-31": "3.60000", "2008-12-31": "-760.80000", "2007-12-31": "-798.80000", "2006-12-31": "-1046.70000", "2005-12-31": "-657.50000"}, "Total Common And Preferred Stock Dividends Paid": {"2019-12-31": "-661.60000", "2018-12-31": "-683.40000", "2017-12-31": "-616.90000", "2016-12-31": "-592.60000", "2015-12-31": "-496.70000", "2014-12-31": "-468.00000", "2013-12-31": "-419.00000", "2012-12-31": "-98.40000", "2011-12-31": "-370.40000", "2010-12-31": "-310.70000", "2009-12-31": "-278.80000", "2008-12-31": "-299.90000", "2007-12-31": "-182.80000", "2006-12-31": "-175.80000", "2005-12-31": "-164.00000"}, "Financial Activities - Other": {"2019-12-31": "-171.10000", "2018-12-31": "-189.40000", "2017-12-31": "-149.90000", "2016-12-31": "-218.70000", "2015-12-31": "-251.10000", "2014-12-31": "-263.40000", "2013-12-31": "-70.70000", "2012-12-31": "-474.30000", "2011-12-31": "-60.60000", "2010-12-31": "-12.30000", "2009-12-31": "-37.10000", "2008-12-31": "-81.20000", "2007-12-31": "-108.20000", "2006-12-31": "-53.70000", "2005-12-31": "-105.90000"}, "Cash Flow From Financial Activities": {"2019-12-31": "-1222.00000", "2018-12-31": "-1441.10000", "2017-12-31": "-1342.60000", "2016-12-31": "-998.30000", "2015-12-31": "-1456.30000", "2014-12-31": "-1258.10000", "2013-12-31": "-1419.80000", "2012-12-31": "-220.10000", "2011-12-31": "-1205.70000", "2010-12-31": "-537.30000", "2009-12-31": "-1128.00000", "2008-12-31": "-1136.40000", "2007-12-31": "-1089.30000", "2006-12-31": "-583.50000", "2005-12-31": "-1116.80000"}, "Net Cash Flow": {"2019-12-31": "653.30000", "2018-12-31": "-143.60000", "2017-12-31": "793.80000", "2016-12-31": "397.00000", "2015-12-31": "217.10000", "2014-12-31": "-322.40000", "2013-12-31": "32.20000", "2012-12-31": "897.10000", "2011-12-31": "-507.50000", "2010-12-31": "701.70000", "2009-12-31": "489.70000", "2008-12-31": "-695.90000", "2007-12-31": "53.70000", "2006-12-31": "903.70000", "2005-12-31": "-329.80000"}, "Stock-Based Compensation": {"2019-12-31": "72.50000", "2018-12-31": "70.50000", "2017-12-31": "80.20000", "2016-12-31": "93.40000", "2015-12-31": "99.40000", "2014-12-31": "93.50000", "2013-12-31": "86.30000", "2012-12-31": "80.80000", "2011-12-31": "74.50000", "2010-12-31": "69.30000", "2009-12-31": "78.60000", "2008-12-31": "59.30000", "2007-12-31": "", "2006-12-31": "", "2005-12-31": ""}, "Common Stock Dividends Paid": {"2019-12-31": "-661.60000", "2018-12-31": "-683.40000", "2017-12-31": "-616.90000", "2016-12-31": "-592.60000", "2015-12-31": "-496.70000", "2014-12-31": "-468.00000", "2013-12-31": "-419.00000", "2012-12-31": "-98.40000", "2011-12-31": "-370.40000", "2010-12-31": "-310.70000", "2009-12-31": "-278.80000", "2008-12-31": "-299.90000", "2007-12-31": "-182.80000", "2006-12-31": "-175.80000", "2005-12-31": "-164.00000"}}, "cash flow statement, quarterly": {"Net Income/Loss": {"2020-09-30": 334.9, "2020-06-30": -14.3, "2020-03-31": "271.70000", "2019-12-31": 449.8, "2019-09-30": 312.2, "2019-06-30": 394.2, "2019-03-31": "279.70000", "2018-12-31": 429.7, "2018-09-30": 331.3, "2018-06-30": 394.8, "2018-03-31": "284.70000", "2017-12-31": 287.8, "2017-09-30": 286.9, "2017-06-30": 355.1, "2017-03-31": "262.40000", "2016-12-31": 380.4, "2016-09-30": 278.1, "2016-06-30": 351.9, "2016-03-31": "236.30000", "2015-12-31": 364.2, "2015-09-30": 266.7, "2015-06-30": 342.7, "2015-03-31": "229.80000", "2014-12-31": 373, "2014-09-30": 273.6, "2014-06-30": 358.5, "2014-03-31": "228.00000", "2013-12-31": 340.4, "2013-09-30": 224.7, "2013-06-30": 321.7, "2013-03-31": "224.80000", "2012-12-31": 343.6, "2012-09-30": 233.7, "2012-06-30": 314.2, "2012-03-31": "226.00000", "2011-12-31": 307.2, "2011-09-30": 228.8, "2011-06-30": 307.3, "2011-03-31": "217.10000", "2010-12-31": 278.5, "2010-09-30": 195.5, "2010-06-30": 268.8, "2010-03-31": "180.90000", "2009-12-31": 256.6, "2009-09-30": 182.8, "2009-06-30": 253.8, "2009-03-31": "178.20000", "2008-12-31": 298.4, "2008-09-30": 241.4, "2008-06-30": 341.9, "2008-03-31": "232.70000", "2007-12-31": 424.7, "2007-09-30": 202.2, "2007-06-30": 276.7, "2007-03-31": "183.00000", "2006-12-31": 277.2, "2006-09-30": 177.1, "2006-06-30": 244, "2006-03-31": "165.70000", "2005-12-31": 252.6, "2005-09-30": 161.8, "2005-06-30": 225.8, "2005-03-31": "150.50000"}, "Total Depreciation And Amortization - Cash Flow": {"2020-09-30": 53.3, "2020-06-30": 55.8, "2020-03-31": "52.90000", "2019-12-31": 50.5, "2019-09-30": 55.2, "2019-06-30": 54.6, "2019-03-31": "56.40000", "2018-12-31": 58, "2018-09-30": 62.7, "2018-06-30": 64.2, "2018-03-31": "66.20000", "2017-12-31": 70.5, "2017-09-30": 54.9, "2017-06-30": 71.1, "2017-03-31": "72.70000", "2016-12-31": 69.4, "2016-09-30": 60.9, "2016-06-30": 73, "2016-03-31": "74.20000", "2015-12-31": 68.6, "2015-09-30": 69.9, "2015-06-30": 71, "2015-03-31": "72.40000", "2014-12-31": 69.8, "2014-09-30": 74.1, "2014-06-30": 72.4, "2014-03-31": "70.90000", "2013-12-31": 70.1, "2013-09-30": 69.1, "2013-06-30": 69, "2013-03-31": "69.30000", "2012-12-31": 77.6, "2012-09-30": 70.1, "2012-06-30": 67.5, "2012-03-31": "67.50000", "2011-12-31": 71, "2011-09-30": 68.8, "2011-06-30": 68.7, "2011-03-31": "65.20000", "2010-12-31": 67.4, "2010-09-30": 62.4, "2010-06-30": 61.2, "2010-03-31": "62.00000", "2009-12-31": 69, "2009-09-30": 60.1, "2009-06-30": 43.4, "2009-03-31": "70.30000", "2008-12-31": 15.4, "2008-09-30": 77, "2008-06-30": 71.1, "2008-03-31": "72.40000", "2007-12-31": 73.1, "2007-09-30": 69.7, "2007-06-30": 68.3, "2007-03-31": "66.20000", "2006-12-31": 70.9, "2006-09-30": 66, "2006-06-30": 64.3, "2006-03-31": "59.90000", "2005-12-31": 66.6, "2005-09-30": 62.7, "2005-06-30": 65.2, "2005-03-31": "67.70000"}, "Other Non-Cash Items": {"2020-09-30": 23.5, "2020-06-30": 338.8, "2020-03-31": "18.70000", "2019-12-31": 22.5, "2019-09-30": 27, "2019-06-30": 12, "2019-03-31": "16.80000", "2018-12-31": 21.1, "2018-09-30": -119.9, "2018-06-30": 24.6, "2018-03-31": "24.40000", "2017-12-31": 153.4, "2017-09-30": 24.4, "2017-06-30": 16, "2017-03-31": "20.20000", "2016-12-31": 65.4, "2016-09-30": 31.6, "2016-06-30": -14.2, "2016-03-31": "42.60000", "2015-12-31": 14, "2015-09-30": 44.5, "2015-06-30": 27.2, "2015-03-31": "13.70000", "2014-12-31": 16.4, "2014-09-30": 17.9, "2014-06-30": 16.5, "2014-03-31": "13.10000", "2013-12-31": 13, "2013-09-30": 18.1, "2013-06-30": 9.4, "2013-03-31": "8.00000", "2012-12-31": 37.7, "2012-09-30": -1.9, "2012-06-30": -28.1, "2012-03-31": "17.00000", "2011-12-31": -42.9, "2011-09-30": 56.2, "2011-06-30": -1.1, "2011-03-31": "-106.60000", "2010-12-31": -34.5, "2010-09-30": 22.9, "2010-06-30": -5.4, "2010-03-31": "18.00000", "2009-12-31": -8.6, "2009-09-30": 19.9, "2009-06-30": 44.5, "2009-03-31": "-2.80000", "2008-12-31": 71.1, "2008-09-30": -2.9, "2008-06-30": -6.5, "2008-03-31": "-3.50000", "2007-12-31": -61.2, "2007-09-30": 26.3, "2007-06-30": 17.9, "2007-03-31": "11.00000", "2006-12-31": 12.4, "2006-09-30": 11.9, "2006-06-30": 15.4, "2006-03-31": "11.90000", "2005-12-31": 33.3, "2005-09-30": 15.1, "2005-06-30": 22.5, "2005-03-31": "18.60000"}, "Total Non-Cash Items": {"2020-09-30": 76.8, "2020-06-30": 394.6, "2020-03-31": "71.60000", "2019-12-31": 73, "2019-09-30": 82.2, "2019-06-30": 66.6, "2019-03-31": "73.20000", "2018-12-31": 79.1, "2018-09-30": -57.2, "2018-06-30": 88.8, "2018-03-31": "90.60000", "2017-12-31": 223.9, "2017-09-30": 79.3, "2017-06-30": 87.1, "2017-03-31": "92.90000", "2016-12-31": 134.8, "2016-09-30": 92.5, "2016-06-30": 58.8, "2016-03-31": "116.80000", "2015-12-31": 82.6, "2015-09-30": 114.4, "2015-06-30": 98.2, "2015-03-31": "86.10000", "2014-12-31": 86.2, "2014-09-30": 92, "2014-06-30": 88.9, "2014-03-31": "84.00000", "2013-12-31": 83.1, "2013-09-30": 87.2, "2013-06-30": 78.4, "2013-03-31": "77.30000", "2012-12-31": 115.3, "2012-09-30": 68.2, "2012-06-30": 39.4, "2012-03-31": "84.50000", "2011-12-31": 28.1, "2011-09-30": 125, "2011-06-30": 67.6, "2011-03-31": "-41.40000", "2010-12-31": 32.9, "2010-09-30": 85.3, "2010-06-30": 55.8, "2010-03-31": "80.00000", "2009-12-31": 60.4, "2009-09-30": 80, "2009-06-30": 87.9, "2009-03-31": "67.50000", "2008-12-31": 86.5, "2008-09-30": 74.1, "2008-06-30": 64.6, "2008-03-31": "68.90000", "2007-12-31": 11.9, "2007-09-30": 96, "2007-06-30": 86.2, "2007-03-31": "77.20000", "2006-12-31": 83.3, "2006-09-30": 77.9, "2006-06-30": 79.7, "2006-03-31": "71.80000", "2005-12-31": 99.9, "2005-09-30": 77.8, "2005-06-30": 87.7, "2005-03-31": "86.30000"}, "Change In Accounts Receivable": {"2020-09-30": -914.2, "2020-06-30": 1473.2, "2020-03-31": "876.60000", "2019-12-31": -1161.7, "2019-09-30": 585.9, "2019-06-30": -207.6, "2019-03-31": "626.80000", "2018-12-31": -939.2, "2018-09-30": -146.1, "2018-06-30": 200.4, "2018-03-31": "973.20000", "2017-12-31": -986.9, "2017-09-30": 185, "2017-06-30": -319.2, "2017-03-31": "779.50000", "2016-12-31": 0, "2016-09-30": 0, "2016-06-30": -1019, "2016-03-31": "1019.00000", "2015-12-31": 0, "2015-09-30": 0, "2015-06-30": -467.3, "2015-03-31": "467.30000", "2014-12-31": -333.4, "2014-09-30": 333.4, "2014-06-30": -627.4, "2014-03-31": "627.40000", "2013-12-31": 0, "2013-09-30": -134.4, "2013-06-30": -409.9, "2013-03-31": "544.30000", "2012-12-31": -438.1, "2012-09-30": -132.5, "2012-06-30": -225.9, "2012-03-31": "796.50000", "2011-12-31": 0, "2011-09-30": 0, "2011-06-30": -729.6, "2011-03-31": "729.60000", "2010-12-31": 0, "2010-09-30": 0, "2010-06-30": 0, "2010-03-31": "", "2009-12-31": 0, "2009-09-30": 0, "2009-06-30": 0, "2009-03-31": "", "2008-12-31": 0, "2008-09-30": 0, "2008-06-30": 0, "2008-03-31": "", "2007-12-31": 0, "2007-09-30": -111, "2007-06-30": -251.7, "2007-03-31": "362.70000", "2006-12-31": -54.1, "2006-09-30": -88.7, "2006-06-30": -130.2, "2006-03-31": "273.00000", "2005-12-31": -428.1, "2005-09-30": 23.3, "2005-06-30": -132.4, "2005-03-31": "-185.80000"}, "Change In Inventories": {"2020-09-30": 61.9, "2020-06-30": 174.1, "2020-03-31": "-115.00000", "2019-12-31": 210.6, "2019-09-30": -5.4, "2019-06-30": -90.8, "2019-03-31": "-214.20000", "2018-12-31": 253.4, "2018-09-30": -168.3, "2018-06-30": -82.5, "2018-03-31": "-271.90000", "2017-12-31": 286.3, "2017-09-30": -3.4, "2017-06-30": -64, "2017-03-31": "-213.50000", "2016-12-31": 0, "2016-09-30": 0, "2016-06-30": 329.7, "2016-03-31": "-329.70000", "2015-12-31": 0, "2015-09-30": 0, "2015-06-30": 336.8, "2015-03-31": "-336.80000", "2014-12-31": 333.5, "2014-09-30": -333.5, "2014-06-30": 0, "2014-03-31": "", "2013-12-31": 0, "2013-09-30": 323.7, "2013-06-30": -102.1, "2013-03-31": "-221.60000", "2012-12-31": 205.6, "2012-09-30": 15.7, "2012-06-30": -57.7, "2012-03-31": "-163.60000", "2011-12-31": 0, "2011-09-30": 0, "2011-06-30": 203.1, "2011-03-31": "-203.10000", "2010-12-31": 0, "2010-09-30": 0, "2010-06-30": 0, "2010-03-31": "", "2009-12-31": 0, "2009-09-30": 0, "2009-06-30": 0, "2009-03-31": "", "2008-12-31": 0, "2008-09-30": 0, "2008-06-30": 0, "2008-03-31": "", "2007-12-31": 0, "2007-09-30": 0, "2007-06-30": 0, "2007-03-31": "", "2006-12-31": 0, "2006-09-30": 0, "2006-06-30": 0, "2006-03-31": "", "2005-12-31": 0, "2005-09-30": 0, "2005-06-30": 0, "2005-03-31": ""}, "Change In Accounts Payable": {"2020-09-30": 546.4, "2020-06-30": -1572.2, "2020-03-31": "-2084.90000", "2019-12-31": 2180.7, "2019-09-30": -859.5, "2019-06-30": 97, "2019-03-31": "-1141.90000", "2018-12-31": 1988.4, "2018-09-30": 57.7, "2018-06-30": -281.1, "2018-03-31": "-1522.10000", "2017-12-31": 2074, "2017-09-30": -524.9, "2017-06-30": 331.7, "2017-03-31": "-1117.60000", "2016-12-31": 0, "2016-09-30": 0, "2016-06-30": 1551.7, "2016-03-31": "-1551.70000", "2015-12-31": 0, "2015-09-30": 0, "2015-06-30": 697.8, "2015-03-31": "-697.80000", "2014-12-31": 724.2, "2014-09-30": -724.2, "2014-06-30": 993.1, "2014-03-31": "-993.10000", "2013-12-31": 0, "2013-09-30": 298.6, "2013-06-30": 588.3, "2013-03-31": "-886.90000", "2012-12-31": 697.4, "2012-09-30": -125.6, "2012-06-30": 360.4, "2012-03-31": "-932.20000", "2011-12-31": 0, "2011-09-30": 0, "2011-06-30": 971.9, "2011-03-31": "-971.90000", "2010-12-31": 0, "2010-09-30": 0, "2010-06-30": 0, "2010-03-31": "", "2009-12-31": 0, "2009-09-30": 0, "2009-06-30": 0, "2009-03-31": "", "2008-12-31": 0, "2008-09-30": 0, "2008-06-30": 0, "2008-03-31": "", "2007-12-31": 0, "2007-09-30": 498.9, "2007-06-30": 371.5, "2007-03-31": "-870.40000", "2006-12-31": 232.4, "2006-09-30": -109.3, "2006-06-30": 69.3, "2006-03-31": "-192.40000", "2005-12-31": 935, "2005-09-30": -73.6, "2005-06-30": 126.4, "2005-03-31": "-559.60000"}, "Change In Assets/Liabilities": {"2020-09-30": 95, "2020-06-30": -311.7, "2020-03-31": "-25.90000", "2019-12-31": 335.5, "2019-09-30": 145.6, "2019-06-30": -368.9, "2019-03-31": "-7.00000", "2018-12-31": 149.5, "2018-09-30": 316.9, "2018-06-30": -272.5, "2018-03-31": "-175.30000", "2017-12-31": 302.4, "2017-09-30": 144.5, "2017-06-30": -526.4, "2017-03-31": "1.00000", "2016-12-31": 1101.5, "2016-09-30": 342.8, "2016-06-30": -1196.8, "2016-03-31": "55.30000", "2015-12-31": 1256.6, "2015-09-30": 111.7, "2015-06-30": -816.6, "2015-03-31": "7.80000", "2014-12-31": 261.4, "2014-09-30": 579.3, "2014-06-30": -570.3, "2014-03-31": "-376.60000", "2013-12-31": 1005.5, "2013-09-30": -506.4, "2013-06-30": -200.2, "2013-03-31": "52.40000", "2012-12-31": 226.2, "2012-09-30": 83.3, "2012-06-30": -272.6, "2012-03-31": "-11.70000", "2011-12-31": 933.1, "2011-09-30": -90.7, "2011-06-30": -906, "2011-03-31": "92.80000", "2010-12-31": 1133.1, "2010-09-30": -66.7, "2010-06-30": -217.3, "2010-03-31": "-538.80000", "2009-12-31": 961.5, "2009-09-30": 80.9, "2009-06-30": -3.9, "2009-03-31": "-474.10000", "2008-12-31": 774.9, "2008-09-30": 10.4, "2008-06-30": 9.6, "2008-03-31": "-809.20000", "2007-12-31": 994, "2007-09-30": -385, "2007-06-30": -227.4, "2007-03-31": "-140.20000", "2006-12-31": 833.5, "2006-09-30": 135.5, "2006-06-30": -192.4, "2006-03-31": "-212.10000", "2005-12-31": 386.4, "2005-09-30": 47.3, "2005-06-30": -191.6, "2005-03-31": "-198.70000"}, "Total Change In Assets/Liabilities": {"2020-09-30": -210.9, "2020-06-30": -236.6, "2020-03-31": "-1349.20000", "2019-12-31": 1565.1, "2019-09-30": -133.4, "2019-06-30": -570.3, "2019-03-31": "-736.30000", "2018-12-31": 1452.1, "2018-09-30": 60.2, "2018-06-30": -435.7001, "2018-03-31": "-996.09990", "2017-12-31": 1675.8, "2017-09-30": -198.8, "2017-06-30": -577.9, "2017-03-31": "-550.60000", "2016-12-31": 1101.5, "2016-09-30": 342.8, "2016-06-30": -334.4, "2016-03-31": "-807.10000", "2015-12-31": 1256.6, "2015-09-30": 111.7, "2015-06-30": -249.3, "2015-03-31": "-559.50000", "2014-12-31": 985.7, "2014-09-30": -145, "2014-06-30": -204.6001, "2014-03-31": "-742.29990", "2013-12-31": 1005.5, "2013-09-30": -18.5, "2013-06-30": -123.8999, "2013-03-31": "-511.80010", "2012-12-31": 691.1, "2012-09-30": -159.1, "2012-06-30": -195.8, "2012-03-31": "-311.00000", "2011-12-31": 933.1, "2011-09-30": -90.7, "2011-06-30": -460.6, "2011-03-31": "-352.60000", "2010-12-31": 1133.1, "2010-09-30": -66.7, "2010-06-30": -217.3, "2010-03-31": "-538.80000", "2009-12-31": 961.5, "2009-09-30": 80.9, "2009-06-30": -3.9, "2009-03-31": "-474.10000", "2008-12-31": 774.9, "2008-09-30": 10.4, "2008-06-30": 9.6, "2008-03-31": "-809.20000", "2007-12-31": 994, "2007-09-30": -82, "2007-06-30": -64.1, "2007-03-31": "-606.50000", "2006-12-31": 990.4, "2006-09-30": -51.3, "2006-06-30": -238.1, "2006-03-31": "-136.50000", "2005-12-31": 943.1, "2005-09-30": 26.2, "2005-06-30": -166.7, "2005-03-31": "-953.80000"}, "Cash Flow From Operating Activities": {"2020-09-30": 200.8, "2020-06-30": 125, "2020-03-31": "-987.20000", "2019-12-31": 2087.9, "2019-09-30": 261, "2019-06-30": -97.3, "2019-03-31": "-395.60000", "2018-12-31": 1960.9, "2018-09-30": 334.3, "2018-06-30": 47.9, "2018-03-31": "-620.80000", "2017-12-31": 2179.9, "2017-09-30": 175, "2017-06-30": -135.7, "2017-03-31": "-195.30000", "2016-12-31": 1616.7, "2016-09-30": 713.4, "2016-06-30": 76.3, "2016-03-31": "-454.00000", "2015-12-31": 1758.7, "2015-09-30": 492.8, "2015-06-30": 186, "2015-03-31": "-238.00000", "2014-12-31": 1443.4, "2014-09-30": 220.6, "2014-06-30": 242.8, "2014-03-31": "-430.30000", "2013-12-31": 1449.1, "2013-09-30": 293.4, "2013-06-30": 276.2, "2013-03-31": "-209.70000", "2012-12-31": 1151.2, "2012-09-30": 142.8, "2012-06-30": 157.8, "2012-03-31": "-0.50000", "2011-12-31": 1314.8, "2011-09-30": 263.1, "2011-06-30": -85.7, "2011-03-31": "-176.90000", "2010-12-31": 1444.5, "2010-09-30": 214.1, "2010-06-30": 107.3, "2010-03-31": "-277.90000", "2009-12-31": 1278.5, "2009-09-30": 343.7, "2009-06-30": 337.8, "2009-03-31": "-228.40000", "2008-12-31": 1159.8, "2008-09-30": 325.9, "2008-06-30": 416.1, "2008-03-31": "-507.60000", "2007-12-31": 1430.6, "2007-09-30": 216.2, "2007-06-30": 298.8, "2007-03-31": "-346.30000", "2006-12-31": 1350.9, "2006-09-30": 203.7, "2006-06-30": 85.6, "2006-03-31": "101.00000", "2005-12-31": 1295.6, "2005-09-30": 265.8, "2005-06-30": 146.8, "2005-03-31": "-717.00000"}, "Net Change In Property, Plant, And Equipment": {"2020-09-30": -16.4, "2020-06-30": -7.2, "2020-03-31": "-26.40000", "2019-12-31": -25.2, "2019-09-30": -28.2, "2019-06-30": -21.6, "2019-03-31": "-27.20000", "2018-12-31": -79.5, "2018-09-30": -26.4, "2018-06-30": -53.6, "2018-03-31": "-36.20000", "2017-12-31": -47.7, "2017-09-30": -40.4, "2017-06-30": -35.8, "2017-03-31": "-32.10000", "2016-12-31": -65, "2016-09-30": -22.6, "2016-06-30": -36.5, "2016-03-31": "-41.40000", "2015-12-31": -57.1, "2015-09-30": -38.9, "2015-06-30": -68.5, "2015-03-31": "-38.20000", "2014-12-31": -74.7, "2014-09-30": -46.8, "2014-06-30": -49, "2014-03-31": "-42.50000", "2013-12-31": -88.7, "2013-09-30": -54.3, "2013-06-30": -30.8, "2013-03-31": "-38.20000", "2012-12-31": -67.6, "2012-09-30": -45.9, "2012-06-30": -67.2, "2012-03-31": "-45.60000", "2011-12-31": -71.3, "2011-09-30": -33.1, "2011-06-30": -42, "2011-03-31": "-39.10000", "2010-12-31": -55.6, "2010-09-30": -35, "2010-06-30": -37.9, "2010-03-31": "-25.20000", "2009-12-31": -37.2, "2009-09-30": -30.1, "2009-06-30": -40, "2009-03-31": "-23.30000", "2008-12-31": -60.6, "2008-09-30": -58.9, "2008-06-30": -50.5, "2008-03-31": "-42.20000", "2007-12-31": -62.2, "2007-09-30": -59.6, "2007-06-30": -66.3, "2007-03-31": "-34.90000", "2006-12-31": -58.1, "2006-09-30": -46.5, "2006-06-30": -39.5, "2006-03-31": "-33.50000", "2005-12-31": -60.3, "2005-09-30": -35.2, "2005-06-30": -37.1, "2005-03-31": "-30.10000"}, "Net Change In Intangible Assets": {"2020-09-30": 0, "2020-06-30": 0, "2020-03-31": "", "2019-12-31": 0, "2019-09-30": 0, "2019-06-30": 0, "2019-03-31": "", "2018-12-31": 0, "2018-09-30": 0, "2018-06-30": 0, "2018-03-31": "", "2017-12-31": 0, "2017-09-30": 0, "2017-06-30": 0, "2017-03-31": "", "2016-12-31": 0, "2016-09-30": 0, "2016-06-30": 0, "2016-03-31": "", "2015-12-31": 0, "2015-09-30": 0, "2015-06-30": 0, "2015-03-31": "", "2014-12-31": 0, "2014-09-30": 0, "2014-06-30": 0, "2014-03-31": "", "2013-12-31": 0, "2013-09-30": 0, "2013-06-30": 0, "2013-03-31": "", "2012-12-31": 0, "2012-09-30": 0, "2012-06-30": 0, "2012-03-31": "", "2011-12-31": 0, "2011-09-30": 0, "2011-06-30": 0, "2011-03-31": "", "2010-12-31": 0, "2010-09-30": 0, "2010-06-30": 0, "2010-03-31": "", "2009-12-31": 0, "2009-09-30": 0, "2009-06-30": 0, "2009-03-31": "", "2008-12-31": 0, "2008-09-30": 0, "2008-06-30": 0, "2008-03-31": "", "2007-12-31": 0, "2007-09-30": 0, "2007-06-30": 0, "2007-03-31": "", "2006-12-31": 0, "2006-09-30": 0, "2006-06-30": 0, "2006-03-31": "", "2005-12-31": 0, "2005-09-30": 0, "2005-06-30": 0, "2005-03-31": ""}, "Net Acquisitions/Divestitures": {"2020-09-30": -62.8, "2020-06-30": 1.6, "2020-03-31": "2.10000", "2019-12-31": -2.6, "2019-09-30": -1.5, "2019-06-30": 9.3, "2019-03-31": "64.20000", "2018-12-31": -26.2, "2018-09-30": 187.5, "2018-06-30": -32, "2018-03-31": "-171.30000", "2017-12-31": 1, "2017-09-30": -7.8, "2017-06-30": -0.3, "2017-03-31": "-19.20000", "2016-12-31": -40.3, "2016-09-30": -1.5, "2016-06-30": -180.4, "2016-03-31": "-86.60000", "2015-12-31": -24.1, "2015-09-30": -11.2, "2015-06-30": -2.2, "2015-03-31": "-22.80000", "2014-12-31": -9.6, "2014-09-30": -15.1, "2014-06-30": -38.3, "2014-03-31": "-11.90000", "2013-12-31": -6.3, "2013-09-30": -4.3, "2013-06-30": -21.3, "2013-03-31": "-0.90000", "2012-12-31": -15.4, "2012-09-30": -12.1, "2012-06-30": -74.8, "2012-03-31": "-30.40000", "2011-12-31": -88.9, "2011-09-30": -53.1, "2011-06-30": -50.3, "2011-03-31": "-211.40000", "2010-12-31": -36.7, "2010-09-30": -39, "2010-06-30": -56.8, "2010-03-31": "-19.60000", "2009-12-31": -24.8, "2009-09-30": -50.2, "2009-06-30": -60.7, "2009-03-31": "-1.70000", "2008-12-31": 27.2, "2008-09-30": -179.3, "2008-06-30": -121.1, "2008-03-31": "-89.00000", "2007-12-31": -0.8, "2007-09-30": -174, "2007-06-30": -124.5, "2007-03-31": "-19.40000", "2006-12-31": -27.7, "2006-09-30": -38.7, "2006-06-30": -107.4, "2006-03-31": "-31.10000", "2005-12-31": -102.3, "2005-09-30": -59.8, "2005-06-30": -109.3, "2005-03-31": "6.20000"}, "Net Change In Short-term Investments": {"2020-09-30": 0, "2020-06-30": 0, "2020-03-31": "", "2019-12-31": 0, "2019-09-30": 0, "2019-06-30": 0, "2019-03-31": "", "2018-12-31": 0, "2018-09-30": 0, "2018-06-30": 0, "2018-03-31": "", "2017-12-31": -58.1, "2017-09-30": 58.1, "2017-06-30": 0, "2017-03-31": "", "2016-12-31": 16.4, "2016-09-30": 198.9, "2016-06-30": -215.3, "2016-03-31": "", "2015-12-31": -13.6, "2015-09-30": 3.8, "2015-06-30": 9.3, "2015-03-31": "", "2014-12-31": 21, "2014-09-30": 0, "2014-06-30": 0, "2014-03-31": "", "2013-12-31": 0, "2013-09-30": 0, "2013-06-30": -2.7, "2013-03-31": "2.70000", "2012-12-31": 0, "2012-09-30": -8.9, "2012-06-30": -9.9, "2012-03-31": "18.80000", "2011-12-31": -16.3, "2011-09-30": 15.5, "2011-06-30": -10.3, "2011-03-31": "11.10000", "2010-12-31": 7.8, "2010-09-30": 5.3, "2010-06-30": -2.1, "2010-03-31": "1.10000", "2009-12-31": 13.5, "2009-09-30": 20.3, "2009-06-30": 4.4, "2009-03-31": "3.80000", "2008-12-31": 27.8, "2008-09-30": 0.2, "2008-06-30": 3.5, "2008-03-31": "-3.70000", "2007-12-31": -174.3, "2007-09-30": -9, "2007-06-30": -11.2, "2007-03-31": "152.50000", "2006-12-31": -148.8, "2006-09-30": -3.4, "2006-06-30": -3.8, "2006-03-31": "336.20000", "2005-12-31": -359.5, "2005-09-30": 7.2, "2005-06-30": -4.6, "2005-03-31": "556.70000"}, "Net Change In Long-Term Investments": {"2020-09-30": 0, "2020-06-30": 0, "2020-03-31": "", "2019-12-31": 1.9, "2019-09-30": 0, "2019-06-30": 0, "2019-03-31": "", "2018-12-31": 15.9, "2018-09-30": 0, "2018-06-30": 0, "2018-03-31": "", "2017-12-31": 66.9, "2017-09-30": -25.4, "2017-06-30": 19.3, "2017-03-31": "6.10000", "2016-12-31": -7.3, "2016-09-30": 0, "2016-06-30": -11.7, "2016-03-31": "11.70000", "2015-12-31": 0, "2015-09-30": 0, "2015-06-30": 0, "2015-03-31": "", "2014-12-31": 0, "2014-09-30": 0, "2014-06-30": -11.9, "2014-03-31": "11.90000", "2013-12-31": -17.3, "2013-09-30": 3.4, "2013-06-30": 13.9, "2013-03-31": "", "2012-12-31": 0.2, "2012-09-30": 8.4, "2012-06-30": 0, "2012-03-31": "", "2011-12-31": 14.6, "2011-09-30": 0, "2011-06-30": 0, "2011-03-31": "", "2010-12-31": 0, "2010-09-30": 0, "2010-06-30": 0, "2010-03-31": "", "2009-12-31": 0, "2009-09-30": 0, "2009-06-30": 0, "2009-03-31": "", "2008-12-31": -71.5, "2008-09-30": 20.7, "2008-06-30": 0, "2008-03-31": "", "2007-12-31": 191.8, "2007-09-30": 0, "2007-06-30": 0, "2007-03-31": "", "2006-12-31": 13.5, "2006-09-30": 0, "2006-06-30": 0, "2006-03-31": "", "2005-12-31": 65.8, "2005-09-30": 0, "2005-06-30": 0, "2005-03-31": ""}, "Net Change In Investments - Total": {"2020-09-30": 0, "2020-06-30": 0, "2020-03-31": "", "2019-12-31": 1.9, "2019-09-30": 0, "2019-06-30": 0, "2019-03-31": "", "2018-12-31": 15.9, "2018-09-30": 0, "2018-06-30": 0, "2018-03-31": "", "2017-12-31": 8.8, "2017-09-30": 32.7, "2017-06-30": 19.3, "2017-03-31": "6.10000", "2016-12-31": 9.1, "2016-09-30": 198.9, "2016-06-30": -227, "2016-03-31": "11.70000", "2015-12-31": -13.6, "2015-09-30": 3.8, "2015-06-30": 9.3, "2015-03-31": "", "2014-12-31": 21, "2014-09-30": 0, "2014-06-30": -11.9, "2014-03-31": "11.90000", "2013-12-31": -17.3, "2013-09-30": 3.4, "2013-06-30": 11.2, "2013-03-31": "2.70000", "2012-12-31": 0.2, "2012-09-30": -0.5, "2012-06-30": -9.9, "2012-03-31": "18.80000", "2011-12-31": -1.7, "2011-09-30": 15.5, "2011-06-30": -10.3, "2011-03-31": "11.10000", "2010-12-31": 7.8, "2010-09-30": 5.3, "2010-06-30": -2.1, "2010-03-31": "1.10000", "2009-12-31": 13.5, "2009-09-30": 20.3, "2009-06-30": 4.4, "2009-03-31": "3.80000", "2008-12-31": -43.7, "2008-09-30": 20.9, "2008-06-30": 3.5, "2008-03-31": "-3.70000", "2007-12-31": 17.5, "2007-09-30": -9, "2007-06-30": -11.2, "2007-03-31": "152.50000", "2006-12-31": -135.3, "2006-09-30": -3.4, "2006-06-30": -3.8, "2006-03-31": "336.20000", "2005-12-31": -293.7, "2005-09-30": 7.2, "2005-06-30": -4.6, "2005-03-31": "556.70000"}, "Investing Activities - Other": {"2020-09-30": 0, "2020-06-30": 0, "2020-03-31": "", "2019-12-31": 0, "2019-09-30": 0, "2019-06-30": 0, "2019-03-31": "", "2018-12-31": 0, "2018-09-30": 0, "2018-06-30": 0, "2018-03-31": "", "2017-12-31": 0, "2017-09-30": 0, "2017-06-30": 0, "2017-03-31": "", "2016-12-31": 0, "2016-09-30": 0, "2016-06-30": 0, "2016-03-31": "", "2015-12-31": 0, "2015-09-30": 0, "2015-06-30": 3.9, "2015-03-31": "-3.90000", "2014-12-31": -6.5, "2014-09-30": -3, "2014-06-30": 9.5, "2014-03-31": "", "2013-12-31": 16.6, "2013-09-30": 0, "2013-06-30": 0, "2013-03-31": "", "2012-12-31": 0, "2012-09-30": 0, "2012-06-30": 0, "2012-03-31": "", "2011-12-31": 0, "2011-09-30": 0, "2011-06-30": 0, "2011-03-31": "", "2010-12-31": 0, "2010-09-30": 0, "2010-06-30": 0, "2010-03-31": "", "2009-12-31": 0, "2009-09-30": 0, "2009-06-30": 0, "2009-03-31": "", "2008-12-31": 0, "2008-09-30": 0, "2008-06-30": 0, "2008-03-31": "", "2007-12-31": 0, "2007-09-30": 0, "2007-06-30": 0, "2007-03-31": "", "2006-12-31": -13.4, "2006-09-30": -0.1, "2006-06-30": 2.3, "2006-03-31": "11.20000", "2005-12-31": -61.8, "2005-09-30": -10.3, "2005-06-30": 72.1, "2005-03-31": ""}, "Cash Flow From Investing Activities": {"2020-09-30": -79.2, "2020-06-30": -5.6, "2020-03-31": "-24.30000", "2019-12-31": -25.9, "2019-09-30": -29.7, "2019-06-30": -12.3, "2019-03-31": "37.00000", "2018-12-31": -89.8, "2018-09-30": 161.1, "2018-06-30": -85.6, "2018-03-31": "-207.50000", "2017-12-31": -37.9, "2017-09-30": -15.5, "2017-06-30": -16.8, "2017-03-31": "-45.20000", "2016-12-31": -96.2, "2016-09-30": 174.8, "2016-06-30": -443.9, "2016-03-31": "-116.30000", "2015-12-31": -94.8, "2015-09-30": -46.3, "2015-06-30": -57.5, "2015-03-31": "-64.90000", "2014-12-31": -69.8, "2014-09-30": -64.9, "2014-06-30": -89.7, "2014-03-31": "-42.50000", "2013-12-31": -95.7, "2013-09-30": -55.2, "2013-06-30": -40.9, "2013-03-31": "-36.40000", "2012-12-31": -82.8, "2012-09-30": -58.5, "2012-06-30": -151.9, "2012-03-31": "-57.20000", "2011-12-31": -161.9, "2011-09-30": -70.7, "2011-06-30": -102.6, "2011-03-31": "-239.40000", "2010-12-31": -84.5, "2010-09-30": -68.7, "2010-06-30": -96.8, "2010-03-31": "-43.70000", "2009-12-31": -48.5, "2009-09-30": -60, "2009-06-30": -96.3, "2009-03-31": "-21.20000", "2008-12-31": -77.1, "2008-09-30": -217.3, "2008-06-30": -168.1, "2008-03-31": "-134.90000", "2007-12-31": -45.5, "2007-09-30": -242.6, "2007-06-30": -202, "2007-03-31": "98.20000", "2006-12-31": -234.5, "2006-09-30": -88.7, "2006-06-30": -148.4, "2006-03-31": "282.80000", "2005-12-31": -518.1, "2005-09-30": -98.1, "2005-06-30": -78.9, "2005-03-31": "532.80000"}, "Net Long-Term Debt": {"2020-09-30": 0, "2020-06-30": 592.6, "2020-03-31": "-6.00000", "2019-12-31": 0, "2019-09-30": 212.4, "2019-06-30": 0, "2019-03-31": "", "2018-12-31": 0, "2018-09-30": 0, "2018-06-30": 0, "2018-03-31": "", "2017-12-31": 0, "2017-09-30": 0, "2017-06-30": 0, "2017-03-31": "", "2016-12-31": 0, "2016-09-30": 0, "2016-06-30": 389.6, "2016-03-31": "", "2015-12-31": 0, "2015-09-30": 0, "2015-06-30": 0, "2015-03-31": "", "2014-12-31": 747.6, "2014-09-30": -252.7, "2014-06-30": 0, "2014-03-31": "", "2013-12-31": 0, "2013-09-30": 0, "2013-06-30": -406.7, "2013-03-31": "", "2012-12-31": 0, "2012-09-30": 526.4, "2012-06-30": 746.8, "2012-03-31": "", "2011-12-31": -0.3, "2011-09-30": 0.3, "2011-06-30": -0.1, "2011-03-31": "", "2010-12-31": -0.3, "2010-09-30": 991.6, "2010-06-30": -61.8, "2010-03-31": "-5.90000", "2009-12-31": 0.7, "2009-09-30": -177.6, "2009-06-30": -305, "2009-03-31": "-336.30000", "2008-12-31": -114.9, "2008-09-30": 113, "2008-06-30": 0.6, "2008-03-31": "1.70000", "2007-12-31": 2.6, "2007-09-30": -1.2, "2007-06-30": 0, "2007-03-31": "", "2006-12-31": -0.6, "2006-09-30": -164.9, "2006-06-30": -132, "2006-03-31": "993.70000", "2005-12-31": 1, "2005-09-30": -0.3, "2005-06-30": -185.8, "2005-03-31": "-2.40000"}, "Net Current Debt": {"2020-09-30": 16.8, "2020-06-30": -4.8, "2020-03-31": "1.70000", "2019-12-31": 2, "2019-09-30": -611.1, "2019-06-30": 24, "2019-03-31": "587.10000", "2018-12-31": -3.2, "2018-09-30": -6.5, "2018-06-30": 13.3, "2018-03-31": "-3.60000", "2017-12-31": -25.6, "2017-09-30": 17.7, "2017-06-30": -8.8, "2017-03-31": "-1.40000", "2016-12-31": 0, "2016-09-30": 12.1, "2016-06-30": -26.6, "2016-03-31": "13.30000", "2015-12-31": -4.7, "2015-09-30": 2.5, "2015-06-30": -1.6, "2015-03-31": "2.70000", "2014-12-31": -25.2, "2014-09-30": 9, "2014-06-30": 16.6, "2014-03-31": "1.70000", "2013-12-31": -12.9, "2013-09-30": 5.6, "2013-06-30": 1.5, "2013-03-31": "5.40000", "2012-12-31": -4.7, "2012-09-30": -1.5, "2012-06-30": 1, "2012-03-31": "1.90000", "2011-12-31": -7.4, "2011-09-30": -45.8, "2011-06-30": 0.4, "2011-03-31": "9.70000", "2010-12-31": 1.9, "2010-09-30": 11, "2010-06-30": 24.9, "2010-03-31": "-2.80000", "2009-12-31": -155.4, "2009-09-30": 133.4, "2009-06-30": -3.8, "2009-03-31": "28.30000", "2008-12-31": -50.2, "2008-09-30": 44.6, "2008-06-30": 3.3, "2008-03-31": "7.40000", "2007-12-31": -1.7, "2007-09-30": 0.5, "2007-06-30": -1.2, "2007-03-31": "1.50000", "2006-12-31": -1.7, "2006-09-30": -2.7, "2006-06-30": -5.3, "2006-03-31": "6.20000", "2005-12-31": -198.2, "2005-09-30": 80.1, "2005-06-30": 121.4, "2005-03-31": "-5.20000"}, "Debt Issuance/Retirement Net - Total": {"2020-09-30": 16.8, "2020-06-30": 587.8, "2020-03-31": "-4.30000", "2019-12-31": 2, "2019-09-30": -398.7, "2019-06-30": 24, "2019-03-31": "587.10000", "2018-12-31": -3.2, "2018-09-30": -6.5, "2018-06-30": 13.3, "2018-03-31": "-3.60000", "2017-12-31": -25.6, "2017-09-30": 17.7, "2017-06-30": -8.8, "2017-03-31": "-1.40000", "2016-12-31": 0, "2016-09-30": 12.1, "2016-06-30": 363, "2016-03-31": "13.30000", "2015-12-31": -4.7, "2015-09-30": 2.5, "2015-06-30": -1.6, "2015-03-31": "2.70000", "2014-12-31": 722.4, "2014-09-30": -243.7, "2014-06-30": 16.6, "2014-03-31": "1.70000", "2013-12-31": -12.9, "2013-09-30": 5.6, "2013-06-30": -405.2, "2013-03-31": "5.40000", "2012-12-31": -4.7, "2012-09-30": 524.9, "2012-06-30": 747.8, "2012-03-31": "1.90000", "2011-12-31": -7.7, "2011-09-30": -45.5, "2011-06-30": 0.3, "2011-03-31": "9.70000", "2010-12-31": 1.6, "2010-09-30": 1002.6, "2010-06-30": -36.9, "2010-03-31": "-8.70000", "2009-12-31": -154.7, "2009-09-30": -44.2, "2009-06-30": -308.8, "2009-03-31": "-308.00000", "2008-12-31": -165.1, "2008-09-30": 157.6, "2008-06-30": 3.9, "2008-03-31": "9.10000", "2007-12-31": 0.9, "2007-09-30": -0.7, "2007-06-30": -1.2, "2007-03-31": "1.50000", "2006-12-31": -2.3, "2006-09-30": -167.6, "2006-06-30": -137.3, "2006-03-31": "999.90000", "2005-12-31": -197.2, "2005-09-30": 79.8, "2005-06-30": -64.4, "2005-03-31": "-7.60000"}, "Net Common Equity Issued/Repurchased": {"2020-09-30": -16.2, "2020-06-30": -4.3, "2020-03-31": "-198.60000", "2019-12-31": -58.5, "2019-09-30": -21.5, "2019-06-30": -239.6, "2019-03-31": "-284.10000", "2018-12-31": -41.6, "2018-09-30": -64, "2018-06-30": -233.3, "2018-03-31": "-229.40000", "2017-12-31": -35.4, "2017-09-30": -54.1, "2017-06-30": -233.5, "2017-03-31": "-234.70000", "2016-12-31": -111.6, "2016-09-30": -98.7, "2016-06-30": -164.7, "2016-03-31": "-200.40000", "2015-12-31": -210.9, "2015-09-30": -95.9, "2015-06-30": -133.6, "2015-03-31": "-267.00000", "2014-12-31": -173.5, "2014-09-30": -281.4, "2014-06-30": -551.5, "2014-03-31": "-17.30000", "2013-12-31": 3.5, "2013-09-30": -5.4, "2013-06-30": -270, "2013-03-31": "-251.10000", "2012-12-31": -123.3, "2012-09-30": -165.7, "2012-06-30": -464, "2012-03-31": "-164.30000", "2011-12-31": -118.3, "2011-09-30": -35.4, "2011-06-30": -272, "2011-03-31": "-305.80000", "2010-12-31": -711.1, "2010-09-30": 9.7, "2010-06-30": -232.5, "2010-03-31": "-239.00000", "2009-12-31": 6.8, "2009-09-30": -0.7, "2009-06-30": -0.9, "2009-03-31": "-1.60000", "2008-12-31": 7.4, "2008-09-30": -424.1, "2008-06-30": -61.3, "2008-03-31": "-282.80000", "2007-12-31": -20.7, "2007-09-30": -87.6, "2007-06-30": -286.9, "2007-03-31": "-403.60000", "2006-12-31": -131.1, "2006-09-30": -110.5, "2006-06-30": -466.9, "2006-03-31": "-338.20000", "2005-12-31": -13.3, "2005-09-30": -120.2, "2005-06-30": -146.1, "2005-03-31": "-377.90000"}, "Net Total Equity Issued/Repurchased": {"2020-09-30": -16.2, "2020-06-30": -4.3, "2020-03-31": "-198.60000", "2019-12-31": -58.5, "2019-09-30": -21.5, "2019-06-30": -239.6, "2019-03-31": "-284.10000", "2018-12-31": -41.6, "2018-09-30": -64, "2018-06-30": -233.3, "2018-03-31": "-229.40000", "2017-12-31": -35.4, "2017-09-30": -54.1, "2017-06-30": -233.5, "2017-03-31": "-234.70000", "2016-12-31": -111.6, "2016-09-30": -98.7, "2016-06-30": -164.7, "2016-03-31": "-200.40000", "2015-12-31": -210.9, "2015-09-30": -95.9, "2015-06-30": -133.6, "2015-03-31": "-267.00000", "2014-12-31": -173.5, "2014-09-30": -281.4, "2014-06-30": -551.5, "2014-03-31": "-17.30000", "2013-12-31": 3.5, "2013-09-30": -5.4, "2013-06-30": -270, "2013-03-31": "-251.10000", "2012-12-31": -123.3, "2012-09-30": -165.7, "2012-06-30": -464, "2012-03-31": "-164.30000", "2011-12-31": -118.3, "2011-09-30": -35.4, "2011-06-30": -272, "2011-03-31": "-305.80000", "2010-12-31": -711.1, "2010-09-30": 9.7, "2010-06-30": -232.5, "2010-03-31": "-239.00000", "2009-12-31": 6.8, "2009-09-30": -0.7, "2009-06-30": -0.9, "2009-03-31": "-1.60000", "2008-12-31": 7.4, "2008-09-30": -424.1, "2008-06-30": -61.3, "2008-03-31": "-282.80000", "2007-12-31": -20.7, "2007-09-30": -87.6, "2007-06-30": -286.9, "2007-03-31": "-403.60000", "2006-12-31": -131.1, "2006-09-30": -110.5, "2006-06-30": -466.9, "2006-03-31": "-338.20000", "2005-12-31": -13.3, "2005-09-30": -120.2, "2005-06-30": -146.1, "2005-03-31": "-377.90000"}, "Total Common And Preferred Stock Dividends Paid": {"2020-09-30": -104.6, "2020-06-30": -166, "2020-03-31": "-152.10000", "2019-12-31": -239.1, "2019-09-30": -96, "2019-06-30": -174.7, "2019-03-31": "-151.80000", "2018-12-31": -269.7, "2018-09-30": -135.6, "2018-06-30": -139.2, "2018-03-31": "-138.90000", "2017-12-31": -229, "2017-09-30": -127.2, "2017-06-30": -129.9, "2017-03-31": "-130.80000", "2016-12-31": -218.4, "2016-09-30": -79.3, "2016-06-30": -157.8, "2016-03-31": "-137.10000", "2015-12-31": -122.8, "2015-09-30": -62.3, "2015-06-30": -160.4, "2015-03-31": "-151.20000", "2014-12-31": -127.3, "2014-09-30": -62.4, "2014-06-30": -147.6, "2014-03-31": "-130.70000", "2013-12-31": -125.3, "2013-09-30": -127.1, "2013-06-30": -143.6, "2013-03-31": "-23.00000", "2012-12-31": 215.9, "2012-09-30": -104, "2012-06-30": -117.5, "2012-03-31": "-92.80000", "2011-12-31": -101.6, "2011-09-30": -89.5, "2011-06-30": -96.5, "2011-03-31": "-82.80000", "2010-12-31": -76.9, "2010-09-30": -79.2, "2010-06-30": -81.5, "2010-03-31": "-73.10000", "2009-12-31": -138.5, "2009-09-30": -46.8, "2009-06-30": -46.8, "2009-03-31": "-46.70000", "2008-12-31": -154.6, "2008-09-30": -48, "2008-06-30": -48.2, "2008-03-31": "-49.10000", "2007-12-31": -49.1, "2007-09-30": -49.5, "2007-06-30": -41.6, "2007-03-31": "-42.60000", "2006-12-31": -42.7, "2006-09-30": -43.3, "2006-06-30": -44.6, "2006-03-31": "-45.20000", "2005-12-31": -40.2, "2005-09-30": -41.4, "2005-06-30": -40.8, "2005-03-31": "-41.60000"}, "Financial Activities - Other": {"2020-09-30": -77.8, "2020-06-30": -32, "2020-03-31": "-36.20000", "2019-12-31": 6.4, "2019-09-30": -119.9, "2019-06-30": -38.7, "2019-03-31": "-18.90000", "2018-12-31": 50, "2018-09-30": -68.1, "2018-06-30": -116.3, "2018-03-31": "-55.00000", "2017-12-31": 69.3, "2017-09-30": -55.6, "2017-06-30": -143.9, "2017-03-31": "-19.70000", "2016-12-31": 8.3, "2016-09-30": -100, "2016-06-30": -85.8, "2016-03-31": "-41.20000", "2015-12-31": -95.9, "2015-09-30": -100.4, "2015-06-30": -51.8, "2015-03-31": "-3.00000", "2014-12-31": -82.2, "2014-09-30": -117.6, "2014-06-30": -53, "2014-03-31": "-10.60000", "2013-12-31": -0.8, "2013-09-30": -43.5, "2013-06-30": -10.8, "2013-03-31": "-15.60000", "2012-12-31": -417.4, "2012-09-30": -90.5, "2012-06-30": 30.7, "2012-03-31": "2.90000", "2011-12-31": -33.4, "2011-09-30": -20.2, "2011-06-30": 4.1, "2011-03-31": "-11.10000", "2010-12-31": -8.2, "2010-09-30": -4.7, "2010-06-30": 9, "2010-03-31": "-8.40000", "2009-12-31": 29.1, "2009-09-30": -8.2, "2009-06-30": -42.4, "2009-03-31": "-15.60000", "2008-12-31": 10.2, "2008-09-30": -40, "2008-06-30": -33.7, "2008-03-31": "-17.70000", "2007-12-31": -78.5, "2007-09-30": -0.9, "2007-06-30": -21.7, "2007-03-31": "-7.10000", "2006-12-31": -6, "2006-09-30": -14.2, "2006-06-30": -23.9, "2006-03-31": "-9.60000", "2005-12-31": -65.4, "2005-09-30": -25.8, "2005-06-30": -52.3, "2005-03-31": "37.60000"}, "Cash Flow From Financial Activities": {"2020-09-30": -181.8, "2020-06-30": 385.5, "2020-03-31": "-391.20000", "2019-12-31": -289.2, "2019-09-30": -636.1, "2019-06-30": -429, "2019-03-31": "132.30000", "2018-12-31": -264.5, "2018-09-30": -274.2, "2018-06-30": -475.5, "2018-03-31": "-426.90000", "2017-12-31": -220.7, "2017-09-30": -219.2, "2017-06-30": -516.1, "2017-03-31": "-386.60000", "2016-12-31": -321.7, "2016-09-30": -265.9, "2016-06-30": -45.3, "2016-03-31": "-365.40000", "2015-12-31": -434.3, "2015-09-30": -256.1, "2015-06-30": -347.4, "2015-03-31": "-418.50000", "2014-12-31": 339.4, "2014-09-30": -705.1, "2014-06-30": -735.5, "2014-03-31": "-156.90000", "2013-12-31": -135.5, "2013-09-30": -170.4, "2013-06-30": -829.6, "2013-03-31": "-284.30000", "2012-12-31": -329.5, "2012-09-30": 164.7, "2012-06-30": 197, "2012-03-31": "-252.30000", "2011-12-31": -261, "2011-09-30": -190.6, "2011-06-30": -364.1, "2011-03-31": "-390.00000", "2010-12-31": -794.6, "2010-09-30": 928.4, "2010-06-30": -341.9, "2010-03-31": "-329.20000", "2009-12-31": -257.3, "2009-09-30": -99.9, "2009-06-30": -398.9, "2009-03-31": "-371.90000", "2008-12-31": -302.1, "2008-09-30": -354.5, "2008-06-30": -139.3, "2008-03-31": "-340.50000", "2007-12-31": -147.4, "2007-09-30": -138.7, "2007-06-30": -351.4, "2007-03-31": "-451.80000", "2006-12-31": -182.1, "2006-09-30": -335.6, "2006-06-30": -672.7, "2006-03-31": "606.90000", "2005-12-31": -316.1, "2005-09-30": -107.6, "2005-06-30": -303.6, "2005-03-31": "-389.50000"}, "Net Cash Flow": {"2020-09-30": -2.7, "2020-06-30": 588.5, "2020-03-31": "-1613.20000", "2019-12-31": 1865.3, "2019-09-30": -457.7, "2019-06-30": -551.6, "2019-03-31": "-202.70000", "2018-12-31": 1553.3, "2018-09-30": 185.8, "2018-06-30": -654.8, "2018-03-31": "-1227.90000", "2017-12-31": 1953, "2017-09-30": 9, "2017-06-30": -608.2, "2017-03-31": "-560.00000", "2016-12-31": 1065.6, "2016-09-30": 630.9, "2016-06-30": -441.6, "2016-03-31": "-857.90000", "2015-12-31": 1177.7, "2015-09-30": 71.5, "2015-06-30": -170.7, "2015-03-31": "-861.40000", "2014-12-31": 1550.4, "2014-09-30": -697, "2014-06-30": -547.4, "2014-03-31": "-628.40000", "2013-12-31": 1189, "2013-09-30": 121.6, "2013-06-30": -671.9, "2013-03-31": "-606.50000", "2012-12-31": 722, "2012-09-30": 291, "2012-06-30": 162.6, "2012-03-31": "-278.50000", "2011-12-31": 880.6, "2011-09-30": -85.7, "2011-06-30": -525.9, "2011-03-31": "-776.50000", "2010-12-31": 599.4, "2010-09-30": 1155.6, "2010-06-30": -366.7, "2010-03-31": "-686.60000", "2009-12-31": 989.6, "2009-09-30": 197.5, "2009-06-30": -12.5, "2009-03-31": "-684.90000", "2008-12-31": 566.7, "2008-09-30": -385.2, "2008-06-30": 101.9, "2008-03-31": "-979.30000", "2007-12-31": 1216, "2007-09-30": -195.2, "2007-06-30": -255.9, "2007-03-31": "-711.20000", "2006-12-31": 931.2, "2006-09-30": -283.7, "2006-06-30": -730.9, "2006-03-31": "987.10000", "2005-12-31": 440.2, "2005-09-30": 52.1, "2005-06-30": -244.6, "2005-03-31": "-577.50000"}, "Stock-Based Compensation": {"2020-09-30": 17.6, "2020-06-30": 16.2, "2020-03-31": "18.70000", "2019-12-31": 18.9, "2019-09-30": 19.3, "2019-06-30": 17.5, "2019-03-31": "16.80000", "2018-12-31": 16.6, "2018-09-30": 18.8, "2018-06-30": 17.6, "2018-03-31": "17.50000", "2017-12-31": 19.6, "2017-09-30": 20.6, "2017-06-30": 20.7, "2017-03-31": "19.30000", "2016-12-31": 23.6, "2016-09-30": 23.5, "2016-06-30": 23.3, "2016-03-31": "23.00000", "2015-12-31": 24, "2015-09-30": 26.1, "2015-06-30": 24.7, "2015-03-31": "24.60000", "2014-12-31": 24, "2014-09-30": 25.6, "2014-06-30": 22.3, "2014-03-31": "21.60000", "2013-12-31": 21.4, "2013-09-30": 20.2, "2013-06-30": 22.6, "2013-03-31": "22.10000", "2012-12-31": 17.7, "2012-09-30": 18.7, "2012-06-30": 18.1, "2012-03-31": "26.30000", "2011-12-31": 21.8, "2011-09-30": 19.8, "2011-06-30": 16.5, "2011-03-31": "16.40000", "2010-12-31": 17.4, "2010-09-30": 16.9, "2010-06-30": 15.9, "2010-03-31": "19.10000", "2009-12-31": 21.9, "2009-09-30": 21, "2009-06-30": 35.7, "2009-03-31": "", "2008-12-31": 59.3, "2008-09-30": 0, "2008-06-30": 0, "2008-03-31": "", "2007-12-31": 0, "2007-09-30": 0, "2007-06-30": 0, "2007-03-31": "", "2006-12-31": 0, "2006-09-30": 0, "2006-06-30": 0, "2006-03-31": "", "2005-12-31": 0, "2005-09-30": 0, "2005-06-30": 0, "2005-03-31": ""}, "Common Stock Dividends Paid": {"2020-09-30": -104.6, "2020-06-30": -166, "2020-03-31": "-152.10000", "2019-12-31": -239.1, "2019-09-30": -96, "2019-06-30": -174.7, "2019-03-31": "-151.80000", "2018-12-31": -269.7, "2018-09-30": -135.6, "2018-06-30": -139.2, "2018-03-31": "-138.90000", "2017-12-31": -229, "2017-09-30": -127.2, "2017-06-30": -129.9, "2017-03-31": "-130.80000", "2016-12-31": -218.4, "2016-09-30": -79.3, "2016-06-30": -157.8, "2016-03-31": "-137.10000", "2015-12-31": -122.8, "2015-09-30": -62.3, "2015-06-30": -160.4, "2015-03-31": "-151.20000", "2014-12-31": -127.3, "2014-09-30": -62.4, "2014-06-30": -147.6, "2014-03-31": "-130.70000", "2013-12-31": -125.3, "2013-09-30": -127.1, "2013-06-30": -143.6, "2013-03-31": "-23.00000", "2012-12-31": 215.9, "2012-09-30": -104, "2012-06-30": -117.5, "2012-03-31": "-92.80000", "2011-12-31": -101.6, "2011-09-30": -89.5, "2011-06-30": -96.5, "2011-03-31": "-82.80000", "2010-12-31": -76.9, "2010-09-30": -79.2, "2010-06-30": -81.5, "2010-03-31": "-73.10000", "2009-12-31": -138.5, "2009-09-30": -46.8, "2009-06-30": -46.8, "2009-03-31": "-46.70000", "2008-12-31": -154.6, "2008-09-30": -48, "2008-06-30": -48.2, "2008-03-31": "-49.10000", "2007-12-31": -49.1, "2007-09-30": -49.5, "2007-06-30": -41.6, "2007-03-31": "-42.60000", "2006-12-31": -42.7, "2006-09-30": -43.3, "2006-06-30": -44.6, "2006-03-31": "-45.20000", "2005-12-31": -40.2, "2005-09-30": -41.4, "2005-06-30": -40.8, "2005-03-31": "-41.60000"}}, "financial ratios": {"Current Ratio": {"2019-12-31": "0.91260", "2018-12-31": "0.89890", "2017-12-31": "0.93430", "2016-12-31": "0.90800", "2015-12-31": "0.84250", "2014-12-31": "0.91860", "2013-12-31": "0.94910", "2012-12-31": "0.98190", "2011-12-31": "0.89290", "2010-12-31": "0.92480", "2009-12-31": "0.87170", "2008-12-31": "0.87810", "2007-12-31": "0.93560", "2006-12-31": "0.93690", "2005-12-31": "0.91580"}, "Long-term Debt / Capital": {"2019-12-31": "0.57330", "2018-12-31": "0.58520", "2017-12-31": "0.60920", "2016-12-31": "0.64910", "2015-12-31": "0.55230", "2014-12-31": "0.57760", "2013-12-31": "0.49790", "2012-12-31": "0.52930", "2011-12-31": "0.44440", "2010-12-31": "0.44520", "2009-12-31": "0.33280", "2008-12-31": "0.44870", "2007-12-31": "0.42740", "2006-12-31": "0.44100", "2005-12-31": "0.37390"}, "Debt/Equity Ratio": {"2019-12-31": "1.52490", "2018-12-31": "1.57450", "2017-12-31": "1.56230", "2016-12-31": "1.86090", "2015-12-31": "1.58190", "2014-12-31": "1.36990", "2013-12-31": "0.99310", "2012-12-31": "1.12610", "2011-12-31": "0.80230", "2010-12-31": "0.81590", "2009-12-31": "0.50700", "2008-12-31": "0.81880", "2007-12-31": "0.75010", "2006-12-31": "0.79210", "2005-12-31": "0.60120"}, "Gross Margin": {"2019-12-31": "18.45500", "2018-12-31": "18.65840", "2017-12-31": "18.36900", "2016-12-31": "17.94980", "2015-12-31": "17.46350", "2014-12-31": "17.72910", "2013-12-31": "26.46710", "2012-12-31": "26.81270", "2011-12-31": "25.91890", "2010-12-31": "26.53620", "2009-12-31": "27.90020", "2008-12-31": "28.44110", "2007-12-31": "29.03580", "2006-12-31": "28.91030", "2005-12-31": "29.27360"}, "Operating Margin": {"2019-12-31": "14.19250", "2018-12-31": "13.95340", "2017-12-31": "13.64320", "2016-12-31": "13.17060", "2015-12-31": "12.68700", "2014-12-31": "12.69180", "2013-12-31": "12.51530", "2012-12-31": "12.68830", "2011-12-31": "12.04610", "2010-12-31": "11.64200", "2009-12-31": "11.73050", "2008-12-31": "12.64530", "2007-12-31": "13.07000", "2006-12-31": "13.03960", "2005-12-31": "12.78300"}, "EBIT Margin": {"2019-12-31": "14.19250", "2018-12-31": "13.95340", "2017-12-31": "13.64320", "2016-12-31": "13.17060", "2015-12-31": "12.68700", "2014-12-31": "12.69180", "2013-12-31": "12.51530", "2012-12-31": "12.68830", "2011-12-31": "12.04610", "2010-12-31": "11.64200", "2009-12-31": "11.73050", "2008-12-31": "12.64530", "2007-12-31": "13.07000", "2006-12-31": "13.03960", "2005-12-31": "12.78300"}, "EBITDA Margin": {"2019-12-31": "15.64160", "2018-12-31": "15.59560", "2017-12-31": "15.40570", "2016-12-31": "14.97060", "2015-12-31": "14.54960", "2014-12-31": "14.56670", "2013-12-31": "14.41810", "2012-12-31": "14.67640", "2011-12-31": "14.01910", "2010-12-31": "13.65920", "2009-12-31": "13.80210", "2008-12-31": "14.41100", "2007-12-31": "15.25450", "2006-12-31": "15.33460", "2005-12-31": "15.28470"}, "Pre-Tax Profit Margin": {"2019-12-31": "12.96200", "2018-12-31": "12.58520", "2017-12-31": "12.34090", "2016-12-31": "11.94660", "2015-12-31": "11.75200", "2014-12-31": "11.81630", "2013-12-31": "11.38810", "2012-12-31": "11.67140", "2011-12-31": "11.16600", "2010-12-31": "10.76660", "2009-12-31": "10.87140", "2008-12-31": "12.08920", "2007-12-31": "12.48700", "2006-12-31": "12.23440", "2005-12-31": "12.21820"}, "Net Profit Margin": {"2019-12-31": "8.95500", "2018-12-31": "8.67420", "2017-12-31": "7.11550", "2016-12-31": "7.40810", "2015-12-31": "7.14600", "2014-12-31": "7.07410", "2013-12-31": "6.62350", "2012-12-31": "6.86250", "2011-12-31": "6.78970", "2010-12-31": "6.53540", "2009-12-31": "6.68820", "2008-12-31": "7.38930", "2007-12-31": "7.58780", "2006-12-31": "7.59430", "2005-12-31": "7.54410"}, "Asset Turnover": {"2019-12-31": "0.55830", "2018-12-31": "0.62110", "2017-12-31": "0.61260", "2016-12-31": "0.66550", "2015-12-31": "0.68450", "2014-12-31": "0.71480", "2013-12-31": "0.66000", "2012-12-31": "0.64190", "2011-12-31": "0.67650", "2010-12-31": "0.64100", "2009-12-31": "0.65400", "2008-12-31": "0.77140", "2007-12-31": "0.65870", "2006-12-31": "0.63900", "2005-12-31": "0.65840"}, "Inventory Turnover Ratio": {"2019-12-31": "9.69620", "2018-12-31": "10.70800", "2017-12-31": "11.22640", "2016-12-31": "11.24010", "2015-12-31": "11.12620", "2014-12-31": "10.80240", "2013-12-31": "8.32640", "2012-12-31": "10.32010", "2011-12-31": "10.10020", "2010-12-31": "13.02180", "2009-12-31": "13.90820", "2008-12-31": "14.22650", "2007-12-31": "11.24620", "2006-12-31": "", "2005-12-31": ""}, "Receiveable Turnover": {"2019-12-31": "1.91000", "2018-12-31": "1.99450", "2017-12-31": "1.88940", "2016-12-31": "2.05260", "2015-12-31": "2.09590", "2014-12-31": "2.34770", "2013-12-31": "2.19890", "2012-12-31": "2.04350", "2011-12-31": "2.09180", "2010-12-31": "2.09840", "2009-12-31": "2.10270", "2008-12-31": "2.31320", "2007-12-31": "1.85850", "2006-12-31": "1.71650", "2005-12-31": "1.77400"}, "Days Sales In Receivables": {"2019-12-31": "191.09550", "2018-12-31": "183.00130", "2017-12-31": "193.18220", "2016-12-31": "177.82060", "2015-12-31": "174.14820", "2014-12-31": "155.47370", "2013-12-31": "165.99120", "2012-12-31": "178.61110", "2011-12-31": "174.49490", "2010-12-31": "173.94280", "2009-12-31": "173.58580", "2008-12-31": "157.78990", "2007-12-31": "196.39960", "2006-12-31": "212.64640", "2005-12-31": "205.74720"}, "ROE - Return On Equity": {"2019-12-31": "42.56160", "2018-12-31": "46.36460", "2017-12-31": "37.82120", "2016-12-31": "46.87550", "2015-12-31": "41.64880", "2014-12-31": "37.12700", "2013-12-31": "27.32610", "2012-12-31": "28.24610", "2011-12-31": "26.64460", "2010-12-31": "23.72660", "2009-12-31": "19.56970", "2008-12-31": "29.69040", "2007-12-31": "26.55620", "2006-12-31": "22.31810", "2005-12-31": "20.02790"}, "Return On Tangible Equity": {"2019-12-31": "-22.41840", "2018-12-31": "-21.62850", "2017-12-31": "-18.19130", "2016-12-31": "-18.48630", "2015-12-31": "-19.62560", "2014-12-31": "-20.93440", "2013-12-31": "-21.23770", "2012-12-31": "-20.91130", "2011-12-31": "-21.44430", "2010-12-31": "-22.02330", "2009-12-31": "-25.56020", "2008-12-31": "-30.21860", "2007-12-31": "-31.74870", "2006-12-31": "-27.65860", "2005-12-31": "-29.65310"}, "ROA - Return On Assets": {"2019-12-31": "5.36120", "2018-12-31": "5.85160", "2017-12-31": "4.78200", "2016-12-31": "5.38170", "2015-12-31": "5.44260", "2014-12-31": "5.75450", "2013-12-31": "5.03020", "2012-12-31": "5.04470", "2011-12-31": "5.17130", "2010-12-31": "4.72090", "2009-12-31": "4.86250", "2008-12-31": "6.43480", "2007-12-31": "5.63830", "2006-12-31": "4.85270", "2005-12-31": "4.96670"}, "ROI - Return On Investment": {"2019-12-31": "18.16310", "2018-12-31": "19.22970", "2017-12-31": "14.78220", "2016-12-31": "16.44700", "2015-12-31": "18.64700", "2014-12-31": "15.68150", "2013-12-31": "13.72130", "2012-12-31": "13.29600", "2011-12-31": "14.80450", "2010-12-31": "13.16240", "2009-12-31": "13.05780", "2008-12-31": "16.36970", "2007-12-31": "15.20490", "2006-12-31": "12.47470", "2005-12-31": "12.53990"}, "Book Value Per Share": {"2019-12-31": "15.53980", "2018-12-31": "13.87630", "2017-12-31": "13.69930", "2016-12-31": "11.33190", "2015-12-31": "12.05420", "2014-12-31": "13.46290", "2013-12-31": "15.79150", "2012-12-31": "15.10040", "2011-12-31": "14.55670", "2010-12-31": "13.63610", "2009-12-31": "14.43840", "2008-12-31": "12.21410", "2007-12-31": "12.66780", "2006-12-31": "23.00240", "2005-12-31": "11.05260"}, "Operating Cash Flow Per Share": {"2019-12-31": 0.8348, "2018-12-31": -1.0856, "2017-12-31": 0.4906, "2016-12-31": -0.808, "2015-12-31": 3.1868, "2014-12-31": -1.1636, "2013-12-31": 1.5718, "2012-12-31": 0.7324, "2011-12-31": -0.26, "2010-12-31": -0.6758, "2009-12-31": 1.1498, "2008-12-31": -0.4308, "2007-12-31": -0.1713, "2006-12-31": 2.2981, "2005-12-31": 2.7328}, "Free Cash Flow Per Share": {"2019-12-31": 1.2319, "2018-12-31": -1.2785, "2017-12-31": 0.5156, "2016-12-31": -0.6733, "2015-12-31": 3.1945, "2014-12-31": -1.1838, "2013-12-31": 1.5959, "2012-12-31": 0.549, "2011-12-31": -0.4084, "2010-12-31": -0.7615, "2009-12-31": 1.4031, "2008-12-31": -0.4272, "2007-12-31": -0.3358, "2006-12-31": 2.2335, "2005-12-31": 2.2843}}, "financial ratios, quarterly": {"Current Ratio": {"2020-09-30": "0.97520", "2020-06-30": "0.96140", "2020-03-31": "0.92170", "2019-12-31": "0.91260", "2019-09-30": "0.87490", "2019-06-30": "0.84970", "2019-03-31": "0.87660", "2018-12-31": "0.89890", "2018-09-30": "0.87160", "2018-06-30": "0.89000", "2018-03-31": "0.90730", "2017-12-31": "0.93430", "2017-09-30": "0.90460", "2017-06-30": "0.89440", "2017-03-31": "0.89740", "2016-12-31": "0.90800", "2016-09-30": "0.90560", "2016-06-30": "0.89370", "2016-03-31": "0.81500", "2015-12-31": "0.84250", "2015-09-30": "0.82770", "2015-06-30": "0.83680", "2015-03-31": "0.89870", "2014-12-31": "0.91860", "2014-09-30": "0.86380", "2014-06-30": "0.89290", "2014-03-31": "0.92390", "2013-12-31": "0.94910", "2013-09-30": "0.93150", "2013-06-30": "0.91640", "2013-03-31": "0.96870", "2012-12-31": "0.98190", "2012-09-30": "0.97150", "2012-06-30": "0.92210", "2012-03-31": "0.88530", "2011-12-31": "0.89290", "2011-09-30": "0.87980", "2011-06-30": "0.87250", "2011-03-31": "0.88160", "2010-12-31": "0.92480", "2010-09-30": "0.93340", "2010-06-30": "0.80860", "2010-03-31": "0.85010", "2009-12-31": "0.87170", "2009-09-30": "0.82620", "2009-06-30": "0.82840", "2009-03-31": "0.83700", "2008-12-31": "0.87810", "2008-09-30": "0.86540", "2008-06-30": "0.92150", "2008-03-31": "0.91550", "2007-12-31": "0.93560", "2007-09-30": "0.90270", "2007-06-30": "0.90400", "2007-03-31": "0.91190", "2006-12-31": "0.93690", "2006-09-30": "0.93030", "2006-06-30": "0.94960", "2006-03-31": "1.00270", "2005-12-31": "0.91580", "2005-09-30": "0.89900", "2005-06-30": "0.89760", "2005-03-31": "0.89730"}, "Long-term Debt / Capital": {"2020-09-30": "0.64860", "2020-06-30": "0.66630", "2020-03-31": "0.63520", "2019-12-31": "0.57330", "2019-09-30": "0.60140", "2019-06-30": "0.57630", "2019-03-31": "0.59720", "2018-12-31": "0.58520", "2018-09-30": "0.59670", "2018-06-30": "0.62990", "2018-03-31": "0.60300", "2017-12-31": "0.60920", "2017-09-30": "0.61830", "2017-06-30": "0.64120", "2017-03-31": "0.64830", "2016-12-31": "0.64910", "2016-09-30": "0.63920", "2016-06-30": "0.64430", "2016-03-31": "0.55410", "2015-12-31": "0.55230", "2015-09-30": "0.55370", "2015-06-30": "0.53500", "2015-03-31": "0.61860", "2014-12-31": "0.57760", "2014-09-30": "0.51830", "2014-06-30": "0.48940", "2014-03-31": "0.47320", "2013-12-31": "0.49790", "2013-09-30": "0.51450", "2013-06-30": "0.53500", "2013-03-31": "0.54860", "2012-12-31": "0.52930", "2012-09-30": "0.53640", "2012-06-30": "0.51250", "2012-03-31": "0.43970", "2011-12-31": "0.44440", "2011-09-30": "0.44870", "2011-06-30": "0.43870", "2011-03-31": "0.43880", "2010-12-31": "0.44520", "2010-09-30": "0.39760", "2010-06-30": "0.32150", "2010-03-31": "0.34720", "2009-12-31": "0.33280", "2009-09-30": "0.34350", "2009-06-30": "0.37130", "2009-03-31": "0.43450", "2008-12-31": "0.44870", "2008-09-30": "0.45480", "2008-06-30": "0.41750", "2008-03-31": "0.43080", "2007-12-31": "0.42740", "2007-09-30": "0.44120", "2007-06-30": "0.45320", "2007-03-31": "0.45620", "2006-12-31": "0.44100", "2006-09-30": "0.45310", "2006-06-30": "0.46980", "2006-03-31": "0.47070", "2005-12-31": "0.37390", "2005-09-30": "0.38070", "2005-06-30": "0.38240", "2005-03-31": "0.37970"}, "Debt/Equity Ratio": {"2020-09-30": "1.85310", "2020-06-30": "1.99920", "2020-03-31": "1.74530", "2019-12-31": "1.52490", "2019-09-30": "1.71320", "2019-06-30": "1.86990", "2019-03-31": "1.85120", "2018-12-31": "1.57450", "2018-09-30": "1.65270", "2018-06-30": "1.70960", "2018-03-31": "1.52130", "2017-12-31": "1.56230", "2017-09-30": "1.63270", "2017-06-30": "1.79390", "2017-03-31": "1.85380", "2016-12-31": "1.86090", "2016-09-30": "1.78030", "2016-06-30": "1.81530", "2016-03-31": "1.60000", "2015-12-31": "1.58190", "2015-09-30": "1.58950", "2015-06-30": "1.48090", "2015-03-31": "1.62520", "2014-12-31": "1.36990", "2014-09-30": "1.08520", "2014-06-30": "1.02900", "2014-03-31": "0.96030", "2013-12-31": "0.99310", "2013-09-30": "1.06460", "2013-06-30": "1.15420", "2013-03-31": "1.21870", "2012-12-31": "1.12610", "2012-09-30": "1.16000", "2012-06-30": "1.05460", "2012-03-31": "0.78780", "2011-12-31": "0.80230", "2011-09-30": "0.81830", "2011-06-30": "0.79790", "2011-03-31": "0.79800", "2010-12-31": "0.81590", "2010-09-30": "0.73170", "2010-06-30": "0.55010", "2010-03-31": "0.53910", "2009-12-31": "0.50700", "2009-09-30": "0.56470", "2009-06-30": "0.60130", "2009-03-31": "0.78140", "2008-12-31": "0.81880", "2008-09-30": "0.88340", "2008-06-30": "0.72280", "2008-03-31": "0.76240", "2007-12-31": "0.75010", "2007-09-30": "0.79410", "2007-06-30": "0.83210", "2007-03-31": "0.84240", "2006-12-31": "0.79210", "2006-09-30": "0.83200", "2006-06-30": "0.89100", "2006-03-31": "0.89530", "2005-12-31": "0.60120", "2005-09-30": "0.67070", "2005-06-30": "0.65420", "2005-03-31": "0.66700"}, "Gross Margin": {"2020-09-30": "20.15590", "2020-06-30": "7.20180", "2020-03-31": "16.55460", "2019-12-31": "19.31810", "2019-09-30": "17.34090", "2019-06-30": "19.87200", "2019-03-31": "17.06880", "2018-12-31": "19.76170", "2018-09-30": "18.35340", "2018-06-30": "19.87510", "2018-03-31": "16.43430", "2017-12-31": "19.57570", "2017-09-30": "17.16090", "2017-06-30": "19.85960", "2017-03-31": "16.64160", "2016-12-31": "19.25840", "2016-09-30": "16.62580", "2016-06-30": "19.19480", "2016-03-31": "16.41570", "2015-12-31": "18.39020", "2015-09-30": "16.28990", "2015-06-30": "18.95780", "2015-03-31": "15.96910", "2014-12-31": "-4.20490", "2014-09-30": "24.97330", "2014-06-30": "27.80490", "2014-03-31": "25.10990", "2013-12-31": "26.29310", "2013-09-30": "25.93610", "2013-06-30": "28.31730", "2013-03-31": "25.24050", "2012-12-31": "26.09200", "2012-09-30": "26.14920", "2012-06-30": "28.63520", "2012-03-31": "26.39310", "2011-12-31": "25.22260", "2011-09-30": "25.91620", "2011-06-30": "29.09330", "2011-03-31": "23.26020", "2010-12-31": "25.06760", "2010-09-30": "26.17380", "2010-06-30": "29.19240", "2010-03-31": "25.94520", "2009-12-31": "27.34710", "2009-09-30": "27.67480", "2009-06-30": "29.91950", "2009-03-31": "26.68030", "2008-12-31": "28.47480", "2008-09-30": "27.45910", "2008-06-30": "30.50420", "2008-03-31": "27.17970", "2007-12-31": "30.02290", "2007-09-30": "27.50050", "2007-06-30": "30.52690", "2007-03-31": "27.81100", "2006-12-31": "29.29140", "2006-09-30": "27.58890", "2006-06-30": "30.58370", "2006-03-31": "28.01900", "2005-12-31": "30.23410", "2005-09-30": "27.54770", "2005-06-30": "31.06120", "2005-03-31": "27.96510"}, "Operating Margin": {"2020-09-30": "15.63700", "2020-06-30": "2.23160", "2020-03-31": "12.33380", "2019-12-31": "15.60900", "2019-09-30": "13.06090", "2019-06-30": "15.42290", "2019-03-31": "12.36410", "2018-12-31": "15.34740", "2018-09-30": "13.52340", "2018-06-30": "15.08710", "2018-03-31": "11.61840", "2017-12-31": "14.99780", "2017-09-30": "12.64150", "2017-06-30": "15.07880", "2017-03-31": "11.58780", "2016-12-31": "14.69900", "2016-09-30": "11.95170", "2016-06-30": "14.46110", "2016-03-31": "11.20570", "2015-12-31": "13.85650", "2015-09-30": "11.55510", "2015-06-30": "14.15400", "2015-03-31": "10.88720", "2014-12-31": "13.81130", "2014-09-30": "11.56390", "2014-06-30": "14.16730", "2014-03-31": "10.92740", "2013-12-31": "13.58270", "2013-09-30": "10.86950", "2013-06-30": "14.38000", "2013-03-31": "10.93590", "2012-12-31": "13.89280", "2012-09-30": "11.36910", "2012-06-30": "14.22070", "2012-03-31": "10.96060", "2011-12-31": "12.65280", "2011-09-30": "11.04440", "2011-06-30": "13.99610", "2011-03-31": "10.22120", "2010-12-31": "12.25920", "2010-09-30": "10.48890", "2010-06-30": "13.65910", "2010-03-31": "9.96580", "2009-12-31": "12.23590", "2009-09-30": "10.38910", "2009-06-30": "13.86770", "2009-03-31": "10.28180", "2008-12-31": "13.30010", "2008-09-30": "11.25990", "2008-06-30": "14.86380", "2008-03-31": "10.97830", "2007-12-31": "14.66670", "2007-09-30": "11.29170", "2007-06-30": "14.76600", "2007-03-31": "11.10680", "2006-12-31": "14.74680", "2006-09-30": "11.08030", "2006-06-30": "14.78360", "2006-03-31": "11.09680", "2005-12-31": "14.49280", "2005-09-30": "10.88030", "2005-06-30": "14.60360", "2005-03-31": "10.70750"}, "EBIT Margin": {"2020-09-30": "15.63700", "2020-06-30": "2.23160", "2020-03-31": "12.33380", "2019-12-31": "15.60900", "2019-09-30": "13.06090", "2019-06-30": "15.42290", "2019-03-31": "12.36410", "2018-12-31": "15.34740", "2018-09-30": "13.52340", "2018-06-30": "15.08710", "2018-03-31": "11.61840", "2017-12-31": "14.99780", "2017-09-30": "12.64150", "2017-06-30": "15.07880", "2017-03-31": "11.58780", "2016-12-31": "14.69900", "2016-09-30": "11.95170", "2016-06-30": "14.46110", "2016-03-31": "11.20570", "2015-12-31": "13.85650", "2015-09-30": "11.55510", "2015-06-30": "14.15400", "2015-03-31": "10.88720", "2014-12-31": "13.81130", "2014-09-30": "11.56390", "2014-06-30": "14.16730", "2014-03-31": "10.92740", "2013-12-31": "13.58270", "2013-09-30": "10.86950", "2013-06-30": "14.38000", "2013-03-31": "10.93590", "2012-12-31": "13.89280", "2012-09-30": "11.36910", "2012-06-30": "14.22070", "2012-03-31": "10.96060", "2011-12-31": "12.65280", "2011-09-30": "11.04440", "2011-06-30": "13.99610", "2011-03-31": "10.22120", "2010-12-31": "12.25920", "2010-09-30": "10.48890", "2010-06-30": "13.65910", "2010-03-31": "9.96580", "2009-12-31": "12.23590", "2009-09-30": "10.38910", "2009-06-30": "13.86770", "2009-03-31": "10.28180", "2008-12-31": "13.30010", "2008-09-30": "11.25990", "2008-06-30": "14.86380", "2008-03-31": "10.97830", "2007-12-31": "14.66670", "2007-09-30": "11.29170", "2007-06-30": "14.76600", "2007-03-31": "11.10680", "2006-12-31": "14.74680", "2006-09-30": "11.08030", "2006-06-30": "14.78360", "2006-03-31": "11.09680", "2005-12-31": "14.49280", "2005-09-30": "10.88030", "2005-06-30": "14.60360", "2005-03-31": "10.70750"}, "EBITDA Margin": {"2020-09-30": "", "2020-06-30": "", "2020-03-31": "", "2019-12-31": "", "2019-09-30": "", "2019-06-30": "", "2019-03-31": "", "2018-12-31": "", "2018-09-30": "", "2018-06-30": "", "2018-03-31": "", "2017-12-31": "", "2017-09-30": "", "2017-06-30": "", "2017-03-31": "", "2016-12-31": "", "2016-09-30": "", "2016-06-30": "", "2016-03-31": "", "2015-12-31": "", "2015-09-30": "", "2015-06-30": "", "2015-03-31": "", "2014-12-31": "", "2014-09-30": "", "2014-06-30": "", "2014-03-31": "", "2013-12-31": "", "2013-09-30": "", "2013-06-30": "", "2013-03-31": "", "2012-12-31": "", "2012-09-30": "", "2012-06-30": "", "2012-03-31": "", "2011-12-31": "", "2011-09-30": "", "2011-06-30": "", "2011-03-31": "", "2010-12-31": "", "2010-09-30": "", "2010-06-30": "", "2010-03-31": "", "2009-12-31": "", "2009-09-30": "", "2009-06-30": "", "2009-03-31": "", "2008-12-31": "", "2008-09-30": "", "2008-06-30": "", "2008-03-31": "", "2007-12-31": "", "2007-09-30": "", "2007-06-30": "", "2007-03-31": "", "2006-12-31": "", "2006-09-30": "", "2006-06-30": "", "2006-03-31": "", "2005-12-31": "", "2005-09-30": "", "2005-06-30": "", "2005-03-31": ""}, "Pre-Tax Profit Margin": {"2020-09-30": "14.12440", "2020-06-30": "0.54630", "2020-03-31": "10.98950", "2019-12-31": "14.67930", "2019-09-30": "11.70040", "2019-06-30": "14.07330", "2019-03-31": "11.03810", "2018-12-31": "14.04800", "2018-09-30": "11.99690", "2018-06-30": "13.72680", "2018-03-31": "10.32620", "2017-12-31": "13.80550", "2017-09-30": "11.23270", "2017-06-30": "13.72520", "2017-03-31": "10.32220", "2016-12-31": "13.24200", "2016-09-30": "10.84380", "2016-06-30": "13.30790", "2016-03-31": "10.05970", "2015-12-31": "12.97040", "2015-09-30": "10.58650", "2015-06-30": "13.24470", "2015-03-31": "9.90140", "2014-12-31": "13.09620", "2014-09-30": "10.72650", "2014-06-30": "13.29670", "2014-03-31": "9.81380", "2013-12-31": "12.59700", "2013-09-30": "9.64330", "2013-06-30": "13.26090", "2013-03-31": "9.73260", "2012-12-31": "12.87360", "2012-09-30": "10.18610", "2012-06-30": "13.24070", "2012-03-31": "10.07770", "2011-12-31": "11.86120", "2011-09-30": "10.10090", "2011-06-30": "13.20470", "2011-03-31": "9.20260", "2010-12-31": "11.36140", "2010-09-30": "9.49380", "2010-06-30": "12.87980", "2010-03-31": "9.14040", "2009-12-31": "11.36320", "2009-09-30": "9.37060", "2009-06-30": "13.10480", "2009-03-31": "9.50270", "2008-12-31": "12.59120", "2008-09-30": "10.63570", "2008-06-30": "14.32600", "2008-03-31": "10.63400", "2007-12-31": "14.27510", "2007-09-30": "10.66940", "2007-06-30": "14.05590", "2007-03-31": "10.46260", "2006-12-31": "13.99120", "2006-09-30": "10.11790", "2006-06-30": "13.88040", "2006-03-31": "10.50760", "2005-12-31": "13.93140", "2005-09-30": "10.23430", "2005-06-30": "14.05690", "2005-03-31": "10.20390"}, "Net Profit Margin": {"2020-09-30": "9.77080", "2020-06-30": "-0.86410", "2020-03-31": "7.57580", "2019-12-31": "10.02130", "2019-09-30": "8.00820", "2019-06-30": "9.96560", "2019-03-31": "7.58740", "2018-12-31": "9.76580", "2018-09-30": "8.04730", "2018-06-30": "9.43620", "2018-03-31": "7.27630", "2017-12-31": "6.08390", "2017-09-30": "7.07890", "2017-06-30": "8.65680", "2017-03-31": "6.72630", "2016-12-31": "8.21590", "2016-09-30": "6.66300", "2016-06-30": "8.34260", "2016-03-31": "6.19870", "2015-12-31": "7.90700", "2015-09-30": "6.38860", "2015-06-30": "8.14650", "2015-03-31": "5.94660", "2014-12-31": "7.71850", "2014-09-30": "6.38730", "2014-06-30": "8.23840", "2014-03-31": "5.75070", "2013-12-31": "7.23000", "2013-09-30": "5.47770", "2013-06-30": "7.74540", "2013-03-31": "5.87540", "2012-12-31": "7.60550", "2012-09-30": "5.85330", "2012-06-30": "7.75910", "2012-03-31": "6.05030", "2011-12-31": "6.96620", "2011-09-30": "5.95700", "2011-06-30": "7.80520", "2011-03-31": "6.34340", "2010-12-31": "6.64680", "2010-09-30": "5.83050", "2010-06-30": "8.00010", "2010-03-31": "5.59590", "2009-12-31": "6.74870", "2009-09-30": "5.83590", "2009-06-30": "8.13040", "2009-03-31": "5.98920", "2008-12-31": "7.64960", "2008-09-30": "6.44110", "2008-06-30": "8.82970", "2008-03-31": "6.53130", "2007-12-31": "8.30970", "2007-09-30": "6.51960", "2007-06-30": "8.85130", "2007-03-31": "6.44230", "2006-12-31": "8.61550", "2006-09-30": "6.38360", "2006-06-30": "8.64560", "2006-03-31": "6.46530", "2005-12-31": "8.59700", "2005-09-30": "6.40930", "2005-06-30": "8.63220", "2005-03-31": "6.26300"}, "Asset Turnover": {"2020-09-30": "0.13480", "2020-06-30": "0.12370", "2020-03-31": "0.14390", "2019-12-31": "0.15460", "2019-09-30": "0.15320", "2019-06-30": "0.14850", "2019-03-31": "0.13760", "2018-12-31": "0.16600", "2018-09-30": "0.16520", "2018-06-30": "0.17410", "2018-03-31": "0.15440", "2017-12-31": "0.16750", "2017-09-30": "0.16750", "2017-06-30": "0.17100", "2017-03-31": "0.16130", "2016-12-31": "0.18310", "2016-09-30": "0.17710", "2016-06-30": "0.18560", "2016-03-31": "0.16610", "2015-12-31": "0.18780", "2015-09-30": "0.18120", "2015-06-30": "0.18320", "2015-03-31": "0.17280", "2014-12-31": "0.19580", "2014-09-30": "0.18780", "2014-06-30": "0.18240", "2014-03-31": "0.16610", "2013-12-31": "0.18360", "2013-09-30": "0.16720", "2013-06-30": "0.17720", "2013-03-31": "0.16260", "2012-12-31": "0.17810", "2012-09-30": "0.16380", "2012-06-30": "0.17710", "2012-03-31": "0.16680", "2011-12-31": "0.18790", "2011-09-30": "0.17850", "2011-06-30": "0.18200", "2011-03-31": "0.16440", "2010-12-31": "0.18330", "2010-09-30": "0.16380", "2010-06-30": "0.18620", "2010-03-31": "0.17350", "2009-12-31": "0.18220", "2009-09-30": "0.17510", "2009-06-30": "0.18070", "2009-03-31": "0.17650", "2008-12-31": "0.19470", "2008-09-30": "0.19130", "2008-06-30": "0.18610", "2008-03-31": "0.17330", "2007-12-31": "0.18810", "2007-09-30": "0.17100", "2007-06-30": "0.18010", "2007-03-31": "0.16570", "2006-12-31": "0.18060", "2006-09-30": "0.16990", "2006-06-30": "0.17160", "2006-03-31": "0.15380", "2005-12-31": "0.18460", "2005-09-30": "0.17010", "2005-06-30": "0.17780", "2005-03-31": "0.15970"}, "Inventory Turnover Ratio": {"2020-09-30": "2.18000", "2020-06-30": "2.24320", "2020-03-31": "2.16490", "2019-12-31": "2.65680", "2019-09-30": "2.09780", "2019-06-30": "2.18600", "2019-03-31": "2.18870", "2018-12-31": "2.82320", "2018-09-30": "2.23120", "2018-06-30": "2.28480", "2018-03-31": "2.20110", "2017-12-31": "3.02450", "2017-09-30": "2.11320", "2017-06-30": "2.16710", "2017-03-31": "2.21560", "2016-12-31": "3.04330", "2016-09-30": "2.33270", "2016-06-30": "2.29960", "2016-03-31": "2.14810", "2015-12-31": "3.01910", "2015-09-30": "2.13210", "2015-06-30": "2.04060", "2015-03-31": "2.06710", "2014-12-31": "3.74720", "2014-09-30": "1.84110", "2014-06-30": "1.91030", "2014-03-31": "1.76190", "2013-12-31": "2.32230", "2013-09-30": "1.94620", "2013-06-30": "2.07230", "2013-03-31": "2.13730", "2012-12-31": "2.89100", "2012-09-30": "3.59300", "2012-06-30": "3.63720", "2012-03-31": "3.43500", "2011-12-31": "2.83150", "2011-09-30": "3.13440", "2011-06-30": "3.16050", "2011-03-31": "3.01120", "2010-12-31": "3.79820", "2010-09-30": "2.94540", "2010-06-30": "3.02830", "2010-03-31": "3.20880", "2009-12-31": "3.90500", "2009-09-30": "3.06770", "2009-06-30": "3.27600", "2009-03-31": "3.16240", "2008-12-31": "3.58840", "2008-09-30": "2.70110", "2008-06-30": "", "2008-03-31": "", "2007-12-31": "3.16770", "2007-09-30": "", "2007-06-30": "", "2007-03-31": "", "2006-12-31": "", "2006-09-30": "", "2006-06-30": "", "2006-03-31": "", "2005-12-31": "", "2005-09-30": "", "2005-06-30": "", "2005-03-31": ""}, "Receiveable Turnover": {"2020-09-30": "0.50910", "2020-06-30": "0.52940", "2020-03-31": "0.50920", "2019-12-31": "0.52900", "2019-09-30": "0.55340", "2019-06-30": "0.51340", "2019-03-31": "0.49300", "2018-12-31": "0.53310", "2018-09-30": "0.54530", "2018-06-30": "0.57090", "2018-03-31": "0.50420", "2017-12-31": "0.51670", "2017-09-30": "0.52790", "2017-06-30": "0.53060", "2017-03-31": "0.52780", "2016-12-31": "0.56480", "2016-09-30": "0.58420", "2016-06-30": "0.60490", "2016-03-31": "0.55350", "2015-12-31": "0.57520", "2015-09-30": "0.58710", "2015-06-30": "0.58530", "2015-03-31": "0.59400", "2014-12-31": "0.64300", "2014-09-30": "0.61110", "2014-06-30": "0.59560", "2014-03-31": "0.58310", "2013-12-31": "0.61180", "2013-09-30": "0.53060", "2013-06-30": "0.54800", "2013-03-31": "0.53840", "2012-12-31": "0.56690", "2012-09-30": "0.54420", "2012-06-30": "0.58940", "2012-03-31": "0.55750", "2011-12-31": "0.58100", "2011-09-30": "0.56620", "2011-06-30": "0.58310", "2011-03-31": "0.57600", "2010-12-31": "0.60010", "2010-09-30": "0.54280", "2010-06-30": "0.59160", "2010-03-31": "0.56320", "2009-12-31": "0.58590", "2009-09-30": "0.58960", "2009-06-30": "0.58110", "2009-03-31": "0.56250", "2008-12-31": "0.58370", "2008-09-30": "0.56150", "2008-06-30": "0.48080", "2008-03-31": "0.44910", "2007-12-31": "0.53080", "2007-09-30": "0.43350", "2007-06-30": "0.47160", "2007-03-31": "0.44590", "2006-12-31": "0.48530", "2006-09-30": "0.45350", "2006-06-30": "0.46860", "2006-03-31": "0.44550", "2005-12-31": "0.49750", "2005-09-30": "0.44680", "2005-06-30": "0.46180", "2005-03-31": "0.42710"}, "Days Sales In Receivables": {"2020-09-30": "176.78060", "2020-06-30": "170.01890", "2020-03-31": "176.74280", "2019-12-31": "170.14630", "2019-09-30": "162.62240", "2019-06-30": "175.28930", "2019-03-31": "182.56600", "2018-12-31": "168.82790", "2018-09-30": "165.03510", "2018-06-30": "157.64460", "2018-03-31": "178.50230", "2017-12-31": "174.19480", "2017-09-30": "170.48340", "2017-06-30": "169.61350", "2017-03-31": "170.51680", "2016-12-31": "159.35970", "2016-09-30": "154.04530", "2016-06-30": "148.78990", "2016-03-31": "162.59210", "2015-12-31": "156.47340", "2015-09-30": "153.30790", "2015-06-30": "153.77080", "2015-03-31": "151.50730", "2014-12-31": "139.97830", "2014-09-30": "147.27250", "2014-06-30": "151.10900", "2014-03-31": "154.35840", "2013-12-31": "147.09690", "2013-09-30": "169.60380", "2013-06-30": "164.23700", "2013-03-31": "167.16820", "2012-12-31": "158.76230", "2012-09-30": "165.39010", "2012-06-30": "152.69170", "2012-03-31": "161.43560", "2011-12-31": "154.91710", "2011-09-30": "158.95940", "2011-06-30": "154.35280", "2011-03-31": "156.24410", "2010-12-31": "149.98410", "2010-09-30": "165.80550", "2010-06-30": "152.12880", "2010-03-31": "159.79010", "2009-12-31": "153.61290", "2009-09-30": "152.63780", "2009-06-30": "154.88450", "2009-03-31": "160.00510", "2008-12-31": "154.17780", "2008-09-30": "160.28590", "2008-06-30": "187.18050", "2008-03-31": "200.40030", "2007-12-31": "169.54030", "2007-09-30": "207.62330", "2007-06-30": "190.82210", "2007-03-31": "201.84570", "2006-12-31": "185.47050", "2006-09-30": "198.44570", "2006-06-30": "192.06840", "2006-03-31": "202.02510", "2005-12-31": "180.89720", "2005-09-30": "201.41820", "2005-06-30": "194.87380", "2005-03-31": "210.70790"}, "ROE - Return On Equity": {"2020-09-30": "10.72740", "2020-06-30": "-0.50330", "2020-03-31": "9.29020", "2019-12-31": "13.33550", "2019-09-30": "10.45020", "2019-06-30": "13.31690", "2019-03-31": "9.41880", "2018-12-31": "13.83050", "2018-09-30": "11.24690", "2018-06-30": "13.80950", "2018-03-31": "8.85040", "2017-12-31": "9.13010", "2017-09-30": "9.43250", "2017-06-30": "12.87060", "2017-03-31": "9.84060", "2016-12-31": "14.29920", "2016-09-30": "9.84190", "2016-06-30": "12.68980", "2016-03-31": "8.12780", "2015-12-31": "12.60470", "2015-09-30": "9.18510", "2015-06-30": "11.11220", "2015-03-31": "8.11240", "2014-12-31": "11.23360", "2014-09-30": "7.79180", "2014-06-30": "9.07660", "2014-03-31": "5.42040", "2013-12-31": "8.37040", "2013-09-30": "5.90070", "2013-06-30": "9.16420", "2013-03-31": "6.14530", "2012-12-31": "8.68740", "2012-09-30": "6.07270", "2012-06-30": "8.41210", "2012-03-31": "5.57610", "2011-12-31": "7.71900", "2011-09-30": "5.85020", "2011-06-30": "7.62890", "2011-03-31": "5.44890", "2010-12-31": "7.15110", "2010-09-30": "4.44380", "2010-06-30": "6.69920", "2010-03-31": "4.34340", "2009-12-31": "5.76490", "2009-09-30": "4.27610", "2009-06-30": "6.21010", "2009-03-31": "5.03730", "2008-12-31": "7.95280", "2008-09-30": "6.59070", "2008-06-30": "8.02210", "2008-03-31": "5.76430", "2007-12-31": "10.37960", "2007-09-30": "5.22250", "2007-06-30": "7.50700", "2007-03-31": "5.02530", "2006-12-31": "7.15780", "2006-09-30": "4.80310", "2006-06-30": "6.71750", "2006-03-31": "4.39580", "2005-12-31": "6.40070", "2005-09-30": "4.21540", "2005-06-30": "5.93040", "2005-03-31": "3.90660"}, "Return On Tangible Equity": {"2020-09-30": "-5.05690", "2020-06-30": "0.21520", "2020-03-31": "-4.12300", "2019-12-31": "-7.02420", "2019-09-30": "-4.70290", "2019-06-30": "-5.83090", "2019-03-31": "-4.12710", "2018-12-31": "-6.45180", "2018-09-30": "-4.82780", "2018-06-30": "-5.67130", "2018-03-31": "-4.16030", "2017-12-31": "-4.39140", "2017-09-30": "-4.30020", "2017-06-30": "-5.21030", "2017-03-31": "-3.84590", "2016-12-31": "-5.63920", "2016-09-30": "-4.17540", "2016-06-30": "-5.21120", "2016-03-31": "-3.61430", "2015-12-31": "-5.93950", "2015-09-30": "-4.35930", "2015-06-30": "-5.67310", "2015-03-31": "-3.72190", "2014-12-31": "-6.33410", "2014-09-30": "-4.75760", "2014-06-30": "-6.46240", "2014-03-31": "-4.41420", "2013-12-31": "-6.50540", "2013-09-30": "-4.11610", "2013-06-30": "-5.73690", "2013-03-31": "-4.09420", "2012-12-31": "-6.43150", "2012-09-30": "-4.38380", "2012-06-30": "-5.91760", "2012-03-31": "-4.53420", "2011-12-31": "-6.21250", "2011-09-30": "-4.65170", "2011-06-30": "-6.24610", "2011-03-31": "-4.46920", "2010-12-31": "-6.63770", "2010-09-30": "-5.46170", "2010-06-30": "-7.28730", "2010-03-31": "-4.99970", "2009-12-31": "-7.52960", "2009-09-30": "-5.20940", "2009-06-30": "-7.09990", "2009-03-31": "-4.68700", "2008-12-31": "-8.09430", "2008-09-30": "-6.09930", "2008-06-30": "-9.58460", "2008-03-31": "-6.39090", "2007-12-31": "-12.40910", "2007-09-30": "-5.58960", "2007-06-30": "-7.84810", "2007-03-31": "-5.39440", "2006-12-31": "-8.87060", "2006-09-30": "-5.44890", "2006-06-30": "-7.46510", "2006-03-31": "-5.66150", "2005-12-31": "-9.47680", "2005-09-30": "-5.93960", "2005-06-30": "-8.48010", "2005-03-31": "-5.72050"}, "ROA - Return On Assets": {"2020-09-30": "1.40840", "2020-06-30": "-0.06360", "2020-03-31": "1.14760", "2019-12-31": "1.67980", "2019-09-30": "1.31990", "2019-06-30": "1.57380", "2019-03-31": "1.10940", "2018-12-31": "1.74550", "2018-09-30": "1.47330", "2018-06-30": "1.78080", "2018-03-31": "1.21080", "2017-12-31": "1.15440", "2017-09-30": "1.29190", "2017-06-30": "1.60220", "2017-03-31": "1.18000", "2016-12-31": "1.64170", "2016-09-30": "1.29990", "2016-06-30": "1.68090", "2016-03-31": "1.12160", "2015-12-31": "1.64720", "2015-09-30": "1.30370", "2015-06-30": "1.64950", "2015-03-31": "1.14490", "2014-12-31": "1.74110", "2014-09-30": "1.37020", "2014-06-30": "1.68900", "2014-03-31": "1.08120", "2013-12-31": "1.54080", "2013-09-30": "1.07660", "2013-06-30": "1.56690", "2013-03-31": "1.07520", "2012-12-31": "1.55160", "2012-09-30": "1.12320", "2012-06-30": "1.56270", "2012-03-31": "1.14010", "2011-12-31": "1.49810", "2011-09-30": "1.20880", "2011-06-30": "1.60360", "2011-03-31": "1.13260", "2010-12-31": "1.42290", "2010-09-30": "1.06990", "2010-06-30": "1.64610", "2010-03-31": "1.07490", "2009-12-31": "1.43240", "2009-09-30": "1.12770", "2009-06-30": "1.59770", "2009-03-31": "1.14520", "2008-12-31": "1.72360", "2008-09-30": "1.39160", "2008-06-30": "1.82990", "2008-03-31": "1.26210", "2007-12-31": "2.20380", "2007-09-30": "1.11510", "2007-06-30": "1.59370", "2007-03-31": "1.06740", "2006-12-31": "1.55630", "2006-09-30": "1.08480", "2006-06-30": "1.48360", "2006-03-31": "0.99460", "2005-12-31": "1.58730", "2005-09-30": "1.09010", "2005-06-30": "1.53460", "2005-03-31": "1.00000"}, "ROI - Return On Investment": {"2020-09-30": "3.77000", "2020-06-30": "-0.16790", "2020-03-31": "3.38860", "2019-12-31": "5.69090", "2019-09-30": "4.16570", "2019-06-30": "5.64180", "2019-03-31": "3.79430", "2018-12-31": "5.73620", "2018-09-30": "4.53620", "2018-06-30": "5.11020", "2018-03-31": "3.51400", "2017-12-31": "3.56850", "2017-09-30": "3.60020", "2017-06-30": "4.61830", "2017-03-31": "3.46130", "2016-12-31": "5.01710", "2016-09-30": "3.55120", "2016-06-30": "4.51430", "2016-03-31": "3.62420", "2015-12-31": "5.64340", "2015-09-30": "4.09940", "2015-06-30": "5.16740", "2015-03-31": "3.09430", "2014-12-31": "4.74480", "2014-09-30": "3.75290", "2014-06-30": "4.63420", "2014-03-31": "2.85540", "2013-12-31": "4.20300", "2013-09-30": "2.86480", "2013-06-30": "4.26140", "2013-03-31": "2.77380", "2012-12-31": "4.08930", "2012-09-30": "2.81540", "2012-06-30": "4.10120", "2012-03-31": "3.12420", "2011-12-31": "4.28890", "2011-09-30": "3.22540", "2011-06-30": "4.28200", "2011-03-31": "3.05800", "2010-12-31": "3.96710", "2010-09-30": "2.67720", "2010-06-30": "4.54510", "2010-03-31": "2.83530", "2009-12-31": "3.84660", "2009-09-30": "2.80710", "2009-06-30": "3.90440", "2009-03-31": "2.84860", "2008-12-31": "4.38470", "2008-09-30": "3.59310", "2008-06-30": "4.67290", "2008-03-31": "3.28130", "2007-12-31": "5.94290", "2007-09-30": "2.91850", "2007-06-30": "4.10470", "2007-03-31": "2.73290", "2006-12-31": "4.00090", "2006-09-30": "2.62670", "2006-06-30": "3.56130", "2006-03-31": "2.32660", "2005-12-31": "4.00760", "2005-09-30": "2.61060", "2005-06-30": "3.66240", "2005-03-31": "2.42330"}, "Book Value Per Share": {"2020-09-30": "14.52230", "2020-06-30": "13.31700", "2020-03-31": "13.64830", "2019-12-31": "15.53980", "2019-09-30": "13.72110", "2019-06-30": "13.60490", "2019-03-31": "13.48790", "2018-12-31": "13.87630", "2018-09-30": "13.14420", "2018-06-30": "12.74170", "2018-03-31": "14.15290", "2017-12-31": "13.69930", "2017-09-30": "13.19380", "2017-06-30": "11.95650", "2017-03-31": "11.45680", "2016-12-31": "11.33190", "2016-09-30": "11.98360", "2016-06-30": "11.72370", "2016-03-31": "12.22840", "2015-12-31": "12.05420", "2015-09-30": "11.98570", "2015-06-30": "12.69410", "2015-03-31": "11.59460", "2014-12-31": "13.46290", "2014-09-30": "14.14860", "2014-06-30": "15.72160", "2014-03-31": "16.27570", "2013-12-31": "15.79150", "2013-09-30": "14.79630", "2013-06-30": "13.64460", "2013-03-31": "14.14670", "2012-12-31": "15.10040", "2012-09-30": "14.56090", "2012-06-30": "14.06190", "2012-03-31": "14.86660", "2011-12-31": "14.55670", "2011-09-30": "14.18290", "2011-06-30": "14.40860", "2011-03-31": "14.17290", "2010-12-31": "13.63610", "2010-09-30": "14.61170", "2010-06-30": "13.31440", "2010-03-31": "13.56850", "2009-12-31": "14.43840", "2009-09-30": "13.72760", "2009-06-30": "13.15100", "2009-03-31": "11.38060", "2008-12-31": "12.21410", "2008-09-30": "11.77990", "2008-06-30": "13.36890", "2008-03-31": "12.60350", "2007-12-31": "12.66780", "2007-09-30": "11.84370", "2007-06-30": "11.22720", "2007-03-31": "11.00850", "2006-12-31": "23.00240", "2006-09-30": "10.78760", "2006-06-30": "10.57570", "2006-03-31": "11.04760", "2005-12-31": "11.05260", "2005-09-30": "10.63700", "2005-06-30": "10.45390", "2005-03-31": "10.50440"}, "Operating Cash Flow Per Share": {"2020-09-30": 0.9379, "2020-06-30": 0.5361, "2020-03-31": "-4.53890", "2019-12-31": 9.459, "2019-09-30": 1.1743, "2019-06-30": -0.4668, "2019-03-31": "-1.76450", "2018-12-31": 8.6234, "2018-09-30": 1.4554, "2018-06-30": 0.17, "2018-03-31": "-2.68160", "2017-12-31": 9.3232, "2017-09-30": 0.7441, "2017-06-30": -0.5887, "2017-03-31": "-0.82580", "2016-12-31": 6.7558, "2016-09-30": 2.9867, "2016-06-30": 0.3027, "2016-03-31": "-1.88300", "2015-12-31": 7.1666, "2015-09-30": 2.0152, "2015-06-30": 0.7504, "2015-03-31": "-0.96200", "2014-12-31": 5.6523, "2014-09-30": 0.8573, "2014-06-30": 0.9199, "2014-03-31": "-1.64610", "2013-12-31": 5.5622, "2013-09-30": 1.1282, "2013-06-30": 1.0533, "2013-03-31": "-0.79670", "2012-12-31": 4.2575, "2012-09-30": 0.539, "2012-06-30": 0.5805, "2012-03-31": "-0.00180", "2011-12-31": 4.641, "2011-09-30": 0.9274, "2011-06-30": -0.3139, "2011-03-31": "-0.61170", "2010-12-31": 4.7595, "2010-09-30": 0.699, "2010-06-30": 0.3379, "2010-03-31": "-0.89360", "2009-12-31": 4.1245, "2009-09-30": 1.0996, "2009-06-30": 1.097, "2009-03-31": "-0.74250", "2008-12-31": 3.6734, "2008-09-30": 1.0417, "2008-06-30": 1.2995, "2008-03-31": "-1.58580", "2007-12-31": 4.3456, "2007-09-30": 0.6576, "2007-06-30": 0.8886, "2007-03-31": "-1.03220", "2006-12-31": 3.8893, "2006-09-30": 0.5993, "2006-06-30": 0.2583, "2006-03-31": "0.28400", "2005-12-31": 3.576, "2005-09-30": 0.7164, "2005-06-30": 0.3908, "2005-03-31": "-1.95040"}, "Free Cash Flow Per Share": {"2020-09-30": 0.8622, "2020-06-30": 0.5014, "2020-03-31": "-4.66020", "2019-12-31": 9.3472, "2019-09-30": 1.0443, "2019-06-30": -0.5664, "2019-03-31": "-1.88580", "2018-12-31": 8.278, "2018-09-30": 1.3347, "2018-06-30": -0.0673, "2018-03-31": "-2.83800", "2017-12-31": 9.1217, "2017-09-30": 0.5689, "2017-06-30": -0.7432, "2017-03-31": "-0.96150", "2016-12-31": 6.485, "2016-09-30": 2.8916, "2016-06-30": 0.1484, "2016-03-31": "-2.05470", "2015-12-31": 6.9357, "2015-09-30": 1.8538, "2015-06-30": 0.4705, "2015-03-31": "-1.11640", "2014-12-31": 5.3659, "2014-09-30": 0.6638, "2014-06-30": 0.7281, "2014-03-31": "-1.80870", "2013-12-31": 5.2225, "2013-09-30": 0.92, "2013-06-30": 0.9323, "2013-03-31": "-0.94190", "2012-12-31": 4.0104, "2012-09-30": 0.3629, "2012-06-30": 0.3298, "2012-03-31": "-0.16610", "2011-12-31": 4.3921, "2011-09-30": 0.8074, "2011-06-30": -0.4646, "2011-03-31": "-0.74690", "2010-12-31": 4.5763, "2010-09-30": 0.5813, "2010-06-30": 0.2134, "2010-03-31": "-0.97460", "2009-12-31": 4.0035, "2009-09-30": 1.005, "2009-06-30": 0.9677, "2009-03-31": "-0.81830", "2008-12-31": 3.488, "2008-09-30": 0.8431, "2008-06-30": 1.1413, "2008-03-31": "-1.71760", "2007-12-31": 4.1579, "2007-09-30": 0.4736, "2007-06-30": 0.6867, "2007-03-31": "-1.13620", "2006-12-31": 3.7258, "2006-09-30": 0.4619, "2006-06-30": 0.1403, "2006-03-31": "0.18980", "2005-12-31": 3.4112, "2005-09-30": 0.6165, "2005-06-30": 0.2889, "2005-03-31": "-2.03230"}}, "revenue": {"Omnicom Group Annual Revenue (Millions of US $)": {"2019": "$14,954", "2018": "$15,290", "2017": "$15,274", "2016": "$15,417", "2015": "$15,134", "2014": "$15,318", "2013": "$14,585", "2012": "$14,219", "2011": "$13,873", "2010": "$12,543", "2009": "$11,721", "2008": "$13,360", "2007": "$12,694", "2006": "$11,377", "2005": "$10,481"}, "Omnicom Group Quarterly Revenue (Millions of US $)": {"2020-09-30": "$3,207", "2020-06-30": "$2,801", "2020-03-31": "$3,407", "2019-12-31": "$4,141", "2019-09-30": "$3,624", "2019-06-30": "$3,720", "2019-03-31": "$3,469", "2018-12-31": "$4,087", "2018-09-30": "$3,714", "2018-06-30": "$3,860", "2018-03-31": "$3,630", "2017-12-31": "$4,177", "2017-09-30": "$3,720", "2017-06-30": "$3,790", "2017-03-31": "$3,587", "2016-12-31": "$4,242", "2016-09-30": "$3,791", "2016-06-30": "$3,885", "2016-03-31": "$3,499", "2015-12-31": "$4,153", "2015-09-30": "$3,707", "2015-06-30": "$3,805", "2015-03-31": "$3,469", "2014-12-31": "$4,195", "2014-09-30": "$3,750", "2014-06-30": "$3,871", "2014-03-31": "$3,502", "2013-12-31": "$4,058", "2013-09-30": "$3,491", "2013-06-30": "$3,637", "2013-03-31": "$3,399", "2012-12-31": "$3,945", "2012-09-30": "$3,407", "2012-06-30": "$3,561", "2012-03-31": "$3,307", "2011-12-31": "$3,853", "2011-09-30": "$3,381", "2011-06-30": "$3,487", "2011-03-31": "$3,151", "2010-12-31": "$3,587", "2010-09-30": "$2,995", "2010-06-30": "$3,041", "2010-03-31": "$2,920", "2009-12-31": "$3,266", "2009-09-30": "$2,838", "2009-06-30": "$2,871", "2009-03-31": "$2,747", "2008-12-31": "$3,371", "2008-09-30": "$3,316", "2008-06-30": "$3,477", "2008-03-31": "$3,195", "2007-12-31": "$3,626", "2007-09-30": "$3,101", "2007-06-30": "$3,126", "2007-03-31": "$2,841", "2006-12-31": "$3,216", "2006-09-30": "$2,774", "2006-06-30": "$2,823", "2006-03-31": "$2,563", "2005-12-31": "$2,939", "2005-09-30": "$2,523", "2005-06-30": "$2,616", "2005-03-31": "$2,403"}}, "gross-profit": {"Omnicom Group Annual Gross Profit (Millions of US $)": {"2019": "$2,760", "2018": "$2,853", "2017": "$2,806", "2016": "$2,767", "2015": "$2,643", "2014": "$2,716", "2013": "$3,860", "2012": "$3,813", "2011": "$3,596", "2010": "$3,328", "2009": "$3,270", "2008": "$3,800", "2007": "$3,686", "2006": "$3,289", "2005": "$3,068"}, "Omnicom Group Quarterly Gross Profit (Millions of US $)": {"2020-09-30": "$646", "2020-06-30": "$202", "2020-03-31": "$564", "2019-12-31": "$800", "2019-09-30": "$628", "2019-06-30": "$739", "2019-03-31": "$592", "2018-12-31": "$808", "2018-09-30": "$682", "2018-06-30": "$767", "2018-03-31": "$597", "2017-12-31": "$818", "2017-09-30": "$638", "2017-06-30": "$753", "2017-03-31": "$597", "2016-12-31": "$817", "2016-09-30": "$630", "2016-06-30": "$746", "2016-03-31": "$574", "2015-12-31": "$764", "2015-09-30": "$604", "2015-06-30": "$721", "2015-03-31": "$554", "2014-12-31": "$-176", "2014-09-30": "$936", "2014-06-30": "$1,076", "2014-03-31": "$879", "2013-12-31": "$1,067", "2013-09-30": "$905", "2013-06-30": "$1,030", "2013-03-31": "$858", "2012-12-31": "$1,029", "2012-09-30": "$891", "2012-06-30": "$1,020", "2012-03-31": "$873", "2011-12-31": "$972", "2011-09-30": "$876", "2011-06-30": "$1,015", "2011-03-31": "$733", "2010-12-31": "$899", "2010-09-30": "$784", "2010-06-30": "$888", "2010-03-31": "$758", "2009-12-31": "$893", "2009-09-30": "$785", "2009-06-30": "$859", "2009-03-31": "$733", "2008-12-31": "$960", "2008-09-30": "$911", "2008-06-30": "$1,061", "2008-03-31": "$869", "2007-12-31": "$1,089", "2007-09-30": "$853", "2007-06-30": "$954", "2007-03-31": "$790", "2006-12-31": "$942", "2006-09-30": "$765", "2006-06-30": "$864", "2006-03-31": "$718", "2005-12-31": "$889", "2005-09-30": "$695", "2005-06-30": "$813", "2005-03-31": "$672"}}, "operating-income": {"Omnicom Group Annual Operating Income (Millions of US $)": {"2019": "$2,122", "2018": "$2,134", "2017": "$2,084", "2016": "$2,031", "2015": "$1,920", "2014": "$1,944", "2013": "$1,825", "2012": "$1,804", "2011": "$1,671", "2010": "$1,460", "2009": "$1,375", "2008": "$1,689", "2007": "$1,659", "2006": "$1,484", "2005": "$1,340"}, "Omnicom Group Quarterly Operating Income (Millions of US $)": {"2020-09-30": "$501", "2020-06-30": "$63", "2020-03-31": "$420", "2019-12-31": "$646", "2019-09-30": "$473", "2019-06-30": "$574", "2019-03-31": "$429", "2018-12-31": "$627", "2018-09-30": "$502", "2018-06-30": "$582", "2018-03-31": "$422", "2017-12-31": "$626", "2017-09-30": "$470", "2017-06-30": "$572", "2017-03-31": "$416", "2016-12-31": "$624", "2016-09-30": "$453", "2016-06-30": "$562", "2016-03-31": "$392", "2015-12-31": "$576", "2015-09-30": "$428", "2015-06-30": "$539", "2015-03-31": "$378", "2014-12-31": "$579", "2014-09-30": "$434", "2014-06-30": "$548", "2014-03-31": "$383", "2013-12-31": "$551", "2013-09-30": "$379", "2013-06-30": "$523", "2013-03-31": "$372", "2012-12-31": "$548", "2012-09-30": "$387", "2012-06-30": "$506", "2012-03-31": "$363", "2011-12-31": "$487", "2011-09-30": "$373", "2011-06-30": "$488", "2011-03-31": "$322", "2010-12-31": "$440", "2010-09-30": "$314", "2010-06-30": "$415", "2010-03-31": "$291", "2009-12-31": "$400", "2009-09-30": "$295", "2009-06-30": "$398", "2009-03-31": "$282", "2008-12-31": "$448", "2008-09-30": "$373", "2008-06-30": "$517", "2008-03-31": "$351", "2007-12-31": "$532", "2007-09-30": "$350", "2007-06-30": "$462", "2007-03-31": "$316", "2006-12-31": "$474", "2006-09-30": "$307", "2006-06-30": "$417", "2006-03-31": "$284", "2005-12-31": "$426", "2005-09-30": "$275", "2005-06-30": "$382", "2005-03-31": "$257"}}, "ebitda": {"Omnicom Group Annual EBITDA (Millions of US $)": {"2019": "$2,339", "2018": "$2,385", "2017": "$2,353", "2016": "$2,308", "2015": "$2,202", "2014": "$2,231", "2013": "$2,103", "2012": "$2,087", "2011": "$1,945", "2010": "$1,713", "2009": "$1,618", "2008": "$1,925", "2007": "$1,936", "2006": "$1,745", "2005": "$1,602"}, "Omnicom Group Quarterly EBITDA (Millions of US $)": {"2020-09-30": "$555", "2020-06-30": "$118", "2020-03-31": "$473", "2019-12-31": "$697", "2019-09-30": "$529", "2019-06-30": "$628", "2019-03-31": "$485", "2018-12-31": "$685", "2018-09-30": "$565", "2018-06-30": "$647", "2018-03-31": "$488", "2017-12-31": "$697", "2017-09-30": "$525", "2017-06-30": "$643", "2017-03-31": "$488", "2016-12-31": "$693", "2016-09-30": "$514", "2016-06-30": "$635", "2016-03-31": "$466", "2015-12-31": "$644", "2015-09-30": "$498", "2015-06-30": "$610", "2015-03-31": "$450", "2014-12-31": "$649", "2014-09-30": "$508", "2014-06-30": "$621", "2014-03-31": "$454", "2013-12-31": "$621", "2013-09-30": "$449", "2013-06-30": "$592", "2013-03-31": "$441", "2012-12-31": "$626", "2012-09-30": "$457", "2012-06-30": "$574", "2012-03-31": "$430", "2011-12-31": "$558", "2011-09-30": "$442", "2011-06-30": "$557", "2011-03-31": "$387", "2010-12-31": "$507", "2010-09-30": "$377", "2010-06-30": "$477", "2010-03-31": "$353", "2009-12-31": "$469", "2009-09-30": "$355", "2009-06-30": "$442", "2009-03-31": "$353", "2008-12-31": "$464", "2008-09-30": "$450", "2008-06-30": "$588", "2008-03-31": "$423", "2007-12-31": "$605", "2007-09-30": "$420", "2007-06-30": "$530", "2007-03-31": "$382", "2006-12-31": "$545", "2006-09-30": "$373", "2006-06-30": "$482", "2006-03-31": "$344", "2005-12-31": "$493", "2005-09-30": "$337", "2005-06-30": "$447", "2005-03-31": "$325"}}, "net-income": {"Omnicom Group Annual Net Income (Millions of US $)": {"2019": "$1,339", "2018": "$1,326", "2017": "$1,087", "2016": "$1,142", "2015": "$1,082", "2014": "$1,084", "2013": "$966", "2012": "$976", "2011": "$942", "2010": "$820", "2009": "$784", "2008": "$987", "2007": "$963", "2006": "$864", "2005": "$791"}, "Omnicom Group Quarterly Net Income (Millions of US $)": {"2020-09-30": "$313", "2020-06-30": "$-24", "2020-03-31": "$258", "2019-12-31": "$415", "2019-09-30": "$290", "2019-06-30": "$371", "2019-03-31": "$263", "2018-12-31": "$399", "2018-09-30": "$299", "2018-06-30": "$364", "2018-03-31": "$264", "2017-12-31": "$254", "2017-09-30": "$263", "2017-06-30": "$328", "2017-03-31": "$241", "2016-12-31": "$349", "2016-09-30": "$253", "2016-06-30": "$324", "2016-03-31": "$217", "2015-12-31": "$328", "2015-09-30": "$237", "2015-06-30": "$310", "2015-03-31": "$206", "2014-12-31": "$324", "2014-09-30": "$240", "2014-06-30": "$319", "2014-03-31": "$201", "2013-12-31": "$293", "2013-09-30": "$191", "2013-06-30": "$282", "2013-03-31": "$200", "2012-12-31": "$300", "2012-09-30": "$199", "2012-06-30": "$276", "2012-03-31": "$200", "2011-12-31": "$268", "2011-09-30": "$201", "2011-06-30": "$272", "2011-03-31": "$200", "2010-12-31": "$238", "2010-09-30": "$175", "2010-06-30": "$243", "2010-03-31": "$163", "2009-12-31": "$220", "2009-09-30": "$166", "2009-06-30": "$233", "2009-03-31": "$165", "2008-12-31": "$258", "2008-09-30": "$214", "2008-06-30": "$307", "2008-03-31": "$209", "2007-12-31": "$301", "2007-09-30": "$202", "2007-06-30": "$277", "2007-03-31": "$183", "2006-12-31": "$277", "2006-09-30": "$177", "2006-06-30": "$244", "2006-03-31": "$166", "2005-12-31": "$253", "2005-09-30": "$162", "2005-06-30": "$226", "2005-03-31": "$151"}}, "eps-earnings-per-share-diluted": {"Omnicom Group Annual EPS": {"2019": "$6.06", "2018": "$5.83", "2017": "$4.65", "2016": "$4.78", "2015": "$4.41", "2014": "$4.24", "2013": "$3.71", "2012": "$3.61", "2011": "$3.33", "2010": "$2.70", "2009": "$2.53", "2008": "$3.14", "2007": "$2.93", "2006": "$2.50", "2005": "$2.18"}, "Omnicom Group Quarterly EPS": {"2020-09-30": "$1.45", "2020-06-30": "$-0.11", "2020-03-31": "$1.19", "2019-12-31": "$1.89", "2019-09-30": "$1.32", "2019-06-30": "$1.68", "2019-03-31": "$1.17", "2018-12-31": "$1.77", "2018-09-30": "$1.32", "2018-06-30": "$1.60", "2018-03-31": "$1.14", "2017-12-31": "$1.10", "2017-09-30": "$1.13", "2017-06-30": "$1.40", "2017-03-31": "$1.02", "2016-12-31": "$1.46", "2016-09-30": "$1.06", "2016-06-30": "$1.36", "2016-03-31": "$0.90", "2015-12-31": "$1.35", "2015-09-30": "$0.97", "2015-06-30": "$1.26", "2015-03-31": "$0.83", "2014-12-31": "$1.29", "2014-09-30": "$0.95", "2014-06-30": "$1.23", "2014-03-31": "$0.77", "2013-12-31": "$1.12", "2013-09-30": "$0.74", "2013-06-30": "$1.09", "2013-03-31": "$0.76", "2012-12-31": "$1.13", "2012-09-30": "$0.74", "2012-06-30": "$1.02", "2012-03-31": "$0.72", "2011-12-31": "$0.96", "2011-09-30": "$0.72", "2011-06-30": "$0.96", "2011-03-31": "$0.69", "2010-12-31": "$0.82", "2010-09-30": "$0.57", "2010-06-30": "$0.79", "2010-03-31": "$0.52", "2009-12-31": "$0.72", "2009-09-30": "$0.53", "2009-06-30": "$0.75", "2009-03-31": "$0.53", "2008-12-31": "$0.87", "2008-09-30": "$0.68", "2008-06-30": "$0.95", "2008-03-31": "$0.64", "2007-12-31": "$0.92", "2007-09-30": "$0.62", "2007-06-30": "$0.84", "2007-03-31": "$0.55", "2006-12-31": "$0.81", "2006-09-30": "$0.52", "2006-06-30": "$0.71", "2006-03-31": "$0.47", "2005-12-31": "$0.70", "2005-09-30": "$0.45", "2005-06-30": "$0.62", "2005-03-31": "$0.41"}}, "shares-outstanding": {"Omnicom Group Annual Shares Outstanding (Millions of Shares)": {"2019": "221", "2018": "228", "2017": "234", "2016": "239", "2015": "245", "2014": "255", "2013": "260", "2012": "270", "2011": "283", "2010": "304", "2009": "310", "2008": "315", "2007": "329", "2006": "346", "2005": "363"}, "Omnicom Group Quarterly Shares Outstanding (Millions of Shares)": {"2020-09-30": "216", "2020-06-30": "215", "2020-03-31": "218", "2019-12-31": "221", "2019-09-30": "219", "2019-06-30": "221", "2019-03-31": "224", "2018-12-31": "228", "2018-09-30": "226", "2018-06-30": "228", "2018-03-31": "232", "2017-12-31": "234", "2017-09-30": "233", "2017-06-30": "234", "2017-03-31": "237", "2016-12-31": "239", "2016-09-30": "239", "2016-06-30": "239", "2016-03-31": "241", "2015-12-31": "245", "2015-09-30": "244", "2015-06-30": "246", "2015-03-31": "247", "2014-12-31": "255", "2014-09-30": "252", "2014-06-30": "258", "2014-03-31": "261", "2013-12-31": "260", "2013-09-30": "260", "2013-06-30": "259", "2013-03-31": "263", "2012-12-31": "270", "2012-09-30": "269", "2012-06-30": "272", "2012-03-31": "278", "2011-12-31": "283", "2011-09-30": "281", "2011-06-30": "284", "2011-03-31": "289", "2010-12-31": "304", "2010-09-30": "304", "2010-06-30": "307", "2010-03-31": "311", "2009-12-31": "310", "2009-09-30": "312", "2009-06-30": "309", "2009-03-31": "308", "2008-12-31": "315", "2008-09-30": "310", "2008-06-30": "320", "2008-03-31": "320", "2007-12-31": "329", "2007-09-30": "328", "2007-06-30": "331", "2007-03-31": "336", "2006-12-31": "346", "2006-09-30": "342", "2006-06-30": "344", "2006-03-31": "356", "2005-12-31": "363", "2005-09-30": "361", "2005-06-30": "366", "2005-03-31": "368"}}, "total-assets": {"Omnicom Group Annual Total Assets (Millions of US $)": {"2019": "$26,783", "2018": "$24,617", "2017": "$24,931", "2016": "$23,165", "2015": "$22,111", "2014": "$21,428", "2013": "$22,099", "2012": "$22,152", "2011": "$20,505", "2010": "$19,566", "2009": "$17,921", "2008": "$17,318", "2007": "$19,272", "2006": "$17,805", "2005": "$15,920"}, "Omnicom Group Quarterly Total Assets (Millions of US $)": {"2020-09-30": "$23,780", "2020-06-30": "$22,641", "2020-03-31": "$23,676", "2019-12-31": "$26,783", "2019-09-30": "$23,654", "2019-06-30": "$25,042", "2019-03-31": "$25,211", "2018-12-31": "$24,617", "2018-09-30": "$22,488", "2018-06-30": "$22,170", "2018-03-31": "$23,513", "2017-12-31": "$24,931", "2017-09-30": "$22,208", "2017-06-30": "$22,163", "2017-03-31": "$22,237", "2016-12-31": "$23,165", "2016-09-30": "$21,402", "2016-06-30": "$20,935", "2016-03-31": "$21,068", "2015-12-31": "$22,111", "2015-09-30": "$20,457", "2015-06-30": "$20,776", "2015-03-31": "$20,071", "2014-12-31": "$21,428", "2014-09-30": "$19,969", "2014-06-30": "$21,219", "2014-03-31": "$21,088", "2013-12-31": "$22,099", "2013-09-30": "$20,871", "2013-06-30": "$20,525", "2013-03-31": "$20,908", "2012-12-31": "$22,152", "2012-09-30": "$20,798", "2012-06-30": "$20,107", "2012-03-31": "$19,824", "2011-12-31": "$20,505", "2011-09-30": "$18,936", "2011-06-30": "$19,157", "2011-03-31": "$19,169", "2010-12-31": "$19,566", "2010-09-30": "$18,283", "2010-06-30": "$16,329", "2010-03-31": "$16,830", "2009-12-31": "$17,921", "2009-09-30": "$16,201", "2009-06-30": "$15,885", "2009-03-31": "$15,561", "2008-12-31": "$17,318", "2008-09-30": "$17,339", "2008-06-30": "$18,684", "2008-03-31": "$18,437", "2007-12-31": "$19,272", "2007-09-30": "$18,133", "2007-06-30": "$17,362", "2007-03-31": "$17,144", "2006-12-31": "$17,805", "2006-09-30": "$16,326", "2006-06-30": "$16,453", "2006-03-31": "$16,661", "2005-12-31": "$15,920", "2005-09-30": "$14,834", "2005-06-30": "$14,714", "2005-03-31": "$15,050"}}, "cash-on-hand": {"Omnicom Group Annual Cash on Hand (Millions of US $)": {"2019": "$4,309", "2018": "$3,658", "2017": "$3,796", "2016": "$3,023", "2015": "$2,620", "2014": "$2,390", "2013": "$2,729", "2012": "$2,699", "2011": "$1,805", "2010": "$2,300", "2009": "$1,595", "2008": "$1,112", "2007": "$1,841", "2006": "$1,929", "2005": "$1,210"}, "Omnicom Group Quarterly Cash on Hand (Millions of US $)": {"2020-09-30": "$3,278", "2020-06-30": "$3,281", "2020-03-31": "$2,694", "2019-12-31": "$4,309", "2019-09-30": "$2,446", "2019-06-30": "$2,904", "2019-03-31": "$3,455", "2018-12-31": "$3,658", "2018-09-30": "$2,106", "2018-06-30": "$1,919", "2018-03-31": "$2,570", "2017-12-31": "$3,796", "2017-09-30": "$1,851", "2017-06-30": "$1,874", "2017-03-31": "$2,486", "2016-12-31": "$3,023", "2016-09-30": "$1,969", "2016-06-30": "$1,537", "2016-03-31": "$1,750", "2015-12-31": "$2,620", "2015-09-30": "$1,430", "2015-06-30": "$1,362", "2015-03-31": "$1,532", "2014-12-31": "$2,390", "2014-09-30": "$850", "2014-06-30": "$1,545", "2014-03-31": "$2,089", "2013-12-31": "$2,729", "2013-09-30": "$1,534", "2013-06-30": "$1,415", "2013-03-31": "$2,090", "2012-12-31": "$2,699", "2012-09-30": "$1,973", "2012-06-30": "$1,680", "2012-03-31": "$1,509", "2011-12-31": "$1,805", "2011-09-30": "$912", "2011-06-30": "$1,003", "2011-03-31": "$1,518", "2010-12-31": "$2,300", "2010-09-30": "$1,698", "2010-06-30": "$543", "2010-03-31": "$908", "2009-12-31": "$1,595", "2009-09-30": "$613", "2009-06-30": "$412", "2009-03-31": "$427", "2008-12-31": "$1,112", "2008-09-30": "$553", "2008-06-30": "$959", "2008-03-31": "$863", "2007-12-31": "$1,841", "2007-09-30": "$635", "2007-06-30": "$821", "2007-03-31": "$1,065", "2006-12-31": "$1,929", "2006-09-30": "$849", "2006-06-30": "$1,135", "2006-03-31": "$1,862", "2005-12-31": "$1,210", "2005-09-30": "$410", "2005-06-30": "$365", "2005-03-31": "$605"}}, "long-term-debt": {"Omnicom Group Annual Long Term Debt (Millions of US $)": {"2019": "$4,532", "2018": "$4,384", "2017": "$4,913", "2016": "$4,921", "2015": "$3,564", "2014": "$4,542", "2013": "$4,033", "2012": "$4,449", "2011": "$3,183", "2010": "$3,125", "2009": "$2,221", "2008": "$3,054", "2007": "$3,055", "2006": "$3,055", "2005": "$2,358"}, "Omnicom Group Quarterly Long Term Debt (Millions of US $)": {"2020-09-30": "$5,762", "2020-06-30": "$5,714", "2020-03-31": "$5,093", "2019-12-31": "$4,532", "2019-09-30": "$4,507", "2019-06-30": "$4,026", "2019-03-31": "$4,402", "2018-12-31": "$4,384", "2018-09-30": "$4,358", "2018-06-30": "$4,867", "2018-03-31": "$4,885", "2017-12-31": "$4,913", "2017-09-30": "$4,927", "2017-06-30": "$4,930", "2017-03-31": "$4,915", "2016-12-31": "$4,921", "2016-09-30": "$5,007", "2016-06-30": "$5,022", "2016-03-31": "$3,613", "2015-12-31": "$3,564", "2015-09-30": "$3,602", "2015-06-30": "$3,548", "2015-03-31": "$4,594", "2014-12-31": "$4,542", "2014-09-30": "$3,779", "2014-06-30": "$3,785", "2014-03-31": "$3,779", "2013-12-31": "$4,033", "2013-09-30": "$4,035", "2013-06-30": "$4,038", "2013-03-31": "$4,446", "2012-12-31": "$4,449", "2012-09-30": "$4,451", "2012-06-30": "$3,926", "2012-03-31": "$3,181", "2011-12-31": "$3,183", "2011-09-30": "$3,184", "2011-06-30": "$3,147", "2011-03-31": "$3,115", "2010-12-31": "$3,125", "2010-09-30": "$2,905", "2010-06-30": "$1,902", "2010-03-31": "$2,215", "2009-12-31": "$2,221", "2009-09-30": "$2,236", "2009-06-30": "$2,414", "2009-03-31": "$2,718", "2008-12-31": "$3,054", "2008-09-30": "$3,054", "2008-06-30": "$3,055", "2008-03-31": "$3,055", "2007-12-31": "$3,055", "2007-09-30": "$3,057", "2007-06-30": "$3,055", "2007-03-31": "$3,055", "2006-12-31": "$3,055", "2006-09-30": "$3,055", "2006-06-30": "$3,220", "2006-03-31": "$3,352", "2005-12-31": "$2,358", "2005-09-30": "$2,358", "2005-06-30": "$2,358", "2005-03-31": "$2,358"}}, "total-liabilities": {"Omnicom Group Annual Total Liabilities (Millions of US $)": {"2019": "$23,410", "2018": "$21,510", "2017": "$21,779", "2016": "$20,506", "2015": "$19,221", "2014": "$18,107", "2013": "$18,031", "2012": "$18,196", "2011": "$16,526", "2010": "$15,673", "2009": "$13,468", "2008": "$13,565", "2007": "$15,180", "2006": "$13,933", "2005": "$11,972"}, "Omnicom Group Quarterly Total Liabilities (Millions of US $)": {"2020-09-30": "$20,658", "2020-06-30": "$19,780", "2020-03-31": "$20,751", "2019-12-31": "$23,410", "2019-09-30": "$20,666", "2019-06-30": "$22,083", "2019-03-31": "$22,242", "2018-12-31": "$21,510", "2018-09-30": "$19,542", "2018-06-30": "$19,311", "2018-03-31": "$20,296", "2017-12-31": "$21,779", "2017-09-30": "$19,166", "2017-06-30": "$19,404", "2017-03-31": "$19,571", "2016-12-31": "$20,506", "2016-09-30": "$18,575", "2016-06-30": "$18,162", "2016-03-31": "$18,160", "2015-12-31": "$19,221", "2015-09-30": "$17,554", "2015-06-30": "$17,692", "2015-03-31": "$17,238", "2014-12-31": "$18,107", "2014-09-30": "$16,457", "2014-06-30": "$17,271", "2014-03-31": "$16,882", "2013-12-31": "$18,031", "2013-09-30": "$17,063", "2013-06-30": "$17,016", "2013-03-31": "$17,250", "2012-12-31": "$18,196", "2012-09-30": "$16,951", "2012-06-30": "$16,371", "2012-03-31": "$15,771", "2011-12-31": "$16,526", "2011-09-30": "$15,023", "2011-06-30": "$15,130", "2011-03-31": "$15,184", "2010-12-31": "$15,673", "2010-09-30": "$13,881", "2010-06-30": "$12,317", "2010-03-31": "$12,665", "2009-12-31": "$13,468", "2009-09-30": "$11,929", "2009-06-30": "$11,799", "2009-03-31": "$12,023", "2008-12-31": "$13,565", "2008-09-30": "$13,678", "2008-06-30": "$14,422", "2008-03-31": "$14,401", "2007-12-31": "$15,180", "2007-09-30": "$14,262", "2007-06-30": "$13,676", "2007-03-31": "$13,503", "2006-12-31": "$13,933", "2006-09-30": "$12,639", "2006-06-30": "$12,820", "2006-03-31": "$12,891", "2005-12-31": "$11,972", "2005-09-30": "$10,998", "2005-06-30": "$10,907", "2005-03-31": "$11,197"}}, "total-share-holder-equity": {"Omnicom Group Annual Share Holder Equity (Millions of US $)": {"2019": "$3,374", "2018": "$3,107", "2017": "$3,152", "2016": "$2,660", "2015": "$2,889", "2014": "$3,321", "2013": "$4,068", "2012": "$3,956", "2011": "$3,980", "2010": "$3,893", "2009": "$4,453", "2008": "$3,753", "2007": "$4,092", "2006": "$3,871", "2005": "$3,948"}, "Omnicom Group Quarterly Share Holder Equity (Millions of US $)": {"2020-09-30": "$3,122", "2020-06-30": "$2,861", "2020-03-31": "$2,925", "2019-12-31": "$3,374", "2019-09-30": "$2,988", "2019-06-30": "$2,959", "2019-03-31": "$2,970", "2018-12-31": "$3,107", "2018-09-30": "$2,946", "2018-06-30": "$2,859", "2018-03-31": "$3,217", "2017-12-31": "$3,152", "2017-09-30": "$3,042", "2017-06-30": "$2,759", "2017-03-31": "$2,667", "2016-12-31": "$2,660", "2016-09-30": "$2,827", "2016-06-30": "$2,773", "2016-03-31": "$2,907", "2015-12-31": "$2,889", "2015-09-30": "$2,904", "2015-06-30": "$3,084", "2015-03-31": "$2,833", "2014-12-31": "$3,321", "2014-09-30": "$3,511", "2014-06-30": "$3,949", "2014-03-31": "$4,206", "2013-12-31": "$4,068", "2013-09-30": "$3,808", "2013-06-30": "$3,509", "2013-03-31": "$3,658", "2012-12-31": "$3,956", "2012-09-30": "$3,847", "2012-06-30": "$3,735", "2012-03-31": "$4,053", "2011-12-31": "$3,980", "2011-09-30": "$3,913", "2011-06-30": "$4,027", "2011-03-31": "$3,984", "2010-12-31": "$3,893", "2010-09-30": "$4,402", "2010-06-30": "$4,012", "2010-03-31": "$4,165", "2009-12-31": "$4,453", "2009-09-30": "$4,273", "2009-06-30": "$4,087", "2009-03-31": "$3,538", "2008-12-31": "$3,753", "2008-09-30": "$3,661", "2008-06-30": "$4,262", "2008-03-31": "$4,037", "2007-12-31": "$4,092", "2007-09-30": "$3,872", "2007-06-30": "$3,686", "2007-03-31": "$3,642", "2006-12-31": "$3,871", "2006-09-30": "$3,687", "2006-06-30": "$3,634", "2006-03-31": "$3,770", "2005-12-31": "$3,948", "2005-09-30": "$3,836", "2005-06-30": "$3,808", "2005-03-31": "$3,853"}}, "profit-margins": {"current": "7.1%"}, "gross margin": {"2020-09-30": "16.32%", "2020-06-30": "15.70%", "2020-03-31": "18.34%", "2019-12-31": "18.45%", "2019-09-30": "18.57%", "2019-06-30": "18.82%", "2019-03-31": "18.83%", "2018-12-31": "18.66%", "2018-09-30": "18.62%", "2018-06-30": "18.33%", "2018-03-31": "18.32%", "2017-12-31": "18.37%", "2017-09-30": "18.29%", "2017-06-30": "18.15%", "2017-03-31": "17.99%", "2016-12-31": "17.95%", "2016-09-30": "17.71%", "2016-06-30": "17.63%", "2016-03-31": "17.56%", "2015-12-31": "17.46%", "2015-09-30": "11.22%", "2015-06-30": "13.37%", "2015-03-31": "15.64%", "2014-12-31": "17.72%", "2014-09-30": "26.07%", "2014-06-30": "26.32%", "2014-03-31": "26.42%", "2013-12-31": "26.47%", "2013-09-30": "26.41%", "2013-06-30": "26.47%", "2013-03-31": "26.54%", "2012-12-31": "26.81%", "2012-09-30": "26.59%", "2012-06-30": "26.53%", "2012-03-31": "26.63%", "2011-12-31": "25.92%", "2011-09-30": "25.89%", "2011-06-30": "25.95%", "2011-03-31": "25.87%", "2010-12-31": "26.54%", "2010-09-30": "27.19%", "2010-06-30": "27.55%", "2010-03-31": "27.70%", "2009-12-31": "27.90%", "2009-09-30": "28.22%", "2009-06-30": "28.14%", "2009-03-31": "28.39%", "2008-12-31": "28.45%", "2008-09-30": "28.87%", "2008-06-30": "28.90%", "2008-03-31": "28.85%", "2007-12-31": "29.04%", "2007-09-30": "28.81%", "2007-06-30": "28.86%", "2007-03-31": "28.83%", "2006-12-31": "28.90%", "2006-09-30": "29.15%", "2006-06-30": "29.18%", "2006-03-31": "29.27%", "2005-12-31": "29.28%"}, "operating margin": {"2020-09-30": "12.02%", "2020-06-30": "11.46%", "2020-03-31": "14.19%", "2019-12-31": "14.19%", "2019-09-30": "14.11%", "2019-06-30": "14.22%", "2019-03-31": "14.14%", "2018-12-31": "13.95%", "2018-09-30": "13.86%", "2018-06-30": "13.65%", "2018-03-31": "13.64%", "2017-12-31": "13.64%", "2017-09-30": "13.57%", "2017-06-30": "13.40%", "2017-03-31": "13.25%", "2016-12-31": "13.17%", "2016-09-30": "12.94%", "2016-06-30": "12.84%", "2016-03-31": "12.76%", "2015-12-31": "12.69%", "2015-09-30": "12.68%", "2015-06-30": "12.68%", "2015-03-31": "12.69%", "2014-12-31": "12.69%", "2014-09-30": "12.62%", "2014-06-30": "12.47%", "2014-03-31": "12.50%", "2013-12-31": "12.51%", "2013-09-30": "12.59%", "2013-06-30": "12.72%", "2013-03-31": "12.67%", "2012-12-31": "12.69%", "2012-09-30": "12.34%", "2012-06-30": "12.26%", "2012-03-31": "12.20%", "2011-12-31": "12.04%", "2011-09-30": "11.93%", "2011-06-30": "11.83%", "2011-03-31": "11.67%", "2010-12-31": "11.64%", "2010-09-30": "11.62%", "2010-06-30": "11.61%", "2010-03-31": "11.64%", "2009-12-31": "11.73%", "2009-09-30": "12.03%", "2009-06-30": "12.20%", "2009-03-31": "12.55%", "2008-12-31": "12.64%", "2008-09-30": "13.02%", "2008-06-30": "13.06%", "2008-03-31": "12.99%", "2007-12-31": "13.08%", "2007-09-30": "13.04%", "2007-06-30": "13.04%", "2007-03-31": "12.99%", "2006-12-31": "13.03%", "2006-09-30": "12.92%", "2006-06-30": "12.92%", "2006-03-31": "12.85%", "2005-12-31": "12.79%"}, "ebitda margin": {"2020-09-30": "13.60%", "2020-06-30": "13.00%", "2020-03-31": "15.63%", "2019-12-31": "15.64%", "2019-09-30": "15.62%", "2019-06-30": "15.76%", "2019-03-31": "15.74%", "2018-12-31": "15.60%", "2018-09-30": "15.58%", "2018-06-30": "15.32%", "2018-03-31": "15.36%", "2017-12-31": "15.41%", "2017-09-30": "15.31%", "2017-06-30": "15.17%", "2017-03-31": "15.03%", "2016-12-31": "14.97%", "2016-09-30": "14.74%", "2016-06-30": "14.71%", "2016-03-31": "14.63%", "2015-12-31": "14.55%", "2015-09-30": "14.54%", "2015-06-30": "14.57%", "2015-03-31": "14.58%", "2014-12-31": "14.57%", "2014-09-30": "14.52%", "2014-06-30": "14.37%", "2014-03-31": "14.40%", "2013-12-31": "14.41%", "2013-09-30": "14.56%", "2013-06-30": "14.71%", "2013-03-31": "14.66%", "2012-12-31": "14.68%", "2012-09-30": "14.29%", "2012-06-30": "14.21%", "2012-03-31": "14.16%", "2011-12-31": "14.01%", "2011-09-30": "13.91%", "2011-06-30": "13.83%", "2011-03-31": "13.68%", "2010-12-31": "13.66%", "2010-09-30": "13.71%", "2010-06-30": "13.71%", "2010-03-31": "13.60%", "2009-12-31": "13.80%", "2009-09-30": "13.64%", "2009-06-30": "13.88%", "2009-03-31": "14.37%", "2008-12-31": "14.41%", "2008-09-30": "15.18%", "2008-06-30": "15.20%", "2008-03-31": "15.16%", "2007-12-31": "15.26%", "2007-09-30": "15.28%", "2007-06-30": "15.30%", "2007-03-31": "15.29%", "2006-12-31": "15.33%", "2006-09-30": "15.24%", "2006-06-30": "15.27%", "2006-03-31": "15.23%", "2005-12-31": "15.28%"}, "pre tax profit margin": {"2020-09-30": "10.70%", "2020-06-30": "10.17%", "2020-03-31": "12.96%", "2019-12-31": "12.97%", "2019-09-30": "12.79%", "2019-06-30": "12.86%", "2019-03-31": "12.78%", "2018-12-31": "12.59%", "2018-09-30": "12.53%", "2018-06-30": "12.35%", "2018-03-31": "12.34%", "2017-12-31": "12.34%", "2017-09-30": "12.19%", "2017-06-30": "12.09%", "2017-03-31": "12.00%", "2016-12-31": "11.95%", "2016-09-30": "11.87%", "2016-06-30": "11.81%", "2016-03-31": "11.78%", "2015-12-31": "11.75%", "2015-09-30": "11.79%", "2015-06-30": "11.82%", "2015-03-31": "11.84%", "2014-12-31": "11.82%", "2014-09-30": "11.67%", "2014-06-30": "11.44%", "2014-03-31": "11.40%", "2013-12-31": "11.39%", "2013-09-30": "11.46%", "2013-06-30": "11.59%", "2013-03-31": "11.58%", "2012-12-31": "11.67%", "2012-09-30": "11.39%", "2012-06-30": "11.37%", "2012-03-31": "11.36%", "2011-12-31": "11.17%", "2011-09-30": "11.03%", "2011-06-30": "10.92%", "2011-03-31": "10.76%", "2010-12-31": "10.77%", "2010-09-30": "10.75%", "2010-06-30": "10.74%", "2010-03-31": "10.76%", "2009-12-31": "10.87%", "2009-09-30": "11.22%", "2009-06-30": "11.49%", "2009-03-31": "11.90%", "2008-12-31": "12.09%", "2008-09-30": "12.55%", "2008-06-30": "12.59%", "2008-03-31": "12.48%", "2007-12-31": "12.49%", "2007-09-30": "12.35%", "2007-06-30": "12.27%", "2007-03-31": "12.18%", "2006-12-31": "12.24%", "2006-09-30": "12.17%", "2006-06-30": "12.24%", "2006-03-31": "12.25%", "2005-12-31": "12.21%"}, "net profit margin": {"2020-09-30": "7.10%", "2020-06-30": "6.72%", "2020-03-31": "8.96%", "2019-12-31": "8.95%", "2019-09-30": "8.88%", "2019-06-30": "8.89%", "2019-03-31": "8.76%", "2018-12-31": "8.67%", "2018-09-30": "7.68%", "2018-06-30": "7.44%", "2018-03-31": "7.24%", "2017-12-31": "7.11%", "2017-09-30": "7.70%", "2017-06-30": "7.60%", "2017-03-31": "7.53%", "2016-12-31": "7.41%", "2016-09-30": "7.32%", "2016-06-30": "7.26%", "2016-03-31": "7.20%", "2015-12-31": "7.14%", "2015-09-30": "7.10%", "2015-06-30": "7.10%", "2015-03-31": "7.12%", "2014-12-31": "7.08%", "2014-09-30": "6.94%", "2014-06-30": "6.73%", "2014-03-31": "6.58%", "2013-12-31": "6.62%", "2013-09-30": "6.72%", "2013-06-30": "6.82%", "2013-03-31": "6.81%", "2012-12-31": "6.86%", "2012-09-30": "6.67%", "2012-06-30": "6.70%", "2012-03-31": "6.71%", "2011-12-31": "6.78%", "2011-09-30": "6.70%", "2011-06-30": "6.69%", "2011-03-31": "6.70%", "2010-12-31": "6.53%", "2010-09-30": "6.55%", "2010-06-30": "6.56%", "2010-03-31": "6.57%", "2009-12-31": "6.69%", "2009-09-30": "6.95%", "2009-06-30": "7.07%", "2009-03-31": "7.31%", "2008-12-31": "7.40%", "2008-09-30": "7.57%", "2008-06-30": "7.61%", "2008-03-31": "7.58%", "2007-12-31": "7.59%", "2007-09-30": "7.64%", "2007-06-30": "7.64%", "2007-03-31": "7.56%", "2006-12-31": "7.59%", "2006-09-30": "7.57%", "2006-06-30": "7.61%", "2006-03-31": "7.58%", "2005-12-31": "7.56%"}, "pe ratio": {"current": "12.64", "2021-02-05": "14.90", "2020-09-30": "11.08", "2020-06-30": "12.44", "2020-03-31": "8.72", "2019-12-31": "12.77", "2019-09-30": "12.49", "2019-06-30": "12.97", "2019-03-31": "11.61", "2018-12-31": "11.61", "2018-09-30": "12.11", "2018-06-30": "13.97", "2018-03-31": "13.76", "2017-12-31": "14.04", "2017-09-30": "13.09", "2017-06-30": "14.75", "2017-03-31": "15.36", "2016-12-31": "15.44", "2016-09-30": "15.72", "2016-06-30": "15.26", "2016-03-31": "15.83", "2015-12-31": "14.53", "2015-09-30": "12.72", "2015-06-30": "13.37", "2015-03-31": "14.97", "2014-12-31": "14.99", "2014-09-30": "13.79", "2014-06-30": "14.92", "2014-03-31": "15.71", "2013-12-31": "16.06", "2013-09-30": "13.62", "2013-06-30": "13.41", "2013-03-31": "12.72", "2012-12-31": "10.84", "2012-09-30": "11.67", "2012-06-30": "11.00", "2012-03-31": "11.59", "2011-12-31": "10.23", "2011-09-30": "8.75", "2011-06-30": "11.92", "2011-03-31": "12.79", "2010-12-31": "12.62", "2010-09-30": "11.25", "2010-06-30": "9.88", "2010-03-31": "11.25", "2009-12-31": "11.20", "2009-09-30": "9.94", "2009-06-30": "7.99", "2009-03-31": "5.51", "2008-12-31": "6.08", "2008-09-30": "8.45", "2008-06-30": "10.01", "2008-03-31": "10.21", "2007-12-31": "11.34", "2007-09-30": "12.04", "2007-06-30": "13.70", "2007-03-31": "13.88", "2006-12-31": "14.59"}, "price sales": {"2021-02-05": "1.06", "2020-09-30": "0.79", "2020-06-30": "0.83", "2020-03-31": "0.78", "2019-12-31": "1.15", "2019-09-30": "1.11", "2019-06-30": "1.15", "2019-03-31": "1.02", "2018-12-31": "1.01", "2018-09-30": "0.93", "2018-06-30": "1.04", "2018-03-31": "1.00", "2017-12-31": "1.00", "2017-09-30": "1.01", "2017-06-30": "1.12", "2017-03-31": "1.16", "2016-12-31": "1.15", "2016-09-30": "1.15", "2016-06-30": "1.11", "2016-03-31": "1.14", "2015-12-31": "1.04", "2015-09-30": "0.91", "2015-06-30": "0.95", "2015-03-31": "1.07", "2014-12-31": "1.07", "2014-09-30": "0.96", "2014-06-30": "1.01", "2014-03-31": "1.04", "2013-12-31": "1.07", "2013-09-30": "0.92", "2013-06-30": "0.92", "2013-03-31": "0.87", "2012-12-31": "0.75", "2012-09-30": "0.78", "2012-06-30": "0.74", "2012-03-31": "0.78", "2011-12-31": "0.70", "2011-09-30": "0.60", "2011-06-30": "0.81", "2011-03-31": "0.87", "2010-12-31": "0.83", "2010-09-30": "0.74", "2010-06-30": "0.65", "2010-03-31": "0.75", "2009-12-31": "0.76", "2009-09-30": "0.71", "2009-06-30": "0.58", "2009-03-31": "0.41", "2008-12-31": "0.46", "2008-09-30": "0.65", "2008-06-30": "0.77", "2008-03-31": "0.79", "2007-12-31": "0.88", "2007-09-30": "0.92", "2007-06-30": "1.05", "2007-03-31": "1.05", "2006-12-31": "1.11"}, "price book": {"current": "4.54", "2021-02-05": "4.54", "2020-09-30": "3.37", "2020-06-30": "4.01", "2020-03-31": "3.88", "2019-12-31": "4.98", "2019-09-30": "5.41", "2019-06-30": "5.66", "2019-03-31": "5.05", "2018-12-31": "4.88", "2018-09-30": "4.74", "2018-06-30": "5.44", "2018-03-31": "4.63", "2017-12-31": "4.75", "2017-09-30": "4.98", "2017-06-30": "6.10", "2017-03-31": "6.58", "2016-12-31": "6.53", "2016-09-30": "6.12", "2016-06-30": "5.96", "2016-03-31": "5.80", "2015-12-31": "5.32", "2015-09-30": "4.63", "2015-06-30": "4.57", "2015-03-31": "5.58", "2014-12-31": "4.74", "2014-09-30": "3.99", "2014-06-30": "3.68", "2014-03-31": "3.60", "2013-12-31": "3.78", "2013-09-30": "3.42", "2013-06-30": "3.66", "2013-03-31": "3.28", "2012-12-31": "2.59", "2012-09-30": "2.76", "2012-06-30": "2.68", "2012-03-31": "2.62", "2011-12-31": "2.34", "2011-09-30": "1.97", "2011-06-30": "2.52", "2011-03-31": "2.60", "2010-12-31": "2.51", "2010-09-30": "2.01", "2010-06-30": "1.91", "2010-03-31": "2.11", "2009-12-31": "1.99", "2009-09-30": "1.96", "2009-06-30": "1.74", "2009-03-31": "1.49", "2008-12-31": "1.58", "2008-09-30": "2.34", "2008-06-30": "2.39", "2008-03-31": "2.49", "2007-12-31": "2.65", "2007-09-30": "2.86", "2007-06-30": "3.31", "2007-03-31": "3.26", "2006-12-31": "1.59", "2006-09-30": "3.03", "2006-06-30": "2.93", "2006-03-31": "2.61"}, "price fcf": {"2021-02-05": "", "2020-09-30": "$6.05", "2020-06-30": "$6.23", "2020-03-31": "$5.16", "2019-12-31": "$7.94", "2019-09-30": "$6.87", "2019-06-30": "$7.16", "2019-03-31": "$7.66", "2018-12-31": "$6.71", "2018-09-30": "$7.55", "2018-06-30": "$6.79", "2018-03-31": "$6.11", "2017-12-31": "$7.99", "2017-09-30": "$5.35", "2017-06-30": "$7.67", "2017-03-31": "$8.56", "2016-12-31": "$7.47", "2016-09-30": "$7.92", "2016-06-30": "$6.88", "2016-03-31": "$7.21", "2015-12-31": "$8.14", "2015-09-30": "$6.57", "2015-06-30": "$5.38", "2015-03-31": "$5.64", "2014-12-31": "$4.95", "2014-09-30": "$4.81", "2014-06-30": "$5.06", "2014-03-31": "$5.27", "2013-12-31": "$6.13", "2013-09-30": "$4.92", "2013-06-30": "$4.36", "2013-03-31": "$3.76", "2012-12-31": "$4.54", "2012-09-30": "$4.92", "2012-06-30": "$5.36", "2012-03-31": "$4.57", "2011-12-31": "$3.99", "2011-09-30": "$4.17", "2011-06-30": "$3.95", "2011-03-31": "$4.62", "2010-12-31": "$4.40", "2010-09-30": "$3.82", "2010-06-30": "$4.25", "2010-03-31": "$5.00", "2009-12-31": "$5.16", "2009-09-30": "$4.64", "2009-06-30": "$4.48", "2009-03-31": "$4.65", "2008-12-31": "$3.75", "2008-09-30": "$4.42", "2008-06-30": "$4.06", "2008-03-31": "$3.60", "2007-12-31": "$4.18", "2007-09-30": "$3.75", "2007-06-30": "$3.74", "2007-03-31": "$3.19", "2006-12-31": "$4.52"}, "net worth": {"value": "$14.16B"}, "current ratio": {"current": "0.98", "2020-09-30": "0.98", "2020-06-30": "0.96", "2020-03-31": "0.92", "2019-12-31": "0.91", "2019-09-30": "0.88", "2019-06-30": "0.85", "2019-03-31": "0.88", "2018-12-31": "0.90", "2018-09-30": "0.87", "2018-06-30": "0.89", "2018-03-31": "0.91", "2017-12-31": "0.93", "2017-09-30": "0.91", "2017-06-30": "0.89", "2017-03-31": "0.90", "2016-12-31": "0.91", "2016-09-30": "0.91", "2016-06-30": "0.89", "2016-03-31": "0.82", "2015-12-31": "0.84", "2015-09-30": "0.83", "2015-06-30": "0.84", "2015-03-31": "0.90", "2014-12-31": "0.92", "2014-09-30": "0.86", "2014-06-30": "0.89", "2014-03-31": "0.92", "2013-12-31": "0.95", "2013-09-30": "0.93", "2013-06-30": "0.92", "2013-03-31": "0.97", "2012-12-31": "0.98", "2012-09-30": "0.97", "2012-06-30": "0.92", "2012-03-31": "0.89", "2011-12-31": "0.89", "2011-09-30": "0.88", "2011-06-30": "0.87", "2011-03-31": "0.88", "2010-12-31": "0.93", "2010-09-30": "0.93", "2010-06-30": "0.81", "2010-03-31": "0.85", "2009-12-31": "0.87", "2009-09-30": "0.83", "2009-06-30": "0.83", "2009-03-31": "0.84", "2008-12-31": "0.88", "2008-09-30": "0.87", "2008-06-30": "0.92", "2008-03-31": "0.92", "2007-12-31": "0.94", "2007-09-30": "0.90", "2007-06-30": "0.90", "2007-03-31": "0.91", "2006-12-31": "0.94", "2006-09-30": "0.93", "2006-06-30": "0.95", "2006-03-31": "1.00", "2005-12-31": "0.92", "2005-09-30": "0.90", "2005-06-30": "0.90", "2005-03-31": "0.90"}, "quick ratio": {"2020-09-30": "0.88", "2020-06-30": "0.86", "2020-03-31": "0.82", "2019-12-31": "0.83", "2019-09-30": "0.77", "2019-06-30": "0.76", "2019-03-31": "0.79", "2018-12-31": "0.82", "2018-09-30": "0.77", "2018-06-30": "0.78", "2018-03-31": "0.81", "2017-12-31": "0.86", "2017-09-30": "0.79", "2017-06-30": "0.79", "2017-03-31": "0.79", "2016-12-31": "0.83", "2016-09-30": "0.79", "2016-06-30": "0.78", "2016-03-31": "0.71", "2015-12-31": "0.76", "2015-09-30": "0.71", "2015-06-30": "0.72", "2015-03-31": "0.77", "2014-12-31": "0.82", "2014-09-30": "0.73", "2014-06-30": "0.77", "2014-03-31": "0.79", "2013-12-31": "0.84", "2013-09-30": "0.81", "2013-06-30": "0.80", "2013-03-31": "0.86", "2012-12-31": "0.90", "2012-09-30": "0.91", "2012-06-30": "0.86", "2012-03-31": "0.82", "2011-12-31": "0.81", "2011-09-30": "0.80", "2011-06-30": "0.80", "2011-03-31": "0.80", "2010-12-31": "0.86", "2010-09-30": "0.86", "2010-06-30": "0.73", "2010-03-31": "0.78", "2009-12-31": "0.81", "2009-09-30": "0.75", "2009-06-30": "0.76", "2009-03-31": "0.76", "2008-12-31": "0.81", "2008-09-30": "0.77", "2008-06-30": "0.00", "2008-03-31": "0.00", "2007-12-31": "0.86", "2007-09-30": "0.00", "2007-06-30": "0.00", "2007-03-31": "0.00", "2006-12-31": "0.00", "2006-09-30": "0.00", "2006-06-30": "0.00", "2006-03-31": "0.00", "2005-12-31": "0.00", "2005-09-30": "0.00", "2005-06-30": "0.00", "2005-03-31": "0.00"}, "debt equity ratio": {"current": "1.85", "2020-09-30": "6.62", "2020-06-30": "6.91", "2020-03-31": "7.10", "2019-12-31": "6.94", "2019-09-30": "6.92", "2019-06-30": "7.46", "2019-03-31": "7.49", "2018-12-31": "6.92", "2018-09-30": "6.63", "2018-06-30": "6.76", "2018-03-31": "6.31", "2017-12-31": "6.91", "2017-09-30": "6.30", "2017-06-30": "7.03", "2017-03-31": "7.34", "2016-12-31": "7.71", "2016-09-30": "6.57", "2016-06-30": "6.55", "2016-03-31": "6.25", "2015-12-31": "6.65", "2015-09-30": "6.05", "2015-06-30": "5.74", "2015-03-31": "6.09", "2014-12-31": "5.45", "2014-09-30": "4.69", "2014-06-30": "4.37", "2014-03-31": "4.01", "2013-12-31": "4.43", "2013-09-30": "4.48", "2013-06-30": "4.85", "2013-03-31": "4.72", "2012-12-31": "4.60", "2012-09-30": "4.41", "2012-06-30": "4.38", "2012-03-31": "3.89", "2011-12-31": "4.15", "2011-09-30": "3.84", "2011-06-30": "3.76", "2011-03-31": "3.81", "2010-12-31": "4.03", "2010-09-30": "3.15", "2010-06-30": "3.07", "2010-03-31": "3.04", "2009-12-31": "3.03", "2009-09-30": "2.79", "2009-06-30": "2.89", "2009-03-31": "3.40", "2008-12-31": "3.61", "2008-09-30": "3.74", "2008-06-30": "3.38", "2008-03-31": "3.57", "2007-12-31": "3.71", "2007-09-30": "3.68", "2007-06-30": "3.71", "2007-03-31": "3.71", "2006-12-31": "3.60", "2006-09-30": "3.43", "2006-06-30": "3.53", "2006-03-31": "3.42", "2005-12-31": "3.03", "2005-09-30": "2.87", "2005-06-30": "2.87", "2005-03-31": "2.91"}, "return on equity": {"2020-09-30": "31.33%", "2020-06-30": "30.92%", "2020-03-31": "43.57%", "2019-12-31": "43.58%", "2019-09-30": "44.01%", "2019-06-30": "44.47%", "2019-03-31": "44.61%", "2018-12-31": "43.73%", "2018-09-30": "38.80%", "2018-06-30": "37.33%", "2018-03-31": "36.45%", "2017-12-31": "37.38%", "2017-09-30": "42.45%", "2017-06-30": "42.92%", "2017-03-31": "42.72%", "2016-12-31": "40.94%", "2016-09-30": "39.38%", "2016-06-30": "38.56%", "2016-03-31": "37.07%", "2015-12-31": "36.93%", "2015-09-30": "35.48%", "2015-06-30": "33.89%", "2015-03-31": "32.00%", "2014-12-31": "28.93%", "2014-09-30": "26.77%", "2014-06-30": "25.05%", "2014-03-31": "24.81%", "2013-12-31": "25.69%", "2013-09-30": "26.07%", "2013-06-30": "26.21%", "2013-03-31": "25.66%", "2012-12-31": "25.01%", "2012-09-30": "24.16%", "2012-06-30": "24.11%", "2012-03-31": "23.56%", "2011-12-31": "23.67%", "2011-09-30": "23.04%", "2011-06-30": "21.71%", "2011-03-31": "21.02%", "2010-12-31": "19.89%", "2010-09-30": "18.81%", "2010-06-30": "18.74%", "2010-03-31": "18.42%", "2009-12-31": "19.18%", "2009-09-30": "21.01%", "2009-06-30": "23.14%", "2009-03-31": "24.82%", "2008-12-31": "25.15%", "2008-09-30": "25.69%", "2008-06-30": "25.06%", "2008-03-31": "25.22%", "2007-12-31": "25.19%", "2007-09-30": "24.92%", "2007-06-30": "24.56%", "2007-03-31": "23.76%", "2006-12-31": "23.10%", "2006-09-30": "22.34%", "2006-06-30": "21.73%", "2006-03-31": "21.01%", "2005-12-31": "20.51%"}, "return on assets": {"2020-09-30": "3.97%", "2020-06-30": "3.88%", "2020-03-31": "5.38%", "2019-12-31": "5.32%", "2019-09-30": "5.37%", "2019-06-30": "5.47%", "2019-03-31": "5.61%", "2018-12-31": "5.72%", "2018-09-30": "5.07%", "2018-06-30": "4.93%", "2018-03-31": "4.78%", "2017-12-31": "4.75%", "2017-09-30": "5.26%", "2017-06-30": "5.26%", "2017-03-31": "5.32%", "2016-12-31": "5.28%", "2016-09-30": "5.25%", "2016-06-30": "5.23%", "2016-03-31": "5.17%", "2015-12-31": "5.18%", "2015-09-30": "5.21%", "2015-06-30": "5.25%", "2015-03-31": "5.27%", "2014-12-31": "5.18%", "2014-09-30": "4.99%", "2014-06-30": "4.71%", "2014-03-31": "4.57%", "2013-12-31": "4.58%", "2013-09-30": "4.61%", "2013-06-30": "4.65%", "2013-03-31": "4.64%", "2012-12-31": "4.71%", "2012-09-30": "4.64%", "2012-06-30": "4.76%", "2012-03-31": "4.80%", "2011-12-31": "4.84%", "2011-09-30": "4.74%", "2011-06-30": "4.65%", "2011-03-31": "4.67%", "2010-12-31": "4.61%", "2010-09-30": "4.62%", "2010-06-30": "4.71%", "2010-03-31": "4.68%", "2009-12-31": "4.78%", "2009-09-30": "5.06%", "2009-06-30": "5.26%", "2009-03-31": "5.48%", "2008-12-31": "5.51%", "2008-09-30": "5.59%", "2008-06-30": "5.47%", "2008-03-31": "5.40%", "2007-12-31": "5.36%", "2007-09-30": "5.33%", "2007-06-30": "5.33%", "2007-03-31": "5.20%", "2006-12-31": "5.14%", "2006-09-30": "5.14%", "2006-06-30": "5.17%", "2006-03-31": "5.20%", "2005-12-31": "5.23%"}, "return on investments": {"2020-09-30": "19.52%", "2020-06-30": "20.02%", "2020-03-31": "27.80%", "2019-12-31": "28.52%", "2019-09-30": "28.67%", "2019-06-30": "29.25%", "2019-03-31": "28.64%", "2018-12-31": "27.86%", "2018-09-30": "27.34%", "2018-06-30": "26.36%", "2018-03-31": "26.27%", "2017-12-31": "26.63%", "2017-09-30": "27.02%", "2017-06-30": "26.92%", "2017-03-31": "26.70%", "2016-12-31": "27.33%", "2016-09-30": "27.73%", "2016-06-30": "28.71%", "2016-03-31": "29.64%", "2015-12-31": "28.44%", "2015-09-30": "27.07%", "2015-06-30": "26.43%", "2015-03-31": "25.59%", "2014-12-31": "25.19%", "2014-09-30": "24.64%", "2014-06-30": "23.51%", "2014-03-31": "23.33%", "2013-12-31": "23.10%", "2013-09-30": "22.85%", "2013-06-30": "22.63%", "2013-03-31": "22.34%", "2012-12-31": "22.84%", "2012-09-30": "22.97%", "2012-06-30": "23.72%", "2012-03-31": "23.87%", "2011-12-31": "23.41%", "2011-09-30": "22.87%", "2011-06-30": "21.88%", "2011-03-31": "21.82%", "2010-12-31": "21.94%", "2010-09-30": "21.62%", "2010-06-30": "22.00%", "2010-03-31": "21.24%", "2009-12-31": "21.20%", "2009-09-30": "21.83%", "2009-06-30": "22.85%", "2009-03-31": "23.91%", "2008-12-31": "24.19%", "2008-09-30": "25.09%", "2008-06-30": "24.58%", "2008-03-31": "24.29%", "2007-12-31": "24.14%", "2007-09-30": "23.48%", "2007-06-30": "23.01%", "2007-03-31": "22.25%", "2006-12-31": "21.44%", "2006-09-30": "21.23%", "2006-06-30": "21.18%", "2006-03-31": "21.20%", "2005-12-31": "21.55%"}, "return on tangible equity": {"2020-09-30": "-14.63%", "2020-06-30": "-14.27%", "2020-03-31": "-20.22%", "2019-12-31": "-20.15%", "2019-09-30": "-19.72%", "2019-06-30": "-19.69%", "2019-03-31": "-19.44%", "2018-12-31": "-19.41%", "2018-09-30": "-17.35%", "2018-06-30": "-16.94%", "2018-03-31": "-16.50%", "2017-12-31": "-16.17%", "2017-09-30": "-17.46%", "2017-06-30": "-17.32%", "2017-03-31": "-17.30%", "2016-12-31": "-17.12%", "2016-09-30": "-17.20%", "2016-06-30": "-17.32%", "2016-03-31": "-17.59%", "2015-12-31": "-17.67%", "2015-09-30": "-17.78%", "2015-06-30": "-18.11%", "2015-03-31": "-18.65%", "2014-12-31": "-19.40%", "2014-09-30": "-19.41%", "2014-06-30": "-18.76%", "2014-03-31": "-18.02%", "2013-12-31": "-17.73%", "2013-09-30": "-17.77%", "2013-06-30": "-18.02%", "2013-03-31": "-18.16%", "2012-12-31": "-18.60%", "2012-09-30": "-18.34%", "2012-06-30": "-18.75%", "2012-03-31": "-19.04%", "2011-12-31": "-19.16%", "2011-09-30": "-19.29%", "2011-06-30": "-20.17%", "2011-03-31": "-20.98%", "2010-12-31": "-21.72%", "2010-09-30": "-22.41%", "2010-06-30": "-22.27%", "2010-03-31": "-22.17%", "2009-12-31": "-21.94%", "2009-09-30": "-22.56%", "2009-06-30": "-23.17%", "2009-03-31": "-25.15%", "2008-12-31": "-26.61%", "2008-09-30": "-28.27%", "2008-06-30": "-28.61%", "2008-03-31": "-27.85%", "2007-12-31": "-27.60%", "2007-09-30": "-27.50%", "2007-06-30": "-27.51%", "2007-03-31": "-27.03%", "2006-12-31": "-27.49%", "2006-09-30": "-27.74%", "2006-06-30": "-28.48%", "2006-03-31": "-29.40%", "2005-12-31": "-29.65%"}, "dividend yield history": {"last payout": "$2.60", "last yield": "3.95%"}}