{"ticker": "ON", "price": {"title": "ON Semiconductor Historical Annual Stock Price Data", "value": 38.39, "historical": {"2020": {"Average Stock Price": "21.2773", "Year Open": "25.0600", "Year High": "32.7300", "Year Low": "8.4500", "Year Close": "32.7300", "Annual % Change": "34.25%"}, "2019": {"Average Stock Price": "20.4073", "Year Open": "16.7800", "Year High": "24.5500", "Year Low": "15.6500", "Year Close": "24.3800", "Annual % Change": "47.67%"}, "2018": {"Average Stock Price": "21.7300", "Year Open": "21.8100", "Year High": "26.8000", "Year Low": "14.6200", "Year Close": "16.5100", "Annual % Change": "-21.16%"}, "2017": {"Average Stock Price": "16.5108", "Year Open": "12.6900", "Year High": "21.9400", "Year Low": "12.6900", "Year Close": "20.9400", "Annual % Change": "64.11%"}, "2016": {"Average Stock Price": "10.1006", "Year Open": "9.7000", "Year High": "13.1300", "Year Low": "7.0500", "Year Close": "12.7600", "Annual % Change": "30.20%"}, "2015": {"Average Stock Price": "11.0912", "Year Open": "10.2000", "Year High": "13.2600", "Year Low": "8.8900", "Year Close": "9.8000", "Annual % Change": "-3.26%"}, "2014": {"Average Stock Price": "9.0266", "Year Open": "8.0100", "Year High": "10.2200", "Year Low": "6.9400", "Year Close": "10.1300", "Annual % Change": "22.94%"}, "2013": {"Average Stock Price": "7.7446", "Year Open": "7.3700", "Year High": "8.6800", "Year Low": "6.8300", "Year Close": "8.2400", "Annual % Change": "16.88%"}, "2012": {"Average Stock Price": "7.3300", "Year Open": "7.7700", "Year High": "9.5000", "Year Low": "5.8200", "Year Close": "7.0500", "Annual % Change": "-8.68%"}, "2011": {"Average Stock Price": "9.1995", "Year Open": "9.8700", "Year High": "11.7900", "Year Low": "6.5750", "Year Close": "7.7200", "Annual % Change": "-21.86%"}, "2010": {"Average Stock Price": "7.6419", "Year Open": "8.8700", "Year High": "9.9200", "Year Low": "6.1600", "Year Close": "9.8800", "Annual % Change": "12.02%"}, "2009": {"Average Stock Price": "6.4332", "Year Open": "3.8300", "Year High": "9.0700", "Year Low": "3.2000", "Year Close": "8.8200", "Annual % Change": "159.41%"}, "2008": {"Average Stock Price": "6.9414", "Year Open": "8.5800", "Year High": "10.5600", "Year Low": "2.6000", "Year Close": "3.4000", "Annual % Change": "-61.71%"}, "2007": {"Average Stock Price": "10.4083", "Year Open": "7.5000", "Year High": "12.9900", "Year Low": "7.5000", "Year Close": "8.8800", "Annual % Change": "17.31%"}, "2006": {"Average Stock Price": "6.4069", "Year Open": "5.7700", "Year High": "7.8200", "Year Low": "5.1800", "Year Close": "7.5700", "Annual % Change": "36.89%"}, "2005": {"Average Stock Price": "4.6616", "Year Open": "4.4400", "Year High": "6.1800", "Year Low": "2.8800", "Year Close": "5.5300", "Annual % Change": "21.81%"}, "2004": {"Average Stock Price": "5.1381", "Year Open": "6.3500", "Year High": "9.0000", "Year Low": "2.5700", "Year Close": "4.5400", "Annual % Change": "-29.94%"}, "2003": {"Average Stock Price": "3.1284", "Year Open": "1.4400", "Year High": "7.0500", "Year Low": "1.0300", "Year Close": "6.4800", "Annual % Change": "372.99%"}, "2002": {"Average Stock Price": "2.5450", "Year Open": "2.2500", "Year High": "5.9900", "Year Low": "0.9100", "Year Close": "1.3700", "Annual % Change": "-33.82%"}, "2001": {"Average Stock Price": "4.2583", "Year Open": "4.8750", "Year High": "8.2190", "Year Low": "1.3300", "Year Close": "2.0700", "Annual % Change": "-60.57%"}, "2000": {"Average Stock Price": "15.4442", "Year Open": "24.0000", "Year High": "24.0600", "Year Low": "4.2500", "Year Close": "5.2500", "Annual % Change": "0.00%"}}}, "market cap": {"value": "$15.79B"}, "income statement": {"Revenue": {"2019-12-31": "5517.90000", "2018-12-31": "5878.30000", "2017-12-31": "5543.10000", "2016-12-31": "3906.90000", "2015-12-31": "3495.80000", "2014-12-31": "3161.80000", "2013-12-31": "2782.70000", "2012-12-31": "2894.90000", "2011-12-31": "3442.30000", "2010-12-31": "2313.40000", "2009-12-31": "1768.90000", "2008-12-31": "2054.80000", "2007-12-31": "1566.20000", "2006-12-31": "1531.80000", "2005-12-31": "1260.60000"}, "Cost Of Goods Sold": {"2019-12-31": "3544.30000", "2018-12-31": "3639.60000", "2017-12-31": "3507.50000", "2016-12-31": "2606.40000", "2015-12-31": "2302.60000", "2014-12-31": "2076.90000", "2013-12-31": "1853.60000", "2012-12-31": "1948.60000", "2011-12-31": "2433.50000", "2010-12-31": "1357.40000", "2009-12-31": "1148.20000", "2008-12-31": "1309.30000", "2007-12-31": "975.70000", "2006-12-31": "942.80000", "2005-12-31": "842.10000"}, "Gross Profit": {"2019-12-31": "1973.60000", "2018-12-31": "2238.70000", "2017-12-31": "2035.60000", "2016-12-31": "1300.50000", "2015-12-31": "1193.20000", "2014-12-31": "1084.90000", "2013-12-31": "929.10000", "2012-12-31": "946.29990", "2011-12-31": "1008.80000", "2010-12-31": "955.99990", "2009-12-31": "620.70010", "2008-12-31": "745.50000", "2007-12-31": "590.49990", "2006-12-31": "589.00010", "2005-12-31": "418.49990"}, "Research And Development Expenses": {"2019-12-31": "640.90000", "2018-12-31": "650.70000", "2017-12-31": "594.70000", "2016-12-31": "446.80000", "2015-12-31": "396.70000", "2014-12-31": "366.60000", "2013-12-31": "334.20000", "2012-12-31": "367.50000", "2011-12-31": "362.50000", "2010-12-31": "248.00000", "2009-12-31": "198.80000", "2008-12-31": "233.90000", "2007-12-31": "133.00000", "2006-12-31": "101.20000", "2005-12-31": "93.70000"}, "SG&A Expenses": {"2019-12-31": "585.00000", "2018-12-31": "618.00000", "2017-12-31": "601.60000", "2016-12-31": "466.70000", "2015-12-31": "386.60000", "2014-12-31": "380.90000", "2013-12-31": "319.70000", "2012-12-31": "341.50000", "2011-12-31": "387.50000", "2010-12-31": "275.50000", "2009-12-31": "225.40000", "2008-12-31": "256.80000", "2007-12-31": "177.30000", "2006-12-31": "177.70000", "2005-12-31": "153.90000"}, "Other Operating Income Or Expenses": {"2019-12-31": "-169.50000", "2018-12-31": "", "2017-12-31": "", "2016-12-31": "", "2015-12-31": "-3.80000", "2014-12-31": "", "2013-12-31": "", "2012-12-31": "", "2011-12-31": "", "2010-12-31": "", "2009-12-31": "", "2008-12-31": "", "2007-12-31": "", "2006-12-31": "", "2005-12-31": ""}, "Operating Expenses": {"2019-12-31": "5085.20000", "2018-12-31": "5031.10000", "2017-12-31": "4861.50000", "2016-12-31": "3660.10000", "2015-12-31": "3234.70000", "2014-12-31": "2932.90000", "2013-12-31": "2573.80000", "2012-12-31": "2915.20000", "2011-12-31": "3328.90000", "2010-12-31": "1939.20000", "2009-12-31": "1626.30000", "2008-12-31": "2420.70000", "2007-12-31": "1289.00000", "2006-12-31": "1214.80000", "2005-12-31": "1093.00000"}, "Operating Income": {"2019-12-31": "432.69970", "2018-12-31": "847.19970", "2017-12-31": "681.60010", "2016-12-31": "246.80000", "2015-12-31": "261.09990", "2014-12-31": "228.90010", "2013-12-31": "208.90010", "2012-12-31": "-20.30010", "2011-12-31": "113.40010", "2010-12-31": "374.19980", "2009-12-31": "142.60000", "2008-12-31": "-365.90010", "2007-12-31": "277.20000", "2006-12-31": "317.00010", "2005-12-31": "167.59990"}, "Total Non-Operating Income/Expense": {"2019-12-31": "-156.10000", "2018-12-31": "-92.20000", "2017-12-31": "-134.10000", "2016-12-31": "-66.20000", "2015-12-31": "-41.30000", "2014-12-31": "-37.00000", "2013-12-31": "-38.90000", "2012-12-31": "-56.60000", "2011-12-31": "-75.60000", "2010-12-31": "-68.50000", "2009-12-31": "-71.60000", "2008-12-31": "-72.10000", "2007-12-31": "-64.50000", "2006-12-31": "-40.80000", "2005-12-31": "-59.00000"}, "Pre-Tax Income": {"2019-12-31": "276.60000", "2018-12-31": "755.00000", "2017-12-31": "547.50000", "2016-12-31": "180.60000", "2015-12-31": "219.80000", "2014-12-31": "191.90000", "2013-12-31": "170.00000", "2012-12-31": "-76.90000", "2011-12-31": "37.80000", "2010-12-31": "305.70000", "2009-12-31": "71.00000", "2008-12-31": "-438.00000", "2007-12-31": "212.70000", "2006-12-31": "276.20000", "2005-12-31": "108.60000"}, "Income Taxes": {"2019-12-31": "62.70000", "2018-12-31": "125.10000", "2017-12-31": "-265.50000", "2016-12-31": "-3.90000", "2015-12-31": "10.80000", "2014-12-31": "-0.20000", "2013-12-31": "16.40000", "2012-12-31": "16.00000", "2011-12-31": "22.90000", "2010-12-31": "12.80000", "2009-12-31": "7.70000", "2008-12-31": "-9.40000", "2007-12-31": "7.70000", "2006-12-31": "0.90000", "2005-12-31": "1.50000"}, "Income After Taxes": {"2019-12-31": "213.90000", "2018-12-31": "629.90000", "2017-12-31": "813.00000", "2016-12-31": "184.50000", "2015-12-31": "209.00000", "2014-12-31": "192.10000", "2013-12-31": "153.60000", "2012-12-31": "-92.90000", "2011-12-31": "14.90000", "2010-12-31": "292.90000", "2009-12-31": "63.30000", "2008-12-31": "-428.60000", "2007-12-31": "205.00000", "2006-12-31": "275.30000", "2005-12-31": "107.10000"}, "Other Income": {"2019-12-31": "", "2018-12-31": "", "2017-12-31": "", "2016-12-31": "", "2015-12-31": "", "2014-12-31": "", "2013-12-31": "", "2012-12-31": "", "2011-12-31": "", "2010-12-31": "", "2009-12-31": "", "2008-12-31": "", "2007-12-31": "", "2006-12-31": "", "2005-12-31": ""}, "Income From Continuous Operations": {"2019-12-31": "213.90000", "2018-12-31": "629.90000", "2017-12-31": "813.00000", "2016-12-31": "184.50000", "2015-12-31": "209.00000", "2014-12-31": "192.10000", "2013-12-31": "153.60000", "2012-12-31": "-92.90000", "2011-12-31": "14.90000", "2010-12-31": "292.90000", "2009-12-31": "63.30000", "2008-12-31": "-428.60000", "2007-12-31": "205.00000", "2006-12-31": "272.10000", "2005-12-31": "103.50000"}, "Income From Discontinued Operations": {"2019-12-31": "", "2018-12-31": "", "2017-12-31": "", "2016-12-31": "", "2015-12-31": "", "2014-12-31": "", "2013-12-31": "", "2012-12-31": "", "2011-12-31": "", "2010-12-31": "", "2009-12-31": "", "2008-12-31": "", "2007-12-31": "", "2006-12-31": "", "2005-12-31": ""}, "Net Income": {"2019-12-31": "211.70000", "2018-12-31": "627.40000", "2017-12-31": "810.70000", "2016-12-31": "182.10000", "2015-12-31": "206.20000", "2014-12-31": "189.70000", "2013-12-31": "150.40000", "2012-12-31": "-97.20000", "2011-12-31": "11.60000", "2010-12-31": "290.50000", "2009-12-31": "61.00000", "2008-12-31": "-428.90000", "2007-12-31": "203.60000", "2006-12-31": "272.10000", "2005-12-31": "62.30000"}, "EBITDA": {"2019-12-31": "1040.40000", "2018-12-31": "1375.90000", "2017-12-31": "1192.60000", "2016-12-31": "625.10010", "2015-12-31": "621.49990", "2014-12-31": "508.70010", "2013-12-31": "422.00020", "2012-12-31": "274.90000", "2011-12-31": "345.10020", "2010-12-31": "559.69980", "2009-12-31": "301.30000", "2008-12-31": "324.69980", "2007-12-31": "374.09990", "2006-12-31": "401.20010", "2005-12-31": "268.29990"}, "EBIT": {"2019-12-31": "432.69970", "2018-12-31": "847.19970", "2017-12-31": "681.60010", "2016-12-31": "246.80000", "2015-12-31": "261.09990", "2014-12-31": "228.90010", "2013-12-31": "208.90010", "2012-12-31": "-20.30010", "2011-12-31": "113.40010", "2010-12-31": "374.19980", "2009-12-31": "142.60000", "2008-12-31": "-365.90010", "2007-12-31": "277.20000", "2006-12-31": "317.00010", "2005-12-31": "167.59990"}, "Basic Shares Outstanding": {"2019-12-31": "410.90000", "2018-12-31": "423.80000", "2017-12-31": "421.90000", "2016-12-31": "415.20000", "2015-12-31": "421.20000", "2014-12-31": "439.50000", "2013-12-31": "447.90000", "2012-12-31": "452.60000", "2011-12-31": "446.70000", "2010-12-31": "431.00000", "2009-12-31": "420.80000", "2008-12-31": "379.00000", "2007-12-31": "290.80000", "2006-12-31": "319.80000", "2005-12-31": "263.30000"}, "Shares Outstanding": {"2019-12-31": "416.00000", "2018-12-31": "435.90000", "2017-12-31": "428.30000", "2016-12-31": "420.00000", "2015-12-31": "427.80000", "2014-12-31": "443.50000", "2013-12-31": "450.70000", "2012-12-31": "452.60000", "2011-12-31": "457.20000", "2010-12-31": "444.40000", "2009-12-31": "432.10000", "2008-12-31": "379.00000", "2007-12-31": "301.20000", "2006-12-31": "342.10000", "2005-12-31": "296.80000"}, "Basic EPS": {"2019-12-31": "0.52000", "2018-12-31": "1.48000", "2017-12-31": "1.92000", "2016-12-31": "0.44000", "2015-12-31": "0.49000", "2014-12-31": "0.43000", "2013-12-31": "0.34000", "2012-12-31": "-0.21000", "2011-12-31": "0.03000", "2010-12-31": "0.67000", "2009-12-31": "0.14000", "2008-12-31": "-1.13000", "2007-12-31": "0.70000", "2006-12-31": "0.85000", "2005-12-31": "0.24000"}, "EPS - Earnings Per Share": {"2019-12-31": "0.51000", "2018-12-31": "1.44000", "2017-12-31": "1.89000", "2016-12-31": "0.43000", "2015-12-31": "0.48000", "2014-12-31": "0.43000", "2013-12-31": "0.33000", "2012-12-31": "-0.21000", "2011-12-31": "0.03000", "2010-12-31": "0.65000", "2009-12-31": "0.14000", "2008-12-31": "-1.13000", "2007-12-31": "0.68000", "2006-12-31": "0.80000", "2005-12-31": "0.21000"}}, "income statement, quarterly": {"Revenue": {"2020-09-30": "1317.30000", "2020-06-30": "1213.50000", "2020-03-31": "1277.90000", "2019-12-31": "1401.80000", "2019-09-30": "1381.80000", "2019-06-30": "1347.70000", "2019-03-31": "1386.60000", "2018-12-31": "1503.10000", "2018-09-30": "1541.70000", "2018-06-30": "1455.90000", "2018-03-31": "1377.60000", "2017-12-31": "1377.50000", "2017-09-30": "1390.90000", "2017-06-30": "1338.00000", "2017-03-31": "1436.70000", "2016-12-31": "1261.00000", "2016-09-30": "950.90000", "2016-06-30": "877.80000", "2016-03-31": "817.20000", "2015-12-31": "840.30010", "2015-09-30": "904.20000", "2015-06-30": "880.50000", "2015-03-31": "870.80000", "2014-12-31": "864.20010", "2014-09-30": "833.50000", "2014-06-30": "757.60000", "2014-03-31": "706.50000", "2013-12-31": "717.99980", "2013-09-30": "715.40000", "2013-06-30": "688.30000", "2013-03-31": "661.00000", "2012-12-31": "680.19980", "2012-09-30": "725.50000", "2012-06-30": "744.80000", "2012-03-31": "744.40000", "2011-12-31": "767.90000", "2011-09-30": "898.00000", "2011-06-30": "905.80000", "2011-03-31": "870.60000", "2010-12-31": "579.19990", "2010-09-30": "600.70000", "2010-06-30": "583.30000", "2010-03-31": "550.20000", "2009-12-31": "497.10000", "2009-09-30": "472.90000", "2009-06-30": "419.80000", "2009-03-31": "379.10000", "2008-12-31": "488.70000", "2008-09-30": "581.50000", "2008-06-30": "562.70000", "2008-03-31": "421.90000", "2007-12-31": "407.89990", "2007-09-30": "402.90000", "2007-06-30": "381.20000", "2007-03-31": "374.20000", "2006-12-31": "401.60000", "2006-09-30": "420.90000", "2006-06-30": "375.30000", "2006-03-31": "334.00000", "2005-12-31": "341.80000", "2005-09-30": "313.60000", "2005-06-30": "302.80000", "2005-03-31": "302.40000"}, "Cost Of Goods Sold": {"2020-09-30": "876.10000", "2020-06-30": "839.20000", "2020-03-31": "875.20000", "2019-12-31": "916.10020", "2019-09-30": "906.60000", "2019-06-30": "848.70000", "2019-03-31": "872.90000", "2018-12-31": "933.40000", "2018-09-30": "945.10000", "2018-06-30": "900.90000", "2018-03-31": "860.20000", "2017-12-31": "861.00010", "2017-09-30": "866.90000", "2017-06-30": "846.00000", "2017-03-31": "933.60000", "2016-12-31": "872.89980", "2016-09-30": "621.90000", "2016-06-30": "569.90000", "2016-03-31": "541.70000", "2015-12-31": "560.40010", "2015-09-30": "595.70000", "2015-06-30": "576.10000", "2015-03-31": "570.40000", "2014-12-31": "586.49990", "2014-09-30": "552.60000", "2014-06-30": "479.50000", "2014-03-31": "458.30000", "2013-12-31": "474.39990", "2013-09-30": "466.20000", "2013-06-30": "456.50000", "2013-03-31": "456.50000", "2012-12-31": "475.40000", "2012-09-30": "487.50000", "2012-06-30": "486.50000", "2012-03-31": "499.20000", "2011-12-31": "528.69990", "2011-09-30": "636.90000", "2011-06-30": "639.70000", "2011-03-31": "628.20000", "2010-12-31": "341.60000", "2010-09-30": "354.20000", "2010-06-30": "339.50000", "2010-03-31": "322.10000", "2009-12-31": "302.50000", "2009-09-30": "297.10000", "2009-06-30": "281.60000", "2009-03-31": "267.00000", "2008-12-31": "303.00010", "2008-09-30": "359.90000", "2008-06-30": "371.10000", "2008-03-31": "275.30000", "2007-12-31": "255.60000", "2007-09-30": "247.30000", "2007-06-30": "235.20000", "2007-03-31": "237.60000", "2006-12-31": "243.90000", "2006-09-30": "260.50000", "2006-06-30": "222.10000", "2006-03-31": "216.30000", "2005-12-31": "222.10010", "2005-09-30": "209.50000", "2005-06-30": "204.30000", "2005-03-31": "206.20000"}, "Gross Profit": {"2020-09-30": "441.20010", "2020-06-30": "374.30000", "2020-03-31": "402.70000", "2019-12-31": "485.69950", "2019-09-30": "475.20010", "2019-06-30": "498.99990", "2019-03-31": "513.70000", "2018-12-31": "569.69980", "2018-09-30": "596.60000", "2018-06-30": "555.00000", "2018-03-31": "517.40000", "2017-12-31": "516.50010", "2017-09-30": "524.00000", "2017-06-30": "492.00000", "2017-03-31": "503.10000", "2016-12-31": "388.10020", "2016-09-30": "329.00000", "2016-06-30": "307.90000", "2016-03-31": "275.50000", "2015-12-31": "279.90000", "2015-09-30": "308.50000", "2015-06-30": "304.40000", "2015-03-31": "300.40000", "2014-12-31": "277.70010", "2014-09-30": "280.90000", "2014-06-30": "278.10000", "2014-03-31": "248.20000", "2013-12-31": "243.59990", "2013-09-30": "249.20000", "2013-06-30": "231.80000", "2013-03-31": "204.50000", "2012-12-31": "204.79990", "2012-09-30": "238.00000", "2012-06-30": "258.30000", "2012-03-31": "245.20000", "2011-12-31": "239.20010", "2011-09-30": "261.10000", "2011-06-30": "266.10000", "2011-03-31": "242.40000", "2010-12-31": "237.59990", "2010-09-30": "246.50000", "2010-06-30": "243.80000", "2010-03-31": "228.10000", "2009-12-31": "194.60000", "2009-09-30": "175.80000", "2009-06-30": "138.20000", "2009-03-31": "112.10000", "2008-12-31": "185.70000", "2008-09-30": "221.60000", "2008-06-30": "191.60000", "2008-03-31": "146.60000", "2007-12-31": "152.29990", "2007-09-30": "155.60000", "2007-06-30": "146.00000", "2007-03-31": "136.60000", "2006-12-31": "157.70010", "2006-09-30": "160.40000", "2006-06-30": "153.20000", "2006-03-31": "117.70000", "2005-12-31": "119.70000", "2005-09-30": "104.10000", "2005-06-30": "98.50000", "2005-03-31": "96.20000"}, "Research And Development Expenses": {"2020-09-30": "156.10000", "2020-06-30": "156.10000", "2020-03-31": "171.00000", "2019-12-31": "169.30000", "2019-09-30": "172.80000", "2019-06-30": "147.00000", "2019-03-31": "151.80000", "2018-12-31": "162.20000", "2018-09-30": "166.20000", "2018-06-30": "167.10000", "2018-03-31": "155.20000", "2017-12-31": "158.00000", "2017-09-30": "151.00000", "2017-06-30": "145.60000", "2017-03-31": "140.10000", "2016-12-31": "134.30000", "2016-09-30": "111.50000", "2016-06-30": "103.00000", "2016-03-31": "98.00000", "2015-12-31": "91.00000", "2015-09-30": "104.90000", "2015-06-30": "100.40000", "2015-03-31": "100.40000", "2014-12-31": "110.90000", "2014-09-30": "93.40000", "2014-06-30": "84.20000", "2014-03-31": "78.10000", "2013-12-31": "78.70000", "2013-09-30": "84.00000", "2013-06-30": "83.10000", "2013-03-31": "88.40000", "2012-12-31": "88.20000", "2012-09-30": "90.10000", "2012-06-30": "97.80000", "2012-03-31": "91.40000", "2011-12-31": "90.70000", "2011-09-30": "91.50000", "2011-06-30": "89.20000", "2011-03-31": "91.10000", "2010-12-31": "59.40000", "2010-09-30": "63.30000", "2010-06-30": "60.10000", "2010-03-31": "65.20000", "2009-12-31": "50.70000", "2009-09-30": "53.80000", "2009-06-30": "50.70000", "2009-03-31": "43.60000", "2008-12-31": "58.90000", "2008-09-30": "67.20000", "2008-06-30": "67.50000", "2008-03-31": "40.30000", "2007-12-31": "35.40000", "2007-09-30": "34.40000", "2007-06-30": "32.40000", "2007-03-31": "30.80000", "2006-12-31": "26.50000", "2006-09-30": "25.90000", "2006-06-30": "25.20000", "2006-03-31": "23.60000", "2005-12-31": "23.70000", "2005-09-30": "23.90000", "2005-06-30": "23.00000", "2005-03-31": "23.10000"}, "SG&A Expenses": {"2020-09-30": "127.50000", "2020-06-30": "128.50000", "2020-03-31": "148.00000", "2019-12-31": "144.80000", "2019-09-30": "142.50000", "2019-06-30": "147.70000", "2019-03-31": "150.00000", "2018-12-31": "156.60000", "2018-09-30": "156.40000", "2018-06-30": "156.30000", "2018-03-31": "148.70000", "2017-12-31": "152.10000", "2017-09-30": "147.50000", "2017-06-30": "156.10000", "2017-03-31": "145.90000", "2016-12-31": "150.00000", "2016-09-30": "124.30000", "2016-06-30": "98.70000", "2016-03-31": "93.70000", "2015-12-31": "94.00000", "2015-09-30": "97.20000", "2015-06-30": "95.40000", "2015-03-31": "100.00000", "2014-12-31": "103.30000", "2014-09-30": "99.60000", "2014-06-30": "92.60000", "2014-03-31": "85.40000", "2013-12-31": "81.50000", "2013-09-30": "78.70000", "2013-06-30": "83.50000", "2013-03-31": "76.00000", "2012-12-31": "85.00000", "2012-09-30": "81.00000", "2012-06-30": "87.90000", "2012-03-31": "87.60000", "2011-12-31": "87.20000", "2011-09-30": "100.30000", "2011-06-30": "103.50000", "2011-03-31": "96.50000", "2010-12-31": "69.90000", "2010-09-30": "66.70000", "2010-06-30": "71.80000", "2010-03-31": "67.10000", "2009-12-31": "53.60000", "2009-09-30": "57.10000", "2009-06-30": "58.40000", "2009-03-31": "56.30000", "2008-12-31": "65.90000", "2008-09-30": "71.50000", "2008-06-30": "69.80000", "2008-03-31": "49.60000", "2007-12-31": "46.10000", "2007-09-30": "46.00000", "2007-06-30": "42.10000", "2007-03-31": "43.10000", "2006-12-31": "46.20000", "2006-09-30": "46.30000", "2006-06-30": "44.00000", "2006-03-31": "41.20000", "2005-12-31": "40.00000", "2005-09-30": "37.80000", "2005-06-30": "36.40000", "2005-03-31": "39.70000"}, "Other Operating Income Or Expenses": {"2020-09-30": "", "2020-06-30": "-1.30000", "2020-03-31": "", "2019-12-31": "1.60000", "2019-09-30": "-169.50000", "2019-06-30": "-0.40000", "2019-03-31": "-1.20000", "2018-12-31": "", "2018-09-30": "", "2018-06-30": "", "2018-03-31": "", "2017-12-31": "", "2017-09-30": "", "2017-06-30": "", "2017-03-31": "-4.40000", "2016-12-31": "", "2016-09-30": "", "2016-06-30": "-2.20000", "2016-03-31": "", "2015-12-31": "", "2015-09-30": "-0.10000", "2015-06-30": "-3.70000", "2015-03-31": "", "2014-12-31": "", "2014-09-30": "", "2014-06-30": "", "2014-03-31": "", "2013-12-31": "", "2013-09-30": "", "2013-06-30": "", "2013-03-31": "", "2012-12-31": "", "2012-09-30": "", "2012-06-30": "", "2012-03-31": "", "2011-12-31": "", "2011-09-30": "", "2011-06-30": "", "2011-03-31": "", "2010-12-31": "", "2010-09-30": "", "2010-06-30": "", "2010-03-31": "", "2009-12-31": "", "2009-09-30": "", "2009-06-30": "", "2009-03-31": "", "2008-12-31": "", "2008-09-30": "", "2008-06-30": "", "2008-03-31": "", "2007-12-31": "", "2007-09-30": "", "2007-06-30": "", "2007-03-31": "", "2006-12-31": "", "2006-09-30": "", "2006-06-30": "", "2006-03-31": "", "2005-12-31": "", "2005-09-30": "", "2005-06-30": "", "2005-03-31": ""}, "Operating Expenses": {"2020-09-30": "1198.30000", "2020-06-30": "1170.40000", "2020-03-31": "1259.30000", "2019-12-31": "1262.90000", "2019-09-30": "1425.70000", "2019-06-30": "1189.40000", "2019-03-31": "1207.20000", "2018-12-31": "1280.40000", "2018-09-30": "1300.10000", "2018-06-30": "1258.70000", "2018-03-31": "1191.90000", "2017-12-31": "1210.00000", "2017-09-30": "1213.90000", "2017-06-30": "1184.00000", "2017-03-31": "1253.60000", "2016-12-31": "1194.60000", "2016-09-30": "904.20000", "2016-06-30": "802.50010", "2016-03-31": "758.80000", "2015-12-31": "784.80010", "2015-09-30": "834.80000", "2015-06-30": "812.70000", "2015-03-31": "802.40010", "2014-12-31": "849.60000", "2014-09-30": "776.70000", "2014-06-30": "670.79990", "2014-03-31": "635.80000", "2013-12-31": "664.99980", "2013-09-30": "648.10000", "2013-06-30": "637.40000", "2013-03-31": "623.30000", "2012-12-31": "815.59980", "2012-09-30": "680.90000", "2012-06-30": "717.90000", "2012-03-31": "700.80000", "2011-12-31": "737.39990", "2011-09-30": "904.70000", "2011-06-30": "848.90000", "2011-03-31": "837.90000", "2010-12-31": "498.40010", "2010-09-30": "493.00000", "2010-06-30": "481.80000", "2010-03-31": "466.00000", "2009-12-31": "413.30010", "2009-09-30": "423.20000", "2009-06-30": "406.10000", "2009-03-31": "383.70000", "2008-12-31": "992.40030", "2008-09-30": "507.90000", "2008-06-30": "529.30000", "2008-03-31": "391.10000", "2007-12-31": "338.10000", "2007-09-30": "329.70000", "2007-06-30": "309.70000", "2007-03-31": "311.50000", "2006-12-31": "306.40000", "2006-09-30": "332.70000", "2006-06-30": "294.60000", "2006-03-31": "281.10000", "2005-12-31": "285.00010", "2005-09-30": "271.40000", "2005-06-30": "266.50000", "2005-03-31": "270.10000"}, "Operating Income": {"2020-09-30": "119.00010", "2020-06-30": "43.10000", "2020-03-31": "18.60000", "2019-12-31": "138.89950", "2019-09-30": "-43.90000", "2019-06-30": "158.29990", "2019-03-31": "179.40000", "2018-12-31": "222.70000", "2018-09-30": "241.60000", "2018-06-30": "197.20000", "2018-03-31": "185.70000", "2017-12-31": "167.50010", "2017-09-30": "177.00010", "2017-06-30": "154.00000", "2017-03-31": "183.10000", "2016-12-31": "66.40020", "2016-09-30": "46.70000", "2016-06-30": "75.29990", "2016-03-31": "58.40000", "2015-12-31": "55.50000", "2015-09-30": "69.40000", "2015-06-30": "67.80000", "2015-03-31": "68.39990", "2014-12-31": "14.60000", "2014-09-30": "56.80010", "2014-06-30": "86.80010", "2014-03-31": "70.70000", "2013-12-31": "52.99990", "2013-09-30": "67.30000", "2013-06-30": "50.90000", "2013-03-31": "37.70000", "2012-12-31": "-135.40000", "2012-09-30": "44.60000", "2012-06-30": "26.90000", "2012-03-31": "43.60000", "2011-12-31": "30.50010", "2011-09-30": "-6.70000", "2011-06-30": "56.90000", "2011-03-31": "32.70000", "2010-12-31": "80.79980", "2010-09-30": "107.70000", "2010-06-30": "101.50000", "2010-03-31": "84.20000", "2009-12-31": "83.79990", "2009-09-30": "49.70000", "2009-06-30": "13.70000", "2009-03-31": "-4.60000", "2008-12-31": "-503.70020", "2008-09-30": "73.60000", "2008-06-30": "33.40000", "2008-03-31": "30.80000", "2007-12-31": "69.79990", "2007-09-30": "73.20000", "2007-06-30": "71.50000", "2007-03-31": "62.70000", "2006-12-31": "95.20000", "2006-09-30": "88.20000", "2006-06-30": "80.70000", "2006-03-31": "52.90000", "2005-12-31": "56.79990", "2005-09-30": "42.20000", "2005-06-30": "36.30000", "2005-03-31": "32.30000"}, "Total Non-Operating Income/Expense": {"2020-09-30": "-40.90000", "2020-06-30": "-43.20000", "2020-03-31": "-40.50000", "2019-12-31": "-56.20000", "2019-09-30": "-40.70000", "2019-06-30": "-32.10000", "2019-03-31": "-27.10000", "2018-12-31": "-34.00000", "2018-09-30": "-25.60000", "2018-06-30": "-3.80000", "2018-03-31": "-28.80000", "2017-12-31": "-46.50000", "2017-09-30": "-8.70000", "2017-06-30": "-10.80000", "2017-03-31": "-68.10000", "2016-12-31": "-48.20000", "2016-09-30": "40.60000", "2016-06-30": "-41.90000", "2016-03-31": "-16.70000", "2015-12-31": "-14.80000", "2015-09-30": "-12.60000", "2015-06-30": "-8.70000", "2015-03-31": "-5.20000", "2014-12-31": "-10.90000", "2014-09-30": "-9.60000", "2014-06-30": "-7.90000", "2014-03-31": "-8.60000", "2013-12-31": "-11.80000", "2013-09-30": "-10.30000", "2013-06-30": "-4.80000", "2013-03-31": "-12.00000", "2012-12-31": "-9.90000", "2012-09-30": "-24.70000", "2012-06-30": "-11.50000", "2012-03-31": "-10.50000", "2011-12-31": "-36.30000", "2011-09-30": "-25.00000", "2011-06-30": "-18.60000", "2011-03-31": "4.30000", "2010-12-31": "-16.20000", "2010-09-30": "-14.70000", "2010-06-30": "-18.50000", "2010-03-31": "-19.10000", "2009-12-31": "-15.80000", "2009-09-30": "-17.20000", "2009-06-30": "-16.90000", "2009-03-31": "-21.70000", "2008-12-31": "-18.00000", "2008-09-30": "-18.10000", "2008-06-30": "-17.00000", "2008-03-31": "-19.00000", "2007-12-31": "-44.20000", "2007-09-30": "-6.30000", "2007-06-30": "-6.50000", "2007-03-31": "-7.50000", "2006-12-31": "-9.40000", "2006-09-30": "-10.90000", "2006-06-30": "-10.50000", "2006-03-31": "-10.00000", "2005-12-31": "-14.30000", "2005-09-30": "-15.20000", "2005-06-30": "-14.80000", "2005-03-31": "-14.70000"}, "Pre-Tax Income": {"2020-09-30": "78.10000", "2020-06-30": "-0.10000", "2020-03-31": "-21.90000", "2019-12-31": "82.70000", "2019-09-30": "-84.60000", "2019-06-30": "126.20000", "2019-03-31": "152.30000", "2018-12-31": "188.70000", "2018-09-30": "216.00000", "2018-06-30": "193.40000", "2018-03-31": "156.90000", "2017-12-31": "121.00000", "2017-09-30": "168.30000", "2017-06-30": "143.20000", "2017-03-31": "115.00000", "2016-12-31": "18.20000", "2016-09-30": "87.30000", "2016-06-30": "33.40000", "2016-03-31": "41.70000", "2015-12-31": "40.70000", "2015-09-30": "56.80000", "2015-06-30": "59.10000", "2015-03-31": "63.20000", "2014-12-31": "3.70000", "2014-09-30": "47.20000", "2014-06-30": "78.90000", "2014-03-31": "62.10000", "2013-12-31": "41.20000", "2013-09-30": "57.00000", "2013-06-30": "46.10000", "2013-03-31": "25.70000", "2012-12-31": "-145.30000", "2012-09-30": "19.90000", "2012-06-30": "15.40000", "2012-03-31": "33.10000", "2011-12-31": "-5.80000", "2011-09-30": "-31.70000", "2011-06-30": "38.30000", "2011-03-31": "37.00000", "2010-12-31": "64.60000", "2010-09-30": "93.00000", "2010-06-30": "83.00000", "2010-03-31": "65.10000", "2009-12-31": "68.00000", "2009-09-30": "32.50000", "2009-06-30": "-3.20000", "2009-03-31": "-26.30000", "2008-12-31": "-521.70000", "2008-09-30": "55.50000", "2008-06-30": "16.40000", "2008-03-31": "11.80000", "2007-12-31": "25.60000", "2007-09-30": "66.90000", "2007-06-30": "65.00000", "2007-03-31": "55.20000", "2006-12-31": "85.80000", "2006-09-30": "77.30000", "2006-06-30": "70.20000", "2006-03-31": "42.90000", "2005-12-31": "42.50000", "2005-09-30": "27.00000", "2005-06-30": "21.50000", "2005-03-31": "17.60000"}, "Income Taxes": {"2020-09-30": "-83.10000", "2020-06-30": "0.80000", "2020-03-31": "-8.20000", "2019-12-31": "25.80000", "2019-09-30": "-24.60000", "2019-06-30": "23.30000", "2019-03-31": "38.20000", "2018-12-31": "22.70000", "2018-09-30": "48.90000", "2018-06-30": "37.10000", "2018-03-31": "16.40000", "2017-12-31": "-410.00000", "2017-09-30": "59.40000", "2017-06-30": "48.80000", "2017-03-31": "36.30000", "2016-12-31": "-93.50000", "2016-09-30": "76.70000", "2016-06-30": "7.60000", "2016-03-31": "5.30000", "2015-12-31": "-14.30000", "2015-09-30": "10.00000", "2015-06-30": "7.70000", "2015-03-31": "7.40000", "2014-12-31": "3.50000", "2014-09-30": "6.30000", "2014-06-30": "-16.20000", "2014-03-31": "6.20000", "2013-12-31": "12.40000", "2013-09-30": "4.20000", "2013-06-30": "-2.60000", "2013-03-31": "2.40000", "2012-12-31": "-1.80000", "2012-09-30": "6.50000", "2012-06-30": "7.20000", "2012-03-31": "4.10000", "2011-12-31": "1.60000", "2011-09-30": "17.30000", "2011-06-30": "3.20000", "2011-03-31": "0.80000", "2010-12-31": "3.40000", "2010-09-30": "4.60000", "2010-06-30": "3.40000", "2010-03-31": "1.40000", "2009-12-31": "-0.40000", "2009-09-30": "1.90000", "2009-06-30": "-1.00000", "2009-03-31": "7.20000", "2008-12-31": "2.10000", "2008-09-30": "4.50000", "2008-06-30": "-17.10000", "2008-03-31": "1.10000", "2007-12-31": "3.30000", "2007-09-30": "2.40000", "2007-06-30": "1.40000", "2007-03-31": "0.60000", "2006-12-31": "-2.90000", "2006-09-30": "", "2006-06-30": "1.80000", "2006-03-31": "2.00000", "2005-12-31": "-4.80000", "2005-09-30": "2.50000", "2005-06-30": "2.00000", "2005-03-31": "1.80000"}, "Income After Taxes": {"2020-09-30": "161.20000", "2020-06-30": "-0.90000", "2020-03-31": "-13.70000", "2019-12-31": "56.90000", "2019-09-30": "-60.00000", "2019-06-30": "102.90000", "2019-03-31": "114.10000", "2018-12-31": "166.00000", "2018-09-30": "167.10000", "2018-06-30": "156.30000", "2018-03-31": "140.50000", "2017-12-31": "530.99990", "2017-09-30": "108.90000", "2017-06-30": "94.40000", "2017-03-31": "78.70000", "2016-12-31": "111.70000", "2016-09-30": "10.60000", "2016-06-30": "25.80000", "2016-03-31": "36.40000", "2015-12-31": "55.00000", "2015-09-30": "46.80000", "2015-06-30": "51.40000", "2015-03-31": "55.80000", "2014-12-31": "0.20000", "2014-09-30": "40.90000", "2014-06-30": "95.10000", "2014-03-31": "55.90000", "2013-12-31": "28.80000", "2013-09-30": "52.80000", "2013-06-30": "48.70000", "2013-03-31": "23.30000", "2012-12-31": "-143.50000", "2012-09-30": "13.40000", "2012-06-30": "8.20000", "2012-03-31": "29.00000", "2011-12-31": "-7.40000", "2011-09-30": "-49.00000", "2011-06-30": "35.10000", "2011-03-31": "36.20000", "2010-12-31": "61.20000", "2010-09-30": "88.40000", "2010-06-30": "79.60000", "2010-03-31": "63.70000", "2009-12-31": "68.40000", "2009-09-30": "30.60000", "2009-06-30": "-2.20000", "2009-03-31": "-33.50000", "2008-12-31": "-523.80000", "2008-09-30": "51.00000", "2008-06-30": "33.50000", "2008-03-31": "10.70000", "2007-12-31": "22.30000", "2007-09-30": "64.50000", "2007-06-30": "63.60000", "2007-03-31": "54.60000", "2006-12-31": "88.70000", "2006-09-30": "77.30000", "2006-06-30": "68.40000", "2006-03-31": "40.90000", "2005-12-31": "47.30000", "2005-09-30": "24.50000", "2005-06-30": "19.50000", "2005-03-31": "15.80000"}, "Other Income": {"2020-09-30": "", "2020-06-30": "", "2020-03-31": "", "2019-12-31": "", "2019-09-30": "", "2019-06-30": "", "2019-03-31": "", "2018-12-31": "", "2018-09-30": "", "2018-06-30": "", "2018-03-31": "", "2017-12-31": "", "2017-09-30": "", "2017-06-30": "", "2017-03-31": "", "2016-12-31": "", "2016-09-30": "", "2016-06-30": "", "2016-03-31": "", "2015-12-31": "", "2015-09-30": "", "2015-06-30": "", "2015-03-31": "", "2014-12-31": "", "2014-09-30": "", "2014-06-30": "", "2014-03-31": "", "2013-12-31": "", "2013-09-30": "", "2013-06-30": "", "2013-03-31": "", "2012-12-31": "", "2012-09-30": "", "2012-06-30": "", "2012-03-31": "", "2011-12-31": "", "2011-09-30": "", "2011-06-30": "", "2011-03-31": "", "2010-12-31": "", "2010-09-30": "", "2010-06-30": "", "2010-03-31": "", "2009-12-31": "", "2009-09-30": "", "2009-06-30": "", "2009-03-31": "", "2008-12-31": "", "2008-09-30": "", "2008-06-30": "", "2008-03-31": "", "2007-12-31": "", "2007-09-30": "", "2007-06-30": "", "2007-03-31": "", "2006-12-31": "", "2006-09-30": "", "2006-06-30": "", "2006-03-31": "", "2005-12-31": "", "2005-09-30": "", "2005-06-30": "", "2005-03-31": ""}, "Income From Continuous Operations": {"2020-09-30": "161.20000", "2020-06-30": "-0.90000", "2020-03-31": "-13.70000", "2019-12-31": "56.90000", "2019-09-30": "-60.00000", "2019-06-30": "102.90000", "2019-03-31": "114.10000", "2018-12-31": "166.00000", "2018-09-30": "167.10000", "2018-06-30": "156.30000", "2018-03-31": "140.50000", "2017-12-31": "530.99990", "2017-09-30": "108.90000", "2017-06-30": "94.40000", "2017-03-31": "78.70000", "2016-12-31": "111.70000", "2016-09-30": "10.60000", "2016-06-30": "25.80000", "2016-03-31": "36.40000", "2015-12-31": "55.00000", "2015-09-30": "46.80000", "2015-06-30": "51.40000", "2015-03-31": "55.80000", "2014-12-31": "0.20000", "2014-09-30": "40.90000", "2014-06-30": "95.10000", "2014-03-31": "55.90000", "2013-12-31": "28.80000", "2013-09-30": "52.80000", "2013-06-30": "48.70000", "2013-03-31": "23.30000", "2012-12-31": "-143.50000", "2012-09-30": "13.40000", "2012-06-30": "8.20000", "2012-03-31": "29.00000", "2011-12-31": "-7.40000", "2011-09-30": "-49.00000", "2011-06-30": "35.10000", "2011-03-31": "36.20000", "2010-12-31": "61.20000", "2010-09-30": "88.40000", "2010-06-30": "79.60000", "2010-03-31": "63.70000", "2009-12-31": "68.40000", "2009-09-30": "30.60000", "2009-06-30": "-2.20000", "2009-03-31": "-33.50000", "2008-12-31": "-524.10000", "2008-09-30": "51.00000", "2008-06-30": "33.50000", "2008-03-31": "11.00000", "2007-12-31": "23.90000", "2007-09-30": "63.80000", "2007-06-30": "63.30000", "2007-03-31": "54.00000", "2006-12-31": "87.40000", "2006-09-30": "76.80000", "2006-06-30": "67.50000", "2006-03-31": "40.40000", "2005-12-31": "46.70000", "2005-09-30": "23.50000", "2005-06-30": "18.50000", "2005-03-31": "14.80000"}, "Income From Discontinued Operations": {"2020-09-30": "", "2020-06-30": "", "2020-03-31": "", "2019-12-31": "", "2019-09-30": "", "2019-06-30": "", "2019-03-31": "", "2018-12-31": "", "2018-09-30": "", "2018-06-30": "", "2018-03-31": "", "2017-12-31": "", "2017-09-30": "", "2017-06-30": "", "2017-03-31": "", "2016-12-31": "", "2016-09-30": "", "2016-06-30": "", "2016-03-31": "", "2015-12-31": "", "2015-09-30": "", "2015-06-30": "", "2015-03-31": "", "2014-12-31": "", "2014-09-30": "", "2014-06-30": "", "2014-03-31": "", "2013-12-31": "", "2013-09-30": "", "2013-06-30": "", "2013-03-31": "", "2012-12-31": "", "2012-09-30": "", "2012-06-30": "", "2012-03-31": "", "2011-12-31": "", "2011-09-30": "", "2011-06-30": "", "2011-03-31": "", "2010-12-31": "", "2010-09-30": "", "2010-06-30": "", "2010-03-31": "", "2009-12-31": "", "2009-09-30": "", "2009-06-30": "", "2009-03-31": "", "2008-12-31": "", "2008-09-30": "", "2008-06-30": "", "2008-03-31": "", "2007-12-31": "", "2007-09-30": "", "2007-06-30": "", "2007-03-31": "", "2006-12-31": "", "2006-09-30": "", "2006-06-30": "", "2006-03-31": "", "2005-12-31": "", "2005-09-30": "", "2005-06-30": "", "2005-03-31": ""}, "Net Income": {"2020-09-30": "160.60000", "2020-06-30": "-1.40000", "2020-03-31": "-14.00000", "2019-12-31": "56.50000", "2019-09-30": "-60.70000", "2019-06-30": "101.80000", "2019-03-31": "114.10000", "2018-12-31": "165.60000", "2018-09-30": "166.90000", "2018-06-30": "155.30000", "2018-03-31": "139.60000", "2017-12-31": "529.90000", "2017-09-30": "108.70000", "2017-06-30": "93.90000", "2017-03-31": "78.20000", "2016-12-31": "110.90000", "2016-09-30": "10.10000", "2016-06-30": "25.10000", "2016-03-31": "36.00000", "2015-12-31": "54.10000", "2015-09-30": "46.30000", "2015-06-30": "50.70000", "2015-03-31": "55.10000", "2014-12-31": "-0.60000", "2014-09-30": "40.50000", "2014-06-30": "94.10000", "2014-03-31": "55.70000", "2013-12-31": "28.30000", "2013-09-30": "51.80000", "2013-06-30": "47.70000", "2013-03-31": "22.60000", "2012-12-31": "-144.80000", "2012-09-30": "12.50000", "2012-06-30": "6.90000", "2012-03-31": "28.20000", "2011-12-31": "-8.80000", "2011-09-30": "-49.40000", "2011-06-30": "34.30000", "2011-03-31": "35.50000", "2010-12-31": "61.00000", "2010-09-30": "87.80000", "2010-06-30": "78.70000", "2010-03-31": "63.00000", "2009-12-31": "68.00000", "2009-09-30": "29.90000", "2009-06-30": "-3.00000", "2009-03-31": "-33.90000", "2008-12-31": "-524.70000", "2008-09-30": "50.60000", "2008-06-30": "34.20000", "2008-03-31": "11.00000", "2007-12-31": "22.50000", "2007-09-30": "63.80000", "2007-06-30": "63.30000", "2007-03-31": "54.00000", "2006-12-31": "87.40000", "2006-09-30": "76.80000", "2006-06-30": "67.50000", "2006-03-31": "40.40000", "2005-12-31": "20.80000", "2005-09-30": "17.60000", "2005-06-30": "13.50000", "2005-03-31": "10.40000"}, "EBITDA": {"2020-09-30": "279.60010", "2020-06-30": "200.00000", "2020-03-31": "182.80000", "2019-12-31": "303.99950", "2019-09-30": "112.30000", "2019-06-30": "305.69990", "2019-03-31": "318.40000", "2018-12-31": "365.80000", "2018-09-30": "375.10000", "2018-06-30": "326.09990", "2018-03-31": "308.90000", "2017-12-31": "300.10010", "2017-09-30": "316.20010", "2017-06-30": "274.40000", "2017-03-31": "301.90000", "2016-12-31": "193.20020", "2016-09-30": "133.90000", "2016-06-30": "157.89990", "2016-03-31": "140.10000", "2015-12-31": "146.20000", "2015-09-30": "159.60000", "2015-06-30": "156.80000", "2015-03-31": "158.89990", "2014-12-31": "111.00000", "2014-09-30": "129.20000", "2014-06-30": "145.10010", "2014-03-31": "123.40000", "2013-12-31": "108.70000", "2013-09-30": "120.50000", "2013-06-30": "103.50000", "2013-03-31": "89.30000", "2012-12-31": "-24.60000", "2012-09-30": "106.50000", "2012-06-30": "87.80000", "2012-03-31": "105.20000", "2011-12-31": "93.60010", "2011-09-30": "50.80000", "2011-06-30": "114.60000", "2011-03-31": "86.10000", "2010-12-31": "141.99980", "2010-09-30": "150.60000", "2010-06-30": "142.50000", "2010-03-31": "124.60000", "2009-12-31": "122.49990", "2009-09-30": "89.30000", "2009-06-30": "53.50000", "2009-03-31": "36.00000", "2008-12-31": "80.29980", "2008-09-30": "112.60000", "2008-06-30": "72.10000", "2008-03-31": "59.70000", "2007-12-31": "95.99990", "2007-09-30": "97.00000", "2007-06-30": "95.20000", "2007-03-31": "85.90000", "2006-12-31": "117.40000", "2006-09-30": "108.20000", "2006-06-30": "98.60000", "2006-03-31": "77.00000", "2005-12-31": "81.29990", "2005-09-30": "67.60000", "2005-06-30": "61.50000", "2005-03-31": "57.90000"}, "EBIT": {"2020-09-30": "119.00010", "2020-06-30": "43.10000", "2020-03-31": "18.60000", "2019-12-31": "138.89980", "2019-09-30": "-43.90000", "2019-06-30": "158.29990", "2019-03-31": "179.40000", "2018-12-31": "222.69980", "2018-09-30": "241.60000", "2018-06-30": "197.20000", "2018-03-31": "185.70000", "2017-12-31": "167.50000", "2017-09-30": "177.00010", "2017-06-30": "154.00000", "2017-03-31": "183.10000", "2016-12-31": "66.40020", "2016-09-30": "46.70000", "2016-06-30": "75.29990", "2016-03-31": "58.40000", "2015-12-31": "55.49990", "2015-09-30": "69.40000", "2015-06-30": "67.80000", "2015-03-31": "68.39990", "2014-12-31": "14.60000", "2014-09-30": "56.80010", "2014-06-30": "86.80010", "2014-03-31": "70.70000", "2013-12-31": "53.00010", "2013-09-30": "67.30000", "2013-06-30": "50.90000", "2013-03-31": "37.70000", "2012-12-31": "-135.40000", "2012-09-30": "44.60000", "2012-06-30": "26.90000", "2012-03-31": "43.60000", "2011-12-31": "30.50020", "2011-09-30": "-6.70000", "2011-06-30": "56.90000", "2011-03-31": "32.70000", "2010-12-31": "80.79970", "2010-09-30": "107.70000", "2010-06-30": "101.50000", "2010-03-31": "84.20000", "2009-12-31": "83.80000", "2009-09-30": "49.70000", "2009-06-30": "13.70000", "2009-03-31": "-4.60000", "2008-12-31": "-503.70020", "2008-09-30": "73.60000", "2008-06-30": "33.40000", "2008-03-31": "30.80000", "2007-12-31": "69.80000", "2007-09-30": "73.20000", "2007-06-30": "71.50000", "2007-03-31": "62.70000", "2006-12-31": "95.20010", "2006-09-30": "88.20000", "2006-06-30": "80.70000", "2006-03-31": "52.90000", "2005-12-31": "56.79990", "2005-09-30": "42.20000", "2005-06-30": "36.30000", "2005-03-31": "32.30000"}, "Basic Shares Outstanding": {"2020-09-30": "410.80000", "2020-06-30": "410.10000", "2020-03-31": "410.60000", "2019-12-31": "410.90000", "2019-09-30": "410.40000", "2019-06-30": "411.90000", "2019-03-31": "410.60000", "2018-12-31": "423.80000", "2018-09-30": "425.50000", "2018-06-30": "427.00000", "2018-03-31": "425.90000", "2017-12-31": "421.90000", "2017-09-30": "422.20000", "2017-06-30": "420.80000", "2017-03-31": "419.80000", "2016-12-31": "415.20000", "2016-09-30": "415.80000", "2016-06-30": "414.90000", "2016-03-31": "412.60000", "2015-12-31": "421.20000", "2015-09-30": "413.70000", "2015-06-30": "426.90000", "2015-03-31": "431.40000", "2014-12-31": "439.50000", "2014-09-30": "440.70000", "2014-06-30": "441.10000", "2014-03-31": "440.40000", "2013-12-31": "447.90000", "2013-09-30": "449.30000", "2013-06-30": "450.70000", "2013-03-31": "449.50000", "2012-12-31": "452.60000", "2012-09-30": "454.60000", "2012-06-30": "454.50000", "2012-03-31": "452.50000", "2011-12-31": "446.70000", "2011-09-30": "448.80000", "2011-06-30": "446.20000", "2011-03-31": "441.40000", "2010-12-31": "431.00000", "2010-09-30": "431.60000", "2010-06-30": "430.30000", "2010-03-31": "428.10000", "2009-12-31": "420.80000", "2009-09-30": "423.30000", "2009-06-30": "420.70000", "2009-03-31": "413.60000", "2008-12-31": "379.00000", "2008-09-30": "398.90000", "2008-06-30": "397.20000", "2008-03-31": "306.80000", "2007-12-31": "290.80000", "2007-09-30": "290.60000", "2007-06-30": "290.90000", "2007-03-31": "289.50000", "2006-12-31": "319.80000", "2006-09-30": "324.90000", "2006-06-30": "322.80000", "2006-03-31": "311.80000", "2005-12-31": "263.30000", "2005-09-30": "256.10000", "2005-06-30": "255.30000", "2005-03-31": "255.00000"}, "Shares Outstanding": {"2020-09-30": "418.30000", "2020-06-30": "410.10000", "2020-03-31": "410.60000", "2019-12-31": "416.00000", "2019-09-30": "410.40000", "2019-06-30": "417.70000", "2019-03-31": "417.70000", "2018-12-31": "435.90000", "2018-09-30": "435.30000", "2018-06-30": "444.30000", "2018-03-31": "444.20000", "2017-12-31": "428.30000", "2017-09-30": "427.50000", "2017-06-30": "425.90000", "2017-03-31": "425.80000", "2016-12-31": "420.00000", "2016-09-30": "419.80000", "2016-06-30": "417.60000", "2016-03-31": "415.50000", "2015-12-31": "427.80000", "2015-09-30": "417.50000", "2015-06-30": "436.30000", "2015-03-31": "439.90000", "2014-12-31": "443.50000", "2014-09-30": "444.90000", "2014-06-30": "444.50000", "2014-03-31": "444.50000", "2013-12-31": "450.70000", "2013-09-30": "452.10000", "2013-06-30": "453.30000", "2013-03-31": "452.50000", "2012-12-31": "452.60000", "2012-09-30": "456.20000", "2012-06-30": "457.50000", "2012-03-31": "460.60000", "2011-12-31": "457.20000", "2011-09-30": "448.80000", "2011-06-30": "461.50000", "2011-03-31": "456.00000", "2010-12-31": "444.40000", "2010-09-30": "439.80000", "2010-06-30": "439.60000", "2010-03-31": "440.90000", "2009-12-31": "432.10000", "2009-09-30": "439.10000", "2009-06-30": "420.70000", "2009-03-31": "413.60000", "2008-12-31": "379.00000", "2008-09-30": "404.80000", "2008-06-30": "405.80000", "2008-03-31": "309.30000", "2007-12-31": "301.20000", "2007-09-30": "317.80000", "2007-06-30": "306.50000", "2007-03-31": "300.60000", "2006-12-31": "342.10000", "2006-09-30": "336.60000", "2006-06-30": "355.70000", "2006-03-31": "346.40000", "2005-12-31": "296.80000", "2005-09-30": "290.70000", "2005-06-30": "287.80000", "2005-03-31": "287.80000"}, "Basic EPS": {"2020-09-30": "0.39000", "2020-06-30": "0.00000", "2020-03-31": "-0.03000", "2019-12-31": "0.14000", "2019-09-30": "-0.15000", "2019-06-30": "0.25000", "2019-03-31": "0.28000", "2018-12-31": "0.40000", "2018-09-30": "0.39000", "2018-06-30": "0.36000", "2018-03-31": "0.33000", "2017-12-31": "1.25000", "2017-09-30": "0.26000", "2017-06-30": "0.22000", "2017-03-31": "0.19000", "2016-12-31": "0.27000", "2016-09-30": "0.02000", "2016-06-30": "0.06000", "2016-03-31": "0.09000", "2015-12-31": "0.13000", "2015-09-30": "0.11000", "2015-06-30": "0.12000", "2015-03-31": "0.13000", "2014-12-31": "0.00000", "2014-09-30": "0.09000", "2014-06-30": "0.21000", "2014-03-31": "0.13000", "2013-12-31": "0.06000", "2013-09-30": "0.12000", "2013-06-30": "0.11000", "2013-03-31": "0.05000", "2012-12-31": "-0.32000", "2012-09-30": "0.03000", "2012-06-30": "0.02000", "2012-03-31": "0.06000", "2011-12-31": "-0.02000", "2011-09-30": "-0.11000", "2011-06-30": "0.08000", "2011-03-31": "0.08000", "2010-12-31": "0.14000", "2010-09-30": "0.20000", "2010-06-30": "0.18000", "2010-03-31": "0.15000", "2009-12-31": "0.16000", "2009-09-30": "0.07000", "2009-06-30": "-0.01000", "2009-03-31": "-0.08000", "2008-12-31": "-1.39000", "2008-09-30": "0.13000", "2008-06-30": "0.09000", "2008-03-31": "0.04000", "2007-12-31": "0.07000", "2007-09-30": "0.22000", "2007-06-30": "0.22000", "2007-03-31": "0.19000", "2006-12-31": "0.27000", "2006-09-30": "0.24000", "2006-06-30": "0.21000", "2006-03-31": "0.13000", "2005-12-31": "0.08000", "2005-09-30": "0.07000", "2005-06-30": "0.05000", "2005-03-31": "0.04000"}, "EPS - Earnings Per Share": {"2020-09-30": "0.38000", "2020-06-30": "0.00000", "2020-03-31": "-0.03000", "2019-12-31": "0.15000", "2019-09-30": "-0.15000", "2019-06-30": "0.24000", "2019-03-31": "0.27000", "2018-12-31": "0.40000", "2018-09-30": "0.38000", "2018-06-30": "0.35000", "2018-03-31": "0.31000", "2017-12-31": "1.24000", "2017-09-30": "0.25000", "2017-06-30": "0.22000", "2017-03-31": "0.18000", "2016-12-31": "0.26000", "2016-09-30": "0.02000", "2016-06-30": "0.06000", "2016-03-31": "0.09000", "2015-12-31": "0.12000", "2015-09-30": "0.11000", "2015-06-30": "0.12000", "2015-03-31": "0.13000", "2014-12-31": "0.00000", "2014-09-30": "0.09000", "2014-06-30": "0.21000", "2014-03-31": "0.13000", "2013-12-31": "0.06000", "2013-09-30": "0.11000", "2013-06-30": "0.11000", "2013-03-31": "0.05000", "2012-12-31": "-0.32000", "2012-09-30": "0.03000", "2012-06-30": "0.02000", "2012-03-31": "0.06000", "2011-12-31": "-0.01000", "2011-09-30": "-0.11000", "2011-06-30": "0.07000", "2011-03-31": "0.08000", "2010-12-31": "0.13000", "2010-09-30": "0.20000", "2010-06-30": "0.18000", "2010-03-31": "0.14000", "2009-12-31": "0.16000", "2009-09-30": "0.07000", "2009-06-30": "-0.01000", "2009-03-31": "-0.08000", "2008-12-31": "-1.38000", "2008-09-30": "0.13000", "2008-06-30": "0.08000", "2008-03-31": "0.04000", "2007-12-31": "0.09000", "2007-09-30": "0.20000", "2007-06-30": "0.21000", "2007-03-31": "0.18000", "2006-12-31": "0.26000", "2006-09-30": "0.23000", "2006-06-30": "0.19000", "2006-03-31": "0.12000", "2005-12-31": "0.06000", "2005-09-30": "0.06000", "2005-06-30": "0.05000", "2005-03-31": "0.04000"}}, "balance sheet": {"Cash On Hand": {"2019-12-31": "894.20000", "2018-12-31": "1069.60000", "2017-12-31": "949.20000", "2016-12-31": "1028.10000", "2015-12-31": "617.60000", "2014-12-31": "517.80000", "2013-12-31": "625.70000", "2012-12-31": "631.70000", "2011-12-31": "901.50000", "2010-12-31": "623.30000", "2009-12-31": "571.20000", "2008-12-31": "458.70000", "2007-12-31": "274.60000", "2006-12-31": "268.80000", "2005-12-31": "233.30000"}, "Receivables": {"2019-12-31": "705.00000", "2018-12-31": "686.00000", "2017-12-31": "701.50000", "2016-12-31": "629.80000", "2015-12-31": "426.40000", "2014-12-31": "417.50000", "2013-12-31": "383.40000", "2012-12-31": "357.80000", "2011-12-31": "457.20000", "2010-12-31": "294.60000", "2009-12-31": "260.90000", "2008-12-31": "188.80000", "2007-12-31": "175.20000", "2006-12-31": "177.90000", "2005-12-31": "160.20000"}, "Inventory": {"2019-12-31": "1232.40000", "2018-12-31": "1225.20000", "2017-12-31": "1089.50000", "2016-12-31": "1030.20000", "2015-12-31": "750.40000", "2014-12-31": "729.90000", "2013-12-31": "608.80000", "2012-12-31": "581.70000", "2011-12-31": "637.40000", "2010-12-31": "360.80000", "2009-12-31": "269.90000", "2008-12-31": "335.50000", "2007-12-31": "220.50000", "2006-12-31": "212.70000", "2005-12-31": "169.50000"}, "Pre-Paid Expenses": {"2019-12-31": "", "2018-12-31": "", "2017-12-31": "", "2016-12-31": "", "2015-12-31": "", "2014-12-31": "", "2013-12-31": "", "2012-12-31": "", "2011-12-31": "", "2010-12-31": "", "2009-12-31": "", "2008-12-31": "", "2007-12-31": "", "2006-12-31": "", "2005-12-31": ""}, "Other Current Assets": {"2019-12-31": "188.40000", "2018-12-31": "187.00000", "2017-12-31": "193.00000", "2016-12-31": "181.00000", "2015-12-31": "97.10000", "2014-12-31": "140.60000", "2013-12-31": "89.30000", "2012-12-31": "122.20000", "2011-12-31": "121.60000", "2010-12-31": "63.60000", "2009-12-31": "51.50000", "2008-12-31": "55.50000", "2007-12-31": "68.30000", "2006-12-31": "34.30000", "2005-12-31": "29.90000"}, "Total Current Assets": {"2019-12-31": "3020.00000", "2018-12-31": "3167.80000", "2017-12-31": "2933.20000", "2016-12-31": "2869.10000", "2015-12-31": "1891.50000", "2014-12-31": "1805.80000", "2013-12-31": "1707.20000", "2012-12-31": "1693.40000", "2011-12-31": "2127.70000", "2010-12-31": "1358.00000", "2009-12-31": "1168.60000", "2008-12-31": "1050.50000", "2007-12-31": "745.30000", "2006-12-31": "700.80000", "2005-12-31": "600.30000"}, "Property, Plant, And Equipment": {"2019-12-31": "2591.60000", "2018-12-31": "2549.60000", "2017-12-31": "2279.10000", "2016-12-31": "2159.10000", "2015-12-31": "1274.10000", "2014-12-31": "1203.90000", "2013-12-31": "1074.20000", "2012-12-31": "1103.30000", "2011-12-31": "1109.50000", "2010-12-31": "864.30000", "2009-12-31": "705.50000", "2008-12-31": "770.80000", "2007-12-31": "614.90000", "2006-12-31": "578.10000", "2005-12-31": "438.50000"}, "Long-Term Investments": {"2019-12-31": "", "2018-12-31": "", "2017-12-31": "", "2016-12-31": "", "2015-12-31": "", "2014-12-31": "", "2013-12-31": "", "2012-12-31": "", "2011-12-31": "", "2010-12-31": "", "2009-12-31": "", "2008-12-31": "", "2007-12-31": "", "2006-12-31": "", "2005-12-31": ""}, "Goodwill And Intangible Assets": {"2019-12-31": "2249.70000", "2018-12-31": "1498.90000", "2017-12-31": "1545.20000", "2016-12-31": "1686.80000", "2015-12-31": "596.40000", "2014-12-31": "722.30000", "2013-12-31": "408.00000", "2012-12-31": "441.60000", "2011-12-31": "535.90000", "2010-12-31": "494.20000", "2009-12-31": "474.10000", "2008-12-31": "493.60000", "2007-12-31": "229.90000", "2006-12-31": "91.10000", "2005-12-31": "77.30000"}, "Other Long-Term Assets": {"2019-12-31": "256.40000", "2018-12-31": "105.10000", "2017-12-31": "98.50000", "2016-12-31": "70.50000", "2015-12-31": "63.10000", "2014-12-31": "90.10000", "2013-12-31": "104.40000", "2012-12-31": "90.10000", "2011-12-31": "76.20000", "2010-12-31": "202.70000", "2009-12-31": "66.10000", "2008-12-31": "44.60000", "2007-12-31": "47.50000", "2006-12-31": "46.50000", "2005-12-31": "32.40000"}, "Total Long-Term Assets": {"2019-12-31": "5405.50000", "2018-12-31": "4419.80000", "2017-12-31": "4261.90000", "2016-12-31": "4055.30000", "2015-12-31": "1978.10000", "2014-12-31": "2016.30000", "2013-12-31": "1586.60000", "2012-12-31": "1635.00000", "2011-12-31": "1755.80000", "2010-12-31": "1561.20000", "2009-12-31": "1245.70000", "2008-12-31": "1309.00000", "2007-12-31": "892.30000", "2006-12-31": "715.70000", "2005-12-31": "548.20000"}, "Total Assets": {"2019-12-31": "8425.50000", "2018-12-31": "7587.60000", "2017-12-31": "7195.10000", "2016-12-31": "6924.40000", "2015-12-31": "3869.60000", "2014-12-31": "3822.10000", "2013-12-31": "3293.80000", "2012-12-31": "3328.40000", "2011-12-31": "3883.50000", "2010-12-31": "2919.20000", "2009-12-31": "2414.30000", "2008-12-31": "2359.50000", "2007-12-31": "1637.60000", "2006-12-31": "1416.50000", "2005-12-31": "1148.50000"}, "Total Current Liabilities": {"2019-12-31": "1818.40000", "2018-12-31": "1469.30000", "2017-12-31": "1408.90000", "2016-12-31": "1502.60000", "2015-12-31": "1239.30000", "2014-12-31": "1040.80000", "2013-12-31": "819.20000", "2012-12-31": "1024.30000", "2011-12-31": "1275.50000", "2010-12-31": "710.90000", "2009-12-31": "619.00000", "2008-12-31": "544.00000", "2007-12-31": "420.90000", "2006-12-31": "433.00000", "2005-12-31": "398.30000"}, "Long Term Debt": {"2019-12-31": "2876.50000", "2018-12-31": "2627.60000", "2017-12-31": "2703.70000", "2016-12-31": "3068.50000", "2015-12-31": "850.50000", "2014-12-31": "982.10000", "2013-12-31": "760.60000", "2012-12-31": "658.30000", "2011-12-31": "836.90000", "2010-12-31": "752.80000", "2009-12-31": "727.60000", "2008-12-31": "901.90000", "2007-12-31": "1128.60000", "2006-12-31": "1148.10000", "2005-12-31": "993.10000"}, "Other Non-Current Liabilities": {"2019-12-31": "346.30000", "2018-12-31": "241.80000", "2017-12-31": "226.40000", "2016-12-31": "219.40000", "2015-12-31": "130.60000", "2014-12-31": "151.80000", "2013-12-31": "190.40000", "2012-12-31": "255.10000", "2011-12-31": "260.10000", "2010-12-31": "49.30000", "2009-12-31": "49.30000", "2008-12-31": "48.10000", "2007-12-31": "46.80000", "2006-12-31": "35.80000", "2005-12-31": "31.40000"}, "Total Long Term Liabilities": {"2019-12-31": "3283.00000", "2018-12-31": "2924.20000", "2017-12-31": "2985.20000", "2016-12-31": "3576.80000", "2015-12-31": "998.40000", "2014-12-31": "1133.90000", "2013-12-31": "951.00000", "2012-12-31": "913.40000", "2011-12-31": "1114.50000", "2010-12-31": "820.30000", "2009-12-31": "790.70000", "2008-12-31": "960.00000", "2007-12-31": "1200.80000", "2006-12-31": "1208.90000", "2005-12-31": "1050.50000"}, "Total Liabilities": {"2019-12-31": "5101.40000", "2018-12-31": "4393.50000", "2017-12-31": "4394.10000", "2016-12-31": "5079.40000", "2015-12-31": "2237.70000", "2014-12-31": "2174.70000", "2013-12-31": "1770.20000", "2012-12-31": "1937.70000", "2011-12-31": "2390.00000", "2010-12-31": "1531.20000", "2009-12-31": "1409.70000", "2008-12-31": "1504.00000", "2007-12-31": "1621.70000", "2006-12-31": "1641.90000", "2005-12-31": "1448.80000"}, "Common Stock Net": {"2019-12-31": "5.70000", "2018-12-31": "5.60000", "2017-12-31": "5.50000", "2016-12-31": "5.40000", "2015-12-31": "5.30000", "2014-12-31": "5.20000", "2013-12-31": "5.20000", "2012-12-31": "5.10000", "2011-12-31": "5.00000", "2010-12-31": "4.90000", "2009-12-31": "4.70000", "2008-12-31": "4.60000", "2007-12-31": "3.40000", "2006-12-31": "3.30000", "2005-12-31": "3.10000"}, "Retained Earnings (Accumulated Deficit)": {"2019-12-31": "1191.30000", "2018-12-31": "979.60000", "2017-12-31": "351.50000", "2016-12-31": "-527.30000", "2015-12-31": "-709.40000", "2014-12-31": "-915.60000", "2013-12-31": "-1105.30000", "2012-12-31": "-1292.90000", "2011-12-31": "-1202.30000", "2010-12-31": "-1213.90000", "2009-12-31": "-1504.40000", "2008-12-31": "-1565.40000", "2007-12-31": "-1051.40000", "2006-12-31": "-1284.70000", "2005-12-31": "-1556.80000"}, "Comprehensive Income": {"2019-12-31": "-54.30000", "2018-12-31": "-37.90000", "2017-12-31": "-40.60000", "2016-12-31": "-50.20000", "2015-12-31": "-42.30000", "2014-12-31": "-41.50000", "2013-12-31": "-47.40000", "2012-12-31": "-41.10000", "2011-12-31": "-46.70000", "2010-12-31": "-59.10000", "2009-12-31": "-64.90000", "2008-12-31": "-53.60000", "2007-12-31": "-0.50000", "2006-12-31": "-0.40000", "2005-12-31": "0.70000"}, "Other Share Holders Equity": {"2019-12-31": "", "2018-12-31": "", "2017-12-31": "", "2016-12-31": "", "2015-12-31": "", "2014-12-31": "", "2013-12-31": "", "2012-12-31": "", "2011-12-31": "", "2010-12-31": "", "2009-12-31": "", "2008-12-31": "", "2007-12-31": "", "2006-12-31": "", "2005-12-31": ""}, "Share Holder Equity": {"2019-12-31": "3324.10000", "2018-12-31": "3194.10000", "2017-12-31": "2801.00000", "2016-12-31": "1845.00000", "2015-12-31": "1631.90000", "2014-12-31": "1647.40000", "2013-12-31": "1523.60000", "2012-12-31": "1390.70000", "2011-12-31": "1493.50000", "2010-12-31": "1388.00000", "2009-12-31": "1004.60000", "2008-12-31": "855.50000", "2007-12-31": "15.90000", "2006-12-31": "-225.40000", "2005-12-31": "-300.30000"}, "Total Liabilities And Share Holders Equity": {"2019-12-31": "8425.50000", "2018-12-31": "7587.60000", "2017-12-31": "7195.10000", "2016-12-31": "6924.40000", "2015-12-31": "3869.60000", "2014-12-31": "3822.10000", "2013-12-31": "3293.80000", "2012-12-31": "3328.40000", "2011-12-31": "3883.50000", "2010-12-31": "2919.20000", "2009-12-31": "2414.30000", "2008-12-31": "2359.50000", "2007-12-31": "1637.60000", "2006-12-31": "1416.50000", "2005-12-31": "1148.50000"}}, "balance sheet, quarterly": {"Cash On Hand": {"2020-09-30": "1654.00000", "2020-06-30": "2060.40000", "2020-03-31": "1982.00000", "2019-12-31": "894.20000", "2019-09-30": "928.70000", "2019-06-30": "885.20000", "2019-03-31": "939.60000", "2018-12-31": "1069.60000", "2018-09-30": "951.00000", "2018-06-30": "850.20000", "2018-03-31": "924.90000", "2017-12-31": "949.20000", "2017-09-30": "901.20000", "2017-06-30": "871.60000", "2017-03-31": "728.90000", "2016-12-31": "1028.10000", "2016-09-30": "880.50000", "2016-06-30": "588.10000", "2016-03-31": "619.50000", "2015-12-31": "617.60000", "2015-09-30": "557.60000", "2015-06-30": "577.90000", "2015-03-31": "429.40000", "2014-12-31": "517.80000", "2014-09-30": "494.90000", "2014-06-30": "601.20000", "2014-03-31": "617.00000", "2013-12-31": "625.70000", "2013-09-30": "553.60000", "2013-06-30": "579.00000", "2013-03-31": "614.30000", "2012-12-31": "631.70000", "2012-09-30": "643.00000", "2012-06-30": "756.40000", "2012-03-31": "892.30000", "2011-12-31": "901.50000", "2011-09-30": "837.70000", "2011-06-30": "868.80000", "2011-03-31": "766.00000", "2010-12-31": "623.30000", "2010-09-30": "562.90000", "2010-06-30": "467.10000", "2010-03-31": "560.70000", "2009-12-31": "571.20000", "2009-09-30": "470.20000", "2009-06-30": "403.40000", "2009-03-31": "402.40000", "2008-12-31": "458.70000", "2008-09-30": "417.90000", "2008-06-30": "321.20000", "2008-03-31": "307.90000", "2007-12-31": "274.60000", "2007-09-30": "327.10000", "2007-06-30": "255.80000", "2007-03-31": "275.80000", "2006-12-31": "268.80000", "2006-09-30": "269.20000", "2006-06-30": "294.70000", "2006-03-31": "251.30000", "2005-12-31": "233.30000", "2005-09-30": "272.30000", "2005-06-30": "246.60000", "2005-03-31": "204.10000"}, "Receivables": {"2020-09-30": "728.10000", "2020-06-30": "667.40000", "2020-03-31": "652.00000", "2019-12-31": "705.00000", "2019-09-30": "716.60000", "2019-06-30": "713.20000", "2019-03-31": "704.00000", "2018-12-31": "686.00000", "2018-09-30": "733.00000", "2018-06-30": "698.80000", "2018-03-31": "696.90000", "2017-12-31": "701.50000", "2017-09-30": "695.60000", "2017-06-30": "696.40000", "2017-03-31": "678.20000", "2016-12-31": "629.80000", "2016-09-30": "675.10000", "2016-06-30": "487.40000", "2016-03-31": "428.20000", "2015-12-31": "426.40000", "2015-09-30": "505.90000", "2015-06-30": "489.90000", "2015-03-31": "454.50000", "2014-12-31": "417.50000", "2014-09-30": "488.70000", "2014-06-30": "437.30000", "2014-03-31": "417.10000", "2013-12-31": "383.40000", "2013-09-30": "419.20000", "2013-06-30": "407.60000", "2013-03-31": "367.20000", "2012-12-31": "357.80000", "2012-09-30": "415.40000", "2012-06-30": "439.80000", "2012-03-31": "425.30000", "2011-12-31": "457.20000", "2011-09-30": "539.00000", "2011-06-30": "575.80000", "2011-03-31": "576.30000", "2010-12-31": "294.60000", "2010-09-30": "314.30000", "2010-06-30": "317.20000", "2010-03-31": "298.90000", "2009-12-31": "260.90000", "2009-09-30": "264.70000", "2009-06-30": "254.10000", "2009-03-31": "192.60000", "2008-12-31": "188.80000", "2008-09-30": "279.30000", "2008-06-30": "258.50000", "2008-03-31": "245.70000", "2007-12-31": "175.20000", "2007-09-30": "193.40000", "2007-06-30": "172.10000", "2007-03-31": "174.30000", "2006-12-31": "177.90000", "2006-09-30": "194.90000", "2006-06-30": "200.50000", "2006-03-31": "178.30000", "2005-12-31": "160.20000", "2005-09-30": "162.50000", "2005-06-30": "139.90000", "2005-03-31": "151.20000"}, "Inventory": {"2020-09-30": "1281.20000", "2020-06-30": "1285.40000", "2020-03-31": "1251.90000", "2019-12-31": "1232.40000", "2019-09-30": "1240.70000", "2019-06-30": "1273.80000", "2019-03-31": "1225.20000", "2018-12-31": "1225.20000", "2018-09-30": "1200.60000", "2018-06-30": "1204.40000", "2018-03-31": "1160.00000", "2017-12-31": "1089.50000", "2017-09-30": "1029.00000", "2017-06-30": "1002.00000", "2017-03-31": "1011.40000", "2016-12-31": "1030.20000", "2016-09-30": "1083.10000", "2016-06-30": "750.20000", "2016-03-31": "759.70000", "2015-12-31": "750.40000", "2015-09-30": "754.00000", "2015-06-30": "743.00000", "2015-03-31": "746.90000", "2014-12-31": "729.90000", "2014-09-30": "724.30000", "2014-06-30": "632.60000", "2014-03-31": "613.90000", "2013-12-31": "608.80000", "2013-09-30": "585.30000", "2013-06-30": "559.70000", "2013-03-31": "561.40000", "2012-12-31": "581.70000", "2012-09-30": "644.30000", "2012-06-30": "659.70000", "2012-03-31": "633.70000", "2011-12-31": "637.40000", "2011-09-30": "706.60000", "2011-06-30": "749.20000", "2011-03-31": "767.50000", "2010-12-31": "360.80000", "2010-09-30": "350.80000", "2010-06-30": "321.50000", "2010-03-31": "297.60000", "2009-12-31": "269.90000", "2009-09-30": "264.20000", "2009-06-30": "269.50000", "2009-03-31": "299.20000", "2008-12-31": "335.50000", "2008-09-30": "309.40000", "2008-06-30": "327.60000", "2008-03-31": "362.40000", "2007-12-31": "220.50000", "2007-09-30": "216.50000", "2007-06-30": "221.10000", "2007-03-31": "213.30000", "2006-12-31": "212.70000", "2006-09-30": "205.80000", "2006-06-30": "195.10000", "2006-03-31": "175.10000", "2005-12-31": "169.50000", "2005-09-30": "172.70000", "2005-06-30": "172.10000", "2005-03-31": "175.80000"}, "Pre-Paid Expenses": {"2020-09-30": "", "2020-06-30": "", "2020-03-31": "", "2019-12-31": "", "2019-09-30": "", "2019-06-30": "", "2019-03-31": "", "2018-12-31": "", "2018-09-30": "", "2018-06-30": "", "2018-03-31": "", "2017-12-31": "", "2017-09-30": "", "2017-06-30": "", "2017-03-31": "", "2016-12-31": "", "2016-09-30": "", "2016-06-30": "", "2016-03-31": "", "2015-12-31": "", "2015-09-30": "", "2015-06-30": "", "2015-03-31": "", "2014-12-31": "", "2014-09-30": "", "2014-06-30": "", "2014-03-31": "", "2013-12-31": "", "2013-09-30": "", "2013-06-30": "", "2013-03-31": "", "2012-12-31": "", "2012-09-30": "", "2012-06-30": "", "2012-03-31": "", "2011-12-31": "", "2011-09-30": "", "2011-06-30": "", "2011-03-31": "", "2010-12-31": "", "2010-09-30": "", "2010-06-30": "", "2010-03-31": "", "2009-12-31": "", "2009-09-30": "", "2009-06-30": "", "2009-03-31": "", "2008-12-31": "", "2008-09-30": "", "2008-06-30": "", "2008-03-31": "", "2007-12-31": "", "2007-09-30": "", "2007-06-30": "", "2007-03-31": "", "2006-12-31": "", "2006-09-30": "", "2006-06-30": "", "2006-03-31": "", "2005-12-31": "", "2005-09-30": "", "2005-06-30": "", "2005-03-31": ""}, "Other Current Assets": {"2020-09-30": "149.30000", "2020-06-30": "131.20000", "2020-03-31": "146.40000", "2019-12-31": "188.40000", "2019-09-30": "187.00000", "2019-06-30": "192.00000", "2019-03-31": "177.90000", "2018-12-31": "187.00000", "2018-09-30": "212.40000", "2018-06-30": "173.60000", "2018-03-31": "185.20000", "2017-12-31": "193.00000", "2017-09-30": "189.60000", "2017-06-30": "194.30000", "2017-03-31": "190.60000", "2016-12-31": "181.00000", "2016-09-30": "163.70000", "2016-06-30": "96.10000", "2016-03-31": "94.30000", "2015-12-31": "97.10000", "2015-09-30": "135.20000", "2015-06-30": "121.30000", "2015-03-31": "128.10000", "2014-12-31": "140.60000", "2014-09-30": "105.30000", "2014-06-30": "90.50000", "2014-03-31": "89.30000", "2013-12-31": "89.30000", "2013-09-30": "77.70000", "2013-06-30": "67.20000", "2013-03-31": "65.40000", "2012-12-31": "122.20000", "2012-09-30": "121.90000", "2012-06-30": "88.80000", "2012-03-31": "76.80000", "2011-12-31": "121.60000", "2011-09-30": "90.30000", "2011-06-30": "86.20000", "2011-03-31": "121.70000", "2010-12-31": "63.60000", "2010-09-30": "52.90000", "2010-06-30": "50.90000", "2010-03-31": "48.40000", "2009-12-31": "51.50000", "2009-09-30": "42.70000", "2009-06-30": "44.10000", "2009-03-31": "47.20000", "2008-12-31": "55.50000", "2008-09-30": "65.80000", "2008-06-30": "70.70000", "2008-03-31": "89.70000", "2007-12-31": "68.30000", "2007-09-30": "41.00000", "2007-06-30": "36.90000", "2007-03-31": "35.70000", "2006-12-31": "34.30000", "2006-09-30": "41.50000", "2006-06-30": "38.50000", "2006-03-31": "36.20000", "2005-12-31": "29.90000", "2005-09-30": "24.40000", "2005-06-30": "26.20000", "2005-03-31": "19.30000"}, "Total Current Assets": {"2020-09-30": "3812.60000", "2020-06-30": "4144.40000", "2020-03-31": "4032.30000", "2019-12-31": "3020.00000", "2019-09-30": "3073.00000", "2019-06-30": "3064.20000", "2019-03-31": "3046.70000", "2018-12-31": "3167.80000", "2018-09-30": "3097.00000", "2018-06-30": "2927.00000", "2018-03-31": "2967.00000", "2017-12-31": "2933.20000", "2017-09-30": "2815.40000", "2017-06-30": "2764.30000", "2017-03-31": "2609.10000", "2016-12-31": "2869.10000", "2016-09-30": "2802.40000", "2016-06-30": "1921.80000", "2016-03-31": "1901.70000", "2015-12-31": "1891.50000", "2015-09-30": "1952.70000", "2015-06-30": "1932.10000", "2015-03-31": "1758.90000", "2014-12-31": "1805.80000", "2014-09-30": "1813.20000", "2014-06-30": "1761.60000", "2014-03-31": "1737.30000", "2013-12-31": "1707.20000", "2013-09-30": "1645.70000", "2013-06-30": "1621.80000", "2013-03-31": "1617.50000", "2012-12-31": "1693.40000", "2012-09-30": "1835.00000", "2012-06-30": "1954.70000", "2012-03-31": "2038.40000", "2011-12-31": "2127.70000", "2011-09-30": "2188.20000", "2011-06-30": "2296.90000", "2011-03-31": "2247.90000", "2010-12-31": "1358.00000", "2010-09-30": "1295.70000", "2010-06-30": "1171.30000", "2010-03-31": "1220.20000", "2009-12-31": "1168.60000", "2009-09-30": "1057.50000", "2009-06-30": "985.40000", "2009-03-31": "954.60000", "2008-12-31": "1050.50000", "2008-09-30": "1076.40000", "2008-06-30": "978.30000", "2008-03-31": "1005.70000", "2007-12-31": "745.30000", "2007-09-30": "785.20000", "2007-06-30": "693.20000", "2007-03-31": "707.60000", "2006-12-31": "700.80000", "2006-09-30": "723.10000", "2006-06-30": "734.60000", "2006-03-31": "645.30000", "2005-12-31": "600.30000", "2005-09-30": "635.80000", "2005-06-30": "590.10000", "2005-03-31": "553.50000"}, "Property, Plant, And Equipment": {"2020-09-30": "2511.80000", "2020-06-30": "2566.50000", "2020-03-31": "2579.90000", "2019-12-31": "2591.60000", "2019-09-30": "2602.10000", "2019-06-30": "2620.00000", "2019-03-31": "2585.00000", "2018-12-31": "2549.60000", "2018-09-30": "2401.10000", "2018-06-30": "2387.20000", "2018-03-31": "2336.40000", "2017-12-31": "2279.10000", "2017-09-30": "2238.20000", "2017-06-30": "2215.00000", "2017-03-31": "2156.10000", "2016-12-31": "2159.10000", "2016-09-30": "2074.60000", "2016-06-30": "1277.20000", "2016-03-31": "1270.40000", "2015-12-31": "1274.10000", "2015-09-30": "1256.10000", "2015-06-30": "1225.50000", "2015-03-31": "1208.40000", "2014-12-31": "1203.90000", "2014-09-30": "1211.90000", "2014-06-30": "1141.70000", "2014-03-31": "1081.40000", "2013-12-31": "1074.20000", "2013-09-30": "1092.90000", "2013-06-30": "1101.50000", "2013-03-31": "1094.20000", "2012-12-31": "1103.30000", "2012-09-30": "1231.60000", "2012-06-30": "1201.40000", "2012-03-31": "1155.50000", "2011-12-31": "1109.50000", "2011-09-30": "1130.80000", "2011-06-30": "1150.90000", "2011-03-31": "1061.30000", "2010-12-31": "864.30000", "2010-09-30": "820.50000", "2010-06-30": "784.90000", "2010-03-31": "741.60000", "2009-12-31": "705.50000", "2009-09-30": "715.30000", "2009-06-30": "734.10000", "2009-03-31": "744.90000", "2008-12-31": "770.80000", "2008-09-30": "752.50000", "2008-06-30": "744.40000", "2008-03-31": "734.20000", "2007-12-31": "614.90000", "2007-09-30": "608.50000", "2007-06-30": "597.90000", "2007-03-31": "594.80000", "2006-12-31": "578.10000", "2006-09-30": "567.10000", "2006-06-30": "567.40000", "2006-03-31": "450.00000", "2005-12-31": "438.50000", "2005-09-30": "433.90000", "2005-06-30": "442.70000", "2005-03-31": "455.60000"}, "Long-Term Investments": {"2020-09-30": "", "2020-06-30": "", "2020-03-31": "", "2019-12-31": "", "2019-09-30": "", "2019-06-30": "", "2019-03-31": "", "2018-12-31": "", "2018-09-30": "", "2018-06-30": "", "2018-03-31": "", "2017-12-31": "", "2017-09-30": "", "2017-06-30": "", "2017-03-31": "", "2016-12-31": "", "2016-09-30": "", "2016-06-30": "", "2016-03-31": "", "2015-12-31": "", "2015-09-30": "", "2015-06-30": "", "2015-03-31": "", "2014-12-31": "", "2014-09-30": "", "2014-06-30": "", "2014-03-31": "", "2013-12-31": "", "2013-09-30": "", "2013-06-30": "", "2013-03-31": "", "2012-12-31": "", "2012-09-30": "", "2012-06-30": "", "2012-03-31": "", "2011-12-31": "", "2011-09-30": "", "2011-06-30": "", "2011-03-31": "", "2010-12-31": "", "2010-09-30": "", "2010-06-30": "", "2010-03-31": "", "2009-12-31": "", "2009-09-30": "", "2009-06-30": "", "2009-03-31": "", "2008-12-31": "", "2008-09-30": "", "2008-06-30": "", "2008-03-31": "", "2007-12-31": "", "2007-09-30": "", "2007-06-30": "", "2007-03-31": "", "2006-12-31": "", "2006-09-30": "", "2006-06-30": "", "2006-03-31": "", "2005-12-31": "", "2005-09-30": "", "2005-06-30": "", "2005-03-31": ""}, "Goodwill And Intangible Assets": {"2020-09-30": "2161.60000", "2020-06-30": "2191.20000", "2020-03-31": "2221.60000", "2019-12-31": "2249.70000", "2019-09-30": "2281.80000", "2019-06-30": "2330.50000", "2019-03-31": "1472.00000", "2018-12-31": "1498.90000", "2018-09-30": "1528.40000", "2018-06-30": "1556.70000", "2018-03-31": "1517.80000", "2017-12-31": "1545.20000", "2017-09-30": "1579.40000", "2017-06-30": "1633.30000", "2017-03-31": "1655.20000", "2016-12-31": "1686.80000", "2016-09-30": "1778.90000", "2016-06-30": "547.40000", "2016-03-31": "572.90000", "2015-12-31": "596.40000", "2015-09-30": "631.40000", "2015-06-30": "651.10000", "2015-03-31": "688.40000", "2014-12-31": "722.30000", "2014-09-30": "755.70000", "2014-06-30": "457.10000", "2014-03-31": "399.90000", "2013-12-31": "408.00000", "2013-09-30": "416.40000", "2013-06-30": "424.70000", "2013-03-31": "433.10000", "2012-12-31": "441.60000", "2012-09-30": "502.60000", "2012-06-30": "513.50000", "2012-03-31": "524.50000", "2011-12-31": "535.90000", "2011-09-30": "547.50000", "2011-06-30": "558.20000", "2011-03-31": "569.90000", "2010-12-31": "494.20000", "2010-09-30": "516.80000", "2010-06-30": "524.60000", "2010-03-31": "522.30000", "2009-12-31": "474.10000", "2009-09-30": "461.10000", "2009-06-30": "467.10000", "2009-03-31": "474.80000", "2008-12-31": "493.60000", "2008-09-30": "1036.20000", "2008-06-30": "1060.30000", "2008-03-31": "1073.70000", "2007-12-31": "229.90000", "2007-09-30": "89.80000", "2007-06-30": "90.30000", "2007-03-31": "90.90000", "2006-12-31": "91.10000", "2006-09-30": "91.90000", "2006-06-30": "88.90000", "2006-03-31": "77.30000", "2005-12-31": "77.30000", "2005-09-30": "77.30000", "2005-06-30": "77.30000", "2005-03-31": "77.30000"}, "Other Long-Term Assets": {"2020-09-30": "306.40000", "2020-06-30": "300.50000", "2020-03-31": "256.00000", "2019-12-31": "256.40000", "2019-09-30": "273.90000", "2019-06-30": "267.80000", "2019-03-31": "222.40000", "2018-12-31": "105.10000", "2018-09-30": "123.70000", "2018-06-30": "127.50000", "2018-03-31": "108.60000", "2017-12-31": "98.50000", "2017-09-30": "79.50000", "2017-06-30": "73.30000", "2017-03-31": "73.10000", "2016-12-31": "70.50000", "2016-09-30": "84.20000", "2016-06-30": "2351.40000", "2016-03-31": "110.10000", "2015-12-31": "63.10000", "2015-09-30": "109.90000", "2015-06-30": "106.70000", "2015-03-31": "90.60000", "2014-12-31": "90.10000", "2014-09-30": "101.40000", "2014-06-30": "58.00000", "2014-03-31": "68.10000", "2013-12-31": "104.40000", "2013-09-30": "55.80000", "2013-06-30": "54.50000", "2013-03-31": "56.30000", "2012-12-31": "90.10000", "2012-09-30": "66.10000", "2012-06-30": "68.00000", "2012-03-31": "80.70000", "2011-12-31": "76.20000", "2011-09-30": "73.20000", "2011-06-30": "76.40000", "2011-03-31": "75.40000", "2010-12-31": "202.70000", "2010-09-30": "61.50000", "2010-06-30": "60.20000", "2010-03-31": "61.70000", "2009-12-31": "66.10000", "2009-09-30": "40.70000", "2009-06-30": "37.60000", "2009-03-31": "36.70000", "2008-12-31": "44.60000", "2008-09-30": "43.90000", "2008-06-30": "55.10000", "2008-03-31": "58.70000", "2007-12-31": "47.50000", "2007-09-30": "42.80000", "2007-06-30": "46.30000", "2007-03-31": "47.40000", "2006-12-31": "46.50000", "2006-09-30": "34.60000", "2006-06-30": "31.40000", "2006-03-31": "36.80000", "2005-12-31": "32.40000", "2005-09-30": "23.50000", "2005-06-30": "22.00000", "2005-03-31": "25.90000"}, "Total Long-Term Assets": {"2020-09-30": "5441.40000", "2020-06-30": "5383.40000", "2020-03-31": "5388.50000", "2019-12-31": "5405.50000", "2019-09-30": "5449.30000", "2019-06-30": "5460.30000", "2019-03-31": "4517.60000", "2018-12-31": "4419.80000", "2018-09-30": "4312.80000", "2018-06-30": "4370.30000", "2018-03-31": "4296.10000", "2017-12-31": "4261.90000", "2017-09-30": "4045.90000", "2017-06-30": "4070.00000", "2017-03-31": "4028.30000", "2016-12-31": "4055.30000", "2016-09-30": "3988.50000", "2016-06-30": "4176.00000", "2016-03-31": "1953.40000", "2015-12-31": "1978.10000", "2015-09-30": "1997.40000", "2015-06-30": "1983.30000", "2015-03-31": "1987.40000", "2014-12-31": "2016.30000", "2014-09-30": "2069.00000", "2014-06-30": "1656.80000", "2014-03-31": "1549.40000", "2013-12-31": "1586.60000", "2013-09-30": "1603.00000", "2013-06-30": "1619.60000", "2013-03-31": "1615.20000", "2012-12-31": "1635.00000", "2012-09-30": "1834.90000", "2012-06-30": "1816.00000", "2012-03-31": "1790.80000", "2011-12-31": "1755.80000", "2011-09-30": "1823.70000", "2011-06-30": "1852.90000", "2011-03-31": "1768.90000", "2010-12-31": "1561.20000", "2010-09-30": "1398.80000", "2010-06-30": "1369.70000", "2010-03-31": "1325.60000", "2009-12-31": "1245.70000", "2009-09-30": "1217.10000", "2009-06-30": "1238.80000", "2009-03-31": "1256.40000", "2008-12-31": "1309.00000", "2008-09-30": "1832.60000", "2008-06-30": "1859.80000", "2008-03-31": "1866.60000", "2007-12-31": "892.30000", "2007-09-30": "741.10000", "2007-06-30": "734.50000", "2007-03-31": "733.10000", "2006-12-31": "715.70000", "2006-09-30": "693.60000", "2006-06-30": "688.40010", "2006-03-31": "565.70000", "2005-12-31": "548.20000", "2005-09-30": "534.70000", "2005-06-30": "542.00000", "2005-03-31": "558.80000"}, "Total Assets": {"2020-09-30": "9254.00000", "2020-06-30": "9527.80000", "2020-03-31": "9420.80000", "2019-12-31": "8425.50000", "2019-09-30": "8522.30000", "2019-06-30": "8524.50000", "2019-03-31": "7564.30000", "2018-12-31": "7587.60000", "2018-09-30": "7409.80000", "2018-06-30": "7297.30000", "2018-03-31": "7263.10000", "2017-12-31": "7195.10000", "2017-09-30": "6861.30000", "2017-06-30": "6834.30000", "2017-03-31": "6637.40000", "2016-12-31": "6924.40000", "2016-09-30": "6790.90000", "2016-06-30": "6097.80000", "2016-03-31": "3855.10000", "2015-12-31": "3869.60000", "2015-09-30": "3950.10000", "2015-06-30": "3915.40000", "2015-03-31": "3746.30000", "2014-12-31": "3822.10000", "2014-09-30": "3882.20000", "2014-06-30": "3418.40000", "2014-03-31": "3286.70000", "2013-12-31": "3293.80000", "2013-09-30": "3248.70000", "2013-06-30": "3241.40000", "2013-03-31": "3232.70000", "2012-12-31": "3328.40000", "2012-09-30": "3669.90000", "2012-06-30": "3770.70000", "2012-03-31": "3829.20000", "2011-12-31": "3883.50000", "2011-09-30": "4011.90000", "2011-06-30": "4149.80000", "2011-03-31": "4016.80000", "2010-12-31": "2919.20000", "2010-09-30": "2694.50000", "2010-06-30": "2541.00000", "2010-03-31": "2545.80000", "2009-12-31": "2414.30000", "2009-09-30": "2274.60000", "2009-06-30": "2224.20000", "2009-03-31": "2211.00000", "2008-12-31": "2359.50000", "2008-09-30": "2909.00000", "2008-06-30": "2838.10000", "2008-03-31": "2872.30000", "2007-12-31": "1637.60000", "2007-09-30": "1526.30000", "2007-06-30": "1427.70000", "2007-03-31": "1440.70000", "2006-12-31": "1416.50000", "2006-09-30": "1416.70000", "2006-06-30": "1423.00000", "2006-03-31": "1211.00000", "2005-12-31": "1148.50000", "2005-09-30": "1170.50000", "2005-06-30": "1132.10000", "2005-03-31": "1112.30000"}, "Total Current Liabilities": {"2020-09-30": "1803.10000", "2020-06-30": "1764.60000", "2020-03-31": "1736.10000", "2019-12-31": "1818.40000", "2019-09-30": "2001.60000", "2019-06-30": "1266.80000", "2019-03-31": "1317.50000", "2018-12-31": "1469.30000", "2018-09-30": "1314.70000", "2018-06-30": "1895.00000", "2018-03-31": "1945.00000", "2017-12-31": "1408.90000", "2017-09-30": "1429.30000", "2017-06-30": "1363.20000", "2017-03-31": "1212.00000", "2016-12-31": "1502.60000", "2016-09-30": "1497.90000", "2016-06-30": "1260.50000", "2016-03-31": "1189.40000", "2015-12-31": "1239.30000", "2015-09-30": "1338.00000", "2015-06-30": "1320.30000", "2015-03-31": "1013.70000", "2014-12-31": "1040.80000", "2014-09-30": "1013.00000", "2014-06-30": "869.30000", "2014-03-31": "824.20000", "2013-12-31": "819.20000", "2013-09-30": "878.10000", "2013-06-30": "876.60000", "2013-03-31": "874.00000", "2012-12-31": "1024.30000", "2012-09-30": "1053.60000", "2012-06-30": "1154.70000", "2012-03-31": "1214.30000", "2011-12-31": "1275.50000", "2011-09-30": "1255.30000", "2011-06-30": "1294.20000", "2011-03-31": "1146.10000", "2010-12-31": "710.90000", "2010-09-30": "677.20000", "2010-06-30": "647.90000", "2010-03-31": "574.20000", "2009-12-31": "619.00000", "2009-09-30": "561.00000", "2009-06-30": "568.90000", "2009-03-31": "460.00000", "2008-12-31": "544.00000", "2008-09-30": "609.40000", "2008-06-30": "587.90000", "2008-03-31": "655.60000", "2007-12-31": "420.90000", "2007-09-30": "390.40000", "2007-06-30": "371.40000", "2007-03-31": "398.70000", "2006-12-31": "433.00000", "2006-09-30": "407.30000", "2006-06-30": "455.80000", "2006-03-31": "394.10000", "2005-12-31": "398.30000", "2005-09-30": "335.50000", "2005-06-30": "320.30000", "2005-03-31": "316.70000"}, "Long Term Debt": {"2020-09-30": "3537.60000", "2020-06-30": "4044.80000", "2020-03-31": "4043.00000", "2019-12-31": "2876.50000", "2019-09-30": "2878.80000", "2019-06-30": "3550.80000", "2019-03-31": "2639.00000", "2018-12-31": "2627.60000", "2018-09-30": "2615.70000", "2018-06-30": "2020.40000", "2018-03-31": "2084.40000", "2017-12-31": "2703.70000", "2017-09-30": "2684.40000", "2017-06-30": "2872.30000", "2017-03-31": "2986.80000", "2016-12-31": "3068.50000", "2016-09-30": "3095.70000", "2016-06-30": "2935.10000", "2016-03-31": "835.10000", "2015-12-31": "850.50000", "2015-09-30": "868.40000", "2015-06-30": "822.30000", "2015-03-31": "950.20000", "2014-12-31": "982.10000", "2014-09-30": "980.30000", "2014-06-30": "735.50000", "2014-03-31": "746.50000", "2013-12-31": "760.60000", "2013-09-30": "659.40000", "2013-06-30": "686.30000", "2013-03-31": "706.80000", "2012-12-31": "658.30000", "2012-09-30": "802.50000", "2012-06-30": "805.00000", "2012-03-31": "811.90000", "2011-12-31": "836.90000", "2011-09-30": "948.80000", "2011-06-30": "998.70000", "2011-03-31": "1095.20000", "2010-12-31": "752.80000", "2010-09-30": "650.20000", "2010-06-30": "632.90000", "2010-03-31": "823.50000", "2009-12-31": "727.60000", "2009-09-30": "729.90000", "2009-06-30": "729.50000", "2009-03-31": "844.30000", "2008-12-31": "901.90000", "2008-09-30": "1151.40000", "2008-06-30": "1151.90000", "2008-03-31": "1149.60000", "2007-12-31": "1128.60000", "2007-09-30": "1112.20000", "2007-06-30": "1117.40000", "2007-03-31": "1123.70000", "2006-12-31": "1148.10000", "2006-09-30": "972.00000", "2006-06-30": "1009.80000", "2006-03-31": "1009.70000", "2005-12-31": "993.10000", "2005-09-30": "1118.00000", "2005-06-30": "1124.10000", "2005-03-31": "1126.90000"}, "Other Non-Current Liabilities": {"2020-09-30": "403.50000", "2020-06-30": "397.60000", "2020-03-31": "343.30000", "2019-12-31": "346.30000", "2019-09-30": "342.50000", "2019-06-30": "350.10000", "2019-03-31": "333.00000", "2018-12-31": "241.80000", "2018-09-30": "215.30000", "2018-06-30": "221.50000", "2018-03-31": "225.10000", "2017-12-31": "226.40000", "2017-09-30": "203.10000", "2017-06-30": "208.20000", "2017-03-31": "194.30000", "2016-12-31": "219.40000", "2016-09-30": "195.10000", "2016-06-30": "176.50000", "2016-03-31": "152.50000", "2015-12-31": "130.60000", "2015-09-30": "162.60000", "2015-06-30": "153.10000", "2015-03-31": "155.20000", "2014-12-31": "151.80000", "2014-09-30": "214.60000", "2014-06-30": "174.10000", "2014-03-31": "176.10000", "2013-12-31": "190.40000", "2013-09-30": "186.00000", "2013-06-30": "191.90000", "2013-03-31": "215.20000", "2012-12-31": "255.10000", "2012-09-30": "252.80000", "2012-06-30": "246.60000", "2012-03-31": "247.40000", "2011-12-31": "260.10000", "2011-09-30": "261.00000", "2011-06-30": "247.00000", "2011-03-31": "244.20000", "2010-12-31": "49.30000", "2010-09-30": "46.40000", "2010-06-30": "44.60000", "2010-03-31": "45.00000", "2009-12-31": "49.30000", "2009-09-30": "47.50000", "2009-06-30": "44.50000", "2009-03-31": "45.90000", "2008-12-31": "48.10000", "2008-09-30": "47.00000", "2008-06-30": "47.40000", "2008-03-31": "63.80000", "2007-12-31": "46.80000", "2007-09-30": "52.40000", "2007-06-30": "51.30000", "2007-03-31": "51.30000", "2006-12-31": "35.80000", "2006-09-30": "32.60000", "2006-06-30": "32.20000", "2006-03-31": "31.60000", "2005-12-31": "31.40000", "2005-09-30": "33.10000", "2005-06-30": "33.30000", "2005-03-31": "31.60000"}, "Total Long Term Liabilities": {"2020-09-30": "4003.70000", "2020-06-30": "4503.90000", "2020-03-31": "4447.10000", "2019-12-31": "3283.00000", "2019-09-30": "3281.10000", "2019-06-30": "3959.80000", "2019-03-31": "3026.10000", "2018-12-31": "2924.20000", "2018-09-30": "2891.70000", "2018-06-30": "2305.50000", "2018-03-31": "2366.60000", "2017-12-31": "2985.20000", "2017-09-30": "3196.60000", "2017-06-30": "3351.80000", "2017-03-31": "3427.10000", "2016-12-31": "3576.80000", "2016-09-30": "3539.00000", "2016-06-30": "3111.60000", "2016-03-31": "987.60000", "2015-12-31": "998.40000", "2015-09-30": "1031.00000", "2015-06-30": "975.40000", "2015-03-31": "1105.40000", "2014-12-31": "1133.90000", "2014-09-30": "1194.90000", "2014-06-30": "909.60000", "2014-03-31": "922.60000", "2013-12-31": "951.00000", "2013-09-30": "868.90000", "2013-06-30": "899.50000", "2013-03-31": "944.80000", "2012-12-31": "913.40000", "2012-09-30": "1076.70000", "2012-06-30": "1071.40000", "2012-03-31": "1080.40000", "2011-12-31": "1114.50000", "2011-09-30": "1230.90000", "2011-06-30": "1268.00000", "2011-03-31": "1361.00000", "2010-12-31": "820.30000", "2010-09-30": "714.70000", "2010-06-30": "693.80000", "2010-03-31": "883.90000", "2009-12-31": "790.70000", "2009-09-30": "790.10000", "2009-06-30": "786.90000", "2009-03-31": "902.20000", "2008-12-31": "960.00000", "2008-09-30": "1214.80000", "2008-06-30": "1216.00000", "2008-03-31": "1238.10000", "2007-12-31": "1200.80000", "2007-09-30": "1189.40000", "2007-06-30": "1193.40000", "2007-03-31": "1199.20000", "2006-12-31": "1208.90000", "2006-09-30": "1029.70000", "2006-06-30": "1067.20000", "2006-03-31": "1066.60000", "2005-12-31": "1050.50000", "2005-09-30": "1178.30000", "2005-06-30": "1183.00000", "2005-03-31": "1183.80000"}, "Total Liabilities": {"2020-09-30": "5806.80000", "2020-06-30": "6268.50000", "2020-03-31": "6183.20000", "2019-12-31": "5101.40000", "2019-09-30": "5282.70000", "2019-06-30": "5226.60000", "2019-03-31": "4343.60000", "2018-12-31": "4393.50000", "2018-09-30": "4206.40000", "2018-06-30": "4200.50000", "2018-03-31": "4311.60000", "2017-12-31": "4394.10000", "2017-09-30": "4625.90000", "2017-06-30": "4715.00000", "2017-03-31": "4639.10000", "2016-12-31": "5079.40000", "2016-09-30": "5036.90000", "2016-06-30": "4372.10000", "2016-03-31": "2177.00000", "2015-12-31": "2237.70000", "2015-09-30": "2369.00000", "2015-06-30": "2295.70000", "2015-03-31": "2119.10000", "2014-12-31": "2174.70000", "2014-09-30": "2207.90000", "2014-06-30": "1778.90000", "2014-03-31": "1746.80000", "2013-12-31": "1770.20000", "2013-09-30": "1747.00000", "2013-06-30": "1776.10000", "2013-03-31": "1818.80000", "2012-12-31": "1937.70000", "2012-09-30": "2130.30000", "2012-06-30": "2226.10000", "2012-03-31": "2294.70000", "2011-12-31": "2390.00000", "2011-09-30": "2486.20000", "2011-06-30": "2562.20000", "2011-03-31": "2507.10000", "2010-12-31": "1531.20000", "2010-09-30": "1391.90000", "2010-06-30": "1341.70000", "2010-03-31": "1458.10000", "2009-12-31": "1409.70000", "2009-09-30": "1351.10000", "2009-06-30": "1355.80000", "2009-03-31": "1362.20000", "2008-12-31": "1504.00000", "2008-09-30": "1824.20000", "2008-06-30": "1803.90000", "2008-03-31": "1893.70000", "2007-12-31": "1621.70000", "2007-09-30": "1579.80000", "2007-06-30": "1564.80000", "2007-03-31": "1597.90000", "2006-12-31": "1641.90000", "2006-09-30": "1437.00000", "2006-06-30": "1523.00000", "2006-03-31": "1460.70000", "2005-12-31": "1448.80000", "2005-09-30": "1513.80000", "2005-06-30": "1503.30000", "2005-03-31": "1500.50000"}, "Common Stock Net": {"2020-09-30": "5.70000", "2020-06-30": "5.70000", "2020-03-31": "5.70000", "2019-12-31": "5.70000", "2019-09-30": "5.60000", "2019-06-30": "5.60000", "2019-03-31": "5.60000", "2018-12-31": "5.60000", "2018-09-30": "5.60000", "2018-06-30": "5.60000", "2018-03-31": "5.50000", "2017-12-31": "5.50000", "2017-09-30": "5.50000", "2017-06-30": "5.50000", "2017-03-31": "5.50000", "2016-12-31": "5.40000", "2016-09-30": "5.40000", "2016-06-30": "5.40000", "2016-03-31": "5.40000", "2015-12-31": "5.30000", "2015-09-30": "5.30000", "2015-06-30": "5.30000", "2015-03-31": "5.30000", "2014-12-31": "5.20000", "2014-09-30": "5.20000", "2014-06-30": "5.20000", "2014-03-31": "5.20000", "2013-12-31": "5.20000", "2013-09-30": "5.10000", "2013-06-30": "5.10000", "2013-03-31": "5.10000", "2012-12-31": "5.10000", "2012-09-30": "5.10000", "2012-06-30": "5.10000", "2012-03-31": "5.10000", "2011-12-31": "5.00000", "2011-09-30": "5.00000", "2011-06-30": "5.00000", "2011-03-31": "4.90000", "2010-12-31": "4.90000", "2010-09-30": "4.80000", "2010-06-30": "4.80000", "2010-03-31": "4.80000", "2009-12-31": "4.70000", "2009-09-30": "4.70000", "2009-06-30": "4.70000", "2009-03-31": "4.70000", "2008-12-31": "4.60000", "2008-09-30": "4.50000", "2008-06-30": "4.40000", "2008-03-31": "4.40000", "2007-12-31": "3.40000", "2007-09-30": "3.40000", "2007-06-30": "3.40000", "2007-03-31": "3.30000", "2006-12-31": "3.30000", "2006-09-30": "3.20000", "2006-06-30": "3.20000", "2006-03-31": "3.10000", "2005-12-31": "3.10000", "2005-09-30": "2.60000", "2005-06-30": "2.50000", "2005-03-31": "2.50000"}, "Retained Earnings (Accumulated Deficit)": {"2020-09-30": "1336.50000", "2020-06-30": "1175.90000", "2020-03-31": "1177.30000", "2019-12-31": "1191.30000", "2019-09-30": "1134.80000", "2019-06-30": "1195.50000", "2019-03-31": "1093.70000", "2018-12-31": "979.60000", "2018-09-30": "814.00000", "2018-06-30": "646.90000", "2018-03-31": "491.70000", "2017-12-31": "351.50000", "2017-09-30": "-178.40000", "2017-06-30": "-287.10000", "2017-03-31": "-381.00000", "2016-12-31": "-527.30000", "2016-09-30": "-638.20000", "2016-06-30": "-648.30000", "2016-03-31": "-673.40000", "2015-12-31": "-709.40000", "2015-09-30": "-763.50000", "2015-06-30": "-809.80000", "2015-03-31": "-860.50000", "2014-12-31": "-915.60000", "2014-09-30": "-954.10000", "2014-06-30": "-995.70000", "2014-03-31": "-1083.70000", "2013-12-31": "-1105.30000", "2013-09-30": "-1170.80000", "2013-06-30": "-1222.60000", "2013-03-31": "-1270.30000", "2012-12-31": "-1292.90000", "2012-09-30": "-1154.70000", "2012-06-30": "-1167.20000", "2012-03-31": "-1174.10000", "2011-12-31": "-1202.30000", "2011-09-30": "-1159.80000", "2011-06-30": "-1090.30000", "2011-03-31": "-1139.10000", "2010-12-31": "-1213.90000", "2010-09-30": "-1274.90000", "2010-06-30": "-1362.70000", "2010-03-31": "-1441.40000", "2009-12-31": "-1504.40000", "2009-09-30": "-1572.40000", "2009-06-30": "-1602.30000", "2009-03-31": "-1599.30000", "2008-12-31": "-1565.40000", "2008-09-30": "-924.80000", "2008-06-30": "-986.00000", "2008-03-31": "-1030.60000", "2007-12-31": "-1051.40000", "2007-09-30": "-1112.50000", "2007-06-30": "-1176.30000", "2007-03-31": "-1239.60000", "2006-12-31": "-1284.70000", "2006-09-30": "-1372.10000", "2006-06-30": "-1448.90000", "2006-03-31": "-1516.40000", "2005-12-31": "-1556.80000", "2005-09-30": "-1600.60000", "2005-06-30": "-1624.10000", "2005-03-31": "-1642.60000"}, "Comprehensive Income": {"2020-09-30": "-63.40000", "2020-06-30": "-67.60000", "2020-03-31": "-66.50000", "2019-12-31": "-54.30000", "2019-09-30": "-55.60000", "2019-06-30": "-53.40000", "2019-03-31": "-43.70000", "2018-12-31": "-37.90000", "2018-09-30": "-35.50000", "2018-06-30": "-34.90000", "2018-03-31": "-34.40000", "2017-12-31": "-40.60000", "2017-09-30": "-43.80000", "2017-06-30": "-43.80000", "2017-03-31": "-43.10000", "2016-12-31": "-50.20000", "2016-09-30": "-38.60000", "2016-06-30": "-39.40000", "2016-03-31": "-41.30000", "2015-12-31": "-42.30000", "2015-09-30": "-44.10000", "2015-06-30": "-43.60000", "2015-03-31": "-45.80000", "2014-12-31": "-41.50000", "2014-09-30": "-44.60000", "2014-06-30": "-45.30000", "2014-03-31": "-46.40000", "2013-12-31": "-47.40000", "2013-09-30": "-48.60000", "2013-06-30": "-51.10000", "2013-03-31": "-50.40000", "2012-12-31": "-41.10000", "2012-09-30": "-45.20000", "2012-06-30": "-44.70000", "2012-03-31": "-41.60000", "2011-12-31": "-46.70000", "2011-09-30": "-48.50000", "2011-06-30": "-54.50000", "2011-03-31": "-58.70000", "2010-12-31": "-59.10000", "2010-09-30": "-59.60000", "2010-06-30": "-63.10000", "2010-03-31": "-65.10000", "2009-12-31": "-64.90000", "2009-09-30": "-63.90000", "2009-06-30": "-67.60000", "2009-03-31": "-68.60000", "2008-12-31": "-53.60000", "2008-09-30": "-28.80000", "2008-06-30": "-1.40000", "2008-03-31": "6.00000", "2007-12-31": "-0.50000", "2007-09-30": "-0.50000", "2007-06-30": "-3.30000", "2007-03-31": "-1.00000", "2006-12-31": "-0.40000", "2006-09-30": "1.50000", "2006-06-30": "3.60000", "2006-03-31": "3.20000", "2005-12-31": "0.70000", "2005-09-30": "3.00000", "2005-06-30": "1.20000", "2005-03-31": "3.80000"}, "Other Share Holders Equity": {"2020-09-30": "", "2020-06-30": "", "2020-03-31": "", "2019-12-31": "", "2019-09-30": "", "2019-06-30": "", "2019-03-31": "", "2018-12-31": "", "2018-09-30": "", "2018-06-30": "", "2018-03-31": "", "2017-12-31": "", "2017-09-30": "", "2017-06-30": "", "2017-03-31": "", "2016-12-31": "", "2016-09-30": "", "2016-06-30": "", "2016-03-31": "", "2015-12-31": "", "2015-09-30": "", "2015-06-30": "", "2015-03-31": "", "2014-12-31": "", "2014-09-30": "", "2014-06-30": "", "2014-03-31": "", "2013-12-31": "", "2013-09-30": "", "2013-06-30": "", "2013-03-31": "", "2012-12-31": "", "2012-09-30": "", "2012-06-30": "", "2012-03-31": "", "2011-12-31": "", "2011-09-30": "", "2011-06-30": "", "2011-03-31": "", "2010-12-31": "", "2010-09-30": "", "2010-06-30": "", "2010-03-31": "", "2009-12-31": "", "2009-09-30": "", "2009-06-30": "", "2009-03-31": "", "2008-12-31": "", "2008-09-30": "", "2008-06-30": "", "2008-03-31": "", "2007-12-31": "", "2007-09-30": "", "2007-06-30": "", "2007-03-31": "", "2006-12-31": "", "2006-09-30": "", "2006-06-30": "", "2006-03-31": "", "2005-12-31": "", "2005-09-30": "", "2005-06-30": "", "2005-03-31": ""}, "Share Holder Equity": {"2020-09-30": "3447.20000", "2020-06-30": "3259.30000", "2020-03-31": "3237.60000", "2019-12-31": "3324.10000", "2019-09-30": "3239.60000", "2019-06-30": "3297.90000", "2019-03-31": "3220.70000", "2018-12-31": "3194.10000", "2018-09-30": "3203.40000", "2018-06-30": "3096.80000", "2018-03-31": "2951.50000", "2017-12-31": "2801.00000", "2017-09-30": "2235.40000", "2017-06-30": "2119.30000", "2017-03-31": "1998.30000", "2016-12-31": "1845.00000", "2016-09-30": "1754.00000", "2016-06-30": "1725.70000", "2016-03-31": "1678.10000", "2015-12-31": "1631.90000", "2015-09-30": "1581.10000", "2015-06-30": "1619.70000", "2015-03-31": "1627.20000", "2014-12-31": "1647.40000", "2014-09-30": "1674.30000", "2014-06-30": "1639.50000", "2014-03-31": "1539.90000", "2013-12-31": "1523.60000", "2013-09-30": "1501.70000", "2013-06-30": "1465.30000", "2013-03-31": "1413.90000", "2012-12-31": "1390.70000", "2012-09-30": "1539.60000", "2012-06-30": "1544.60000", "2012-03-31": "1534.50000", "2011-12-31": "1493.50000", "2011-09-30": "1525.70000", "2011-06-30": "1587.60000", "2011-03-31": "1509.70000", "2010-12-31": "1388.00000", "2010-09-30": "1302.60000", "2010-06-30": "1199.30000", "2010-03-31": "1087.70000", "2009-12-31": "1004.60000", "2009-09-30": "923.50000", "2009-06-30": "868.40000", "2009-03-31": "848.80000", "2008-12-31": "855.50000", "2008-09-30": "1084.80000", "2008-06-30": "1034.20000", "2008-03-31": "978.60000", "2007-12-31": "15.90000", "2007-09-30": "-53.50000", "2007-06-30": "-137.10000", "2007-03-31": "-157.20000", "2006-12-31": "-225.40000", "2006-09-30": "-20.30000", "2006-06-30": "-100.00000", "2006-03-31": "-249.70000", "2005-12-31": "-300.30000", "2005-09-30": "-343.30000", "2005-06-30": "-371.20000", "2005-03-31": "-388.20000"}, "Total Liabilities And Share Holders Equity": {"2020-09-30": "9254.00000", "2020-06-30": "9527.80000", "2020-03-31": "9420.80000", "2019-12-31": "8425.50000", "2019-09-30": "8522.30000", "2019-06-30": "8524.50000", "2019-03-31": "7564.30000", "2018-12-31": "7587.60000", "2018-09-30": "7409.80000", "2018-06-30": "7297.30000", "2018-03-31": "7263.10000", "2017-12-31": "7195.10000", "2017-09-30": "6861.30000", "2017-06-30": "6834.30000", "2017-03-31": "6637.40000", "2016-12-31": "6924.40000", "2016-09-30": "6790.90000", "2016-06-30": "6097.80000", "2016-03-31": "3855.10000", "2015-12-31": "3869.60000", "2015-09-30": "3950.10000", "2015-06-30": "3915.40000", "2015-03-31": "3746.30000", "2014-12-31": "3822.10000", "2014-09-30": "3882.20000", "2014-06-30": "3418.40000", "2014-03-31": "3286.70000", "2013-12-31": "3293.80000", "2013-09-30": "3248.70000", "2013-06-30": "3241.40000", "2013-03-31": "3232.70000", "2012-12-31": "3328.40000", "2012-09-30": "3669.90000", "2012-06-30": "3770.70000", "2012-03-31": "3829.20000", "2011-12-31": "3883.50000", "2011-09-30": "4011.90000", "2011-06-30": "4149.80000", "2011-03-31": "4016.80000", "2010-12-31": "2919.20000", "2010-09-30": "2694.50000", "2010-06-30": "2541.00000", "2010-03-31": "2545.80000", "2009-12-31": "2414.30000", "2009-09-30": "2274.60000", "2009-06-30": "2224.20000", "2009-03-31": "2211.00000", "2008-12-31": "2359.50000", "2008-09-30": "2909.00000", "2008-06-30": "2838.10000", "2008-03-31": "2872.30000", "2007-12-31": "1637.60000", "2007-09-30": "1526.30000", "2007-06-30": "1427.70000", "2007-03-31": "1440.70000", "2006-12-31": "1416.50000", "2006-09-30": "1416.70000", "2006-06-30": "1423.00000", "2006-03-31": "1211.00000", "2005-12-31": "1148.50000", "2005-09-30": "1170.50000", "2005-06-30": "1132.10000", "2005-03-31": "1112.30000"}}, "cash flow statement": {"Net Income/Loss": {"2019-12-31": "213.90000", "2018-12-31": "629.90000", "2017-12-31": "813.00000", "2016-12-31": "184.50000", "2015-12-31": "209.00000", "2014-12-31": "192.10000", "2013-12-31": "153.60000", "2012-12-31": "-92.90000", "2011-12-31": "14.90000", "2010-12-31": "292.90000", "2009-12-31": "63.30000", "2008-12-31": "-428.60000", "2007-12-31": "205.00000", "2006-12-31": "272.10000", "2005-12-31": "100.60000"}, "Total Depreciation And Amortization - Cash Flow": {"2019-12-31": "607.70000", "2018-12-31": "528.70000", "2017-12-31": "511.00000", "2016-12-31": "378.30000", "2015-12-31": "360.40000", "2014-12-31": "279.80000", "2013-12-31": "213.10000", "2012-12-31": "295.20000", "2011-12-31": "231.70000", "2010-12-31": "185.50000", "2009-12-31": "158.70000", "2008-12-31": "690.60000", "2007-12-31": "96.90000", "2006-12-31": "84.20000", "2005-12-31": "100.70000"}, "Other Non-Cash Items": {"2019-12-31": "139.80000", "2018-12-31": "185.30000", "2017-12-31": "-202.80000", "2016-12-31": "-4.70000", "2015-12-31": "105.30000", "2014-12-31": "81.50000", "2013-12-31": "80.10000", "2012-12-31": "195.20000", "2011-12-31": "237.20000", "2010-12-31": "96.50000", "2009-12-31": "115.70000", "2008-12-31": "118.30000", "2007-12-31": "56.00000", "2006-12-31": "26.90000", "2005-12-31": "20.60000"}, "Total Non-Cash Items": {"2019-12-31": "747.50000", "2018-12-31": "714.00010", "2017-12-31": "308.20000", "2016-12-31": "373.60000", "2015-12-31": "465.70000", "2014-12-31": "361.30000", "2013-12-31": "293.20000", "2012-12-31": "490.40000", "2011-12-31": "468.90000", "2010-12-31": "282.00000", "2009-12-31": "274.40000", "2008-12-31": "808.90000", "2007-12-31": "152.90000", "2006-12-31": "111.10000", "2005-12-31": "121.30000"}, "Change In Accounts Receivable": {"2019-12-31": "4.70000", "2018-12-31": "-2.70000", "2017-12-31": "-57.90000", "2016-12-31": "28.10000", "2015-12-31": "-11.30000", "2014-12-31": "20.50000", "2013-12-31": "-35.40000", "2012-12-31": "95.40000", "2011-12-31": "89.10000", "2010-12-31": "-22.90000", "2009-12-31": "-71.50000", "2008-12-31": "74.90000", "2007-12-31": "3.90000", "2006-12-31": "-19.60000", "2005-12-31": "-35.40000"}, "Change In Inventories": {"2019-12-31": "34.60000", "2018-12-31": "-129.50000", "2017-12-31": "-59.90000", "2016-12-31": "-7.90000", "2015-12-31": "-72.50000", "2014-12-31": "-59.00000", "2013-12-31": "-88.30000", "2012-12-31": "-1.50000", "2011-12-31": "102.10000", "2010-12-31": "-84.00000", "2009-12-31": "44.80000", "2008-12-31": "40.00000", "2007-12-31": "-7.50000", "2006-12-31": "-61.90000", "2005-12-31": "10.60000"}, "Change In Accounts Payable": {"2019-12-31": "-79.90000", "2018-12-31": "44.80000", "2017-12-31": "51.80000", "2016-12-31": "42.40000", "2015-12-31": "-32.20000", "2014-12-31": "-17.30000", "2013-12-31": "6.60000", "2012-12-31": "-159.90000", "2011-12-31": "-109.70000", "2010-12-31": "26.80000", "2009-12-31": "9.80000", "2008-12-31": "-69.00000", "2007-12-31": "28.50000", "2006-12-31": "5.00000", "2005-12-31": "11.60000"}, "Change In Assets/Liabilities": {"2019-12-31": "-24.40000", "2018-12-31": "-38.80000", "2017-12-31": "-172.10000", "2016-12-31": "-24.30000", "2015-12-31": "-71.80000", "2014-12-31": "-5.00000", "2013-12-31": "-23.80000", "2012-12-31": "-59.80000", "2011-12-31": "18.80000", "2010-12-31": "35.90000", "2009-12-31": "-36.10000", "2008-12-31": "23.40000", "2007-12-31": "-52.60000", "2006-12-31": "13.70000", "2005-12-31": "-9.90000"}, "Total Change In Assets/Liabilities": {"2019-12-31": "-266.70000", "2018-12-31": "-69.70000", "2017-12-31": "-27.00000", "2016-12-31": "23.00000", "2015-12-31": "-204.10000", "2014-12-31": "-72.10000", "2013-12-31": "-119.20000", "2012-12-31": "-119.90000", "2011-12-31": "65.20000", "2010-12-31": "-21.30000", "2009-12-31": "-59.10000", "2008-12-31": "11.10000", "2007-12-31": "-39.50000", "2006-12-31": "-36.70000", "2005-12-31": "-33.90000"}, "Cash Flow From Operating Activities": {"2019-12-31": "694.70000", "2018-12-31": "1274.20000", "2017-12-31": "1094.20000", "2016-12-31": "581.10000", "2015-12-31": "470.60000", "2014-12-31": "481.30000", "2013-12-31": "327.30000", "2012-12-31": "276.00000", "2011-12-31": "545.50000", "2010-12-31": "551.80000", "2009-12-31": "279.30000", "2008-12-31": "393.80000", "2007-12-31": "317.10000", "2006-12-31": "349.80000", "2005-12-31": "193.10000"}, "Net Change In Property, Plant, And Equipment": {"2019-12-31": "-528.10000", "2018-12-31": "-474.20000", "2017-12-31": "-381.40000", "2016-12-31": "-212.50000", "2015-12-31": "-261.10000", "2014-12-31": "-200.20000", "2013-12-31": "-146.80000", "2012-12-31": "-250.10000", "2011-12-31": "-313.10000", "2010-12-31": "-151.80000", "2009-12-31": "-58.50000", "2008-12-31": "-55.80000", "2007-12-31": "-130.10000", "2006-12-31": "-118.10000", "2005-12-31": "-43.90000"}, "Net Change In Intangible Assets": {"2019-12-31": "", "2018-12-31": "", "2017-12-31": "", "2016-12-31": "", "2015-12-31": "", "2014-12-31": "", "2013-12-31": "", "2012-12-31": "", "2011-12-31": "", "2010-12-31": "", "2009-12-31": "", "2008-12-31": "", "2007-12-31": "", "2006-12-31": "-11.90000", "2005-12-31": ""}, "Net Acquisitions/Divestitures": {"2019-12-31": "-882.80000", "2018-12-31": "-87.10000", "2017-12-31": "19.20000", "2016-12-31": "-2180.00000", "2015-12-31": "-31.30000", "2014-12-31": "-423.70000", "2013-12-31": "", "2012-12-31": "", "2011-12-31": "-17.90000", "2010-12-31": "-91.00000", "2009-12-31": "-16.70000", "2008-12-31": "183.10000", "2007-12-31": "-147.00000", "2006-12-31": "", "2005-12-31": ""}, "Net Change In Short-term Investments": {"2019-12-31": "", "2018-12-31": "", "2017-12-31": "", "2016-12-31": "", "2015-12-31": "", "2014-12-31": "", "2013-12-31": "", "2012-12-31": "1.40000", "2011-12-31": "0.50000", "2010-12-31": "-2.20000", "2009-12-31": "0.30000", "2008-12-31": "0.40000", "2007-12-31": "2.50000", "2006-12-31": "-1.20000", "2005-12-31": "-1.70000"}, "Net Change In Long-Term Investments": {"2019-12-31": "", "2018-12-31": "", "2017-12-31": "", "2016-12-31": "", "2015-12-31": "7.50000", "2014-12-31": "98.30000", "2013-12-31": "28.60000", "2012-12-31": "103.80000", "2011-12-31": "-248.60000", "2010-12-31": "45.50000", "2009-12-31": "-45.50000", "2008-12-31": "", "2007-12-31": "-1.50000", "2006-12-31": "-6.90000", "2005-12-31": "81.00000"}, "Net Change In Investments - Total": {"2019-12-31": "", "2018-12-31": "", "2017-12-31": "", "2016-12-31": "", "2015-12-31": "7.50000", "2014-12-31": "98.30000", "2013-12-31": "28.60000", "2012-12-31": "105.20000", "2011-12-31": "-248.10000", "2010-12-31": "43.30000", "2009-12-31": "-45.20000", "2008-12-31": "0.40000", "2007-12-31": "1.00000", "2006-12-31": "-8.10000", "2005-12-31": "79.30000"}, "Investing Activities - Other": {"2019-12-31": "-100.00000", "2018-12-31": "12.40000", "2017-12-31": "-2.60000", "2016-12-31": "-43.90000", "2015-12-31": "20.40000", "2014-12-31": "-40.00000", "2013-12-31": "", "2012-12-31": "11.50000", "2011-12-31": "155.40000", "2010-12-31": "-136.20000", "2009-12-31": "-5.90000", "2008-12-31": "", "2007-12-31": "", "2006-12-31": "7.90000", "2005-12-31": "-0.60000"}, "Cash Flow From Investing Activities": {"2019-12-31": "-1510.90000", "2018-12-31": "-548.90000", "2017-12-31": "-364.80000", "2016-12-31": "-2436.40000", "2015-12-31": "-264.50000", "2014-12-31": "-565.60000", "2013-12-31": "-118.20000", "2012-12-31": "-133.40000", "2011-12-31": "-423.70000", "2010-12-31": "-335.70000", "2009-12-31": "-126.30000", "2008-12-31": "127.70000", "2007-12-31": "-276.10000", "2006-12-31": "-130.20000", "2005-12-31": "34.80000"}, "Net Long-Term Debt": {"2019-12-31": "809.60000", "2018-12-31": "-286.70000", "2017-12-31": "-878.80000", "2016-12-31": "2258.20000", "2015-12-31": "189.80000", "2014-12-31": "212.00000", "2013-12-31": "-85.70000", "2012-12-31": "-252.30000", "2011-12-31": "-145.40000", "2010-12-31": "-134.70000", "2009-12-31": "-100.60000", "2008-12-31": "-430.20000", "2007-12-31": "-22.60000", "2006-12-31": "39.10000", "2005-12-31": "-98.00000"}, "Net Current Debt": {"2019-12-31": "", "2018-12-31": "", "2017-12-31": "", "2016-12-31": "", "2015-12-31": "", "2014-12-31": "", "2013-12-31": "", "2012-12-31": "", "2011-12-31": "", "2010-12-31": "", "2009-12-31": "", "2008-12-31": "", "2007-12-31": "", "2006-12-31": "", "2005-12-31": ""}, "Debt Issuance/Retirement Net - Total": {"2019-12-31": "809.60000", "2018-12-31": "-286.70000", "2017-12-31": "-878.80000", "2016-12-31": "2258.20000", "2015-12-31": "189.80000", "2014-12-31": "212.00000", "2013-12-31": "-85.70000", "2012-12-31": "-252.30000", "2011-12-31": "-145.40000", "2010-12-31": "-134.70000", "2009-12-31": "-100.60000", "2008-12-31": "-430.20000", "2007-12-31": "-22.60000", "2006-12-31": "39.10000", "2005-12-31": "-98.00000"}, "Net Common Equity Issued/Repurchased": {"2019-12-31": "-111.10000", "2018-12-31": "-284.60000", "2017-12-31": "101.80000", "2016-12-31": "29.90000", "2015-12-31": "-254.50000", "2014-12-31": "-86.90000", "2013-12-31": "-80.60000", "2012-12-31": "-37.80000", "2011-12-31": "67.50000", "2010-12-31": "30.30000", "2009-12-31": "14.40000", "2008-12-31": "17.50000", "2007-12-31": "-8.40000", "2006-12-31": "-206.40000", "2005-12-31": "6.30000"}, "Net Total Equity Issued/Repurchased": {"2019-12-31": "-111.10000", "2018-12-31": "-284.60000", "2017-12-31": "101.80000", "2016-12-31": "29.90000", "2015-12-31": "-254.50000", "2014-12-31": "-86.90000", "2013-12-31": "-80.60000", "2012-12-31": "-37.80000", "2011-12-31": "67.50000", "2010-12-31": "30.30000", "2009-12-31": "14.40000", "2008-12-31": "17.50000", "2007-12-31": "-8.40000", "2006-12-31": "-206.40000", "2005-12-31": "6.30000"}, "Total Common And Preferred Stock Dividends Paid": {"2019-12-31": "-2.30000", "2018-12-31": "-2.20000", "2017-12-31": "-1.90000", "2016-12-31": "-4.30000", "2015-12-31": "", "2014-12-31": "-4.20000", "2013-12-31": "", "2012-12-31": "", "2011-12-31": "", "2010-12-31": "", "2009-12-31": "", "2008-12-31": "-1.50000", "2007-12-31": "-4.10000", "2006-12-31": "-1.40000", "2005-12-31": "-4.20000"}, "Financial Activities - Other": {"2019-12-31": "-73.10000", "2018-12-31": "-31.60000", "2017-12-31": "-32.00000", "2016-12-31": "-19.10000", "2015-12-31": "-35.10000", "2014-12-31": "-29.50000", "2013-12-31": "-7.70000", "2012-12-31": "-9.60000", "2011-12-31": "-19.30000", "2010-12-31": "-15.00000", "2009-12-31": "", "2008-12-31": "77.10000", "2007-12-31": "-0.40000", "2006-12-31": "-15.80000", "2005-12-31": "-3.70000"}, "Cash Flow From Financial Activities": {"2019-12-31": "623.10000", "2018-12-31": "-605.10000", "2017-12-31": "-810.90000", "2016-12-31": "2264.70000", "2015-12-31": "-99.80000", "2014-12-31": "91.40000", "2013-12-31": "-174.00000", "2012-12-31": "-299.70000", "2011-12-31": "-97.20000", "2010-12-31": "-119.40000", "2009-12-31": "-86.20000", "2008-12-31": "-337.10000", "2007-12-31": "-35.50000", "2006-12-31": "-184.50000", "2005-12-31": "-99.60000"}, "Net Cash Flow": {"2019-12-31": "-192.90000", "2018-12-31": "120.50000", "2017-12-31": "-79.20000", "2016-12-31": "408.60000", "2015-12-31": "105.90000", "2014-12-31": "2.20000", "2013-12-31": "22.60000", "2012-12-31": "-166.00000", "2011-12-31": "29.60000", "2010-12-31": "97.60000", "2009-12-31": "67.00000", "2008-12-31": "184.10000", "2007-12-31": "5.80000", "2006-12-31": "35.50000", "2005-12-31": "127.60000"}, "Stock-Based Compensation": {"2019-12-31": "79.40000", "2018-12-31": "78.30000", "2017-12-31": "69.80000", "2016-12-31": "56.10000", "2015-12-31": "46.90000", "2014-12-31": "45.80000", "2013-12-31": "", "2012-12-31": "", "2011-12-31": "", "2010-12-31": "", "2009-12-31": "54.20000", "2008-12-31": "33.20000", "2007-12-31": "", "2006-12-31": "", "2005-12-31": ""}, "Common Stock Dividends Paid": {"2019-12-31": "-2.30000", "2018-12-31": "-2.20000", "2017-12-31": "-1.90000", "2016-12-31": "-4.30000", "2015-12-31": "", "2014-12-31": "-4.20000", "2013-12-31": "", "2012-12-31": "", "2011-12-31": "", "2010-12-31": "", "2009-12-31": "", "2008-12-31": "-1.50000", "2007-12-31": "-4.10000", "2006-12-31": "-1.40000", "2005-12-31": "-4.20000"}}, "cash flow statement, quarterly": {"Net Income/Loss": {"2020-09-30": 161.2, "2020-06-30": -0.9, "2020-03-31": "-13.70000", "2019-12-31": 56.9, "2019-09-30": -60, "2019-06-30": 102.9, "2019-03-31": "114.10000", "2018-12-31": 166, "2018-09-30": 167.1, "2018-06-30": 156.3, "2018-03-31": "140.50000", "2017-12-31": 531, "2017-09-30": 108.9, "2017-06-30": 94.4, "2017-03-31": "78.70000", "2016-12-31": 111.7, "2016-09-30": 10.6, "2016-06-30": 25.8, "2016-03-31": "36.40000", "2015-12-31": 55, "2015-09-30": 46.8, "2015-06-30": 51.4, "2015-03-31": "55.80000", "2014-12-31": 0.2, "2014-09-30": 40.9, "2014-06-30": 95.1, "2014-03-31": "55.90000", "2013-12-31": 28.8, "2013-09-30": 52.8, "2013-06-30": 48.7, "2013-03-31": "23.30000", "2012-12-31": -143.5, "2012-09-30": 13.4, "2012-06-30": 8.2, "2012-03-31": "29.00000", "2011-12-31": -7.4, "2011-09-30": -49, "2011-06-30": 35.1, "2011-03-31": "36.20000", "2010-12-31": 61.2, "2010-09-30": 88.4, "2010-06-30": 79.6, "2010-03-31": "63.70000", "2009-12-31": 68.4, "2009-09-30": 30.6, "2009-06-30": -2.2, "2009-03-31": "-33.50000", "2008-12-31": -523.8, "2008-09-30": 51, "2008-06-30": 33.5, "2008-03-31": "10.70000", "2007-12-31": 23.9, "2007-09-30": 63.8, "2007-06-30": 63.3, "2007-03-31": "54.00000", "2006-12-31": 87.4, "2006-09-30": 76.8, "2006-06-30": 67.5, "2006-03-31": "40.40000", "2005-12-31": 43.8, "2005-09-30": 23.5, "2005-06-30": 18.5, "2005-03-31": "14.80000"}, "Total Depreciation And Amortization - Cash Flow": {"2020-09-30": 160.6, "2020-06-30": 156.9, "2020-03-31": "164.20000", "2019-12-31": 165.1, "2019-09-30": 156.2, "2019-06-30": 147.4, "2019-03-31": "139.00000", "2018-12-31": 143.1, "2018-09-30": 133.5, "2018-06-30": 128.9, "2018-03-31": "123.20000", "2017-12-31": 132.6, "2017-09-30": 139.2, "2017-06-30": 120.4, "2017-03-31": "118.80000", "2016-12-31": 126.8, "2016-09-30": 87.2, "2016-06-30": 82.6, "2016-03-31": "81.70000", "2015-12-31": 90.7, "2015-09-30": 90.2, "2015-06-30": 89, "2015-03-31": "90.50000", "2014-12-31": 96.4, "2014-09-30": 72.4, "2014-06-30": 58.3, "2014-03-31": "52.70000", "2013-12-31": 55.7, "2013-09-30": 53.2, "2013-06-30": 52.6, "2013-03-31": "51.60000", "2012-12-31": 110.8, "2012-09-30": 61.9, "2012-06-30": 60.9, "2012-03-31": "61.60000", "2011-12-31": 63.1, "2011-09-30": 57.5, "2011-06-30": 57.7, "2011-03-31": "53.40000", "2010-12-31": 61.2, "2010-09-30": 42.9, "2010-06-30": 41, "2010-03-31": "40.40000", "2009-12-31": 38.7, "2009-09-30": 39.6, "2009-06-30": 39.8, "2009-03-31": "40.60000", "2008-12-31": 584, "2008-09-30": 39, "2008-06-30": 38.7, "2008-03-31": "28.90000", "2007-12-31": 26.2, "2007-09-30": 23.8, "2007-06-30": 23.7, "2007-03-31": "23.20000", "2006-12-31": 22.2, "2006-09-30": 20, "2006-06-30": 17.9, "2006-03-31": "24.10000", "2005-12-31": 24.5, "2005-09-30": 25.4, "2005-06-30": 25.2, "2005-03-31": "25.60000"}, "Other Non-Cash Items": {"2020-09-30": -98.9, "2020-06-30": 40.3, "2020-03-31": "7.80000", "2019-12-31": 31.3, "2019-09-30": 6.9, "2019-06-30": 46.5, "2019-03-31": "55.10000", "2018-12-31": 18.5, "2018-09-30": 61.5, "2018-06-30": 70.6, "2018-03-31": "34.70000", "2017-12-31": -461, "2017-09-30": 82.4, "2017-06-30": 73, "2017-03-31": "102.80000", "2016-12-31": -59.6, "2016-09-30": -23.7, "2016-06-30": 39.2, "2016-03-31": "39.40000", "2015-12-31": 24.5, "2015-09-30": 28.1, "2015-06-30": 29.3, "2015-03-31": "23.40000", "2014-12-31": 37.2, "2014-09-30": 25.8, "2014-06-30": 0, "2014-03-31": "18.50000", "2013-12-31": 24.5, "2013-09-30": 18.5, "2013-06-30": 37.6, "2013-03-31": "-0.50000", "2012-12-31": 122.6, "2012-09-30": 19.5, "2012-06-30": 21, "2012-03-31": "32.10000", "2011-12-31": 55.6, "2011-09-30": 97.5, "2011-06-30": 36.5, "2011-03-31": "47.60000", "2010-12-31": 26.4, "2010-09-30": 23.5, "2010-06-30": 25.1, "2010-03-31": "21.50000", "2009-12-31": 27.9, "2009-09-30": 28.4, "2009-06-30": 29.7, "2009-03-31": "29.70000", "2008-12-31": 35.6, "2008-09-30": 23.2, "2008-06-30": 23.5, "2008-03-31": "36.00000", "2007-12-31": 44.3, "2007-09-30": 4.2, "2007-06-30": 5.4, "2007-03-31": "2.10000", "2006-12-31": -1.8, "2006-09-30": 10.9, "2006-06-30": 13, "2006-03-31": "4.80000", "2005-12-31": 2.5, "2005-09-30": 8.7, "2005-06-30": 5.1, "2005-03-31": "4.30000"}, "Total Non-Cash Items": {"2020-09-30": 61.7, "2020-06-30": 197.2, "2020-03-31": "172.00000", "2019-12-31": 196.4, "2019-09-30": 163.1, "2019-06-30": 193.9, "2019-03-31": "194.10000", "2018-12-31": 161.6001, "2018-09-30": 195, "2018-06-30": 199.5, "2018-03-31": "157.90000", "2017-12-31": -328.4, "2017-09-30": 221.6, "2017-06-30": 193.4, "2017-03-31": "221.60000", "2016-12-31": 67.2, "2016-09-30": 63.5, "2016-06-30": 121.8, "2016-03-31": "121.10000", "2015-12-31": 115.2, "2015-09-30": 118.3, "2015-06-30": 118.3, "2015-03-31": "113.90000", "2014-12-31": 133.6, "2014-09-30": 98.2, "2014-06-30": 58.3, "2014-03-31": "71.20000", "2013-12-31": 80.2, "2013-09-30": 71.7, "2013-06-30": 90.2, "2013-03-31": "51.10000", "2012-12-31": 233.4, "2012-09-30": 81.4, "2012-06-30": 81.9, "2012-03-31": "93.70000", "2011-12-31": 118.7, "2011-09-30": 155, "2011-06-30": 94.2, "2011-03-31": "101.00000", "2010-12-31": 87.6, "2010-09-30": 66.4, "2010-06-30": 66.1, "2010-03-31": "61.90000", "2009-12-31": 66.6, "2009-09-30": 68, "2009-06-30": 69.5, "2009-03-31": "70.30000", "2008-12-31": 619.6, "2008-09-30": 62.2, "2008-06-30": 62.2, "2008-03-31": "64.90000", "2007-12-31": 70.5, "2007-09-30": 28, "2007-06-30": 29.1, "2007-03-31": "25.30000", "2006-12-31": 20.4, "2006-09-30": 30.9, "2006-06-30": 30.9, "2006-03-31": "28.90000", "2005-12-31": 27, "2005-09-30": 34.1, "2005-06-30": 30.3, "2005-03-31": "29.90000"}, "Change In Accounts Receivable": {"2020-09-30": -59.3, "2020-06-30": -14.9, "2020-03-31": "52.70000", "2019-12-31": 11, "2019-09-30": -2.6, "2019-06-30": 13.7, "2019-03-31": "-17.40000", "2018-12-31": 65, "2018-09-30": -38.9, "2018-06-30": -4.4, "2018-03-31": "-24.40000", "2017-12-31": 6.7, "2017-09-30": -1.1, "2017-06-30": -18.3, "2017-03-31": "-45.20000", "2016-12-31": 37.2, "2016-09-30": 41.1, "2016-06-30": -50.7, "2016-03-31": "0.50000", "2015-12-31": 76.3, "2015-09-30": -14.5, "2015-06-30": -36.2, "2015-03-31": "-36.90000", "2014-12-31": 67, "2014-09-30": -2.5, "2014-06-30": -11, "2014-03-31": "-33.00000", "2013-12-31": 33.7, "2013-09-30": -12.6, "2013-06-30": -41.7, "2013-03-31": "-14.80000", "2012-12-31": 51.9, "2012-09-30": 27.5, "2012-06-30": -11.3, "2012-03-31": "27.30000", "2011-12-31": 79.4, "2011-09-30": 42.2, "2011-06-30": 3.5, "2011-03-31": "-36.00000", "2010-12-31": 20.1, "2010-09-30": 4, "2010-06-30": -14.9, "2010-03-31": "-32.10000", "2009-12-31": 2.6, "2009-09-30": -9.8, "2009-06-30": -60.4, "2009-03-31": "-3.90000", "2008-12-31": 98.7, "2008-09-30": -23.5, "2008-06-30": -13.5, "2008-03-31": "13.20000", "2007-12-31": 18.7, "2007-09-30": -20.9, "2007-06-30": 2.3, "2007-03-31": "3.80000", "2006-12-31": 15.4, "2006-09-30": 5.5, "2006-06-30": -22.4, "2006-03-31": "-18.10000", "2005-12-31": -3.2, "2005-09-30": -22.8, "2005-06-30": 10.8, "2005-03-31": "-20.20000"}, "Change In Inventories": {"2020-09-30": -0.6, "2020-06-30": -32, "2020-03-31": "-19.50000", "2019-12-31": 8.2, "2019-09-30": 29.9, "2019-06-30": -3.5, "2019-03-31": "", "2018-12-31": -24.4, "2018-09-30": 1.2, "2018-06-30": -42.4, "2018-03-31": "-63.90000", "2017-12-31": -3.8, "2017-09-30": -49, "2017-06-30": -12, "2017-03-31": "4.90000", "2016-12-31": 25.8, "2016-09-30": 1, "2016-06-30": -7.7, "2016-03-31": "-27.00000", "2015-12-31": -10.4, "2015-09-30": -20.8, "2015-06-30": -6.6, "2015-03-31": "-34.70000", "2014-12-31": -29.6, "2014-09-30": -13.5, "2014-06-30": -9.7, "2014-03-31": "-6.20000", "2013-12-31": -23.5, "2013-09-30": -31.5, "2013-06-30": -28, "2013-03-31": "-5.30000", "2012-12-31": 34.8, "2012-09-30": 17.3, "2012-06-30": -30.4, "2012-03-31": "-23.20000", "2011-12-31": 16.2, "2011-09-30": 42.3, "2011-06-30": 18.9, "2011-03-31": "24.70000", "2010-12-31": -17.2, "2010-09-30": -31.9, "2010-06-30": -17.3, "2010-03-31": "-17.60000", "2009-12-31": -8.8, "2009-09-30": -0.7, "2009-06-30": 25.7, "2009-03-31": "28.60000", "2008-12-31": -7.7, "2008-09-30": 10.2, "2008-06-30": 32, "2008-03-31": "5.50000", "2007-12-31": 2.2, "2007-09-30": 4, "2007-06-30": -11.5, "2007-03-31": "-2.20000", "2006-12-31": -9.4, "2006-09-30": -17.8, "2006-06-30": -26.6, "2006-03-31": "-8.10000", "2005-12-31": -1.2, "2005-09-30": -3.3, "2005-06-30": 0.6, "2005-03-31": "14.50000"}, "Change In Accounts Payable": {"2020-09-30": 1.1, "2020-06-30": 14.7, "2020-03-31": "-12.40000", "2019-12-31": -1.9, "2019-09-30": 11.9, "2019-06-30": -31.1, "2019-03-31": "-58.80000", "2018-12-31": 25.5, "2018-09-30": -2, "2018-06-30": -3.1, "2018-03-31": "24.40000", "2017-12-31": -8, "2017-09-30": 24.1, "2017-06-30": 26.5, "2017-03-31": "9.20000", "2016-12-31": 14, "2016-09-30": 23.2, "2016-06-30": 10.7, "2016-03-31": "-5.50000", "2015-12-31": -20.4, "2015-09-30": 10.8, "2015-06-30": -16.5, "2015-03-31": "-6.10000", "2014-12-31": -28.5, "2014-09-30": 11.4, "2014-06-30": -0.6, "2014-03-31": "0.40000", "2013-12-31": 5.6, "2013-09-30": -1.9, "2013-06-30": 11.9, "2013-03-31": "-9.00000", "2012-12-31": -31.1, "2012-09-30": -54.9, "2012-06-30": 7.3, "2012-03-31": "-81.20000", "2011-12-31": -10.8, "2011-09-30": -55.7, "2011-06-30": -24.9, "2011-03-31": "-18.30000", "2010-12-31": -6, "2010-09-30": 2.2, "2010-06-30": 20.8, "2010-03-31": "9.80000", "2009-12-31": 14.8, "2009-09-30": 0, "2009-06-30": 21.3, "2009-03-31": "-26.30000", "2008-12-31": -47.8, "2008-09-30": 8, "2008-06-30": -42, "2008-03-31": "12.80000", "2007-12-31": 32.2, "2007-09-30": 15.3, "2007-06-30": -6.1, "2007-03-31": "-12.90000", "2006-12-31": 4.7, "2006-09-30": 5.5, "2006-06-30": -0.3, "2006-03-31": "-4.90000", "2005-12-31": 12.1, "2005-09-30": 2.7, "2005-06-30": 10.1, "2005-03-31": "-13.30000"}, "Change In Assets/Liabilities": {"2020-09-30": -10.7, "2020-06-30": -4.2, "2020-03-31": "4.50000", "2019-12-31": 17.1, "2019-09-30": -28.2, "2019-06-30": -17.9, "2019-03-31": "4.60000", "2018-12-31": -1, "2018-09-30": -22.2, "2018-06-30": -17.1, "2018-03-31": "1.50000", "2017-12-31": -9.6, "2017-09-30": -11.2, "2017-06-30": -27.5, "2017-03-31": "-123.80000", "2016-12-31": -7.9, "2016-09-30": -14.1, "2016-06-30": -0.6, "2016-03-31": "-1.70000", "2015-12-31": -22.8, "2015-09-30": -45.8, "2015-06-30": -0.1, "2015-03-31": "-3.10000", "2014-12-31": 5.5, "2014-09-30": -12.5, "2014-06-30": 9.3, "2014-03-31": "-7.30000", "2013-12-31": -31.2, "2013-09-30": -26.3, "2013-06-30": -3.6, "2013-03-31": "37.30000", "2012-12-31": -8.8, "2012-09-30": -31.8, "2012-06-30": -30.6, "2012-03-31": "11.40000", "2011-12-31": -25.5, "2011-09-30": -2.4, "2011-06-30": -0.9, "2011-03-31": "47.60000", "2010-12-31": 2.4, "2010-09-30": -0.9, "2010-06-30": 16.4, "2010-03-31": "18.00000", "2009-12-31": -32.9, "2009-09-30": -1.6, "2009-06-30": -0.5, "2009-03-31": "-1.10000", "2008-12-31": -8.6, "2008-09-30": 18.2, "2008-06-30": 2.9, "2008-03-31": "10.90000", "2007-12-31": -37.7, "2007-09-30": 3.4, "2007-06-30": -17.4, "2007-03-31": "-0.90000", "2006-12-31": -1, "2006-09-30": -4.9, "2006-06-30": 12.5, "2006-03-31": "7.10000", "2005-12-31": -14, "2005-09-30": 11.3, "2005-06-30": -10.2, "2005-03-31": "3.00000"}, "Total Change In Assets/Liabilities": {"2020-09-30": -59.5, "2020-06-30": -41.8, "2020-03-31": "7.70000", "2019-12-31": -161.6, "2019-09-30": 139.1, "2019-06-30": -74.2, "2019-03-31": "-170.00000", "2018-12-31": 93.4, "2018-09-30": -3.9, "2018-06-30": -87.3, "2018-03-31": "-71.90000", "2017-12-31": 21.7, "2017-09-30": -2.3, "2017-06-30": 45.4, "2017-03-31": "-91.80000", "2016-12-31": 50.4, "2016-09-30": 58.6, "2016-06-30": -43.4, "2016-03-31": "-42.60000", "2015-12-31": -13, "2015-09-30": -36.8, "2015-06-30": -68.1, "2015-03-31": "-86.20000", "2014-12-31": 28.7, "2014-09-30": -46.8, "2014-06-30": -1.8, "2014-03-31": "-52.20000", "2013-12-31": 12.6, "2013-09-30": -64.8, "2013-06-30": -77.1, "2013-03-31": "10.10000", "2012-12-31": 46.9, "2012-09-30": -82.1, "2012-06-30": -30.9, "2012-03-31": "-53.80000", "2011-12-31": 56.9, "2011-09-30": 12.6, "2011-06-30": 6.3, "2011-03-31": "-10.60000", "2010-12-31": 11.3, "2010-09-30": -30.5, "2010-06-30": 13, "2010-03-31": "-15.10000", "2009-12-31": -32.6, "2009-09-30": -10.6, "2009-06-30": -8.1, "2009-03-31": "-7.80000", "2008-12-31": -16.3, "2008-09-30": 20.2, "2008-06-30": -54.1, "2008-03-31": "61.30000", "2007-12-31": 7.8, "2007-09-30": 6, "2007-06-30": -37, "2007-03-31": "-16.30000", "2006-12-31": 17.5, "2006-09-30": -18.4, "2006-06-30": -18, "2006-03-31": "-17.80000", "2005-12-31": -26.4, "2005-09-30": -10.3, "2005-06-30": 12, "2005-03-31": "-9.20000"}, "Cash Flow From Operating Activities": {"2020-09-30": 163.4, "2020-06-30": 154.5, "2020-03-31": "166.00000", "2019-12-31": 91.7, "2019-09-30": 242.2, "2019-06-30": 222.6, "2019-03-31": "138.20000", "2018-12-31": 421, "2018-09-30": 358.2, "2018-06-30": 268.5, "2018-03-31": "226.50000", "2017-12-31": 224.3, "2017-09-30": 328.2, "2017-06-30": 333.2, "2017-03-31": "208.50000", "2016-12-31": 229.3, "2016-09-30": 132.7, "2016-06-30": 104.2, "2016-03-31": "114.90000", "2015-12-31": 157.2, "2015-09-30": 128.3, "2015-06-30": 101.6, "2015-03-31": "83.50000", "2014-12-31": 162.5, "2014-09-30": 92.3, "2014-06-30": 151.6, "2014-03-31": "74.90000", "2013-12-31": 127, "2013-09-30": 59.9, "2013-06-30": 55.2, "2013-03-31": "85.20000", "2012-12-31": 136.6, "2012-09-30": 11.9, "2012-06-30": 59.1, "2012-03-31": "68.40000", "2011-12-31": 164.7, "2011-09-30": 119.2, "2011-06-30": 136, "2011-03-31": "125.60000", "2010-12-31": 159.8, "2010-09-30": 123.6, "2010-06-30": 158.9, "2010-03-31": "109.50000", "2009-12-31": 104.7, "2009-09-30": 87.6, "2009-06-30": 58.3, "2009-03-31": "28.70000", "2008-12-31": 81.2, "2008-09-30": 133.8, "2008-06-30": 41.9, "2008-03-31": "136.90000", "2007-12-31": 100.2, "2007-09-30": 98.4, "2007-06-30": 55.4, "2007-03-31": "63.10000", "2006-12-31": 128.6, "2006-09-30": 89.5, "2006-06-30": 81.2, "2006-03-31": "50.50000", "2005-12-31": 46.2, "2005-09-30": 48.7, "2005-06-30": 62, "2005-03-31": "36.20000"}, "Net Change In Property, Plant, And Equipment": {"2020-09-30": -59.2, "2020-06-30": -74.1, "2020-03-31": "-130.10000", "2019-12-31": -107.2, "2019-09-30": -111.5, "2019-06-30": -142.3, "2019-03-31": "-167.10000", "2018-12-31": -92.1, "2018-09-30": -122, "2018-06-30": -154.6, "2018-03-31": "-105.50000", "2017-12-31": -169.6, "2017-09-30": -93, "2017-06-30": -66.1, "2017-03-31": "-52.70000", "2016-12-31": -53, "2016-09-30": -37.2, "2016-06-30": -51.5, "2016-03-31": "-70.80000", "2015-12-31": -66.9, "2015-09-30": -64.2, "2015-06-30": -74.6, "2015-03-31": "-55.40000", "2014-12-31": -39.5, "2014-09-30": -65.7, "2014-06-30": -48.7, "2014-03-31": "-46.30000", "2013-12-31": -20.3, "2013-09-30": -50.2, "2013-06-30": -45.4, "2013-03-31": "-30.90000", "2012-12-31": -56.4, "2012-09-30": -80.9, "2012-06-30": -64.3, "2012-03-31": "-48.50000", "2011-12-31": -57.1, "2011-09-30": -85.8, "2011-06-30": -81.5, "2011-03-31": "-88.70000", "2010-12-31": -5.9, "2010-09-30": -52.4, "2010-06-30": -52.5, "2010-03-31": "-41.00000", "2009-12-31": -12.2, "2009-09-30": -9.3, "2009-06-30": -14.7, "2009-03-31": "-22.30000", "2008-12-31": -19.8, "2008-09-30": -29.7, "2008-06-30": -29.4, "2008-03-31": "23.10000", "2007-12-31": -30.3, "2007-09-30": -32.4, "2007-06-30": -25.6, "2007-03-31": "-41.80000", "2006-12-31": 67, "2006-09-30": -51.1, "2006-06-30": -102.5, "2006-03-31": "-31.50000", "2005-12-31": -11, "2005-09-30": -11.7, "2005-06-30": -12.9, "2005-03-31": "-8.30000"}, "Net Change In Intangible Assets": {"2020-09-30": 0, "2020-06-30": 0, "2020-03-31": "", "2019-12-31": 0, "2019-09-30": 0, "2019-06-30": 0, "2019-03-31": "", "2018-12-31": 0, "2018-09-30": 0, "2018-06-30": 0, "2018-03-31": "", "2017-12-31": 0, "2017-09-30": 0, "2017-06-30": 0, "2017-03-31": "", "2016-12-31": 0, "2016-09-30": 0, "2016-06-30": 0, "2016-03-31": "", "2015-12-31": 0, "2015-09-30": 0, "2015-06-30": 0, "2015-03-31": "", "2014-12-31": 0, "2014-09-30": 0, "2014-06-30": 0, "2014-03-31": "", "2013-12-31": 0, "2013-09-30": 0, "2013-06-30": 0, "2013-03-31": "", "2012-12-31": 0, "2012-09-30": 0, "2012-06-30": 0, "2012-03-31": "", "2011-12-31": 0, "2011-09-30": 0, "2011-06-30": 0, "2011-03-31": "", "2010-12-31": 0, "2010-09-30": 0, "2010-06-30": 0, "2010-03-31": "", "2009-12-31": 0, "2009-09-30": 0, "2009-06-30": 0, "2009-03-31": "", "2008-12-31": 0, "2008-09-30": 0, "2008-06-30": 0, "2008-03-31": "", "2007-12-31": 0, "2007-09-30": 0, "2007-06-30": 0, "2007-03-31": "", "2006-12-31": 0, "2006-09-30": 0, "2006-06-30": -11.9, "2006-03-31": "", "2005-12-31": 0, "2005-09-30": 0, "2005-06-30": 0, "2005-03-31": ""}, "Net Acquisitions/Divestitures": {"2020-09-30": 0, "2020-06-30": 0, "2020-03-31": "-4.50000", "2019-12-31": 0.2, "2019-09-30": -16, "2019-06-30": -867, "2019-03-31": "", "2018-12-31": -23.5, "2018-09-30": 1.5, "2018-06-30": -65.1, "2018-03-31": "", "2017-12-31": 0, "2017-09-30": 20, "2017-06-30": 0, "2017-03-31": "-0.80000", "2016-12-31": -6.8, "2016-09-30": -2173.2, "2016-06-30": 0, "2016-03-31": "", "2015-12-31": -21.2, "2015-09-30": -7.2, "2015-06-30": 0, "2015-03-31": "-2.90000", "2014-12-31": -0.6, "2014-09-30": -332.2, "2014-06-30": -90.9, "2014-03-31": "", "2013-12-31": 0, "2013-09-30": 0, "2013-06-30": 0, "2013-03-31": "", "2012-12-31": 0, "2012-09-30": 0, "2012-06-30": 0, "2012-03-31": "", "2011-12-31": 0, "2011-09-30": 0, "2011-06-30": 39.7, "2011-03-31": "-57.60000", "2010-12-31": 0.1, "2010-09-30": -0.9, "2010-06-30": -23.4, "2010-03-31": "-66.80000", "2009-12-31": -16.7, "2009-09-30": 0, "2009-06-30": 0, "2009-03-31": "", "2008-12-31": 21.5, "2008-09-30": 0, "2008-06-30": 0, "2008-03-31": "161.60000", "2007-12-31": -147, "2007-09-30": 0, "2007-06-30": 0, "2007-03-31": "", "2006-12-31": 0, "2006-09-30": 0, "2006-06-30": 0, "2006-03-31": "", "2005-12-31": 0, "2005-09-30": 0, "2005-06-30": 0, "2005-03-31": ""}, "Net Change In Short-term Investments": {"2020-09-30": 0, "2020-06-30": 0, "2020-03-31": "", "2019-12-31": 0, "2019-09-30": 0, "2019-06-30": 0, "2019-03-31": "", "2018-12-31": 0, "2018-09-30": 0, "2018-06-30": 0, "2018-03-31": "", "2017-12-31": 0, "2017-09-30": 0, "2017-06-30": 0, "2017-03-31": "", "2016-12-31": 0, "2016-09-30": 0, "2016-06-30": 0, "2016-03-31": "", "2015-12-31": 0, "2015-09-30": 0, "2015-06-30": 0, "2015-03-31": "", "2014-12-31": 0, "2014-09-30": 0, "2014-06-30": 0, "2014-03-31": "", "2013-12-31": 1.6, "2013-09-30": -0.1, "2013-06-30": -2.9, "2013-03-31": "1.40000", "2012-12-31": -0.2, "2012-09-30": 4.1, "2012-06-30": 7.1, "2012-03-31": "-9.60000", "2011-12-31": -0.5, "2011-09-30": 1, "2011-06-30": 0, "2011-03-31": "0.00000", "2010-12-31": -3.4, "2010-09-30": 2.1, "2010-06-30": 0, "2010-03-31": "-0.90000", "2009-12-31": 2, "2009-09-30": -1.8, "2009-06-30": -0.1, "2009-03-31": "0.20000", "2008-12-31": 0.8, "2008-09-30": -0.5, "2008-06-30": 0, "2008-03-31": "0.10000", "2007-12-31": 1.4, "2007-09-30": 0.9, "2007-06-30": 1.6, "2007-03-31": "-1.40000", "2006-12-31": -0.5, "2006-09-30": -1, "2006-06-30": 1.9, "2006-03-31": "-1.60000", "2005-12-31": -1, "2005-09-30": -0.7, "2005-06-30": 0, "2005-03-31": ""}, "Net Change In Long-Term Investments": {"2020-09-30": 0, "2020-06-30": 0, "2020-03-31": "", "2019-12-31": 0, "2019-09-30": 0, "2019-06-30": 0, "2019-03-31": "", "2018-12-31": 19.8, "2018-09-30": 0, "2018-06-30": -19.8, "2018-03-31": "", "2017-12-31": 1.6, "2017-09-30": 0, "2017-06-30": 0, "2017-03-31": "-1.60000", "2016-12-31": 0, "2016-09-30": 0, "2016-06-30": 0, "2016-03-31": "", "2015-12-31": 0.8, "2015-09-30": 0.5, "2015-06-30": 2.1, "2015-03-31": "4.10000", "2014-12-31": -15.1, "2014-09-30": -0.5, "2014-06-30": 52.7, "2014-03-31": "61.20000", "2013-12-31": 67.9, "2013-09-30": -1.2, "2013-06-30": -105.6, "2013-03-31": "67.50000", "2012-12-31": 76.8, "2012-09-30": 17, "2012-06-30": 73.6, "2012-03-31": "-63.60000", "2011-12-31": -70.2, "2011-09-30": -66.2, "2011-06-30": -112.2, "2011-03-31": "", "2010-12-31": 0, "2010-09-30": 0, "2010-06-30": 0, "2010-03-31": "45.50000", "2009-12-31": 29.5, "2009-09-30": -75, "2009-06-30": 0, "2009-03-31": "", "2008-12-31": 0, "2008-09-30": 0, "2008-06-30": 0, "2008-03-31": "", "2007-12-31": 0, "2007-09-30": -1.5, "2007-06-30": 0, "2007-03-31": "", "2006-12-31": 35.4, "2006-09-30": -44.6, "2006-06-30": 0, "2006-03-31": "2.30000", "2005-12-31": 0, "2005-09-30": 11.2, "2005-06-30": 15.8, "2005-03-31": "54.00000"}, "Net Change In Investments - Total": {"2020-09-30": 0, "2020-06-30": 0, "2020-03-31": "", "2019-12-31": 0, "2019-09-30": 0, "2019-06-30": 0, "2019-03-31": "", "2018-12-31": 19.8, "2018-09-30": 0, "2018-06-30": -19.8, "2018-03-31": "", "2017-12-31": 1.6, "2017-09-30": 0, "2017-06-30": 0, "2017-03-31": "-1.60000", "2016-12-31": 0, "2016-09-30": 0, "2016-06-30": 0, "2016-03-31": "", "2015-12-31": 0.8, "2015-09-30": 0.5, "2015-06-30": 2.1, "2015-03-31": "4.10000", "2014-12-31": -15.1, "2014-09-30": -0.5, "2014-06-30": 52.7, "2014-03-31": "61.20000", "2013-12-31": 69.5, "2013-09-30": -1.3, "2013-06-30": -108.5, "2013-03-31": "68.90000", "2012-12-31": 76.6, "2012-09-30": 21.1, "2012-06-30": 80.7, "2012-03-31": "-73.20000", "2011-12-31": -70.7, "2011-09-30": -65.2, "2011-06-30": -112.2, "2011-03-31": "", "2010-12-31": -3.4, "2010-09-30": 2.1, "2010-06-30": 0, "2010-03-31": "44.60000", "2009-12-31": 31.5, "2009-09-30": -76.8, "2009-06-30": -0.1, "2009-03-31": "0.20000", "2008-12-31": 0.8, "2008-09-30": -0.5, "2008-06-30": 0, "2008-03-31": "0.10000", "2007-12-31": 1.4, "2007-09-30": -0.6, "2007-06-30": 1.6, "2007-03-31": "-1.40000", "2006-12-31": 34.9, "2006-09-30": -45.6, "2006-06-30": 1.9, "2006-03-31": "0.70000", "2005-12-31": -1, "2005-09-30": 10.5, "2005-06-30": 15.8, "2005-03-31": "54.00000"}, "Investing Activities - Other": {"2020-09-30": 0, "2020-06-30": 0, "2020-03-31": "26.00000", "2019-12-31": 0, "2019-09-30": -5, "2019-06-30": -95, "2019-03-31": "", "2018-12-31": 2.2, "2018-09-30": 0, "2018-06-30": 10.2, "2018-03-31": "", "2017-12-31": -2.6, "2017-09-30": 0, "2017-06-30": 0, "2017-03-31": "", "2016-12-31": -1.8, "2016-09-30": 24.6, "2016-06-30": -66.7, "2016-03-31": "", "2015-12-31": 21.2, "2015-09-30": -0.8, "2015-06-30": 0, "2015-03-31": "", "2014-12-31": 0, "2014-09-30": -40, "2014-06-30": 0, "2014-03-31": "", "2013-12-31": 0, "2013-09-30": 0, "2013-06-30": 0, "2013-03-31": "", "2012-12-31": 0, "2012-09-30": 0, "2012-06-30": 0, "2012-03-31": "11.50000", "2011-12-31": 13.3, "2011-09-30": 0, "2011-06-30": 0, "2011-03-31": "142.10000", "2010-12-31": -136.2, "2010-09-30": 0, "2010-06-30": 0, "2010-03-31": "", "2009-12-31": -5.9, "2009-09-30": 0, "2009-06-30": 0, "2009-03-31": "", "2008-12-31": 0, "2008-09-30": 0, "2008-06-30": 0, "2008-03-31": "", "2007-12-31": 0, "2007-09-30": 0, "2007-06-30": 0, "2007-03-31": "", "2006-12-31": 7.9, "2006-09-30": 0, "2006-06-30": 0, "2006-03-31": "", "2005-12-31": -0.6, "2005-09-30": 0, "2005-06-30": 0, "2005-03-31": ""}, "Cash Flow From Investing Activities": {"2020-09-30": -59.2, "2020-06-30": -74.1, "2020-03-31": "-108.60000", "2019-12-31": -107, "2019-09-30": -132.5, "2019-06-30": -1104.3, "2019-03-31": "-167.10000", "2018-12-31": -93.6, "2018-09-30": -120.5, "2018-06-30": -229.3, "2018-03-31": "-105.50000", "2017-12-31": -170.6, "2017-09-30": -73, "2017-06-30": -66.1, "2017-03-31": "-55.10000", "2016-12-31": -61.6, "2016-09-30": -2185.8, "2016-06-30": -118.2, "2016-03-31": "-70.80000", "2015-12-31": -66.1, "2015-09-30": -71.7, "2015-06-30": -72.5, "2015-03-31": "-54.20000", "2014-12-31": -55.2, "2014-09-30": -438.4, "2014-06-30": -86.9, "2014-03-31": "14.90000", "2013-12-31": 49.2, "2013-09-30": -51.5, "2013-06-30": -153.9, "2013-03-31": "38.00000", "2012-12-31": 20.2, "2012-09-30": -59.8, "2012-06-30": 16.4, "2012-03-31": "-110.20000", "2011-12-31": -114.5, "2011-09-30": -151, "2011-06-30": -154, "2011-03-31": "-4.20000", "2010-12-31": -145.4, "2010-09-30": -51.2, "2010-06-30": -75.9, "2010-03-31": "-63.20000", "2009-12-31": -3.3, "2009-09-30": -86.1, "2009-06-30": -14.8, "2009-03-31": "-22.10000", "2008-12-31": 2.5, "2008-09-30": -30.2, "2008-06-30": -29.4, "2008-03-31": "184.80000", "2007-12-31": -175.9, "2007-09-30": -33, "2007-06-30": -24, "2007-03-31": "-43.20000", "2006-12-31": 109.8, "2006-09-30": -96.7, "2006-06-30": -112.5, "2006-03-31": "-30.80000", "2005-12-31": -12.6, "2005-09-30": -1.2, "2005-06-30": 2.9, "2005-03-31": "45.70000"}, "Net Long-Term Debt": {"2020-09-30": -511.3, "2020-06-30": -4.3, "2020-03-31": "1109.00000", "2019-12-31": -14.5001, "2019-09-30": -41.1999, "2019-06-30": 873.2, "2019-03-31": "-7.90000", "2018-12-31": -11.7, "2018-09-30": -63.9, "2018-06-30": -79.4, "2018-03-31": "-131.70000", "2017-12-31": -16.0001, "2017-09-30": -216.1999, "2017-06-30": 557.9, "2017-03-31": "-1204.50000", "2016-12-31": -23.9, "2016-09-30": 2346, "2016-06-30": -23.4, "2016-03-31": "-40.50000", "2015-12-31": -13.5, "2015-09-30": 22.5, "2015-06-30": 213, "2015-03-31": "-32.20000", "2014-12-31": -0.6, "2014-09-30": 259.3, "2014-06-30": -22.7, "2014-03-31": "-24.00000", "2013-12-31": 29.7, "2013-09-30": -12.2, "2013-06-30": -36.4, "2013-03-31": "-66.80000", "2012-12-31": -57.2, "2012-09-30": -29.4, "2012-06-30": -140.7, "2012-03-31": "-25.00000", "2011-12-31": -54.1, "2011-09-30": -70.2, "2011-06-30": -6.8, "2011-03-31": "-14.30000", "2010-12-31": 33.6, "2010-09-30": 23.3, "2010-06-30": -178, "2010-03-31": "-13.60000", "2009-12-31": 27.4, "2009-09-30": -17.6, "2009-06-30": -47.4, "2009-03-31": "-63.00000", "2008-12-31": -124.8, "2008-09-30": -11.3, "2008-06-30": -5.9, "2008-03-31": "-288.20000", "2007-12-31": 19.8, "2007-09-30": -6, "2007-06-30": -6.6, "2007-03-31": "-29.80000", "2006-12-31": 104.7, "2006-09-30": -54.3, "2006-06-30": -5, "2006-03-31": "-6.30000", "2005-12-31": -68.2, "2005-09-30": -13.3, "2005-06-30": -7.1, "2005-03-31": "-9.40000"}, "Net Current Debt": {"2020-09-30": 0, "2020-06-30": 0, "2020-03-31": "", "2019-12-31": 0, "2019-09-30": 0, "2019-06-30": 0, "2019-03-31": "", "2018-12-31": 0, "2018-09-30": 0, "2018-06-30": 0, "2018-03-31": "", "2017-12-31": 0, "2017-09-30": 0, "2017-06-30": 0, "2017-03-31": "", "2016-12-31": 0, "2016-09-30": 0, "2016-06-30": 0, "2016-03-31": "", "2015-12-31": 0, "2015-09-30": 0, "2015-06-30": 0, "2015-03-31": "", "2014-12-31": 0, "2014-09-30": 0, "2014-06-30": 0, "2014-03-31": "", "2013-12-31": 0, "2013-09-30": 0, "2013-06-30": 0, "2013-03-31": "", "2012-12-31": 0, "2012-09-30": 0, "2012-06-30": 0, "2012-03-31": "", "2011-12-31": 0, "2011-09-30": 0, "2011-06-30": 0, "2011-03-31": "", "2010-12-31": 0, "2010-09-30": 0, "2010-06-30": 0, "2010-03-31": "", "2009-12-31": 0, "2009-09-30": 0, "2009-06-30": 0, "2009-03-31": "", "2008-12-31": 0, "2008-09-30": 0, "2008-06-30": 0, "2008-03-31": "", "2007-12-31": 0, "2007-09-30": 0, "2007-06-30": 0, "2007-03-31": "", "2006-12-31": 0, "2006-09-30": 0, "2006-06-30": 0, "2006-03-31": "", "2005-12-31": 0, "2005-09-30": 0, "2005-06-30": 0, "2005-03-31": ""}, "Debt Issuance/Retirement Net - Total": {"2020-09-30": -511.3, "2020-06-30": -4.3, "2020-03-31": "1109.00000", "2019-12-31": -14.5001, "2019-09-30": -41.1999, "2019-06-30": 873.2, "2019-03-31": "-7.90000", "2018-12-31": -11.7, "2018-09-30": -63.9, "2018-06-30": -79.4, "2018-03-31": "-131.70000", "2017-12-31": -16.0001, "2017-09-30": -216.1999, "2017-06-30": 557.9, "2017-03-31": "-1204.50000", "2016-12-31": -23.9, "2016-09-30": 2346, "2016-06-30": -23.4, "2016-03-31": "-40.50000", "2015-12-31": -13.5, "2015-09-30": 22.5, "2015-06-30": 213, "2015-03-31": "-32.20000", "2014-12-31": -0.6, "2014-09-30": 259.3, "2014-06-30": -22.7, "2014-03-31": "-24.00000", "2013-12-31": 29.7, "2013-09-30": -12.2, "2013-06-30": -36.4, "2013-03-31": "-66.80000", "2012-12-31": -57.2, "2012-09-30": -29.4, "2012-06-30": -140.7, "2012-03-31": "-25.00000", "2011-12-31": -54.1, "2011-09-30": -70.2, "2011-06-30": -6.8, "2011-03-31": "-14.30000", "2010-12-31": 33.6, "2010-09-30": 23.3, "2010-06-30": -178, "2010-03-31": "-13.60000", "2009-12-31": 27.4, "2009-09-30": -17.6, "2009-06-30": -47.4, "2009-03-31": "-63.00000", "2008-12-31": -124.8, "2008-09-30": -11.3, "2008-06-30": -5.9, "2008-03-31": "-288.20000", "2007-12-31": 19.8, "2007-09-30": -6, "2007-06-30": -6.6, "2007-03-31": "-29.80000", "2006-12-31": 104.7, "2006-09-30": -54.3, "2006-06-30": -5, "2006-03-31": "-6.30000", "2005-12-31": -68.2, "2005-09-30": -13.3, "2005-06-30": -7.1, "2005-03-31": "-9.40000"}, "Net Common Equity Issued/Repurchased": {"2020-09-30": 6.4, "2020-06-30": 3.9, "2020-03-31": "-57.90000", "2019-12-31": 7, "2019-09-30": -7, "2019-06-30": -44, "2019-03-31": "-67.10000", "2018-12-31": -192.7, "2018-09-30": -63.1, "2018-06-30": -32.4, "2018-03-31": "3.60000", "2017-12-31": 19.3, "2017-09-30": 1.8, "2017-06-30": 7.1, "2017-03-31": "73.60000", "2016-12-31": 13.9, "2016-09-30": 6.8, "2016-06-30": 4, "2016-03-31": "5.20000", "2015-12-31": -14.3, "2015-09-30": -97.8, "2015-06-30": -72.6, "2015-03-31": "-69.80000", "2014-12-31": -58.4, "2014-09-30": -15.6, "2014-06-30": -3.1, "2014-03-31": "-9.80000", "2013-12-31": -58.4, "2013-09-30": -21.5, "2013-06-30": -4.5, "2013-03-31": "3.80000", "2012-12-31": -25.6, "2012-09-30": -19.8, "2012-06-30": 2.8, "2012-03-31": "4.80000", "2011-12-31": 3.1, "2011-09-30": 15.4, "2011-06-30": 13.6, "2011-03-31": "35.40000", "2010-12-31": 27.5, "2010-09-30": -0.8, "2010-06-30": 1.3, "2010-03-31": "2.30000", "2009-12-31": 1.8, "2009-09-30": 7.3, "2009-06-30": 4.7, "2009-03-31": "0.60000", "2008-12-31": 1.9, "2008-09-30": 5.4, "2008-06-30": 10.1, "2008-03-31": "0.10000", "2007-12-31": 3.2, "2007-09-30": 12.5, "2007-06-30": -44.4, "2007-03-31": "20.30000", "2006-12-31": -294.8, "2006-09-30": 2, "2006-06-30": 80.7, "2006-03-31": "5.70000", "2005-12-31": 1.8, "2005-09-30": 2.6, "2005-06-30": 0.9, "2005-03-31": "1.00000"}, "Net Total Equity Issued/Repurchased": {"2020-09-30": 6.4, "2020-06-30": 3.9, "2020-03-31": "-57.90000", "2019-12-31": 7, "2019-09-30": -7, "2019-06-30": -44, "2019-03-31": "-67.10000", "2018-12-31": -192.7, "2018-09-30": -63.1, "2018-06-30": -32.4, "2018-03-31": "3.60000", "2017-12-31": 19.3, "2017-09-30": 1.8, "2017-06-30": 7.1, "2017-03-31": "73.60000", "2016-12-31": 13.9, "2016-09-30": 6.8, "2016-06-30": 4, "2016-03-31": "5.20000", "2015-12-31": -14.3, "2015-09-30": -97.8, "2015-06-30": -72.6, "2015-03-31": "-69.80000", "2014-12-31": -58.4, "2014-09-30": -15.6, "2014-06-30": -3.1, "2014-03-31": "-9.80000", "2013-12-31": -58.4, "2013-09-30": -21.5, "2013-06-30": -4.5, "2013-03-31": "3.80000", "2012-12-31": -25.6, "2012-09-30": -19.8, "2012-06-30": 2.8, "2012-03-31": "4.80000", "2011-12-31": 3.1, "2011-09-30": 15.4, "2011-06-30": 13.6, "2011-03-31": "35.40000", "2010-12-31": 27.5, "2010-09-30": -0.8, "2010-06-30": 1.3, "2010-03-31": "2.30000", "2009-12-31": 1.8, "2009-09-30": 7.3, "2009-06-30": 4.7, "2009-03-31": "0.60000", "2008-12-31": 1.9, "2008-09-30": 5.4, "2008-06-30": 10.1, "2008-03-31": "0.10000", "2007-12-31": 3.2, "2007-09-30": 12.5, "2007-06-30": -44.4, "2007-03-31": "20.30000", "2006-12-31": -294.8, "2006-09-30": 2, "2006-06-30": 80.7, "2006-03-31": "5.70000", "2005-12-31": 1.8, "2005-09-30": 2.6, "2005-06-30": 0.9, "2005-03-31": "1.00000"}, "Total Common And Preferred Stock Dividends Paid": {"2020-09-30": 0, "2020-06-30": 0, "2020-03-31": "", "2019-12-31": -2.3, "2019-09-30": 0, "2019-06-30": 0, "2019-03-31": "", "2018-12-31": -2.2, "2018-09-30": 0, "2018-06-30": 0, "2018-03-31": "", "2017-12-31": -1.9, "2017-09-30": 0, "2017-06-30": 0, "2017-03-31": "", "2016-12-31": -2.4, "2016-09-30": -1.9, "2016-06-30": 0, "2016-03-31": "", "2015-12-31": 0, "2015-09-30": 0, "2015-06-30": 0, "2015-03-31": "", "2014-12-31": -1.5, "2014-09-30": -1.5, "2014-06-30": -1.2, "2014-03-31": "", "2013-12-31": 0, "2013-09-30": 0, "2013-06-30": 0, "2013-03-31": "", "2012-12-31": 0, "2012-09-30": 0, "2012-06-30": 0, "2012-03-31": "", "2011-12-31": 0, "2011-09-30": 0, "2011-06-30": 0, "2011-03-31": "", "2010-12-31": 0, "2010-09-30": 0, "2010-06-30": 0, "2010-03-31": "", "2009-12-31": 0, "2009-09-30": 0, "2009-06-30": 0, "2009-03-31": "", "2008-12-31": 0, "2008-09-30": 0, "2008-06-30": 0, "2008-03-31": "-1.50000", "2007-12-31": 0, "2007-09-30": -1.3, "2007-06-30": 0, "2007-03-31": "-2.80000", "2006-12-31": 0, "2006-09-30": -0.4, "2006-06-30": -1, "2006-03-31": "", "2005-12-31": -2.2, "2005-09-30": 0, "2005-06-30": -0.5, "2005-03-31": "-1.50000"}, "Financial Activities - Other": {"2020-09-30": -5.5, "2020-06-30": -1.2, "2020-03-31": "-20.90000", "2019-12-31": -9.2, "2019-09-30": -32, "2019-06-30": -5.8, "2019-03-31": "-26.10000", "2018-12-31": -2.4, "2018-09-30": -9.3, "2018-06-30": -1.1, "2018-03-31": "-18.80000", "2017-12-31": -7, "2017-09-30": -11.4, "2017-06-30": -689.6, "2017-03-31": "676.00000", "2016-12-31": -2.2, "2016-09-30": -5.6, "2016-06-30": -2.1, "2016-03-31": "-9.20000", "2015-12-31": -2.3, "2015-09-30": -1.9, "2015-06-30": -19.7, "2015-03-31": "-11.20000", "2014-12-31": -23.5, "2014-09-30": -0.6, "2014-06-30": -0.9, "2014-03-31": "-4.50000", "2013-12-31": -4.9, "2013-09-30": -0.6, "2013-06-30": 0, "2013-03-31": "-2.20000", "2012-12-31": -0.8, "2012-09-30": -0.5, "2012-06-30": -3, "2012-03-31": "-5.30000", "2011-12-31": -3.9, "2011-09-30": -15.4, "2011-06-30": 0, "2011-03-31": "", "2010-12-31": -15, "2010-09-30": 0, "2010-06-30": -0.2, "2010-03-31": "0.20000", "2009-12-31": 0, "2009-09-30": 0, "2009-06-30": 0, "2009-03-31": "", "2008-12-31": 77.1, "2008-09-30": 0, "2008-06-30": 0, "2008-03-31": "", "2007-12-31": 0, "2007-09-30": 0, "2007-06-30": 0, "2007-03-31": "-0.40000", "2006-12-31": -12.8, "2006-09-30": -1.3, "2006-06-30": -0.3, "2006-03-31": "-1.40000", "2005-12-31": -3.5, "2005-09-30": 0, "2005-06-30": 0, "2005-03-31": "-0.20000"}, "Cash Flow From Financial Activities": {"2020-09-30": -510.4, "2020-06-30": -1.6, "2020-03-31": "1030.20000", "2019-12-31": -19, "2019-09-30": -80.2, "2019-06-30": 823.4, "2019-03-31": "-101.10000", "2018-12-31": -209, "2018-09-30": -136.3, "2018-06-30": -112.9, "2018-03-31": "-146.90000", "2017-12-31": -5.6, "2017-09-30": -225.8, "2017-06-30": -124.6, "2017-03-31": "-454.90000", "2016-12-31": -14.6, "2016-09-30": 2345.3, "2016-06-30": -21.5, "2016-03-31": "-44.50000", "2015-12-31": -30.1, "2015-09-30": -77.2, "2015-06-30": 120.7, "2015-03-31": "-113.20000", "2014-12-31": -84, "2014-09-30": 241.6, "2014-06-30": -27.9, "2014-03-31": "-38.30000", "2013-12-31": -33.6, "2013-09-30": -34.3, "2013-06-30": -40.9, "2013-03-31": "-65.20000", "2012-12-31": -83.6, "2012-09-30": -49.7, "2012-06-30": -140.9, "2012-03-31": "-25.50000", "2011-12-31": -54.9, "2011-09-30": -70.2, "2011-06-30": 6.8, "2011-03-31": "21.10000", "2010-12-31": 46.1, "2010-09-30": 22.5, "2010-06-30": -176.9, "2010-03-31": "-11.10000", "2009-12-31": 29.2, "2009-09-30": -10.3, "2009-06-30": -42.7, "2009-03-31": "-62.40000", "2008-12-31": -45.8, "2008-09-30": -5.9, "2008-06-30": 4.2, "2008-03-31": "-289.60000", "2007-12-31": 23, "2007-09-30": 5.2, "2007-06-30": -51, "2007-03-31": "-12.70000", "2006-12-31": -202.9, "2006-09-30": -54, "2006-06-30": 74.4, "2006-03-31": "-2.00000", "2005-12-31": -72.1, "2005-09-30": -10.7, "2005-06-30": -6.7, "2005-03-31": "-10.10000"}, "Net Cash Flow": {"2020-09-30": -405.9, "2020-06-30": 78.7, "2020-03-31": "1087.80000", "2019-12-31": -34.5, "2019-09-30": 29.6, "2019-06-30": -58, "2019-03-31": "-130.00000", "2018-12-31": 118.6, "2018-09-30": 100.8, "2018-06-30": -74.6, "2018-03-31": "-24.30000", "2017-12-31": 48, "2017-09-30": 29.6, "2017-06-30": 142.4, "2017-03-31": "-299.20000", "2016-12-31": 145.7, "2016-09-30": 292.4, "2016-06-30": -31.4, "2016-03-31": "1.90000", "2015-12-31": 60.8, "2015-09-30": -19.8, "2015-06-30": 148.5, "2015-03-31": "-83.60000", "2014-12-31": 19.6, "2014-09-30": -106.8, "2014-06-30": 36.9, "2014-03-31": "52.50000", "2013-12-31": 140, "2013-09-30": -26.6, "2013-06-30": -140.9, "2013-03-31": "50.10000", "2012-12-31": 65.5, "2012-09-30": -96.4, "2012-06-30": -62.3, "2012-03-31": "-72.80000", "2011-12-31": -6.4, "2011-09-30": -97.3, "2011-06-30": -9.4, "2011-03-31": "142.70000", "2010-12-31": 60.4, "2010-09-30": 95.8, "2010-06-30": -93.6, "2010-03-31": "35.00000", "2009-12-31": 130.5, "2009-09-30": -8.2, "2009-06-30": 1, "2009-03-31": "-56.30000", "2008-12-31": 40.8, "2008-09-30": 96.7, "2008-06-30": 13.3, "2008-03-31": "33.30000", "2007-12-31": -52.5, "2007-09-30": 71.3, "2007-06-30": -20, "2007-03-31": "7.00000", "2006-12-31": 35.4, "2006-09-30": -61.3, "2006-06-30": 43.4, "2006-03-31": "18.00000", "2005-12-31": -39, "2005-09-30": 36.7, "2005-06-30": 58.1, "2005-03-31": "71.80000"}, "Stock-Based Compensation": {"2020-09-30": 17.5, "2020-06-30": 18, "2020-03-31": "15.70000", "2019-12-31": 17.7, "2019-09-30": 14.7, "2019-06-30": 27.3, "2019-03-31": "19.70000", "2018-12-31": 18.9, "2018-09-30": 17.9, "2018-06-30": 23.1, "2018-03-31": "18.40000", "2017-12-31": 17.1, "2017-09-30": 16.8, "2017-06-30": 20.8, "2017-03-31": "15.10000", "2016-12-31": 56.1, "2016-09-30": -27.7, "2016-06-30": 16.1, "2016-03-31": "11.60000", "2015-12-31": 46.9, "2015-09-30": 0, "2015-06-30": 0, "2015-03-31": "", "2014-12-31": 45.8, "2014-09-30": 0, "2014-06-30": -8.5, "2014-03-31": "8.50000", "2013-12-31": 0, "2013-09-30": 0, "2013-06-30": 0, "2013-03-31": "", "2012-12-31": 0, "2012-09-30": 0, "2012-06-30": 0, "2012-03-31": "", "2011-12-31": -26.9, "2011-09-30": 6, "2011-06-30": 10.5, "2011-03-31": "10.40000", "2010-12-31": -41.3, "2010-09-30": 41.3, "2010-06-30": -13.7, "2010-03-31": "13.70000", "2009-12-31": 11.9, "2009-09-30": 42.3, "2009-06-30": -12.7, "2009-03-31": "12.70000", "2008-12-31": 33.2, "2008-09-30": 0, "2008-06-30": 0, "2008-03-31": "", "2007-12-31": 0, "2007-09-30": 0, "2007-06-30": 0, "2007-03-31": "", "2006-12-31": 0, "2006-09-30": 0, "2006-06-30": 0, "2006-03-31": "", "2005-12-31": 0, "2005-09-30": 0, "2005-06-30": 0, "2005-03-31": ""}, "Common Stock Dividends Paid": {"2020-09-30": 0, "2020-06-30": 0, "2020-03-31": "", "2019-12-31": -2.3, "2019-09-30": 0, "2019-06-30": 0, "2019-03-31": "", "2018-12-31": -2.2, "2018-09-30": 0, "2018-06-30": 0, "2018-03-31": "", "2017-12-31": -1.9, "2017-09-30": 0, "2017-06-30": 0, "2017-03-31": "", "2016-12-31": -2.4, "2016-09-30": -1.9, "2016-06-30": 0, "2016-03-31": "", "2015-12-31": 0, "2015-09-30": 0, "2015-06-30": 0, "2015-03-31": "", "2014-12-31": -1.5, "2014-09-30": -1.5, "2014-06-30": -1.2, "2014-03-31": "", "2013-12-31": 0, "2013-09-30": 0, "2013-06-30": 0, "2013-03-31": "", "2012-12-31": 0, "2012-09-30": 0, "2012-06-30": 0, "2012-03-31": "", "2011-12-31": 0, "2011-09-30": 0, "2011-06-30": 0, "2011-03-31": "", "2010-12-31": 0, "2010-09-30": 0, "2010-06-30": 0, "2010-03-31": "", "2009-12-31": 0, "2009-09-30": 0, "2009-06-30": 0, "2009-03-31": "", "2008-12-31": 0, "2008-09-30": 0, "2008-06-30": 0, "2008-03-31": "-1.50000", "2007-12-31": 0, "2007-09-30": -1.3, "2007-06-30": 0, "2007-03-31": "-2.80000", "2006-12-31": 0, "2006-09-30": -0.4, "2006-06-30": -1, "2006-03-31": "", "2005-12-31": -2.2, "2005-09-30": 0, "2005-06-30": -0.5, "2005-03-31": "-1.50000"}}, "financial ratios": {"Current Ratio": {"2019-12-31": "1.66080", "2018-12-31": "2.15600", "2017-12-31": "2.08190", "2016-12-31": "1.90940", "2015-12-31": "1.52630", "2014-12-31": "1.73500", "2013-12-31": "2.08400", "2012-12-31": "1.65320", "2011-12-31": "1.66810", "2010-12-31": "1.91030", "2009-12-31": "1.88790", "2008-12-31": "1.93110", "2007-12-31": "1.77070", "2006-12-31": "1.61850", "2005-12-31": "1.50720"}, "Long-term Debt / Capital": {"2019-12-31": "0.46390", "2018-12-31": "0.45130", "2017-12-31": "0.49120", "2016-12-31": "0.62450", "2015-12-31": "0.34260", "2014-12-31": "0.37350", "2013-12-31": "0.33300", "2012-12-31": "0.32130", "2011-12-31": "0.35910", "2010-12-31": "0.35160", "2009-12-31": "0.42000", "2008-12-31": "0.51320", "2007-12-31": "0.98610", "2006-12-31": "1.24430", "2005-12-31": "1.43350"}, "Debt/Equity Ratio": {"2019-12-31": "1.08680", "2018-12-31": "0.86600", "2017-12-31": "1.05380", "2016-12-31": "1.96330", "2015-12-31": "0.85420", "2014-12-31": "0.72340", "2013-12-31": "0.61840", "2012-12-31": "0.72760", "2011-12-31": "0.80820", "2010-12-31": "0.64030", "2009-12-31": "0.92920", "2008-12-31": "1.18040", "2007-12-31": "72.91820", "2006-12-31": "-5.21740", "2005-12-31": "-3.55310"}, "Gross Margin": {"2019-12-31": "35.76720", "2018-12-31": "38.08410", "2017-12-31": "36.72310", "2016-12-31": "33.28730", "2015-12-31": "34.13240", "2014-12-31": "34.31270", "2013-12-31": "33.38840", "2012-12-31": "32.68850", "2011-12-31": "29.30600", "2010-12-31": "41.32450", "2009-12-31": "35.08960", "2008-12-31": "36.28090", "2007-12-31": "37.70270", "2006-12-31": "38.45150", "2005-12-31": "33.19850"}, "Operating Margin": {"2019-12-31": "7.84170", "2018-12-31": "14.41230", "2017-12-31": "12.29640", "2016-12-31": "6.31700", "2015-12-31": "7.46900", "2014-12-31": "7.23960", "2013-12-31": "7.50710", "2012-12-31": "-0.70120", "2011-12-31": "3.29430", "2010-12-31": "16.17530", "2009-12-31": "8.06150", "2008-12-31": "-17.80710", "2007-12-31": "17.69890", "2006-12-31": "20.69460", "2005-12-31": "13.29530"}, "EBIT Margin": {"2019-12-31": "7.84170", "2018-12-31": "14.41230", "2017-12-31": "12.29640", "2016-12-31": "6.31700", "2015-12-31": "7.46900", "2014-12-31": "7.23960", "2013-12-31": "7.50710", "2012-12-31": "-0.70120", "2011-12-31": "3.29430", "2010-12-31": "16.17530", "2009-12-31": "8.06150", "2008-12-31": "-17.80710", "2007-12-31": "17.69890", "2006-12-31": "20.69460", "2005-12-31": "13.29530"}, "EBITDA Margin": {"2019-12-31": "18.85500", "2018-12-31": "23.40640", "2017-12-31": "21.51500", "2016-12-31": "15.99990", "2015-12-31": "17.77850", "2014-12-31": "16.08890", "2013-12-31": "15.16510", "2012-12-31": "9.49600", "2011-12-31": "10.02530", "2010-12-31": "24.19380", "2009-12-31": "17.03320", "2008-12-31": "15.80200", "2007-12-31": "23.88580", "2006-12-31": "26.19140", "2005-12-31": "21.28350"}, "Pre-Tax Profit Margin": {"2019-12-31": "5.01280", "2018-12-31": "12.84390", "2017-12-31": "9.87710", "2016-12-31": "4.62260", "2015-12-31": "6.28750", "2014-12-31": "6.06930", "2013-12-31": "6.10920", "2012-12-31": "-2.65640", "2011-12-31": "1.09810", "2010-12-31": "13.21430", "2009-12-31": "4.01380", "2008-12-31": "-21.31590", "2007-12-31": "13.58060", "2006-12-31": "18.03110", "2005-12-31": "8.61490"}, "Net Profit Margin": {"2019-12-31": "3.83660", "2018-12-31": "10.67320", "2017-12-31": "14.62540", "2016-12-31": "4.66100", "2015-12-31": "5.89850", "2014-12-31": "5.99970", "2013-12-31": "5.40480", "2012-12-31": "-3.35760", "2011-12-31": "0.33700", "2010-12-31": "12.55730", "2009-12-31": "3.44850", "2008-12-31": "-20.87310", "2007-12-31": "12.99960", "2006-12-31": "17.76340", "2005-12-31": "4.94210"}, "Asset Turnover": {"2019-12-31": "0.65490", "2018-12-31": "0.77470", "2017-12-31": "0.77040", "2016-12-31": "0.56420", "2015-12-31": "0.90340", "2014-12-31": "0.82720", "2013-12-31": "0.84480", "2012-12-31": "0.86980", "2011-12-31": "0.88640", "2010-12-31": "0.79250", "2009-12-31": "0.73270", "2008-12-31": "0.87090", "2007-12-31": "0.95640", "2006-12-31": "1.08140", "2005-12-31": "1.09760"}, "Inventory Turnover Ratio": {"2019-12-31": "2.87590", "2018-12-31": "2.97060", "2017-12-31": "3.21940", "2016-12-31": "2.53000", "2015-12-31": "3.06850", "2014-12-31": "2.84550", "2013-12-31": "3.04470", "2012-12-31": "3.34980", "2011-12-31": "3.81790", "2010-12-31": "3.76220", "2009-12-31": "4.25420", "2008-12-31": "3.90250", "2007-12-31": "4.42490", "2006-12-31": "4.43250", "2005-12-31": "4.96810"}, "Receiveable Turnover": {"2019-12-31": "7.82680", "2018-12-31": "8.56900", "2017-12-31": "7.90180", "2016-12-31": "6.20340", "2015-12-31": "8.19840", "2014-12-31": "7.57320", "2013-12-31": "7.25800", "2012-12-31": "8.09080", "2011-12-31": "7.52910", "2010-12-31": "7.85270", "2009-12-31": "6.78000", "2008-12-31": "10.88350", "2007-12-31": "8.93950", "2006-12-31": "8.61050", "2005-12-31": "7.86890"}, "Days Sales In Receivables": {"2019-12-31": "46.63460", "2018-12-31": "42.59570", "2017-12-31": "46.19210", "2016-12-31": "58.83870", "2015-12-31": "44.52090", "2014-12-31": "48.19640", "2013-12-31": "50.28970", "2012-12-31": "45.11280", "2011-12-31": "48.47860", "2010-12-31": "46.48090", "2009-12-31": "53.83490", "2008-12-31": "33.53710", "2007-12-31": "40.83000", "2006-12-31": "42.39030", "2005-12-31": "46.38510"}, "ROE - Return On Equity": {"2019-12-31": "6.43480", "2018-12-31": "19.72070", "2017-12-31": "29.02540", "2016-12-31": "10.00000", "2015-12-31": "12.80720", "2014-12-31": "11.66080", "2013-12-31": "10.08140", "2012-12-31": "-6.68010", "2011-12-31": "0.99770", "2010-12-31": "21.10230", "2009-12-31": "6.30100", "2008-12-31": "-50.09940", "2007-12-31": "1289.31100", "2006-12-31": "-120.71880", "2005-12-31": "-34.46550"}, "Return On Tangible Equity": {"2019-12-31": "19.90880", "2018-12-31": "37.15790", "2017-12-31": "64.73960", "2016-12-31": "116.62460", "2015-12-31": "20.18350", "2014-12-31": "20.76530", "2013-12-31": "13.76840", "2012-12-31": "-9.78820", "2011-12-31": "1.55600", "2010-12-31": "32.77020", "2009-12-31": "11.93210", "2008-12-31": "-118.43050", "2007-12-31": "-95.79440", "2006-12-31": "-85.97160", "2005-12-31": "-27.41000"}, "ROA - Return On Assets": {"2019-12-31": "2.53870", "2018-12-31": "8.30170", "2017-12-31": "11.29940", "2016-12-31": "2.66450", "2015-12-31": "5.40110", "2014-12-31": "5.02600", "2013-12-31": "4.66330", "2012-12-31": "-2.79110", "2011-12-31": "0.38370", "2010-12-31": "10.03360", "2009-12-31": "2.62190", "2008-12-31": "-18.16490", "2007-12-31": "12.51830", "2006-12-31": "19.20930", "2005-12-31": "9.01180"}, "ROI - Return On Investment": {"2019-12-31": "3.44970", "2018-12-31": "10.81990", "2017-12-31": "14.76920", "2016-12-31": "3.75500", "2015-12-31": "8.41930", "2014-12-31": "7.30560", "2013-12-31": "6.72450", "2012-12-31": "-4.53390", "2011-12-31": "0.63940", "2010-12-31": "13.68180", "2009-12-31": "3.65430", "2008-12-31": "-24.38830", "2007-12-31": "17.91180", "2006-12-31": "29.48950", "2005-12-31": "14.93940"}, "Book Value Per Share": {"2019-12-31": "8.08170", "2018-12-31": "7.71830", "2017-12-31": "6.58880", "2016-12-31": "4.40400", "2015-12-31": "3.96050", "2014-12-31": "3.79500", "2013-12-31": "3.46080", "2012-12-31": "3.09850", "2011-12-31": "3.30940", "2010-12-31": "3.17780", "2009-12-31": "2.35130", "2008-12-31": "2.07810", "2007-12-31": "0.05430", "2006-12-31": "-0.78720", "2005-12-31": "-0.96670"}, "Operating Cash Flow Per Share": {"2019-12-31": -1.2531, "2018-12-31": 0.3683, "2017-12-31": 1.1712, "2016-12-31": 0.2836, "2015-12-31": 0.0148, "2014-12-31": 0.359, "2013-12-31": 0.1164, "2012-12-31": -0.5833, "2011-12-31": -0.0486, "2010-12-31": 0.5953, "2009-12-31": -0.3927, "2008-12-31": -0.0137, "2007-12-31": 0.0303, "2006-12-31": 0.3719, "2005-12-31": 0.6506}, "Free Cash Flow Per Share": {"2019-12-31": -1.4348, "2018-12-31": 0.171, "2017-12-31": 0.7867, "2016-12-31": 0.3879, "2015-12-31": -0.1441, "2014-12-31": 0.2333, "2013-12-31": 0.3433, "2012-12-31": -0.4511, "2011-12-31": -0.3918, "2010-12-31": 0.3891, "2009-12-31": -0.3808, "2008-12-31": 0.2709, "2007-12-31": -0.0564, "2006-12-31": 0.1746, "2005-12-31": 0.5027}}, "financial ratios, quarterly": {"Current Ratio": {"2020-09-30": "2.11450", "2020-06-30": "2.34860", "2020-03-31": "2.32260", "2019-12-31": "1.66080", "2019-09-30": "1.53530", "2019-06-30": "2.41890", "2019-03-31": "2.31250", "2018-12-31": "2.15600", "2018-09-30": "2.35570", "2018-06-30": "1.54460", "2018-03-31": "1.52550", "2017-12-31": "2.08190", "2017-09-30": "1.96980", "2017-06-30": "2.02780", "2017-03-31": "2.15270", "2016-12-31": "1.90940", "2016-09-30": "1.87090", "2016-06-30": "1.52460", "2016-03-31": "1.59890", "2015-12-31": "1.52630", "2015-09-30": "1.45940", "2015-06-30": "1.46340", "2015-03-31": "1.73510", "2014-12-31": "1.73500", "2014-09-30": "1.78990", "2014-06-30": "2.02650", "2014-03-31": "2.10790", "2013-12-31": "2.08400", "2013-09-30": "1.87420", "2013-06-30": "1.85010", "2013-03-31": "1.85070", "2012-12-31": "1.65320", "2012-09-30": "1.74160", "2012-06-30": "1.69280", "2012-03-31": "1.67870", "2011-12-31": "1.66810", "2011-09-30": "1.74320", "2011-06-30": "1.77480", "2011-03-31": "1.96130", "2010-12-31": "1.91030", "2010-09-30": "1.91330", "2010-06-30": "1.80780", "2010-03-31": "2.12500", "2009-12-31": "1.88790", "2009-09-30": "1.88500", "2009-06-30": "1.73210", "2009-03-31": "2.07520", "2008-12-31": "1.93110", "2008-09-30": "1.76630", "2008-06-30": "1.66410", "2008-03-31": "1.53400", "2007-12-31": "1.77070", "2007-09-30": "2.01130", "2007-06-30": "1.86650", "2007-03-31": "1.77480", "2006-12-31": "1.61850", "2006-09-30": "1.77540", "2006-06-30": "1.61170", "2006-03-31": "1.63740", "2005-12-31": "1.50720", "2005-09-30": "1.89510", "2005-06-30": "1.84230", "2005-03-31": "1.74770"}, "Long-term Debt / Capital": {"2020-09-30": "0.50650", "2020-06-30": "0.55380", "2020-03-31": "0.55530", "2019-12-31": "0.46390", "2019-09-30": "0.47050", "2019-06-30": "0.51850", "2019-03-31": "0.45040", "2018-12-31": "0.45130", "2018-09-30": "0.44950", "2018-06-30": "0.39480", "2018-03-31": "0.41390", "2017-12-31": "0.49120", "2017-09-30": "0.54560", "2017-06-30": "0.57540", "2017-03-31": "0.59910", "2016-12-31": "0.62450", "2016-09-30": "0.63830", "2016-06-30": "0.62970", "2016-03-31": "0.33230", "2015-12-31": "0.34260", "2015-09-30": "0.35450", "2015-06-30": "0.33670", "2015-03-31": "0.36870", "2014-12-31": "0.37350", "2014-09-30": "0.36930", "2014-06-30": "0.30970", "2014-03-31": "0.32650", "2013-12-31": "0.33300", "2013-09-30": "0.30510", "2013-06-30": "0.31900", "2013-03-31": "0.33330", "2012-12-31": "0.32130", "2012-09-30": "0.34260", "2012-06-30": "0.34260", "2012-03-31": "0.34600", "2011-12-31": "0.35910", "2011-09-30": "0.38340", "2011-06-30": "0.38620", "2011-03-31": "0.42040", "2010-12-31": "0.35160", "2010-09-30": "0.33300", "2010-06-30": "0.34540", "2010-03-31": "0.43090", "2009-12-31": "0.42000", "2009-09-30": "0.44150", "2009-06-30": "0.45650", "2009-03-31": "0.49870", "2008-12-31": "0.51320", "2008-09-30": "0.51490", "2008-06-30": "0.52690", "2008-03-31": "0.54020", "2007-12-31": "0.98610", "2007-09-30": "1.05050", "2007-06-30": "1.13990", "2007-03-31": "1.16260", "2006-12-31": "1.24430", "2006-09-30": "1.02130", "2006-06-30": "1.10990", "2006-03-31": "1.32860", "2005-12-31": "1.43350", "2005-09-30": "1.44310", "2005-06-30": "1.49300", "2005-03-31": "1.52550"}, "Debt/Equity Ratio": {"2020-09-30": "1.22980", "2020-06-30": "1.45440", "2020-03-31": "1.46180", "2019-12-31": "1.08680", "2019-09-30": "1.11600", "2019-06-30": "1.10870", "2019-03-31": "0.86000", "2018-12-31": "0.86600", "2018-09-30": "0.84750", "2018-06-30": "0.89340", "2018-03-31": "0.95940", "2017-12-31": "1.05380", "2017-09-30": "1.31650", "2017-06-30": "1.48190", "2017-03-31": "1.63120", "2016-12-31": "1.96330", "2016-09-30": "2.07310", "2016-06-30": "2.01180", "2016-03-31": "0.81070", "2015-12-31": "0.85420", "2015-09-30": "0.89030", "2015-06-30": "0.85090", "2015-03-31": "0.71460", "2014-12-31": "0.72340", "2014-09-30": "0.70690", "2014-06-30": "0.55190", "2014-03-31": "0.59760", "2013-12-31": "0.61840", "2013-09-30": "0.60490", "2013-06-30": "0.62620", "2013-03-31": "0.67160", "2012-12-31": "0.72760", "2012-09-30": "0.69070", "2012-06-30": "0.69290", "2012-03-31": "0.77480", "2011-12-31": "0.80820", "2011-09-30": "0.81080", "2011-06-30": "0.80960", "2011-03-31": "0.84260", "2010-12-31": "0.64030", "2010-09-30": "0.60340", "2010-06-30": "0.62820", "2010-03-31": "0.85940", "2009-12-31": "0.92920", "2009-09-30": "0.96980", "2009-06-30": "1.04130", "2009-03-31": "1.09670", "2008-12-31": "1.18040", "2008-09-30": "1.12540", "2008-06-30": "1.19140", "2008-03-31": "1.25190", "2007-12-31": "72.91820", "2007-09-30": "-21.29910", "2007-06-30": "-8.33990", "2007-03-31": "-7.31810", "2006-12-31": "-5.21740", "2006-09-30": "-49.59110", "2006-06-30": "-10.61000", "2006-03-31": "-4.25310", "2005-12-31": "-3.55310", "2005-09-30": "-3.31340", "2005-06-30": "-3.07760", "2005-03-31": "-2.95210"}, "Gross Margin": {"2020-09-30": "33.49280", "2020-06-30": "30.84470", "2020-03-31": "31.51260", "2019-12-31": "34.64830", "2019-09-30": "34.38990", "2019-06-30": "37.02600", "2019-03-31": "37.04750", "2018-12-31": "37.90170", "2018-09-30": "38.69750", "2018-06-30": "38.12080", "2018-03-31": "37.55810", "2017-12-31": "37.49550", "2017-09-30": "37.67350", "2017-06-30": "36.77130", "2017-03-31": "35.01780", "2016-12-31": "30.77720", "2016-09-30": "34.59880", "2016-06-30": "35.07630", "2016-03-31": "33.71270", "2015-12-31": "33.30950", "2015-09-30": "34.11860", "2015-06-30": "34.57130", "2015-03-31": "34.49700", "2014-12-31": "32.13380", "2014-09-30": "33.70130", "2014-06-30": "36.70800", "2014-03-31": "35.13090", "2013-12-31": "33.92760", "2013-09-30": "34.83370", "2013-06-30": "33.67720", "2013-03-31": "30.93800", "2012-12-31": "30.10880", "2012-09-30": "32.80500", "2012-06-30": "34.68050", "2012-03-31": "32.93930", "2011-12-31": "31.14990", "2011-09-30": "29.07570", "2011-06-30": "29.37740", "2011-03-31": "27.84290", "2010-12-31": "41.02210", "2010-09-30": "41.03550", "2010-06-30": "41.79670", "2010-03-31": "41.45770", "2009-12-31": "39.14710", "2009-09-30": "37.17490", "2009-06-30": "32.92040", "2009-03-31": "29.57000", "2008-12-31": "37.99880", "2008-09-30": "38.10830", "2008-06-30": "34.05010", "2008-03-31": "34.74760", "2007-12-31": "37.33760", "2007-09-30": "38.62000", "2007-06-30": "38.30010", "2007-03-31": "36.50450", "2006-12-31": "39.26790", "2006-09-30": "38.10880", "2006-06-30": "40.82070", "2006-03-31": "35.23950", "2005-12-31": "35.02050", "2005-09-30": "33.19520", "2005-06-30": "32.52970", "2005-03-31": "31.81220"}, "Operating Margin": {"2020-09-30": "9.03360", "2020-06-30": "3.55170", "2020-03-31": "1.45550", "2019-12-31": "9.90870", "2019-09-30": "-3.17700", "2019-06-30": "11.74590", "2019-03-31": "12.93810", "2018-12-31": "14.81610", "2018-09-30": "15.67100", "2018-06-30": "13.54490", "2018-03-31": "13.48000", "2017-12-31": "12.15970", "2017-09-30": "12.72560", "2017-06-30": "11.50970", "2017-03-31": "12.74450", "2016-12-31": "5.26570", "2016-09-30": "4.91110", "2016-06-30": "8.57830", "2016-03-31": "7.14630", "2015-12-31": "6.60480", "2015-09-30": "7.67530", "2015-06-30": "7.70020", "2015-03-31": "7.85480", "2014-12-31": "1.68940", "2014-09-30": "6.81460", "2014-06-30": "11.45720", "2014-03-31": "10.00710", "2013-12-31": "7.38160", "2013-09-30": "9.40730", "2013-06-30": "7.39500", "2013-03-31": "5.70350", "2012-12-31": "-19.90590", "2012-09-30": "6.14750", "2012-06-30": "3.61170", "2012-03-31": "5.85710", "2011-12-31": "3.97190", "2011-09-30": "-0.74610", "2011-06-30": "6.28170", "2011-03-31": "3.75600", "2010-12-31": "13.95020", "2010-09-30": "17.92910", "2010-06-30": "17.40100", "2010-03-31": "15.30350", "2009-12-31": "16.85780", "2009-09-30": "10.50960", "2009-06-30": "3.26350", "2009-03-31": "-1.21340", "2008-12-31": "-103.06940", "2008-09-30": "12.65690", "2008-06-30": "5.93570", "2008-03-31": "7.30030", "2007-12-31": "17.11200", "2007-09-30": "18.16830", "2007-06-30": "18.75660", "2007-03-31": "16.75580", "2006-12-31": "23.70520", "2006-09-30": "20.95510", "2006-06-30": "21.50280", "2006-03-31": "15.83830", "2005-12-31": "16.61790", "2005-09-30": "13.45660", "2005-06-30": "11.98810", "2005-03-31": "10.68120"}, "EBIT Margin": {"2020-09-30": "9.03360", "2020-06-30": "3.55170", "2020-03-31": "1.45550", "2019-12-31": "9.90870", "2019-09-30": "-3.17700", "2019-06-30": "11.74590", "2019-03-31": "12.93810", "2018-12-31": "14.81600", "2018-09-30": "15.67100", "2018-06-30": "13.54490", "2018-03-31": "13.48000", "2017-12-31": "12.15970", "2017-09-30": "12.72560", "2017-06-30": "11.50970", "2017-03-31": "12.74450", "2016-12-31": "5.26570", "2016-09-30": "4.91110", "2016-06-30": "8.57830", "2016-03-31": "7.14630", "2015-12-31": "6.60480", "2015-09-30": "7.67530", "2015-06-30": "7.70020", "2015-03-31": "7.85480", "2014-12-31": "1.68940", "2014-09-30": "6.81460", "2014-06-30": "11.45720", "2014-03-31": "10.00710", "2013-12-31": "7.38160", "2013-09-30": "9.40730", "2013-06-30": "7.39500", "2013-03-31": "5.70350", "2012-12-31": "-19.90590", "2012-09-30": "6.14750", "2012-06-30": "3.61170", "2012-03-31": "5.85710", "2011-12-31": "3.97190", "2011-09-30": "-0.74610", "2011-06-30": "6.28170", "2011-03-31": "3.75600", "2010-12-31": "13.95020", "2010-09-30": "17.92910", "2010-06-30": "17.40100", "2010-03-31": "15.30350", "2009-12-31": "16.85780", "2009-09-30": "10.50960", "2009-06-30": "3.26350", "2009-03-31": "-1.21340", "2008-12-31": "-103.06940", "2008-09-30": "12.65690", "2008-06-30": "5.93570", "2008-03-31": "7.30030", "2007-12-31": "17.11200", "2007-09-30": "18.16830", "2007-06-30": "18.75660", "2007-03-31": "16.75580", "2006-12-31": "23.70520", "2006-09-30": "20.95510", "2006-06-30": "21.50280", "2006-03-31": "15.83830", "2005-12-31": "16.61790", "2005-09-30": "13.45660", "2005-06-30": "11.98810", "2005-03-31": "10.68120"}, "EBITDA Margin": {"2020-09-30": "", "2020-06-30": "", "2020-03-31": "", "2019-12-31": "", "2019-09-30": "", "2019-06-30": "", "2019-03-31": "", "2018-12-31": "", "2018-09-30": "", "2018-06-30": "", "2018-03-31": "", "2017-12-31": "", "2017-09-30": "", "2017-06-30": "", "2017-03-31": "", "2016-12-31": "", "2016-09-30": "", "2016-06-30": "", "2016-03-31": "", "2015-12-31": "", "2015-09-30": "", "2015-06-30": "", "2015-03-31": "", "2014-12-31": "", "2014-09-30": "", "2014-06-30": "", "2014-03-31": "", "2013-12-31": "", "2013-09-30": "", "2013-06-30": "", "2013-03-31": "", "2012-12-31": "", "2012-09-30": "", "2012-06-30": "", "2012-03-31": "", "2011-12-31": "", "2011-09-30": "", "2011-06-30": "", "2011-03-31": "", "2010-12-31": "", "2010-09-30": "", "2010-06-30": "", "2010-03-31": "", "2009-12-31": "", "2009-09-30": "", "2009-06-30": "", "2009-03-31": "", "2008-12-31": "", "2008-09-30": "", "2008-06-30": "", "2008-03-31": "", "2007-12-31": "", "2007-09-30": "", "2007-06-30": "", "2007-03-31": "", "2006-12-31": "", "2006-09-30": "", "2006-06-30": "", "2006-03-31": "", "2005-12-31": "", "2005-09-30": "", "2005-06-30": "", "2005-03-31": ""}, "Pre-Tax Profit Margin": {"2020-09-30": "5.92880", "2020-06-30": "-0.00820", "2020-03-31": "-1.71370", "2019-12-31": "5.89960", "2019-09-30": "-6.12240", "2019-06-30": "9.36410", "2019-03-31": "10.98370", "2018-12-31": "12.55410", "2018-09-30": "14.01050", "2018-06-30": "13.28390", "2018-03-31": "11.38940", "2017-12-31": "8.78400", "2017-09-30": "12.10010", "2017-06-30": "10.70250", "2017-03-31": "8.00450", "2016-12-31": "1.44330", "2016-09-30": "9.18080", "2016-06-30": "3.80500", "2016-03-31": "5.10280", "2015-12-31": "4.84350", "2015-09-30": "6.28180", "2015-06-30": "6.71210", "2015-03-31": "7.25770", "2014-12-31": "0.42810", "2014-09-30": "5.66290", "2014-06-30": "10.41450", "2014-03-31": "8.78980", "2013-12-31": "5.73820", "2013-09-30": "7.96760", "2013-06-30": "6.69770", "2013-03-31": "3.88800", "2012-12-31": "-21.36140", "2012-09-30": "2.74290", "2012-06-30": "2.06770", "2012-03-31": "4.44650", "2011-12-31": "-0.75530", "2011-09-30": "-3.53010", "2011-06-30": "4.22830", "2011-03-31": "4.24990", "2010-12-31": "11.15330", "2010-09-30": "15.48190", "2010-06-30": "14.22940", "2010-03-31": "11.83210", "2009-12-31": "13.67930", "2009-09-30": "6.87250", "2009-06-30": "-0.76230", "2009-03-31": "-6.93750", "2008-12-31": "-106.75260", "2008-09-30": "9.54430", "2008-06-30": "2.91450", "2008-03-31": "2.79690", "2007-12-31": "6.27600", "2007-09-30": "16.60460", "2007-06-30": "17.05140", "2007-03-31": "14.75150", "2006-12-31": "21.36450", "2006-09-30": "18.36540", "2006-06-30": "18.70500", "2006-03-31": "12.84430", "2005-12-31": "12.43420", "2005-09-30": "8.60970", "2005-06-30": "7.10040", "2005-03-31": "5.82010"}, "Net Profit Margin": {"2020-09-30": "12.19160", "2020-06-30": "-0.11540", "2020-03-31": "-1.09550", "2019-12-31": "4.03050", "2019-09-30": "-4.39280", "2019-06-30": "7.55360", "2019-03-31": "8.22880", "2018-12-31": "11.01720", "2018-09-30": "10.82570", "2018-06-30": "10.66690", "2018-03-31": "10.13360", "2017-12-31": "38.46820", "2017-09-30": "7.81510", "2017-06-30": "7.01790", "2017-03-31": "5.44300", "2016-12-31": "8.79460", "2016-09-30": "1.06220", "2016-06-30": "2.85940", "2016-03-31": "4.40530", "2015-12-31": "6.43820", "2015-09-30": "5.12050", "2015-06-30": "5.75810", "2015-03-31": "6.32750", "2014-12-31": "-0.06940", "2014-09-30": "4.85900", "2014-06-30": "12.42080", "2014-03-31": "7.88390", "2013-12-31": "3.94150", "2013-09-30": "7.24070", "2013-06-30": "6.93010", "2013-03-31": "3.41910", "2012-12-31": "-21.28790", "2012-09-30": "1.72300", "2012-06-30": "0.92640", "2012-03-31": "3.78830", "2011-12-31": "-1.14600", "2011-09-30": "-5.50110", "2011-06-30": "3.78670", "2011-03-31": "4.07760", "2010-12-31": "10.53180", "2010-09-30": "14.61630", "2010-06-30": "13.49220", "2010-03-31": "11.45040", "2009-12-31": "13.67930", "2009-09-30": "6.32270", "2009-06-30": "-0.71460", "2009-03-31": "-8.94220", "2008-12-31": "-107.36650", "2008-09-30": "8.70160", "2008-06-30": "6.07780", "2008-03-31": "2.60730", "2007-12-31": "5.51610", "2007-09-30": "15.83520", "2007-06-30": "16.60550", "2007-03-31": "14.43080", "2006-12-31": "21.76300", "2006-09-30": "18.24660", "2006-06-30": "17.98560", "2006-03-31": "12.09580", "2005-12-31": "6.08540", "2005-09-30": "5.61220", "2005-06-30": "4.45840", "2005-03-31": "3.43920"}, "Asset Turnover": {"2020-09-30": "0.14230", "2020-06-30": "0.12740", "2020-03-31": "0.13560", "2019-12-31": "0.16640", "2019-09-30": "0.16210", "2019-06-30": "0.15810", "2019-03-31": "0.18330", "2018-12-31": "0.19810", "2018-09-30": "0.20810", "2018-06-30": "0.19950", "2018-03-31": "0.18970", "2017-12-31": "0.19140", "2017-09-30": "0.20270", "2017-06-30": "0.19580", "2017-03-31": "0.21650", "2016-12-31": "0.18210", "2016-09-30": "0.14000", "2016-06-30": "0.14400", "2016-03-31": "0.21200", "2015-12-31": "0.21720", "2015-09-30": "0.22890", "2015-06-30": "0.22490", "2015-03-31": "0.23240", "2014-12-31": "0.22610", "2014-09-30": "0.21470", "2014-06-30": "0.22160", "2014-03-31": "0.21500", "2013-12-31": "0.21800", "2013-09-30": "0.22020", "2013-06-30": "0.21230", "2013-03-31": "0.20450", "2012-12-31": "0.20440", "2012-09-30": "0.19770", "2012-06-30": "0.19750", "2012-03-31": "0.19440", "2011-12-31": "0.19770", "2011-09-30": "0.22380", "2011-06-30": "0.21830", "2011-03-31": "0.21670", "2010-12-31": "0.19840", "2010-09-30": "0.22290", "2010-06-30": "0.22960", "2010-03-31": "0.21610", "2009-12-31": "0.20590", "2009-09-30": "0.20790", "2009-06-30": "0.18870", "2009-03-31": "0.17150", "2008-12-31": "0.20710", "2008-09-30": "0.19990", "2008-06-30": "0.19830", "2008-03-31": "0.14690", "2007-12-31": "0.24910", "2007-09-30": "0.26400", "2007-06-30": "0.26700", "2007-03-31": "0.25970", "2006-12-31": "0.28350", "2006-09-30": "0.29710", "2006-06-30": "0.26370", "2006-03-31": "0.27580", "2005-12-31": "0.29760", "2005-09-30": "0.26790", "2005-06-30": "0.26750", "2005-03-31": "0.27190"}, "Inventory Turnover Ratio": {"2020-09-30": "0.68380", "2020-06-30": "0.65290", "2020-03-31": "0.69910", "2019-12-31": "0.74330", "2019-09-30": "0.73070", "2019-06-30": "0.66630", "2019-03-31": "0.71250", "2018-12-31": "0.76180", "2018-09-30": "0.78720", "2018-06-30": "0.74800", "2018-03-31": "0.74160", "2017-12-31": "0.79030", "2017-09-30": "0.84250", "2017-06-30": "0.84430", "2017-03-31": "0.92310", "2016-12-31": "0.84730", "2016-09-30": "0.57420", "2016-06-30": "0.75970", "2016-03-31": "0.71300", "2015-12-31": "0.74680", "2015-09-30": "0.79010", "2015-06-30": "0.77540", "2015-03-31": "0.76370", "2014-12-31": "0.80350", "2014-09-30": "0.76290", "2014-06-30": "0.75800", "2014-03-31": "0.74650", "2013-12-31": "0.77920", "2013-09-30": "0.79650", "2013-06-30": "0.81560", "2013-03-31": "0.81310", "2012-12-31": "0.81730", "2012-09-30": "0.75660", "2012-06-30": "0.73750", "2012-03-31": "0.78780", "2011-12-31": "0.82950", "2011-09-30": "0.90140", "2011-06-30": "0.85380", "2011-03-31": "0.81850", "2010-12-31": "0.94680", "2010-09-30": "1.00970", "2010-06-30": "1.05600", "2010-03-31": "1.08230", "2009-12-31": "1.12080", "2009-09-30": "1.12450", "2009-06-30": "1.04490", "2009-03-31": "0.89240", "2008-12-31": "0.90310", "2008-09-30": "1.16320", "2008-06-30": "1.13280", "2008-03-31": "0.75970", "2007-12-31": "1.15920", "2007-09-30": "1.14230", "2007-06-30": "1.06380", "2007-03-31": "1.11390", "2006-12-31": "1.14670", "2006-09-30": "1.26580", "2006-06-30": "1.13840", "2006-03-31": "1.23530", "2005-12-31": "1.31030", "2005-09-30": "1.21310", "2005-06-30": "1.18710", "2005-03-31": "1.17290"}, "Receiveable Turnover": {"2020-09-30": "1.80920", "2020-06-30": "1.81830", "2020-03-31": "1.96000", "2019-12-31": "1.98840", "2019-09-30": "1.92830", "2019-06-30": "1.88970", "2019-03-31": "1.96960", "2018-12-31": "2.19110", "2018-09-30": "2.10330", "2018-06-30": "2.08340", "2018-03-31": "1.97680", "2017-12-31": "1.96370", "2017-09-30": "1.99960", "2017-06-30": "1.92130", "2017-03-31": "2.11840", "2016-12-31": "2.00220", "2016-09-30": "1.40850", "2016-06-30": "1.80100", "2016-03-31": "1.90850", "2015-12-31": "1.97070", "2015-09-30": "1.78730", "2015-06-30": "1.79730", "2015-03-31": "1.91600", "2014-12-31": "2.06990", "2014-09-30": "1.70550", "2014-06-30": "1.73240", "2014-03-31": "1.69380", "2013-12-31": "1.87270", "2013-09-30": "1.70660", "2013-06-30": "1.68870", "2013-03-31": "1.80010", "2012-12-31": "1.90110", "2012-09-30": "1.74650", "2012-06-30": "1.69350", "2012-03-31": "1.75030", "2011-12-31": "1.67960", "2011-09-30": "1.66600", "2011-06-30": "1.57310", "2011-03-31": "1.51070", "2010-12-31": "1.96610", "2010-09-30": "1.91120", "2010-06-30": "1.83890", "2010-03-31": "1.84080", "2009-12-31": "1.90530", "2009-09-30": "1.78660", "2009-06-30": "1.65210", "2009-03-31": "1.96830", "2008-12-31": "2.58850", "2008-09-30": "2.08200", "2008-06-30": "2.17680", "2008-03-31": "1.71710", "2007-12-31": "2.32820", "2007-09-30": "2.08320", "2007-06-30": "2.21500", "2007-03-31": "2.14690", "2006-12-31": "2.25740", "2006-09-30": "2.15960", "2006-06-30": "1.87180", "2006-03-31": "1.87320", "2005-12-31": "2.13360", "2005-09-30": "1.92980", "2005-06-30": "2.16440", "2005-03-31": "2.00000"}, "Days Sales In Receivables": {"2020-09-30": "49.74490", "2020-06-30": "49.49820", "2020-03-31": "45.91910", "2019-12-31": "45.26320", "2019-09-30": "46.67390", "2019-06-30": "47.62780", "2019-03-31": "45.69450", "2018-12-31": "41.07510", "2018-09-30": "42.79040", "2018-06-30": "43.19800", "2018-03-31": "45.52920", "2017-12-31": "45.83300", "2017-09-30": "45.00970", "2017-06-30": "46.84310", "2017-03-31": "42.48490", "2016-12-31": "44.95000", "2016-09-30": "63.89630", "2016-06-30": "49.97270", "2016-03-31": "47.15860", "2015-12-31": "45.66940", "2015-09-30": "50.35500", "2015-06-30": "50.07500", "2015-03-31": "46.97400", "2014-12-31": "43.47950", "2014-09-30": "52.76910", "2014-06-30": "51.94960", "2014-03-31": "53.13380", "2013-12-31": "48.05850", "2013-09-30": "52.73690", "2013-06-30": "53.29650", "2013-03-31": "49.99700", "2012-12-31": "47.34200", "2012-09-30": "51.53140", "2012-06-30": "53.14450", "2012-03-31": "51.41990", "2011-12-31": "53.58510", "2011-09-30": "54.02000", "2011-06-30": "57.21130", "2011-03-31": "59.57620", "2010-12-31": "45.77690", "2010-09-30": "47.09010", "2010-06-30": "48.94220", "2010-03-31": "48.89310", "2009-12-31": "47.23600", "2009-09-30": "50.37640", "2009-06-30": "54.47590", "2009-03-31": "45.72410", "2008-12-31": "34.76980", "2008-09-30": "43.22790", "2008-06-30": "41.34530", "2008-03-31": "52.41290", "2007-12-31": "38.65650", "2007-09-30": "43.20180", "2007-06-30": "40.63220", "2007-03-31": "41.92140", "2006-12-31": "39.86800", "2006-09-30": "41.67500", "2006-06-30": "48.08150", "2006-03-31": "48.04490", "2005-12-31": "42.18260", "2005-09-30": "46.63580", "2005-06-30": "41.58190", "2005-03-31": "45.00000"}, "ROE - Return On Equity": {"2020-09-30": "4.67630", "2020-06-30": "-0.02760", "2020-03-31": "-0.42320", "2019-12-31": "1.71170", "2019-09-30": "-1.85210", "2019-06-30": "3.12020", "2019-03-31": "3.54270", "2018-12-31": "5.19710", "2018-09-30": "5.21630", "2018-06-30": "5.04710", "2018-03-31": "4.76030", "2017-12-31": "18.95750", "2017-09-30": "4.87160", "2017-06-30": "4.45430", "2017-03-31": "3.93830", "2016-12-31": "6.05420", "2016-09-30": "0.60430", "2016-06-30": "1.49500", "2016-03-31": "2.16910", "2015-12-31": "3.37030", "2015-09-30": "2.96000", "2015-06-30": "3.17340", "2015-03-31": "3.42920", "2014-12-31": "0.01210", "2014-09-30": "2.44280", "2014-06-30": "5.80050", "2014-03-31": "3.63010", "2013-12-31": "1.89030", "2013-09-30": "3.51600", "2013-06-30": "3.32360", "2013-03-31": "1.64790", "2012-12-31": "-10.31860", "2012-09-30": "0.87040", "2012-06-30": "0.53090", "2012-03-31": "1.88990", "2011-12-31": "-0.49550", "2011-09-30": "-3.21160", "2011-06-30": "2.21090", "2011-03-31": "2.39780", "2010-12-31": "4.40920", "2010-09-30": "6.78640", "2010-06-30": "6.63720", "2010-03-31": "5.85640", "2009-12-31": "6.80870", "2009-09-30": "3.31350", "2009-06-30": "-0.25330", "2009-03-31": "-3.94670", "2008-12-31": "-61.26240", "2008-09-30": "4.70130", "2008-06-30": "3.23920", "2008-03-31": "1.12410", "2007-12-31": "150.31470", "2007-09-30": "-119.25250", "2007-06-30": "-46.17070", "2007-03-31": "-34.35120", "2006-12-31": "-38.77550", "2006-09-30": "-378.32420", "2006-06-30": "-67.49990", "2006-03-31": "-16.17940", "2005-12-31": "-15.55110", "2005-09-30": "-4.87550", "2005-06-30": "-3.64680", "2005-03-31": "-2.83630"}, "Return On Tangible Equity": {"2020-09-30": "12.53890", "2020-06-30": "-0.08430", "2020-03-31": "-1.34840", "2019-12-31": "5.29600", "2019-09-30": "-6.26440", "2019-06-30": "10.63680", "2019-03-31": "6.52480", "2018-12-31": "9.79240", "2018-09-30": "9.97610", "2018-06-30": "10.14870", "2018-03-31": "9.79980", "2017-12-31": "42.28380", "2017-09-30": "16.60060", "2017-06-30": "19.42390", "2017-03-31": "22.93790", "2016-12-31": "70.60680", "2016-09-30": "-42.57050", "2016-06-30": "2.18960", "2016-03-31": "3.29350", "2015-12-31": "5.31140", "2015-09-30": "4.92790", "2015-06-30": "5.30660", "2015-03-31": "5.94380", "2014-12-31": "0.02160", "2014-09-30": "4.45240", "2014-06-30": "8.04300", "2014-03-31": "4.90350", "2013-12-31": "2.58160", "2013-09-30": "4.86500", "2013-06-30": "4.68000", "2013-03-31": "2.37560", "2012-12-31": "-15.11960", "2012-09-30": "1.29220", "2012-06-30": "0.79530", "2012-03-31": "2.87130", "2011-12-31": "-0.77280", "2011-09-30": "-5.00920", "2011-06-30": "3.40980", "2011-03-31": "3.85190", "2010-12-31": "6.84720", "2010-09-30": "11.24970", "2010-06-30": "11.79780", "2010-03-31": "11.26640", "2009-12-31": "12.89350", "2009-09-30": "6.61760", "2009-06-30": "-0.54820", "2009-03-31": "-8.95720", "2008-12-31": "-144.81900", "2008-09-30": "104.93810", "2008-06-30": "-128.35260", "2008-03-31": "-11.56680", "2007-12-31": "-11.16820", "2007-09-30": "-44.52200", "2007-06-30": "-27.83640", "2007-03-31": "-21.76540", "2006-12-31": "-27.61450", "2006-09-30": "-68.44920", "2006-06-30": "-35.73320", "2006-03-31": "-12.35470", "2005-12-31": "-12.36760", "2005-09-30": "-5.58730", "2005-06-30": "-4.12490", "2005-03-31": "-3.17940"}, "ROA - Return On Assets": {"2020-09-30": "1.74190", "2020-06-30": "-0.00940", "2020-03-31": "-0.14540", "2019-12-31": "0.67530", "2019-09-30": "-0.70400", "2019-06-30": "1.20710", "2019-03-31": "1.50840", "2018-12-31": "2.18780", "2018-09-30": "2.25510", "2018-06-30": "2.14190", "2018-03-31": "1.93440", "2017-12-31": "7.38000", "2017-09-30": "1.58720", "2017-06-30": "1.38130", "2017-03-31": "1.18570", "2016-12-31": "1.61310", "2016-09-30": "0.15610", "2016-06-30": "0.42310", "2016-03-31": "0.94420", "2015-12-31": "1.42130", "2015-09-30": "1.18480", "2015-06-30": "1.31280", "2015-03-31": "1.48950", "2014-12-31": "0.00520", "2014-09-30": "1.05350", "2014-06-30": "2.78200", "2014-03-31": "1.70080", "2013-12-31": "0.87440", "2013-09-30": "1.62530", "2013-06-30": "1.50240", "2013-03-31": "0.72080", "2012-12-31": "-4.31140", "2012-09-30": "0.36510", "2012-06-30": "0.21750", "2012-03-31": "0.75730", "2011-12-31": "-0.19050", "2011-09-30": "-1.22140", "2011-06-30": "0.84580", "2011-03-31": "0.90120", "2010-12-31": "2.09650", "2010-09-30": "3.28080", "2010-06-30": "3.13260", "2010-03-31": "2.50220", "2009-12-31": "2.83310", "2009-09-30": "1.34530", "2009-06-30": "-0.09890", "2009-03-31": "-1.51520", "2008-12-31": "-22.21230", "2008-09-30": "1.75320", "2008-06-30": "1.18040", "2008-03-31": "0.38300", "2007-12-31": "1.45950", "2007-09-30": "4.18000", "2007-06-30": "4.43370", "2007-03-31": "3.74820", "2006-12-31": "6.17010", "2006-09-30": "5.42100", "2006-06-30": "4.74350", "2006-03-31": "3.33610", "2005-12-31": "4.06620", "2005-09-30": "2.00770", "2005-06-30": "1.63410", "2005-03-31": "1.33060"}, "ROI - Return On Investment": {"2020-09-30": "2.30790", "2020-06-30": "-0.01230", "2020-03-31": "-0.18820", "2019-12-31": "0.91770", "2019-09-30": "-0.98060", "2019-06-30": "1.50250", "2019-03-31": "1.94720", "2018-12-31": "2.85140", "2018-09-30": "2.87160", "2018-06-30": "3.05440", "2018-03-31": "2.79000", "2017-12-31": "9.64630", "2017-09-30": "2.21350", "2017-06-30": "1.89120", "2017-03-31": "1.57870", "2016-12-31": "2.27330", "2016-09-30": "0.21860", "2016-06-30": "0.55360", "2016-03-31": "1.44840", "2015-12-31": "2.21560", "2015-09-30": "1.91060", "2015-06-30": "2.10480", "2015-03-31": "2.16500", "2014-12-31": "0.00760", "2014-09-30": "1.54070", "2014-06-30": "4.00420", "2014-03-31": "2.44490", "2013-12-31": "1.26080", "2013-09-30": "2.44320", "2013-06-30": "2.26340", "2013-03-31": "1.09870", "2012-12-31": "-7.00340", "2012-09-30": "0.57210", "2012-06-30": "0.34900", "2012-03-31": "1.23590", "2011-12-31": "-0.31750", "2011-09-30": "-1.98020", "2011-06-30": "1.35720", "2011-03-31": "1.38970", "2010-12-31": "2.85870", "2010-09-30": "4.52680", "2010-06-30": "4.34450", "2010-03-31": "3.33300", "2009-12-31": "3.94870", "2009-09-30": "1.85070", "2009-06-30": "-0.13770", "2009-03-31": "-1.97860", "2008-12-31": "-29.82250", "2008-09-30": "2.28070", "2008-06-30": "1.53240", "2008-03-31": "0.51690", "2007-12-31": "2.08820", "2007-09-30": "6.02630", "2007-06-30": "6.45720", "2007-03-31": "5.58720", "2006-12-31": "9.47220", "2006-09-30": "8.06980", "2006-06-30": "7.41920", "2006-03-31": "5.31580", "2005-12-31": "6.74080", "2005-09-30": "3.03340", "2005-06-30": "2.45720", "2005-03-31": "2.00350"}, "Book Value Per Share": {"2020-09-30": "8.38290", "2020-06-30": "7.93380", "2020-03-31": "7.89650", "2019-12-31": "8.08170", "2019-09-30": "7.89820", "2019-06-30": "8.04270", "2019-03-31": "7.82070", "2018-12-31": "7.71830", "2018-09-30": "7.55720", "2018-06-30": "7.26330", "2018-03-31": "6.90480", "2017-12-31": "6.58880", "2017-09-30": "5.28590", "2017-06-30": "5.02770", "2017-03-31": "4.75030", "2016-12-31": "4.40400", "2016-09-30": "4.20760", "2016-06-30": "4.15320", "2016-03-31": "4.04640", "2015-12-31": "3.96050", "2015-09-30": "3.83230", "2015-06-30": "3.84690", "2015-03-31": "3.77860", "2014-12-31": "3.79500", "2014-09-30": "3.80700", "2014-06-30": "3.71600", "2014-03-31": "3.49460", "2013-12-31": "3.46080", "2013-09-30": "3.36180", "2013-06-30": "3.25760", "2013-03-31": "3.13990", "2012-12-31": "3.09850", "2012-09-30": "3.40860", "2012-06-30": "3.39390", "2012-03-31": "3.38250", "2011-12-31": "3.30940", "2011-09-30": "3.39340", "2011-06-30": "3.54290", "2011-03-31": "3.39690", "2010-12-31": "3.17780", "2010-09-30": "3.01220", "2010-06-30": "2.78230", "2010-03-31": "2.53310", "2009-12-31": "2.35130", "2009-09-30": "2.17240", "2009-06-30": "2.05980", "2009-03-31": "2.01980", "2008-12-31": "2.07810", "2008-09-30": "2.71560", "2008-06-30": "2.59870", "2008-03-31": "2.46910", "2007-12-31": "0.05430", "2007-09-30": "-0.18310", "2007-06-30": "-0.47340", "2007-03-31": "-0.53820", "2006-12-31": "-0.78720", "2006-09-30": "-0.06240", "2006-06-30": "-0.30790", "2006-03-31": "-0.79910", "2005-12-31": "-0.96670", "2005-09-30": "-1.33790", "2005-06-30": "-1.45230", "2005-03-31": "-1.52110"}, "Operating Cash Flow Per Share": {"2020-09-30": 0.3753, "2020-06-30": 0.3772, "2020-03-31": "0.40430", "2019-12-31": 0.2007, "2019-09-30": 0.6055, "2019-06-30": 0.5329, "2019-03-31": "0.33090", "2018-12-31": 0.9631, "2018-09-30": 0.8459, "2018-06-30": 0.6042, "2018-03-31": "0.50990", "2017-12-31": 0.5199, "2017-09-30": 0.763, "2017-06-30": 0.7822, "2017-03-31": "0.48970", "2016-12-31": 0.5456, "2016-09-30": 0.3133, "2016-06-30": 0.2482, "2016-03-31": "0.27650", "2015-12-31": 0.3493, "2015-09-30": 0.3265, "2015-06-30": 0.2344, "2015-03-31": "0.18980", "2014-12-31": 0.3686, "2014-09-30": 0.207, "2014-06-30": 0.3411, "2014-03-31": "0.16850", "2013-12-31": 0.2832, "2013-09-30": 0.1333, "2013-06-30": 0.1214, "2013-03-31": "0.18830", "2012-12-31": 0.3042, "2012-09-30": 0.0269, "2012-06-30": 0.1302, "2012-03-31": "0.14850", "2011-12-31": 0.3446, "2011-09-30": 0.2817, "2011-06-30": 0.2914, "2011-03-31": "0.27540", "2010-12-31": 0.3504, "2010-09-30": 0.2807, "2010-06-30": 0.3622, "2010-03-31": "0.24840", "2009-12-31": 0.2488, "2009-09-30": 0.1908, "2009-06-30": 0.1374, "2009-03-31": "0.06940", "2008-12-31": 0.2669, "2008-09-30": 0.3316, "2008-06-30": -0.002, "2008-03-31": "0.44260", "2007-12-31": 0.3703, "2007-09-30": 0.2959, "2007-06-30": 0.1767, "2007-03-31": "0.20990", "2006-12-31": 0.3653, "2006-09-30": 0.2869, "2006-06-30": 0.2245, "2006-03-31": "0.14580", "2005-12-31": 0.1453, "2005-09-30": 0.1641, "2005-06-30": 0.2154, "2005-03-31": "0.12580"}, "Free Cash Flow Per Share": {"2020-09-30": 0.2435, "2020-06-30": 0.1962, "2020-03-31": "0.08740", "2019-12-31": -0.0432, "2019-09-30": 0.3206, "2019-06-30": 0.1923, "2019-03-31": "-0.06920", "2018-12-31": 0.7531, "2018-09-30": 0.5535, "2018-06-30": 0.2563, "2018-03-31": "0.27240", "2017-12-31": 0.1249, "2017-09-30": 0.5464, "2017-06-30": 0.6271, "2017-03-31": "0.36590", "2016-12-31": 0.4195, "2016-09-30": 0.2263, "2016-06-30": 0.1257, "2016-03-31": "0.10610", "2015-12-31": 0.2042, "2015-09-30": 0.1592, "2015-06-30": 0.0624, "2015-03-31": "0.06390", "2014-12-31": 0.2784, "2014-09-30": 0.0596, "2014-06-30": 0.2315, "2014-03-31": "0.06430", "2013-12-31": 0.2373, "2013-09-30": 0.0218, "2013-06-30": 0.0214, "2013-03-31": "0.12000", "2012-12-31": 0.1762, "2012-09-30": -0.1511, "2012-06-30": -0.0111, "2012-03-31": "0.04320", "2011-12-31": 0.2302, "2011-09-30": 0.0801, "2011-06-30": 0.1171, "2011-03-31": "0.08090", "2010-12-31": 0.3405, "2010-09-30": 0.1617, "2010-06-30": 0.2425, "2010-03-31": "0.15540", "2009-12-31": 0.2188, "2009-09-30": 0.1734, "2009-06-30": 0.1033, "2009-03-31": "0.01550", "2008-12-31": 0.2085, "2008-09-30": 0.2582, "2008-06-30": -0.0922, "2008-03-31": "0.51730", "2007-12-31": 0.2524, "2007-09-30": 0.2018, "2007-06-30": 0.0958, "2007-03-31": "0.07090", "2006-12-31": 0.5701, "2006-09-30": 0.1137, "2006-06-30": -0.0613, "2006-03-31": "0.05480", "2005-12-31": 0.1105, "2005-09-30": 0.1247, "2005-06-30": 0.1706, "2005-03-31": "0.09690"}}, "revenue": {"ON Semiconductor Annual Revenue (Millions of US $)": {"2019": "$5,518", "2018": "$5,878", "2017": "$5,543", "2016": "$3,907", "2015": "$3,496", "2014": "$3,162", "2013": "$2,783", "2012": "$2,895", "2011": "$3,442", "2010": "$2,313", "2009": "$1,769", "2008": "$2,055", "2007": "$1,566", "2006": "$1,532", "2005": "$1,261"}, "ON Semiconductor Quarterly Revenue (Millions of US $)": {"2020-09-30": "$1,317", "2020-06-30": "$1,214", "2020-03-31": "$1,278", "2019-12-31": "$1,402", "2019-09-30": "$1,382", "2019-06-30": "$1,348", "2019-03-31": "$1,387", "2018-12-31": "$1,503", "2018-09-30": "$1,542", "2018-06-30": "$1,456", "2018-03-31": "$1,378", "2017-12-31": "$1,378", "2017-09-30": "$1,391", "2017-06-30": "$1,338", "2017-03-31": "$1,437", "2016-12-31": "$1,261", "2016-09-30": "$951", "2016-06-30": "$878", "2016-03-31": "$817", "2015-12-31": "$840", "2015-09-30": "$904", "2015-06-30": "$881", "2015-03-31": "$871", "2014-12-31": "$864", "2014-09-30": "$834", "2014-06-30": "$758", "2014-03-31": "$707", "2013-12-31": "$718", "2013-09-30": "$715", "2013-06-30": "$688", "2013-03-31": "$661", "2012-12-31": "$680", "2012-09-30": "$726", "2012-06-30": "$745", "2012-03-31": "$744", "2011-12-31": "$768", "2011-09-30": "$898", "2011-06-30": "$906", "2011-03-31": "$871", "2010-12-31": "$579", "2010-09-30": "$601", "2010-06-30": "$583", "2010-03-31": "$550", "2009-12-31": "$497", "2009-09-30": "$473", "2009-06-30": "$420", "2009-03-31": "$379", "2008-12-31": "$489", "2008-09-30": "$582", "2008-06-30": "$563", "2008-03-31": "$422", "2007-12-31": "$408", "2007-09-30": "$403", "2007-06-30": "$381", "2007-03-31": "$374", "2006-12-31": "$402", "2006-09-30": "$421", "2006-06-30": "$375", "2006-03-31": "$334", "2005-12-31": "$342", "2005-09-30": "$314", "2005-06-30": "$303", "2005-03-31": "$302"}}, "gross-profit": {"ON Semiconductor Annual Gross Profit (Millions of US $)": {"2019": "$1,974", "2018": "$2,239", "2017": "$2,036", "2016": "$1,301", "2015": "$1,193", "2014": "$1,085", "2013": "$929", "2012": "$946", "2011": "$1,009", "2010": "$956", "2009": "$621", "2008": "$746", "2007": "$591", "2006": "$589", "2005": "$419"}, "ON Semiconductor Quarterly Gross Profit (Millions of US $)": {"2020-09-30": "$441", "2020-06-30": "$374", "2020-03-31": "$403", "2019-12-31": "$486", "2019-09-30": "$475", "2019-06-30": "$499", "2019-03-31": "$514", "2018-12-31": "$570", "2018-09-30": "$597", "2018-06-30": "$555", "2018-03-31": "$517", "2017-12-31": "$517", "2017-09-30": "$524", "2017-06-30": "$492", "2017-03-31": "$503", "2016-12-31": "$388", "2016-09-30": "$329", "2016-06-30": "$308", "2016-03-31": "$276", "2015-12-31": "$280", "2015-09-30": "$309", "2015-06-30": "$304", "2015-03-31": "$300", "2014-12-31": "$278", "2014-09-30": "$281", "2014-06-30": "$278", "2014-03-31": "$248", "2013-12-31": "$244", "2013-09-30": "$249", "2013-06-30": "$232", "2013-03-31": "$205", "2012-12-31": "$205", "2012-09-30": "$238", "2012-06-30": "$258", "2012-03-31": "$245", "2011-12-31": "$239", "2011-09-30": "$261", "2011-06-30": "$266", "2011-03-31": "$242", "2010-12-31": "$238", "2010-09-30": "$247", "2010-06-30": "$244", "2010-03-31": "$228", "2009-12-31": "$195", "2009-09-30": "$176", "2009-06-30": "$138", "2009-03-31": "$112", "2008-12-31": "$186", "2008-09-30": "$222", "2008-06-30": "$192", "2008-03-31": "$147", "2007-12-31": "$152", "2007-09-30": "$156", "2007-06-30": "$146", "2007-03-31": "$137", "2006-12-31": "$158", "2006-09-30": "$160", "2006-06-30": "$153", "2006-03-31": "$118", "2005-12-31": "$120", "2005-09-30": "$104", "2005-06-30": "$99", "2005-03-31": "$96"}}, "operating-income": {"ON Semiconductor Annual Operating Income (Millions of US $)": {"2019": "$433", "2018": "$847", "2017": "$682", "2016": "$247", "2015": "$261", "2014": "$229", "2013": "$209", "2012": "$-20", "2011": "$113", "2010": "$374", "2009": "$143", "2008": "$-366", "2007": "$277", "2006": "$317", "2005": "$168"}, "ON Semiconductor Quarterly Operating Income (Millions of US $)": {"2020-09-30": "$119", "2020-06-30": "$43", "2020-03-31": "$19", "2019-12-31": "$139", "2019-09-30": "$-44", "2019-06-30": "$158", "2019-03-31": "$179", "2018-12-31": "$223", "2018-09-30": "$242", "2018-06-30": "$197", "2018-03-31": "$186", "2017-12-31": "$168", "2017-09-30": "$177", "2017-06-30": "$154", "2017-03-31": "$183", "2016-12-31": "$66", "2016-09-30": "$47", "2016-06-30": "$75", "2016-03-31": "$58", "2015-12-31": "$56", "2015-09-30": "$69", "2015-06-30": "$68", "2015-03-31": "$68", "2014-12-31": "$15", "2014-09-30": "$57", "2014-06-30": "$87", "2014-03-31": "$71", "2013-12-31": "$53", "2013-09-30": "$67", "2013-06-30": "$51", "2013-03-31": "$38", "2012-12-31": "$-135", "2012-09-30": "$45", "2012-06-30": "$27", "2012-03-31": "$44", "2011-12-31": "$31", "2011-09-30": "$-7", "2011-06-30": "$57", "2011-03-31": "$33", "2010-12-31": "$81", "2010-09-30": "$108", "2010-06-30": "$102", "2010-03-31": "$84", "2009-12-31": "$84", "2009-09-30": "$50", "2009-06-30": "$14", "2009-03-31": "$-5", "2008-12-31": "$-504", "2008-09-30": "$74", "2008-06-30": "$33", "2008-03-31": "$31", "2007-12-31": "$70", "2007-09-30": "$73", "2007-06-30": "$72", "2007-03-31": "$63", "2006-12-31": "$95", "2006-09-30": "$88", "2006-06-30": "$81", "2006-03-31": "$53", "2005-12-31": "$57", "2005-09-30": "$42", "2005-06-30": "$36", "2005-03-31": "$32"}}, "ebitda": {"ON Semiconductor Annual EBITDA (Millions of US $)": {"2019": "$1,040", "2018": "$1,376", "2017": "$1,193", "2016": "$625", "2015": "$622", "2014": "$509", "2013": "$422", "2012": "$275", "2011": "$345", "2010": "$560", "2009": "$301", "2008": "$325", "2007": "$374", "2006": "$401", "2005": "$268"}, "ON Semiconductor Quarterly EBITDA (Millions of US $)": {"2020-09-30": "$280", "2020-06-30": "$200", "2020-03-31": "$183", "2019-12-31": "$304", "2019-09-30": "$112", "2019-06-30": "$306", "2019-03-31": "$318", "2018-12-31": "$366", "2018-09-30": "$375", "2018-06-30": "$326", "2018-03-31": "$309", "2017-12-31": "$300", "2017-09-30": "$316", "2017-06-30": "$274", "2017-03-31": "$302", "2016-12-31": "$193", "2016-09-30": "$134", "2016-06-30": "$158", "2016-03-31": "$140", "2015-12-31": "$146", "2015-09-30": "$160", "2015-06-30": "$157", "2015-03-31": "$159", "2014-12-31": "$111", "2014-09-30": "$129", "2014-06-30": "$145", "2014-03-31": "$123", "2013-12-31": "$109", "2013-09-30": "$121", "2013-06-30": "$104", "2013-03-31": "$89", "2012-12-31": "$-25", "2012-09-30": "$107", "2012-06-30": "$88", "2012-03-31": "$105", "2011-12-31": "$94", "2011-09-30": "$51", "2011-06-30": "$115", "2011-03-31": "$86", "2010-12-31": "$142", "2010-09-30": "$151", "2010-06-30": "$143", "2010-03-31": "$125", "2009-12-31": "$123", "2009-09-30": "$89", "2009-06-30": "$54", "2009-03-31": "$36", "2008-12-31": "$80", "2008-09-30": "$113", "2008-06-30": "$72", "2008-03-31": "$60", "2007-12-31": "$96", "2007-09-30": "$97", "2007-06-30": "$95", "2007-03-31": "$86", "2006-12-31": "$117", "2006-09-30": "$108", "2006-06-30": "$99", "2006-03-31": "$77", "2005-12-31": "$81", "2005-09-30": "$68", "2005-06-30": "$62", "2005-03-31": "$58"}}, "net-income": {"ON Semiconductor Annual Net Income (Millions of US $)": {"2019": "$212", "2018": "$627", "2017": "$811", "2016": "$182", "2015": "$206", "2014": "$190", "2013": "$150", "2012": "$-97", "2011": "$12", "2010": "$291", "2009": "$61", "2008": "$-429", "2007": "$204", "2006": "$272", "2005": "$62"}, "ON Semiconductor Quarterly Net Income (Millions of US $)": {"2020-09-30": "$161", "2020-06-30": "$-1", "2020-03-31": "$-14", "2019-12-31": "$57", "2019-09-30": "$-61", "2019-06-30": "$102", "2019-03-31": "$114", "2018-12-31": "$166", "2018-09-30": "$167", "2018-06-30": "$155", "2018-03-31": "$140", "2017-12-31": "$530", "2017-09-30": "$109", "2017-06-30": "$94", "2017-03-31": "$78", "2016-12-31": "$111", "2016-09-30": "$10", "2016-06-30": "$25", "2016-03-31": "$36", "2015-12-31": "$54", "2015-09-30": "$46", "2015-06-30": "$51", "2015-03-31": "$55", "2014-12-31": "$-1", "2014-09-30": "$41", "2014-06-30": "$94", "2014-03-31": "$56", "2013-12-31": "$28", "2013-09-30": "$52", "2013-06-30": "$48", "2013-03-31": "$23", "2012-12-31": "$-145", "2012-09-30": "$13", "2012-06-30": "$7", "2012-03-31": "$28", "2011-12-31": "$-9", "2011-09-30": "$-49", "2011-06-30": "$34", "2011-03-31": "$36", "2010-12-31": "$61", "2010-09-30": "$88", "2010-06-30": "$79", "2010-03-31": "$63", "2009-12-31": "$68", "2009-09-30": "$30", "2009-06-30": "$-3", "2009-03-31": "$-34", "2008-12-31": "$-525", "2008-09-30": "$51", "2008-06-30": "$34", "2008-03-31": "$11", "2007-12-31": "$23", "2007-09-30": "$64", "2007-06-30": "$63", "2007-03-31": "$54", "2006-12-31": "$87", "2006-09-30": "$77", "2006-06-30": "$68", "2006-03-31": "$40", "2005-12-31": "$21", "2005-09-30": "$18", "2005-06-30": "$14", "2005-03-31": "$10"}}, "eps-earnings-per-share-diluted": {"ON Semiconductor Annual EPS": {"2019": "$0.51", "2018": "$1.44", "2017": "$1.89", "2016": "$0.43", "2015": "$0.48", "2014": "$0.43", "2013": "$0.33", "2012": "$-0.21", "2011": "$0.03", "2010": "$0.65", "2009": "$0.14", "2008": "$-1.13", "2007": "$0.68", "2006": "$0.80", "2005": "$0.21"}, "ON Semiconductor Quarterly EPS": {"2020-09-30": "$0.38", "2020-06-30": "$0.00", "2020-03-31": "$-0.03", "2019-12-31": "$0.15", "2019-09-30": "$-0.15", "2019-06-30": "$0.24", "2019-03-31": "$0.27", "2018-12-31": "$0.40", "2018-09-30": "$0.38", "2018-06-30": "$0.35", "2018-03-31": "$0.31", "2017-12-31": "$1.24", "2017-09-30": "$0.25", "2017-06-30": "$0.22", "2017-03-31": "$0.18", "2016-12-31": "$0.26", "2016-09-30": "$0.02", "2016-06-30": "$0.06", "2016-03-31": "$0.09", "2015-12-31": "$0.12", "2015-09-30": "$0.11", "2015-06-30": "$0.12", "2015-03-31": "$0.13", "2014-12-31": "$0.00", "2014-09-30": "$0.09", "2014-06-30": "$0.21", "2014-03-31": "$0.13", "2013-12-31": "$0.06", "2013-09-30": "$0.11", "2013-06-30": "$0.11", "2013-03-31": "$0.05", "2012-12-31": "$-0.32", "2012-09-30": "$0.03", "2012-06-30": "$0.02", "2012-03-31": "$0.06", "2011-12-31": "$-0.01", "2011-09-30": "$-0.11", "2011-06-30": "$0.07", "2011-03-31": "$0.08", "2010-12-31": "$0.13", "2010-09-30": "$0.20", "2010-06-30": "$0.18", "2010-03-31": "$0.14", "2009-12-31": "$0.16", "2009-09-30": "$0.07", "2009-06-30": "$-0.01", "2009-03-31": "$-0.08", "2008-12-31": "$-1.38", "2008-09-30": "$0.13", "2008-06-30": "$0.08", "2008-03-31": "$0.04", "2007-12-31": "$0.09", "2007-09-30": "$0.20", "2007-06-30": "$0.21", "2007-03-31": "$0.18", "2006-12-31": "$0.26", "2006-09-30": "$0.23", "2006-06-30": "$0.19", "2006-03-31": "$0.12", "2005-12-31": "$0.06", "2005-09-30": "$0.06", "2005-06-30": "$0.05", "2005-03-31": "$0.04"}}, "shares-outstanding": {"ON Semiconductor Annual Shares Outstanding (Millions of Shares)": {"2019": "416", "2018": "436", "2017": "428", "2016": "420", "2015": "428", "2014": "444", "2013": "451", "2012": "453", "2011": "457", "2010": "444", "2009": "432", "2008": "379", "2007": "301", "2006": "342", "2005": "297"}, "ON Semiconductor Quarterly Shares Outstanding (Millions of Shares)": {"2020-09-30": "418", "2020-06-30": "410", "2020-03-31": "411", "2019-12-31": "416", "2019-09-30": "410", "2019-06-30": "418", "2019-03-31": "418", "2018-12-31": "436", "2018-09-30": "435", "2018-06-30": "444", "2018-03-31": "444", "2017-12-31": "428", "2017-09-30": "428", "2017-06-30": "426", "2017-03-31": "426", "2016-12-31": "420", "2016-09-30": "420", "2016-06-30": "418", "2016-03-31": "416", "2015-12-31": "428", "2015-09-30": "418", "2015-06-30": "436", "2015-03-31": "440", "2014-12-31": "444", "2014-09-30": "445", "2014-06-30": "445", "2014-03-31": "445", "2013-12-31": "451", "2013-09-30": "452", "2013-06-30": "453", "2013-03-31": "453", "2012-12-31": "453", "2012-09-30": "456", "2012-06-30": "458", "2012-03-31": "461", "2011-12-31": "457", "2011-09-30": "449", "2011-06-30": "462", "2011-03-31": "456", "2010-12-31": "444", "2010-09-30": "440", "2010-06-30": "440", "2010-03-31": "441", "2009-12-31": "432", "2009-09-30": "439", "2009-06-30": "421", "2009-03-31": "414", "2008-12-31": "379", "2008-09-30": "405", "2008-06-30": "406", "2008-03-31": "309", "2007-12-31": "301", "2007-09-30": "318", "2007-06-30": "307", "2007-03-31": "301", "2006-12-31": "342", "2006-09-30": "337", "2006-06-30": "356", "2006-03-31": "346", "2005-12-31": "297", "2005-09-30": "291", "2005-06-30": "288", "2005-03-31": "288"}}, "total-assets": {"ON Semiconductor Annual Total Assets (Millions of US $)": {"2019": "$8,426", "2018": "$7,588", "2017": "$7,195", "2016": "$6,924", "2015": "$3,870", "2014": "$3,822", "2013": "$3,294", "2012": "$3,328", "2011": "$3,884", "2010": "$2,919", "2009": "$2,414", "2008": "$2,360", "2007": "$1,638", "2006": "$1,417", "2005": "$1,149"}, "ON Semiconductor Quarterly Total Assets (Millions of US $)": {"2020-09-30": "$9,254", "2020-06-30": "$9,528", "2020-03-31": "$9,421", "2019-12-31": "$8,426", "2019-09-30": "$8,522", "2019-06-30": "$8,525", "2019-03-31": "$7,564", "2018-12-31": "$7,588", "2018-09-30": "$7,410", "2018-06-30": "$7,297", "2018-03-31": "$7,263", "2017-12-31": "$7,195", "2017-09-30": "$6,861", "2017-06-30": "$6,834", "2017-03-31": "$6,637", "2016-12-31": "$6,924", "2016-09-30": "$6,791", "2016-06-30": "$6,098", "2016-03-31": "$3,855", "2015-12-31": "$3,870", "2015-09-30": "$3,950", "2015-06-30": "$3,915", "2015-03-31": "$3,746", "2014-12-31": "$3,822", "2014-09-30": "$3,882", "2014-06-30": "$3,418", "2014-03-31": "$3,287", "2013-12-31": "$3,294", "2013-09-30": "$3,249", "2013-06-30": "$3,241", "2013-03-31": "$3,233", "2012-12-31": "$3,328", "2012-09-30": "$3,670", "2012-06-30": "$3,771", "2012-03-31": "$3,829", "2011-12-31": "$3,884", "2011-09-30": "$4,012", "2011-06-30": "$4,150", "2011-03-31": "$4,017", "2010-12-31": "$2,919", "2010-09-30": "$2,695", "2010-06-30": "$2,541", "2010-03-31": "$2,546", "2009-12-31": "$2,414", "2009-09-30": "$2,275", "2009-06-30": "$2,224", "2009-03-31": "$2,211", "2008-12-31": "$2,360", "2008-09-30": "$2,909", "2008-06-30": "$2,838", "2008-03-31": "$2,872", "2007-12-31": "$1,638", "2007-09-30": "$1,526", "2007-06-30": "$1,428", "2007-03-31": "$1,441", "2006-12-31": "$1,417", "2006-09-30": "$1,417", "2006-06-30": "$1,423", "2006-03-31": "$1,211", "2005-12-31": "$1,149", "2005-09-30": "$1,171", "2005-06-30": "$1,132", "2005-03-31": "$1,112"}}, "cash-on-hand": {"ON Semiconductor Annual Cash on Hand (Millions of US $)": {"2019": "$894", "2018": "$1,070", "2017": "$949", "2016": "$1,028", "2015": "$618", "2014": "$518", "2013": "$626", "2012": "$632", "2011": "$902", "2010": "$623", "2009": "$571", "2008": "$459", "2007": "$275", "2006": "$269", "2005": "$233"}, "ON Semiconductor Quarterly Cash on Hand (Millions of US $)": {"2020-09-30": "$1,654", "2020-06-30": "$2,060", "2020-03-31": "$1,982", "2019-12-31": "$894", "2019-09-30": "$929", "2019-06-30": "$885", "2019-03-31": "$940", "2018-12-31": "$1,070", "2018-09-30": "$951", "2018-06-30": "$850", "2018-03-31": "$925", "2017-12-31": "$949", "2017-09-30": "$901", "2017-06-30": "$872", "2017-03-31": "$729", "2016-12-31": "$1,028", "2016-09-30": "$881", "2016-06-30": "$588", "2016-03-31": "$620", "2015-12-31": "$618", "2015-09-30": "$558", "2015-06-30": "$578", "2015-03-31": "$429", "2014-12-31": "$518", "2014-09-30": "$495", "2014-06-30": "$601", "2014-03-31": "$617", "2013-12-31": "$626", "2013-09-30": "$554", "2013-06-30": "$579", "2013-03-31": "$614", "2012-12-31": "$632", "2012-09-30": "$643", "2012-06-30": "$756", "2012-03-31": "$892", "2011-12-31": "$902", "2011-09-30": "$838", "2011-06-30": "$869", "2011-03-31": "$766", "2010-12-31": "$623", "2010-09-30": "$563", "2010-06-30": "$467", "2010-03-31": "$561", "2009-12-31": "$571", "2009-09-30": "$470", "2009-06-30": "$403", "2009-03-31": "$402", "2008-12-31": "$459", "2008-09-30": "$418", "2008-06-30": "$321", "2008-03-31": "$308", "2007-12-31": "$275", "2007-09-30": "$327", "2007-06-30": "$256", "2007-03-31": "$276", "2006-12-31": "$269", "2006-09-30": "$269", "2006-06-30": "$295", "2006-03-31": "$251", "2005-12-31": "$233", "2005-09-30": "$272", "2005-06-30": "$247", "2005-03-31": "$204"}}, "long-term-debt": {"ON Semiconductor Annual Long Term Debt (Millions of US $)": {"2019": "$2,877", "2018": "$2,628", "2017": "$2,704", "2016": "$3,069", "2015": "$851", "2014": "$982", "2013": "$761", "2012": "$658", "2011": "$837", "2010": "$753", "2009": "$728", "2008": "$902", "2007": "$1,129", "2006": "$1,148", "2005": "$993"}, "ON Semiconductor Quarterly Long Term Debt (Millions of US $)": {"2020-09-30": "$3,538", "2020-06-30": "$4,045", "2020-03-31": "$4,043", "2019-12-31": "$2,877", "2019-09-30": "$2,879", "2019-06-30": "$3,551", "2019-03-31": "$2,639", "2018-12-31": "$2,628", "2018-09-30": "$2,616", "2018-06-30": "$2,020", "2018-03-31": "$2,084", "2017-12-31": "$2,704", "2017-09-30": "$2,684", "2017-06-30": "$2,872", "2017-03-31": "$2,987", "2016-12-31": "$3,069", "2016-09-30": "$3,096", "2016-06-30": "$2,935", "2016-03-31": "$835", "2015-12-31": "$851", "2015-09-30": "$868", "2015-06-30": "$822", "2015-03-31": "$950", "2014-12-31": "$982", "2014-09-30": "$980", "2014-06-30": "$736", "2014-03-31": "$747", "2013-12-31": "$761", "2013-09-30": "$659", "2013-06-30": "$686", "2013-03-31": "$707", "2012-12-31": "$658", "2012-09-30": "$803", "2012-06-30": "$805", "2012-03-31": "$812", "2011-12-31": "$837", "2011-09-30": "$949", "2011-06-30": "$999", "2011-03-31": "$1,095", "2010-12-31": "$753", "2010-09-30": "$650", "2010-06-30": "$633", "2010-03-31": "$824", "2009-12-31": "$728", "2009-09-30": "$730", "2009-06-30": "$730", "2009-03-31": "$844", "2008-12-31": "$902", "2008-09-30": "$1,151", "2008-06-30": "$1,152", "2008-03-31": "$1,150", "2007-12-31": "$1,129", "2007-09-30": "$1,112", "2007-06-30": "$1,117", "2007-03-31": "$1,124", "2006-12-31": "$1,148", "2006-09-30": "$972", "2006-06-30": "$1,010", "2006-03-31": "$1,010", "2005-12-31": "$993", "2005-09-30": "$1,118", "2005-06-30": "$1,124", "2005-03-31": "$1,127"}}, "total-liabilities": {"ON Semiconductor Annual Total Liabilities (Millions of US $)": {"2019": "$5,101", "2018": "$4,394", "2017": "$4,394", "2016": "$5,079", "2015": "$2,238", "2014": "$2,175", "2013": "$1,770", "2012": "$1,938", "2011": "$2,390", "2010": "$1,531", "2009": "$1,410", "2008": "$1,504", "2007": "$1,622", "2006": "$1,642", "2005": "$1,449"}, "ON Semiconductor Quarterly Total Liabilities (Millions of US $)": {"2020-09-30": "$5,807", "2020-06-30": "$6,269", "2020-03-31": "$6,183", "2019-12-31": "$5,101", "2019-09-30": "$5,283", "2019-06-30": "$5,227", "2019-03-31": "$4,344", "2018-12-31": "$4,394", "2018-09-30": "$4,206", "2018-06-30": "$4,201", "2018-03-31": "$4,312", "2017-12-31": "$4,394", "2017-09-30": "$4,626", "2017-06-30": "$4,715", "2017-03-31": "$4,639", "2016-12-31": "$5,079", "2016-09-30": "$5,037", "2016-06-30": "$4,372", "2016-03-31": "$2,177", "2015-12-31": "$2,238", "2015-09-30": "$2,369", "2015-06-30": "$2,296", "2015-03-31": "$2,119", "2014-12-31": "$2,175", "2014-09-30": "$2,208", "2014-06-30": "$1,779", "2014-03-31": "$1,747", "2013-12-31": "$1,770", "2013-09-30": "$1,747", "2013-06-30": "$1,776", "2013-03-31": "$1,819", "2012-12-31": "$1,938", "2012-09-30": "$2,130", "2012-06-30": "$2,226", "2012-03-31": "$2,295", "2011-12-31": "$2,390", "2011-09-30": "$2,486", "2011-06-30": "$2,562", "2011-03-31": "$2,507", "2010-12-31": "$1,531", "2010-09-30": "$1,392", "2010-06-30": "$1,342", "2010-03-31": "$1,458", "2009-12-31": "$1,410", "2009-09-30": "$1,351", "2009-06-30": "$1,356", "2009-03-31": "$1,362", "2008-12-31": "$1,504", "2008-09-30": "$1,824", "2008-06-30": "$1,804", "2008-03-31": "$1,894", "2007-12-31": "$1,622", "2007-09-30": "$1,580", "2007-06-30": "$1,565", "2007-03-31": "$1,598", "2006-12-31": "$1,642", "2006-09-30": "$1,437", "2006-06-30": "$1,523", "2006-03-31": "$1,461", "2005-12-31": "$1,449", "2005-09-30": "$1,514", "2005-06-30": "$1,503", "2005-03-31": "$1,501"}}, "total-share-holder-equity": {"ON Semiconductor Annual Share Holder Equity (Millions of US $)": {"2019": "$3,324", "2018": "$3,194", "2017": "$2,801", "2016": "$1,845", "2015": "$1,632", "2014": "$1,647", "2013": "$1,524", "2012": "$1,391", "2011": "$1,494", "2010": "$1,388", "2009": "$1,005", "2008": "$856", "2007": "$16", "2006": "$-225", "2005": "$-300"}, "ON Semiconductor Quarterly Share Holder Equity (Millions of US $)": {"2020-09-30": "$3,447", "2020-06-30": "$3,259", "2020-03-31": "$3,238", "2019-12-31": "$3,324", "2019-09-30": "$3,240", "2019-06-30": "$3,298", "2019-03-31": "$3,221", "2018-12-31": "$3,194", "2018-09-30": "$3,203", "2018-06-30": "$3,097", "2018-03-31": "$2,952", "2017-12-31": "$2,801", "2017-09-30": "$2,235", "2017-06-30": "$2,119", "2017-03-31": "$1,998", "2016-12-31": "$1,845", "2016-09-30": "$1,754", "2016-06-30": "$1,726", "2016-03-31": "$1,678", "2015-12-31": "$1,632", "2015-09-30": "$1,581", "2015-06-30": "$1,620", "2015-03-31": "$1,627", "2014-12-31": "$1,647", "2014-09-30": "$1,674", "2014-06-30": "$1,640", "2014-03-31": "$1,540", "2013-12-31": "$1,524", "2013-09-30": "$1,502", "2013-06-30": "$1,465", "2013-03-31": "$1,414", "2012-12-31": "$1,391", "2012-09-30": "$1,540", "2012-06-30": "$1,545", "2012-03-31": "$1,535", "2011-12-31": "$1,494", "2011-09-30": "$1,526", "2011-06-30": "$1,588", "2011-03-31": "$1,510", "2010-12-31": "$1,388", "2010-09-30": "$1,303", "2010-06-30": "$1,199", "2010-03-31": "$1,088", "2009-12-31": "$1,005", "2009-09-30": "$924", "2009-06-30": "$868", "2009-03-31": "$849", "2008-12-31": "$856", "2008-09-30": "$1,085", "2008-06-30": "$1,034", "2008-03-31": "$979", "2007-12-31": "$16", "2007-09-30": "$-54", "2007-06-30": "$-137", "2007-03-31": "$-157", "2006-12-31": "$-225", "2006-09-30": "$-20", "2006-06-30": "$-100", "2006-03-31": "$-250", "2005-12-31": "$-300", "2005-09-30": "$-343", "2005-06-30": "$-371", "2005-03-31": "$-388"}}, "profit-margins": {"current": "4.46%"}, "gross margin": {"2020-09-30": "32.70%", "2020-06-30": "32.94%", "2020-03-31": "34.44%", "2019-12-31": "35.77%", "2019-09-30": "36.62%", "2019-06-30": "37.72%", "2019-03-31": "37.98%", "2018-12-31": "38.08%", "2018-09-30": "37.99%", "2018-06-30": "37.71%", "2018-03-31": "37.37%", "2017-12-31": "36.72%", "2017-09-30": "35.14%", "2017-06-30": "34.33%", "2017-03-31": "33.75%", "2016-12-31": "33.30%", "2016-09-30": "34.22%", "2016-06-30": "34.11%", "2016-03-31": "33.96%", "2015-12-31": "34.12%", "2015-09-30": "33.84%", "2015-06-30": "33.71%", "2015-03-31": "34.17%", "2014-12-31": "34.30%", "2014-09-30": "34.84%", "2014-06-30": "35.16%", "2014-03-31": "34.41%", "2013-12-31": "33.43%", "2013-09-30": "32.47%", "2013-06-30": "31.94%", "2013-03-31": "32.22%", "2012-12-31": "32.68%", "2012-09-30": "32.85%", "2012-06-30": "31.79%", "2012-03-31": "30.49%", "2011-12-31": "29.28%", "2011-09-30": "30.95%", "2011-06-30": "33.58%", "2011-03-31": "36.86%", "2010-12-31": "41.37%", "2010-09-30": "40.97%", "2010-06-30": "40.09%", "2010-03-31": "37.99%", "2009-12-31": "35.10%", "2009-09-30": "34.75%", "2009-06-30": "35.19%", "2009-03-31": "35.37%", "2008-12-31": "36.33%", "2008-09-30": "36.10%", "2008-06-30": "36.02%", "2008-03-31": "37.24%", "2007-12-31": "37.74%", "2007-09-30": "38.27%", "2007-06-30": "38.09%", "2007-03-31": "38.68%", "2006-12-31": "38.45%", "2006-09-30": "37.43%", "2006-06-30": "36.26%", "2006-03-31": "34.11%", "2005-12-31": "33.23%"}, "operating margin": {"2020-09-30": "6.14%", "2020-06-30": "2.98%", "2020-03-31": "5.03%", "2019-12-31": "7.83%", "2019-09-30": "9.18%", "2019-06-30": "13.88%", "2019-03-31": "14.28%", "2018-12-31": "14.42%", "2018-09-30": "13.78%", "2018-06-30": "12.99%", "2018-03-31": "12.49%", "2017-12-31": "12.30%", "2017-09-30": "10.69%", "2017-06-30": "9.02%", "2017-03-31": "8.20%", "2016-12-31": "6.30%", "2016-09-30": "6.77%", "2016-06-30": "7.50%", "2016-03-31": "7.29%", "2015-12-31": "7.47%", "2015-09-30": "6.25%", "2015-06-30": "6.03%", "2015-03-31": "6.82%", "2014-12-31": "7.27%", "2014-09-30": "8.88%", "2014-06-30": "9.59%", "2014-03-31": "8.56%", "2013-12-31": "7.51%", "2013-09-30": "0.77%", "2013-06-30": "-0.04%", "2013-03-31": "-0.89%", "2012-12-31": "-0.66%", "2012-09-30": "4.93%", "2012-06-30": "3.01%", "2012-03-31": "3.77%", "2011-12-31": "3.31%", "2011-09-30": "5.04%", "2011-06-30": "9.44%", "2011-03-31": "12.30%", "2010-12-31": "16.21%", "2010-09-30": "16.94%", "2010-06-30": "15.22%", "2010-03-31": "11.96%", "2009-12-31": "8.08%", "2009-09-30": "-25.27%", "2009-06-30": "-22.51%", "2009-03-31": "-19.97%", "2008-12-31": "-17.80%", "2008-09-30": "10.53%", "2008-06-30": "11.53%", "2008-03-31": "15.24%", "2007-12-31": "17.75%", "2007-09-30": "19.42%", "2007-06-30": "20.15%", "2007-03-31": "20.80%", "2006-12-31": "20.69%", "2006-09-30": "18.95%", "2006-06-30": "17.07%", "2006-03-31": "14.54%", "2005-12-31": "13.24%"}, "ebitda margin": {"2020-09-30": "18.56%", "2020-06-30": "15.14%", "2020-03-31": "16.73%", "2019-12-31": "18.84%", "2019-09-30": "19.61%", "2019-06-30": "23.62%", "2019-03-31": "23.52%", "2018-12-31": "23.41%", "2018-09-30": "22.77%", "2018-06-30": "22.33%", "2018-03-31": "21.86%", "2017-12-31": "21.50%", "2017-09-30": "19.99%", "2017-06-30": "18.11%", "2017-03-31": "17.38%", "2016-12-31": "16.00%", "2016-09-30": "16.58%", "2016-06-30": "17.56%", "2016-03-31": "17.52%", "2015-12-31": "17.79%", "2015-09-30": "16.68%", "2015-06-30": "16.12%", "2015-03-31": "16.35%", "2014-12-31": "16.06%", "2014-09-30": "16.77%", "2014-06-30": "17.18%", "2014-03-31": "16.16%", "2013-12-31": "15.20%", "2013-09-30": "10.53%", "2013-06-30": "9.98%", "2013-03-31": "9.21%", "2012-12-31": "9.50%", "2012-09-30": "13.21%", "2012-06-30": "10.71%", "2012-03-31": "11.01%", "2011-12-31": "10.05%", "2011-09-30": "12.11%", "2011-06-30": "16.71%", "2011-03-31": "19.82%", "2010-12-31": "24.25%", "2010-09-30": "24.25%", "2010-06-30": "22.78%", "2010-03-31": "20.10%", "2009-12-31": "17.02%", "2009-09-30": "14.71%", "2009-06-30": "15.13%", "2009-03-31": "14.95%", "2008-12-31": "15.81%", "2008-09-30": "17.27%", "2008-06-30": "18.10%", "2008-03-31": "21.56%", "2007-12-31": "23.88%", "2007-09-30": "25.32%", "2007-06-30": "25.73%", "2007-03-31": "26.08%", "2006-12-31": "26.17%", "2006-09-30": "24.80%", "2006-06-30": "23.81%", "2006-03-31": "22.27%", "2005-12-31": "21.33%"}, "pre tax profit margin": {"2020-09-30": "2.67%", "2020-06-30": "-0.45%", "2020-03-31": "1.89%", "2019-12-31": "5.00%", "2019-09-30": "6.80%", "2019-06-30": "11.82%", "2019-03-31": "12.74%", "2018-12-31": "12.84%", "2018-09-30": "11.94%", "2018-06-30": "11.40%", "2018-03-31": "10.74%", "2017-12-31": "9.87%", "2017-09-30": "8.18%", "2017-06-30": "7.28%", "2017-03-31": "5.59%", "2016-12-31": "4.61%", "2016-09-30": "5.82%", "2016-06-30": "5.03%", "2016-03-31": "5.78%", "2015-12-31": "6.29%", "2015-09-30": "5.20%", "2015-06-30": "5.01%", "2015-03-31": "5.80%", "2014-12-31": "6.07%", "2014-09-30": "7.59%", "2014-06-30": "8.25%", "2014-03-31": "7.28%", "2013-12-31": "6.11%", "2013-09-30": "-0.58%", "2013-06-30": "-1.92%", "2013-03-31": "-2.99%", "2012-12-31": "-2.66%", "2012-09-30": "2.08%", "2012-06-30": "0.32%", "2012-03-31": "1.00%", "2011-12-31": "1.07%", "2011-09-30": "3.32%", "2011-06-30": "7.88%", "2011-03-31": "10.55%", "2010-12-31": "13.23%", "2010-09-30": "13.85%", "2010-06-30": "11.84%", "2010-03-31": "8.40%", "2009-12-31": "4.07%", "2009-09-30": "-29.42%", "2009-06-30": "-26.47%", "2009-03-31": "-23.65%", "2008-12-31": "-21.30%", "2008-09-30": "5.57%", "2008-06-30": "6.74%", "2008-03-31": "10.53%", "2007-12-31": "13.60%", "2007-09-30": "17.50%", "2007-06-30": "17.93%", "2007-03-31": "18.32%", "2006-12-31": "18.02%", "2006-09-30": "15.83%", "2006-06-30": "13.41%", "2006-03-31": "10.44%", "2005-12-31": "8.72%"}, "net profit margin": {"2020-09-30": "3.90%", "2020-06-30": "-0.36%", "2020-03-31": "1.55%", "2019-12-31": "3.84%", "2019-09-30": "5.71%", "2019-06-30": "9.50%", "2019-03-31": "10.22%", "2018-12-31": "10.68%", "2018-09-30": "17.24%", "2018-06-30": "16.67%", "2018-03-31": "15.92%", "2017-12-31": "14.63%", "2017-09-30": "7.22%", "2017-06-30": "5.88%", "2017-03-31": "4.95%", "2016-12-31": "4.66%", "2016-09-30": "3.59%", "2016-06-30": "4.68%", "2016-03-31": "5.43%", "2015-12-31": "5.89%", "2015-09-30": "4.29%", "2015-06-30": "4.23%", "2015-03-31": "5.68%", "2014-12-31": "6.01%", "2014-09-30": "7.26%", "2014-06-30": "7.94%", "2014-03-31": "6.51%", "2013-12-31": "5.43%", "2013-09-30": "-0.80%", "2013-06-30": "-2.21%", "2013-03-31": "-3.63%", "2012-12-31": "-3.35%", "2012-09-30": "1.31%", "2012-06-30": "-0.73%", "2012-03-31": "0.12%", "2011-12-31": "0.35%", "2011-09-30": "2.52%", "2011-06-30": "7.41%", "2011-03-31": "10.02%", "2010-12-31": "12.58%", "2010-09-30": "13.36%", "2010-06-30": "11.41%", "2010-03-31": "8.14%", "2009-12-31": "3.45%", "2009-09-30": "-30.21%", "2009-06-30": "-27.33%", "2009-03-31": "-23.55%", "2008-12-31": "-20.87%", "2008-09-30": "6.03%", "2008-06-30": "7.35%", "2008-03-31": "9.98%", "2007-12-31": "13.03%", "2007-09-30": "17.18%", "2007-06-30": "17.81%", "2007-03-31": "18.19%", "2006-12-31": "17.75%", "2006-09-30": "13.99%", "2006-06-30": "10.77%", "2006-03-31": "7.19%", "2005-12-31": "5.00%"}, "pe ratio": {"current": "45.70", "2021-02-05": "78.35", "2020-09-30": "44.27", "2020-06-30": "0.00", "2020-03-31": "62.20", "2019-12-31": "48.76", "2019-09-30": "25.61", "2019-06-30": "15.79", "2019-03-31": "14.80", "2018-12-31": "11.55", "2018-09-30": "8.15", "2018-06-30": "10.44", "2018-03-31": "12.23", "2017-12-31": "11.20", "2017-09-30": "20.30", "2017-06-30": "20.65", "2017-03-31": "29.79", "2016-12-31": "29.67", "2016-09-30": "41.07", "2016-06-30": "22.62", "2016-03-31": "21.31", "2015-12-31": "20.00", "2015-09-30": "25.41", "2015-06-30": "33.40", "2015-03-31": "28.16", "2014-12-31": "23.56", "2014-09-30": "18.63", "2014-06-30": "18.28", "2014-03-31": "22.93", "2013-12-31": "24.97", "2013-09-30": "0.00", "2013-06-30": "0.00", "2013-03-31": "0.00", "2012-12-31": "0.00", "2012-09-30": "68.61", "2012-06-30": "0.00", "2012-03-31": "450.50", "2011-12-31": "64.33", "2011-09-30": "25.64", "2011-06-30": "17.75", "2011-03-31": "14.50", "2010-12-31": "14.97", "2010-09-30": "10.76", "2010-06-30": "11.81", "2010-03-31": "22.86", "2009-12-31": "67.85", "2009-09-30": "0.00", "2009-06-30": "0.00", "2009-03-31": "0.00", "2008-12-31": "0.00", "2008-09-30": "12.75", "2008-06-30": "15.81", "2008-03-31": "8.35", "2007-12-31": "11.24", "2007-09-30": "14.60", "2007-06-30": "12.04", "2007-03-31": "10.25", "2006-12-31": "9.35"}, "price sales": {"2021-02-05": "3.05", "2020-09-30": "1.72", "2020-06-30": "1.55", "2020-03-31": "0.95", "2019-12-31": "1.84", "2019-09-30": "1.44", "2019-06-30": "1.49", "2019-03-31": "1.51", "2018-12-31": "1.24", "2018-09-30": "1.40", "2018-06-30": "1.73", "2018-03-31": "1.92", "2017-12-31": "1.61", "2017-09-30": "1.45", "2017-06-30": "1.19", "2017-03-31": "1.44", "2016-12-31": "1.37", "2016-09-30": "1.48", "2016-06-30": "1.08", "2016-03-31": "1.18", "2015-12-31": "1.21", "2015-09-30": "1.16", "2015-06-30": "1.49", "2015-03-31": "1.61", "2014-12-31": "1.42", "2014-09-30": "1.32", "2014-06-30": "1.41", "2014-03-31": "1.50", "2013-12-31": "1.34", "2013-09-30": "1.21", "2013-06-30": "1.33", "2013-03-31": "1.34", "2012-12-31": "1.11", "2012-09-30": "0.95", "2012-06-30": "1.03", "2012-03-31": "1.24", "2011-12-31": "1.02", "2011-09-30": "1.00", "2011-06-30": "1.60", "2011-03-31": "1.67", "2010-12-31": "1.88", "2010-09-30": "1.42", "2010-06-30": "1.33", "2010-03-31": "1.79", "2009-12-31": "2.13", "2009-09-30": "1.93", "2009-06-30": "1.48", "2009-03-31": "0.78", "2008-12-31": "0.62", "2008-09-30": "1.22", "2008-06-30": "1.71", "2008-03-31": "1.09", "2007-12-31": "1.74", "2007-09-30": "2.55", "2007-06-30": "2.18", "2007-03-31": "1.89", "2006-12-31": "1.70"}, "price book": {"current": "4.58", "2021-02-05": "4.58", "2020-09-30": "2.59", "2020-06-30": "2.50", "2020-03-31": "1.58", "2019-12-31": "3.02", "2019-09-30": "2.43", "2019-06-30": "2.51", "2019-03-31": "2.63", "2018-12-31": "2.14", "2018-09-30": "2.44", "2018-06-30": "3.06", "2018-03-31": "3.54", "2017-12-31": "3.18", "2017-09-30": "3.49", "2017-06-30": "2.79", "2017-03-31": "3.26", "2016-12-31": "2.90", "2016-09-30": "2.93", "2016-06-30": "2.12", "2016-03-31": "2.37", "2015-12-31": "2.47", "2015-09-30": "2.45", "2015-06-30": "3.04", "2015-03-31": "3.20", "2014-12-31": "2.67", "2014-09-30": "2.35", "2014-06-30": "2.46", "2014-03-31": "2.69", "2013-12-31": "2.38", "2013-09-30": "2.17", "2013-06-30": "2.48", "2013-03-31": "2.64", "2012-12-31": "2.28", "2012-09-30": "1.81", "2012-06-30": "2.09", "2012-03-31": "2.66", "2011-12-31": "2.33", "2011-09-30": "2.12", "2011-06-30": "2.96", "2011-03-31": "2.90", "2010-12-31": "3.11", "2010-09-30": "2.39", "2010-06-30": "2.29", "2010-03-31": "3.16", "2009-12-31": "3.75", "2009-09-30": "3.80", "2009-06-30": "3.33", "2009-03-31": "1.93", "2008-12-31": "1.64", "2008-09-30": "2.49", "2008-06-30": "3.53", "2008-03-31": "2.30", "2007-12-31": "163.54", "2007-09-30": "-68.60", "2007-06-30": "-22.64", "2007-03-31": "-16.57", "2006-12-31": "-9.62", "2006-09-30": "-94.23", "2006-06-30": "-19.10", "2006-03-31": "-9.09"}, "price fcf": {"2021-02-05": "", "2020-09-30": "$0.48", "2020-06-30": "$0.56", "2020-03-31": "$0.56", "2019-12-31": "$0.40", "2019-09-30": "$1.20", "2019-06-30": "$1.43", "2019-03-31": "$1.49", "2018-12-31": "$1.84", "2018-09-30": "$1.21", "2018-06-30": "$1.20", "2018-03-31": "$1.57", "2017-12-31": "$1.66", "2017-09-30": "$1.96", "2017-06-30": "$1.64", "2017-03-31": "$1.14", "2016-12-31": "$0.88", "2016-09-30": "$0.66", "2016-06-30": "$0.60", "2016-03-31": "$0.53", "2015-12-31": "$0.49", "2015-09-30": "$0.56", "2015-06-30": "$0.46", "2015-03-31": "$0.63", "2014-12-31": "$0.63", "2014-09-30": "$0.59", "2014-06-30": "$0.55", "2014-03-31": "$0.34", "2013-12-31": "$0.40", "2013-09-30": "$0.34", "2013-06-30": "$0.17", "2013-03-31": "$0.13", "2012-12-31": "$0.06", "2012-09-30": "$0.11", "2012-06-30": "$0.34", "2012-03-31": "$0.47", "2011-12-31": "$0.51", "2011-09-30": "$0.62", "2011-06-30": "$0.70", "2011-03-31": "$0.83", "2010-12-31": "$0.90", "2010-09-30": "$0.78", "2010-06-30": "$0.79", "2010-03-31": "$0.65", "2009-12-31": "$0.51", "2009-09-30": "$0.50", "2009-06-30": "$0.59", "2009-03-31": "$0.39", "2008-12-31": "$0.89", "2008-09-30": "$0.94", "2008-06-30": "$0.88", "2008-03-31": "$1.07", "2007-12-31": "$0.62", "2007-09-30": "$0.94", "2007-06-30": "$0.85", "2007-03-31": "$0.69", "2006-12-31": "$0.68"}, "net worth": {"value": "$15.79B"}, "current ratio": {"current": "2.12", "2020-09-30": "2.11", "2020-06-30": "2.35", "2020-03-31": "2.32", "2019-12-31": "1.66", "2019-09-30": "1.54", "2019-06-30": "2.42", "2019-03-31": "2.31", "2018-12-31": "2.16", "2018-09-30": "2.36", "2018-06-30": "1.55", "2018-03-31": "1.53", "2017-12-31": "2.08", "2017-09-30": "1.97", "2017-06-30": "2.03", "2017-03-31": "2.15", "2016-12-31": "1.91", "2016-09-30": "1.87", "2016-06-30": "1.53", "2016-03-31": "1.60", "2015-12-31": "1.53", "2015-09-30": "1.46", "2015-06-30": "1.46", "2015-03-31": "1.74", "2014-12-31": "1.74", "2014-09-30": "1.79", "2014-06-30": "2.03", "2014-03-31": "2.11", "2013-12-31": "2.08", "2013-09-30": "1.87", "2013-06-30": "1.85", "2013-03-31": "1.85", "2012-12-31": "1.65", "2012-09-30": "1.74", "2012-06-30": "1.69", "2012-03-31": "1.68", "2011-12-31": "1.67", "2011-09-30": "1.74", "2011-06-30": "1.78", "2011-03-31": "1.96", "2010-12-31": "1.91", "2010-09-30": "1.91", "2010-06-30": "1.81", "2010-03-31": "2.13", "2009-12-31": "1.89", "2009-09-30": "1.89", "2009-06-30": "1.73", "2009-03-31": "2.08", "2008-12-31": "1.93", "2008-09-30": "1.77", "2008-06-30": "1.66", "2008-03-31": "1.53", "2007-12-31": "1.77", "2007-09-30": "2.01", "2007-06-30": "1.87", "2007-03-31": "1.78", "2006-12-31": "1.62", "2006-09-30": "1.78", "2006-06-30": "1.61", "2006-03-31": "1.64", "2005-12-31": "1.51", "2005-09-30": "1.90", "2005-06-30": "1.84", "2005-03-31": "1.75"}, "quick ratio": {"2020-09-30": "1.40", "2020-06-30": "1.62", "2020-03-31": "1.60", "2019-12-31": "0.98", "2019-09-30": "0.92", "2019-06-30": "1.41", "2019-03-31": "1.38", "2018-12-31": "1.32", "2018-09-30": "1.44", "2018-06-30": "0.91", "2018-03-31": "0.93", "2017-12-31": "1.31", "2017-09-30": "1.25", "2017-06-30": "1.29", "2017-03-31": "1.32", "2016-12-31": "1.22", "2016-09-30": "1.15", "2016-06-30": "0.93", "2016-03-31": "0.96", "2015-12-31": "0.92", "2015-09-30": "0.90", "2015-06-30": "0.90", "2015-03-31": "1.00", "2014-12-31": "1.03", "2014-09-30": "1.08", "2014-06-30": "1.30", "2014-03-31": "1.36", "2013-12-31": "1.34", "2013-09-30": "1.21", "2013-06-30": "1.21", "2013-03-31": "1.21", "2012-12-31": "1.09", "2012-09-30": "1.13", "2012-06-30": "1.12", "2012-03-31": "1.16", "2011-12-31": "1.17", "2011-09-30": "1.18", "2011-06-30": "1.20", "2011-03-31": "1.29", "2010-12-31": "1.40", "2010-09-30": "1.40", "2010-06-30": "1.31", "2010-03-31": "1.61", "2009-12-31": "1.45", "2009-09-30": "1.41", "2009-06-30": "1.26", "2009-03-31": "1.43", "2008-12-31": "1.31", "2008-09-30": "1.26", "2008-06-30": "1.11", "2008-03-31": "0.98", "2007-12-31": "1.25", "2007-09-30": "1.46", "2007-06-30": "1.27", "2007-03-31": "1.24", "2006-12-31": "1.13", "2006-09-30": "1.27", "2006-06-30": "1.18", "2006-03-31": "1.19", "2005-12-31": "1.08", "2005-09-30": "1.38", "2005-06-30": "1.31", "2005-03-31": "1.19"}, "debt equity ratio": {"current": "1.03", "2020-09-30": "1.68", "2020-06-30": "1.92", "2020-03-31": "1.91", "2019-12-31": "1.54", "2019-09-30": "1.63", "2019-06-30": "1.59", "2019-03-31": "1.35", "2018-12-31": "1.38", "2018-09-30": "1.31", "2018-06-30": "1.36", "2018-03-31": "1.46", "2017-12-31": "1.57", "2017-09-30": "2.07", "2017-06-30": "2.23", "2017-03-31": "2.32", "2016-12-31": "2.75", "2016-09-30": "2.87", "2016-06-30": "2.53", "2016-03-31": "1.30", "2015-12-31": "1.37", "2015-09-30": "1.50", "2015-06-30": "1.42", "2015-03-31": "1.30", "2014-12-31": "1.32", "2014-09-30": "1.32", "2014-06-30": "1.09", "2014-03-31": "1.13", "2013-12-31": "1.16", "2013-09-30": "1.16", "2013-06-30": "1.21", "2013-03-31": "1.29", "2012-12-31": "1.39", "2012-09-30": "1.38", "2012-06-30": "1.44", "2012-03-31": "1.50", "2011-12-31": "1.60", "2011-09-30": "1.63", "2011-06-30": "1.61", "2011-03-31": "1.66", "2010-12-31": "1.10", "2010-09-30": "1.07", "2010-06-30": "1.12", "2010-03-31": "1.34", "2009-12-31": "1.40", "2009-09-30": "1.46", "2009-06-30": "1.56", "2009-03-31": "1.61", "2008-12-31": "1.76", "2008-09-30": "1.68", "2008-06-30": "1.74", "2008-03-31": "1.94", "2007-12-31": "101.99", "2007-09-30": "-29.53", "2007-06-30": "-11.41", "2007-03-31": "-10.17", "2006-12-31": "-7.28", "2006-09-30": "-70.79", "2006-06-30": "-15.23", "2006-03-31": "-5.85", "2005-12-31": "-4.83", "2005-09-30": "-4.41", "2005-06-30": "-4.05", "2005-03-31": "-3.87"}, "return on equity": {"2020-09-30": "6.12%", "2020-06-30": "-0.58%", "2020-03-31": "2.56%", "2019-12-31": "6.48%", "2019-09-30": "9.91%", "2019-06-30": "17.00%", "2019-03-31": "18.94%", "2018-12-31": "20.18%", "2018-09-30": "32.92%", "2018-06-30": "33.70%", "2018-03-31": "34.55%", "2017-12-31": "35.44%", "2017-09-30": "19.13%", "2017-06-30": "15.19%", "2017-03-31": "12.24%", "2016-12-31": "10.40%", "2016-09-30": "7.36%", "2016-06-30": "9.73%", "2016-03-31": "11.49%", "2015-12-31": "12.76%", "2015-09-30": "9.33%", "2015-06-30": "8.89%", "2015-03-31": "11.48%", "2014-12-31": "11.69%", "2014-09-30": "13.73%", "2014-06-30": "14.82%", "2014-03-31": "12.20%", "2013-12-31": "10.23%", "2013-09-30": "-1.52%", "2013-06-30": "-4.20%", "2013-03-31": "-6.93%", "2012-12-31": "-6.45%", "2012-09-30": "2.55%", "2012-06-30": "-1.51%", "2012-03-31": "0.26%", "2011-12-31": "0.78%", "2011-09-30": "5.46%", "2011-06-30": "15.13%", "2011-03-31": "19.56%", "2010-12-31": "23.38%", "2010-09-30": "25.94%", "2010-06-30": "22.77%", "2010-03-31": "16.27%", "2009-12-31": "6.69%", "2009-09-30": "-60.85%", "2009-06-30": "-55.88%", "2009-03-31": "-49.58%", "2008-12-31": "-43.40%", "2008-09-30": "15.29%", "2008-06-30": "26.73%", "2008-03-31": "80.10%", "2007-12-31": "-245.78%", "2007-09-30": "-187.09%", "2007-06-30": "-208.53%", "2007-03-31": "-227.89%", "2006-12-31": "-182.86%", "2006-09-30": "-122.99%", "2006-06-30": "-59.21%", "2006-03-31": "-29.43%", "2005-12-31": "-17.97%"}, "return on assets": {"2020-09-30": "2.22%", "2020-06-30": "-0.21%", "2020-03-31": "0.96%", "2019-12-31": "2.57%", "2019-09-30": "3.99%", "2019-06-30": "7.06%", "2019-03-31": "8.06%", "2018-12-31": "8.50%", "2018-09-30": "13.61%", "2018-06-30": "13.06%", "2018-03-31": "12.40%", "2017-12-31": "11.78%", "2017-09-30": "5.75%", "2017-06-30": "4.31%", "2017-03-31": "3.39%", "2016-12-31": "3.08%", "2016-09-30": "2.43%", "2016-06-30": "3.62%", "2016-03-31": "4.80%", "2015-12-31": "5.32%", "2015-09-30": "3.91%", "2015-06-30": "3.80%", "2015-03-31": "5.08%", "2014-12-31": "5.27%", "2014-09-30": "6.31%", "2014-06-30": "6.94%", "2014-03-31": "5.63%", "2013-12-31": "4.64%", "2013-09-30": "-0.67%", "2013-06-30": "-1.81%", "2013-03-31": "-2.91%", "2012-12-31": "-2.66%", "2012-09-30": "1.03%", "2012-06-30": "-0.59%", "2012-03-31": "0.10%", "2011-12-31": "0.30%", "2011-09-30": "2.17%", "2011-06-30": "6.36%", "2011-03-31": "8.68%", "2010-12-31": "10.88%", "2010-09-30": "11.69%", "2010-06-30": "9.82%", "2010-03-31": "6.68%", "2009-12-31": "2.67%", "2009-09-30": "-23.46%", "2009-06-30": "-21.06%", "2009-03-31": "-18.38%", "2008-12-31": "-15.63%", "2008-09-30": "4.64%", "2008-06-30": "5.95%", "2008-03-31": "8.63%", "2007-12-31": "13.53%", "2007-09-30": "18.44%", "2007-06-30": "19.71%", "2007-03-31": "20.08%", "2006-12-31": "19.90%", "2006-09-30": "15.85%", "2006-06-30": "11.87%", "2006-03-31": "7.98%", "2005-12-31": "5.52%"}, "return on investments": {"2020-09-30": "4.61%", "2020-06-30": "2.33%", "2020-03-31": "4.11%", "2019-12-31": "6.90%", "2019-09-30": "8.37%", "2019-06-30": "13.17%", "2019-03-31": "14.87%", "2018-12-31": "15.56%", "2018-09-30": "14.77%", "2018-06-30": "14.15%", "2018-03-31": "13.40%", "2017-12-31": "13.37%", "2017-09-30": "11.71%", "2017-06-30": "9.12%", "2017-03-31": "7.65%", "2016-12-31": "5.81%", "2016-09-30": "6.51%", "2016-06-30": "8.52%", "2016-03-31": "10.15%", "2015-12-31": "10.49%", "2015-09-30": "8.71%", "2015-06-30": "8.07%", "2015-03-31": "8.87%", "2014-12-31": "9.25%", "2014-09-30": "11.17%", "2014-06-30": "12.21%", "2014-03-31": "10.90%", "2013-12-31": "9.59%", "2013-09-30": "0.99%", "2013-06-30": "-0.05%", "2013-03-31": "-1.13%", "2012-12-31": "-0.84%", "2012-09-30": "6.28%", "2012-06-30": "4.00%", "2012-03-31": "5.14%", "2011-12-31": "4.56%", "2011-09-30": "6.69%", "2011-06-30": "12.02%", "2011-03-31": "15.19%", "2010-12-31": "19.14%", "2010-09-30": "20.36%", "2010-06-30": "17.96%", "2010-03-31": "13.46%", "2009-12-31": "8.57%", "2009-09-30": "-26.56%", "2009-06-30": "-23.12%", "2009-03-31": "-20.43%", "2008-12-31": "-17.62%", "2008-09-30": "10.81%", "2008-06-30": "12.70%", "2008-03-31": "18.52%", "2007-12-31": "26.79%", "2007-09-30": "30.85%", "2007-06-30": "33.28%", "2007-03-31": "34.86%", "2006-12-31": "35.77%", "2006-09-30": "33.67%", "2006-06-30": "29.70%", "2006-03-31": "25.23%", "2005-12-31": "22.57%"}, "return on tangible equity": {"2020-09-30": "18.27%", "2020-06-30": "-1.85%", "2020-03-31": "8.37%", "2019-12-31": "17.86%", "2019-09-30": "23.92%", "2019-06-30": "36.08%", "2019-03-31": "36.16%", "2018-12-31": "39.60%", "2018-09-30": "67.20%", "2018-06-30": "76.46%", "2018-03-31": "91.13%", "2017-12-31": "118.35%", "2017-09-30": "95.44%", "2017-06-30": "121.83%", "2017-03-31": "54.17%", "2016-12-31": "30.13%", "2016-09-30": "15.18%", "2016-06-30": "15.09%", "2016-03-31": "18.42%", "2015-12-31": "21.16%", "2015-09-30": "15.97%", "2015-06-30": "15.57%", "2015-03-31": "19.07%", "2014-12-31": "18.24%", "2014-09-30": "20.11%", "2014-06-30": "20.34%", "2014-03-31": "16.80%", "2013-12-31": "14.30%", "2013-09-30": "-2.17%", "2013-06-30": "-6.09%", "2013-03-31": "-10.21%", "2012-12-31": "-9.63%", "2012-09-30": "3.87%", "2012-06-30": "-2.31%", "2012-03-31": "0.40%", "2011-12-31": "1.23%", "2011-09-30": "8.54%", "2011-06-30": "24.01%", "2011-03-31": "32.05%", "2010-12-31": "39.86%", "2010-09-30": "46.62%", "2010-06-30": "42.99%", "2010-03-31": "32.26%", "2009-12-31": "13.80%", "2009-09-30": "-133.08%", "2009-06-30": "-172.34%", "2009-03-31": "-249.80%", "2008-12-31": "-591.72%", "2008-09-30": "-166.43%", "2008-06-30": "-110.46%", "2008-03-31": "-94.85%", "2007-12-31": "-98.08%", "2007-09-30": "-114.65%", "2007-06-30": "-124.34%", "2007-03-31": "-132.10%", "2006-12-31": "-115.13%", "2006-09-30": "-81.91%", "2006-06-30": "-44.71%", "2006-03-31": "-23.62%", "2005-12-31": "-14.71%"}, "dividend yield history": {"last payout": "$0.00", "last yield": "0.00%"}}