{"ticker": "OMF", "price": {"title": "OneMain Holdings Historical Annual Stock Price Data", "value": 55.15, "historical": {"2020": {"Average Stock Price": "31.9779", "Year Open": "42.6000", "Year High": "48.7200", "Year Low": "14.3400", "Year Close": "48.1600", "Annual % Change": "14.26%"}, "2019": {"Average Stock Price": "35.3395", "Year Open": "24.5900", "Year High": "44.2500", "Year Low": "24.5600", "Year Close": "42.1500", "Annual % Change": "73.53%"}, "2018": {"Average Stock Price": "31.9033", "Year Open": "26.3000", "Year High": "36.8600", "Year Low": "23.1100", "Year Close": "24.2900", "Annual % Change": "-6.54%"}, "2017": {"Average Stock Price": "25.7649", "Year Open": "23.1100", "Year High": "32.6100", "Year Low": "22.0300", "Year Close": "25.9900", "Annual % Change": "17.39%"}, "2016": {"Average Stock Price": "27.1859", "Year Open": "40.7200", "Year High": "40.7200", "Year Low": "16.9000", "Year Close": "22.1400", "Annual % Change": "-46.70%"}, "2015": {"Average Stock Price": "44.1004", "Year Open": "49.1400", "Year High": "49.1400", "Year Low": "40.0000", "Year Close": "41.5400", "Annual % Change": "0.00%"}}}, "market cap": {"value": "$7.41B"}, "income statement": {"Revenue": {"2019-12-31": "4749.00000", "2018-12-31": "4232.00000", "2017-12-31": "3756.00000", "2016-12-31": "3883.00000", "2015-12-31": "2192.00000", "2014-12-31": "2719.00000", "2013-12-31": "2307.00000", "2012-12-31": "1812.15600", "2011-12-31": "2012.73400"}, "Cost Of Goods Sold": {"2019-12-31": "970.00000", "2018-12-31": "875.00000", "2017-12-31": "816.00000", "2016-12-31": "856.00000", "2015-12-31": "715.00000", "2014-12-31": "734.00000", "2013-12-31": "920.00000", "2012-12-31": "1075.20500", "2011-12-31": "1284.77300"}, "Gross Profit": {"2019-12-31": "3779.00000", "2018-12-31": "3357.00000", "2017-12-31": "2940.00000", "2016-12-31": "3027.00000", "2015-12-31": "1477.00000", "2014-12-31": "1985.00000", "2013-12-31": "1387.00000", "2012-12-31": "736.95100", "2011-12-31": "727.96110"}, "Research And Development Expenses": {"2019-12-31": "", "2018-12-31": "", "2017-12-31": "", "2016-12-31": "", "2015-12-31": "", "2014-12-31": "", "2013-12-31": "", "2012-12-31": "", "2011-12-31": ""}, "SG&A Expenses": {"2019-12-31": "2681.00000", "2018-12-31": "2733.00000", "2017-12-31": "2509.00000", "2016-12-31": "2563.00000", "2015-12-31": "1641.00000", "2014-12-31": "1124.00000", "2013-12-31": "1309.00000", "2012-12-31": "1042.31900", "2011-12-31": "1088.09900"}, "Other Operating Income Or Expenses": {"2019-12-31": "", "2018-12-31": "", "2017-12-31": "", "2016-12-31": "", "2015-12-31": "", "2014-12-31": "", "2013-12-31": "", "2012-12-31": "", "2011-12-31": ""}, "Operating Expenses": {"2019-12-31": "3651.00000", "2018-12-31": "3608.00000", "2017-12-31": "3325.00000", "2016-12-31": "3419.00000", "2015-12-31": "2356.00000", "2014-12-31": "1858.00000", "2013-12-31": "2229.00000", "2012-12-31": "2117.52400", "2011-12-31": "2372.87200"}, "Operating Income": {"2019-12-31": "1098.00000", "2018-12-31": "624.00000", "2017-12-31": "431.00000", "2016-12-31": "464.00000", "2015-12-31": "-164.00000", "2014-12-31": "861.00000", "2013-12-31": "78.00000", "2012-12-31": "-305.36790", "2011-12-31": "-360.13810"}, "Total Non-Operating Income/Expense": {"2019-12-31": "", "2018-12-31": "", "2017-12-31": "", "2016-12-31": "-108.00000", "2015-12-31": "-62.00000", "2014-12-31": "", "2013-12-31": "", "2012-12-31": "", "2011-12-31": ""}, "Pre-Tax Income": {"2019-12-31": "1098.00000", "2018-12-31": "624.00000", "2017-12-31": "431.00000", "2016-12-31": "356.00000", "2015-12-31": "-226.00000", "2014-12-31": "861.00000", "2013-12-31": "78.00000", "2012-12-31": "-305.36800", "2011-12-31": "-360.13800"}, "Income Taxes": {"2019-12-31": "243.00000", "2018-12-31": "177.00000", "2017-12-31": "248.00000", "2016-12-31": "113.00000", "2015-12-31": "-133.00000", "2014-12-31": "272.00000", "2013-12-31": "-16.00000", "2012-12-31": "-87.67100", "2011-12-31": "-118.40500"}, "Income After Taxes": {"2019-12-31": "855.00000", "2018-12-31": "447.00000", "2017-12-31": "183.00000", "2016-12-31": "243.00000", "2015-12-31": "-93.00000", "2014-12-31": "589.00000", "2013-12-31": "94.00000", "2012-12-31": "-217.69700", "2011-12-31": "-241.73300"}, "Other Income": {"2019-12-31": "", "2018-12-31": "", "2017-12-31": "", "2016-12-31": "", "2015-12-31": "", "2014-12-31": "", "2013-12-31": "", "2012-12-31": "", "2011-12-31": ""}, "Income From Continuous Operations": {"2019-12-31": "855.00000", "2018-12-31": "447.00000", "2017-12-31": "183.00000", "2016-12-31": "243.00000", "2015-12-31": "-93.00000", "2014-12-31": "589.00000", "2013-12-31": "94.00000", "2012-12-31": "-217.69700", "2011-12-31": "-241.73300"}, "Income From Discontinued Operations": {"2019-12-31": "", "2018-12-31": "", "2017-12-31": "", "2016-12-31": "", "2015-12-31": "", "2014-12-31": "", "2013-12-31": "", "2012-12-31": "", "2011-12-31": ""}, "Net Income": {"2019-12-31": "855.00000", "2018-12-31": "447.00000", "2017-12-31": "183.00000", "2016-12-31": "215.00000", "2015-12-31": "-220.00000", "2014-12-31": "463.00000", "2013-12-31": "-19.00000", "2012-12-31": "-217.69700", "2011-12-31": "-241.73300"}, "EBITDA": {"2019-12-31": "", "2018-12-31": "", "2017-12-31": "", "2016-12-31": "", "2015-12-31": "", "2014-12-31": "", "2013-12-31": "", "2012-12-31": "", "2011-12-31": ""}, "EBIT": {"2019-12-31": "", "2018-12-31": "", "2017-12-31": "", "2016-12-31": "", "2015-12-31": "", "2014-12-31": "", "2013-12-31": "", "2012-12-31": "", "2011-12-31": ""}, "Basic Shares Outstanding": {"2019-12-31": "136.07100", "2018-12-31": "135.70300", "2017-12-31": "135.24900", "2016-12-31": "134.71900", "2015-12-31": "127.91100", "2014-12-31": "114.79100", "2013-12-31": "102.91700", "2012-12-31": "100.00000", "2011-12-31": "100.00000"}, "Shares Outstanding": {"2019-12-31": "136.32700", "2018-12-31": "136.03400", "2017-12-31": "135.67900", "2016-12-31": "135.13600", "2015-12-31": "127.91100", "2014-12-31": "115.26500", "2013-12-31": "102.91700", "2012-12-31": "100.00000", "2011-12-31": "100.00000"}, "Basic EPS": {"2019-12-31": "6.28000", "2018-12-31": "3.29000", "2017-12-31": "1.35000", "2016-12-31": "1.60000", "2015-12-31": "-1.72000", "2014-12-31": "4.03000", "2013-12-31": "-0.19000", "2012-12-31": "-2.18000", "2011-12-31": "-2.42000"}, "EPS - Earnings Per Share": {"2019-12-31": "6.27000", "2018-12-31": "3.29000", "2017-12-31": "1.35000", "2016-12-31": "1.59000", "2015-12-31": "-1.72000", "2014-12-31": "4.02000", "2013-12-31": "-0.19000", "2012-12-31": "-2.18000", "2011-12-31": "-2.42000"}}, "income statement, quarterly": {"Revenue": {"2020-09-30": "1190.00000", "2020-06-30": "1225.00000", "2020-03-31": "1247.00000", "2019-12-31": "1268.00000", "2019-09-30": "1221.00000", "2019-06-30": "1156.00000", "2019-03-31": "1104.00000", "2018-12-31": "1111.00000", "2018-09-30": "1077.00000", "2018-06-30": "1045.00000", "2018-03-31": "999.00000", "2017-12-31": "1003.00000", "2017-09-30": "960.00000", "2017-06-30": "893.00000", "2017-03-31": "900.00000", "2016-12-31": "915.00000", "2016-09-30": "928.00000", "2016-06-30": "906.00000", "2016-03-31": "1134.00000", "2015-12-31": "796.00000", "2015-09-30": "474.00000", "2015-06-30": "465.00000", "2015-03-31": "457.00000", "2014-12-31": "291.00000", "2014-09-30": "1170.00000", "2014-06-30": "625.00000", "2014-03-31": "633.00000", "2013-12-31": "614.76700", "2013-09-30": "603.35210", "2013-06-30": "632.18700", "2013-03-31": "456.69400", "2012-12-31": "", "2012-09-30": "449.68500", "2012-06-30": "", "2011-12-31": ""}, "Cost Of Goods Sold": {"2020-09-30": "255.00000", "2020-06-30": "271.00000", "2020-03-31": "255.00000", "2019-12-31": "252.00000", "2019-09-30": "244.00000", "2019-06-30": "238.00000", "2019-03-31": "236.00000", "2018-12-31": "228.00000", "2018-09-30": "227.00000", "2018-06-30": "220.00000", "2018-03-31": "200.00000", "2017-12-31": "204.00000", "2017-09-30": "207.00000", "2017-06-30": "203.00000", "2017-03-31": "202.00000", "2016-12-31": "201.00000", "2016-09-30": "215.00000", "2016-06-30": "214.00000", "2016-03-31": "226.00000", "2015-12-31": "215.00000", "2015-09-30": "171.00000", "2015-06-30": "171.00000", "2015-03-31": "158.00000", "2014-12-31": "157.00000", "2014-09-30": "180.00000", "2014-06-30": "192.00000", "2014-03-31": "205.00000", "2013-12-31": "219.13200", "2013-09-30": "229.15700", "2013-06-30": "240.41800", "2013-03-31": "231.29300", "2012-12-31": "", "2012-09-30": "268.84700", "2012-06-30": "", "2011-12-31": ""}, "Gross Profit": {"2020-09-30": "935.00000", "2020-06-30": "954.00000", "2020-03-31": "992.00000", "2019-12-31": "1016.00000", "2019-09-30": "977.00000", "2019-06-30": "918.00000", "2019-03-31": "868.00000", "2018-12-31": "883.00000", "2018-09-30": "850.00000", "2018-06-30": "825.00000", "2018-03-31": "799.00000", "2017-12-31": "799.00000", "2017-09-30": "753.00000", "2017-06-30": "690.00000", "2017-03-31": "698.00000", "2016-12-31": "714.00000", "2016-09-30": "713.00000", "2016-06-30": "692.00000", "2016-03-31": "908.00000", "2015-12-31": "581.00000", "2015-09-30": "303.00000", "2015-06-30": "294.00000", "2015-03-31": "299.00000", "2014-12-31": "134.00000", "2014-09-30": "990.00000", "2014-06-30": "433.00000", "2014-03-31": "428.00000", "2013-12-31": "395.63490", "2013-09-30": "374.19510", "2013-06-30": "391.76900", "2013-03-31": "225.40100", "2012-12-31": "", "2012-09-30": "180.83800", "2012-06-30": "", "2011-12-31": ""}, "Research And Development Expenses": {"2020-09-30": "", "2020-06-30": "", "2020-03-31": "", "2019-12-31": "", "2019-09-30": "", "2019-06-30": "", "2019-03-31": "", "2018-12-31": "", "2018-09-30": "", "2018-06-30": "", "2018-03-31": "", "2017-12-31": "", "2017-09-30": "", "2017-06-30": "", "2017-03-31": "", "2016-12-31": "", "2016-09-30": "", "2016-06-30": "", "2016-03-31": "", "2015-12-31": "", "2015-09-30": "", "2015-06-30": "", "2015-03-31": "", "2014-12-31": "", "2014-09-30": "", "2014-06-30": "", "2014-03-31": "", "2013-12-31": "", "2013-09-30": "", "2013-06-30": "", "2013-03-31": "", "2012-12-31": "", "2012-09-30": "", "2012-06-30": "", "2011-12-31": ""}, "SG&A Expenses": {"2020-09-30": "594.00000", "2020-06-30": "836.00000", "2020-03-31": "949.00000", "2019-12-31": "673.00000", "2019-09-30": "680.00000", "2019-06-30": "662.00000", "2019-03-31": "666.00000", "2018-12-31": "669.00000", "2018-09-30": "651.00000", "2018-06-30": "782.00000", "2018-03-31": "631.00000", "2017-12-31": "671.00000", "2017-09-30": "610.00000", "2017-06-30": "610.00000", "2017-03-31": "618.00000", "2016-12-31": "652.00000", "2016-09-30": "659.00000", "2016-06-30": "629.00000", "2016-03-31": "623.00000", "2015-12-31": "845.00000", "2015-09-30": "269.00000", "2015-06-30": "269.00000", "2015-03-31": "258.00000", "2014-12-31": "216.00000", "2014-09-30": "293.00000", "2014-06-30": "286.00000", "2014-03-31": "329.00000", "2013-12-31": "355.99000", "2013-09-30": "465.84400", "2013-06-30": "247.88800", "2013-03-31": "239.27800", "2012-12-31": "", "2012-09-30": "249.62000", "2012-06-30": "", "2011-12-31": ""}, "Other Operating Income Or Expenses": {"2020-09-30": "", "2020-06-30": "", "2020-03-31": "", "2019-12-31": "", "2019-09-30": "", "2019-06-30": "", "2019-03-31": "", "2018-12-31": "", "2018-09-30": "", "2018-06-30": "", "2018-03-31": "", "2017-12-31": "", "2017-09-30": "", "2017-06-30": "", "2017-03-31": "", "2016-12-31": "", "2016-09-30": "", "2016-06-30": "", "2016-03-31": "", "2015-12-31": "", "2015-09-30": "", "2015-06-30": "", "2015-03-31": "", "2014-12-31": "", "2014-09-30": "", "2014-06-30": "", "2014-03-31": "", "2013-12-31": "", "2013-09-30": "", "2013-06-30": "", "2013-03-31": "", "2012-12-31": "", "2012-09-30": "", "2012-06-30": "", "2011-12-31": ""}, "Operating Expenses": {"2020-09-30": "849.00000", "2020-06-30": "1107.00000", "2020-03-31": "1204.00000", "2019-12-31": "925.00000", "2019-09-30": "924.00000", "2019-06-30": "900.00000", "2019-03-31": "902.00000", "2018-12-31": "897.00000", "2018-09-30": "878.00000", "2018-06-30": "1002.00000", "2018-03-31": "831.00000", "2017-12-31": "875.00000", "2017-09-30": "817.00000", "2017-06-30": "813.00000", "2017-03-31": "820.00000", "2016-12-31": "853.00000", "2016-09-30": "874.00000", "2016-06-30": "843.00000", "2016-03-31": "849.00000", "2015-12-31": "1060.00000", "2015-09-30": "440.00000", "2015-06-30": "440.00000", "2015-03-31": "416.00000", "2014-12-31": "373.00000", "2014-09-30": "473.00000", "2014-06-30": "478.00000", "2014-03-31": "534.00000", "2013-12-31": "575.12200", "2013-09-30": "695.00100", "2013-06-30": "488.30600", "2013-03-31": "470.57100", "2012-12-31": "", "2012-09-30": "518.46700", "2012-06-30": "", "2011-12-31": ""}, "Operating Income": {"2020-09-30": "341.00000", "2020-06-30": "118.00000", "2020-03-31": "43.00000", "2019-12-31": "343.00000", "2019-09-30": "297.00000", "2019-06-30": "256.00000", "2019-03-31": "202.00000", "2018-12-31": "214.00000", "2018-09-30": "199.00000", "2018-06-30": "43.00000", "2018-03-31": "168.00000", "2017-12-31": "128.00000", "2017-09-30": "143.00000", "2017-06-30": "80.00000", "2017-03-31": "80.00000", "2016-12-31": "62.00000", "2016-09-30": "54.00000", "2016-06-30": "63.00000", "2016-03-31": "285.00000", "2015-12-31": "-264.00000", "2015-09-30": "34.00000", "2015-06-30": "25.00000", "2015-03-31": "41.00000", "2014-12-31": "-82.00000", "2014-09-30": "697.00000", "2014-06-30": "147.00000", "2014-03-31": "99.00000", "2013-12-31": "39.64500", "2013-09-30": "-91.64890", "2013-06-30": "143.88100", "2013-03-31": "-13.87700", "2012-12-31": "", "2012-09-30": "-68.78200", "2012-06-30": "", "2011-12-31": ""}, "Total Non-Operating Income/Expense": {"2020-09-30": "", "2020-06-30": "", "2020-03-31": "", "2019-12-31": "", "2019-09-30": "", "2019-06-30": "", "2019-03-31": "", "2018-12-31": "", "2018-09-30": "", "2018-06-30": "", "2018-03-31": "", "2017-12-31": "", "2017-09-30": "-22.00000", "2017-06-30": "-14.00000", "2017-03-31": "-23.00000", "2016-12-31": "-33.00000", "2016-09-30": "-21.00000", "2016-06-30": "-21.00000", "2016-03-31": "-33.00000", "2015-12-31": "-33.00000", "2015-09-30": "-14.00000", "2015-06-30": "-12.00000", "2015-03-31": "-3.00000", "2014-12-31": "", "2014-09-30": "", "2014-06-30": "", "2014-03-31": "", "2013-12-31": "", "2013-09-30": "", "2013-06-30": "", "2013-03-31": "", "2012-12-31": "", "2012-09-30": "", "2012-06-30": "", "2011-12-31": ""}, "Pre-Tax Income": {"2020-09-30": "341.00000", "2020-06-30": "118.00000", "2020-03-31": "43.00000", "2019-12-31": "343.00000", "2019-09-30": "297.00000", "2019-06-30": "256.00000", "2019-03-31": "202.00000", "2018-12-31": "214.00000", "2018-09-30": "199.00000", "2018-06-30": "43.00000", "2018-03-31": "168.00000", "2017-12-31": "187.00000", "2017-09-30": "121.00000", "2017-06-30": "66.00000", "2017-03-31": "57.00000", "2016-12-31": "29.00000", "2016-09-30": "33.00000", "2016-06-30": "42.00000", "2016-03-31": "252.00000", "2015-12-31": "-297.00000", "2015-09-30": "20.00000", "2015-06-30": "13.00000", "2015-03-31": "38.00000", "2014-12-31": "-82.00000", "2014-09-30": "697.00000", "2014-06-30": "147.00000", "2014-03-31": "99.00000", "2013-12-31": "39.64500", "2013-09-30": "-91.64900", "2013-06-30": "143.88100", "2013-03-31": "-13.87700", "2012-12-31": "", "2012-09-30": "-68.78200", "2012-06-30": "0.00000", "2011-12-31": ""}, "Income Taxes": {"2020-09-30": "91.00000", "2020-06-30": "29.00000", "2020-03-31": "11.00000", "2019-12-31": "82.00000", "2019-09-30": "49.00000", "2019-06-30": "62.00000", "2019-03-31": "50.00000", "2018-12-31": "46.00000", "2018-09-30": "51.00000", "2018-06-30": "36.00000", "2018-03-31": "44.00000", "2017-12-31": "148.00000", "2017-09-30": "52.00000", "2017-06-30": "24.00000", "2017-03-31": "24.00000", "2016-12-31": "2.00000", "2016-09-30": "8.00000", "2016-06-30": "16.00000", "2016-03-31": "87.00000", "2015-12-31": "-133.00000", "2015-09-30": "1.00000", "2015-06-30": "-8.00000", "2015-03-31": "7.00000", "2014-12-31": "-38.00000", "2014-09-30": "235.00000", "2014-06-30": "44.00000", "2014-03-31": "31.00000", "2013-12-31": "-14.00200", "2013-09-30": "-30.69800", "2013-06-30": "32.96300", "2013-03-31": "-4.26300", "2012-12-31": "", "2012-09-30": "-23.93800", "2012-06-30": "0.00000", "2011-12-31": ""}, "Income After Taxes": {"2020-09-30": "250.00000", "2020-06-30": "89.00000", "2020-03-31": "32.00000", "2019-12-31": "261.00000", "2019-09-30": "248.00000", "2019-06-30": "194.00000", "2019-03-31": "152.00000", "2018-12-31": "168.00000", "2018-09-30": "148.00000", "2018-06-30": "7.00000", "2018-03-31": "124.00000", "2017-12-31": "39.00000", "2017-09-30": "69.00000", "2017-06-30": "42.00000", "2017-03-31": "33.00000", "2016-12-31": "27.00000", "2016-09-30": "25.00000", "2016-06-30": "26.00000", "2016-03-31": "165.00000", "2015-12-31": "-164.00000", "2015-09-30": "19.00000", "2015-06-30": "21.00000", "2015-03-31": "31.00000", "2014-12-31": "-44.00000", "2014-09-30": "462.00000", "2014-06-30": "103.00000", "2014-03-31": "68.00000", "2013-12-31": "53.64700", "2013-09-30": "-60.95100", "2013-06-30": "110.91800", "2013-03-31": "-9.61400", "2012-12-31": "", "2012-09-30": "-44.84400", "2012-06-30": "", "2011-12-31": ""}, "Other Income": {"2020-09-30": "", "2020-06-30": "", "2020-03-31": "", "2019-12-31": "", "2019-09-30": "", "2019-06-30": "", "2019-03-31": "", "2018-12-31": "", "2018-09-30": "", "2018-06-30": "", "2018-03-31": "", "2017-12-31": "", "2017-09-30": "", "2017-06-30": "", "2017-03-31": "", "2016-12-31": "", "2016-09-30": "", "2016-06-30": "", "2016-03-31": "", "2015-12-31": "", "2015-09-30": "", "2015-06-30": "", "2015-03-31": "", "2014-12-31": "", "2014-09-30": "", "2014-06-30": "", "2014-03-31": "", "2013-12-31": "", "2013-09-30": "", "2013-06-30": "", "2013-03-31": "", "2012-12-31": "", "2012-09-30": "", "2012-06-30": "", "2011-12-31": ""}, "Income From Continuous Operations": {"2020-09-30": "250.00000", "2020-06-30": "89.00000", "2020-03-31": "32.00000", "2019-12-31": "261.00000", "2019-09-30": "248.00000", "2019-06-30": "194.00000", "2019-03-31": "152.00000", "2018-12-31": "168.00000", "2018-09-30": "148.00000", "2018-06-30": "7.00000", "2018-03-31": "124.00000", "2017-12-31": "39.00000", "2017-09-30": "69.00000", "2017-06-30": "42.00000", "2017-03-31": "33.00000", "2016-12-31": "27.00000", "2016-09-30": "25.00000", "2016-06-30": "26.00000", "2016-03-31": "165.00000", "2015-12-31": "-164.00000", "2015-09-30": "19.00000", "2015-06-30": "21.00000", "2015-03-31": "31.00000", "2014-12-31": "-44.00000", "2014-09-30": "462.00000", "2014-06-30": "103.00000", "2014-03-31": "68.00000", "2013-12-31": "53.64700", "2013-09-30": "-60.95100", "2013-06-30": "110.91800", "2013-03-31": "-9.61400", "2012-12-31": "", "2012-09-30": "-44.84400", "2012-06-30": "0.00000", "2011-12-31": ""}, "Income From Discontinued Operations": {"2020-09-30": "", "2020-06-30": "", "2020-03-31": "", "2019-12-31": "", "2019-09-30": "", "2019-06-30": "", "2019-03-31": "", "2018-12-31": "", "2018-09-30": "", "2018-06-30": "", "2018-03-31": "", "2017-12-31": "", "2017-09-30": "", "2017-06-30": "", "2017-03-31": "", "2016-12-31": "", "2016-09-30": "", "2016-06-30": "", "2016-03-31": "", "2015-12-31": "", "2015-09-30": "", "2015-06-30": "", "2015-03-31": "", "2014-12-31": "", "2014-09-30": "", "2014-06-30": "", "2014-03-31": "", "2013-12-31": "", "2013-09-30": "", "2013-06-30": "", "2013-03-31": "", "2012-12-31": "", "2012-09-30": "", "2012-06-30": "0.00000", "2011-12-31": ""}, "Net Income": {"2020-09-30": "250.00000", "2020-06-30": "89.00000", "2020-03-31": "32.00000", "2019-12-31": "261.00000", "2019-09-30": "248.00000", "2019-06-30": "194.00000", "2019-03-31": "152.00000", "2018-12-31": "168.00000", "2018-09-30": "148.00000", "2018-06-30": "7.00000", "2018-03-31": "124.00000", "2017-12-31": "39.00000", "2017-09-30": "69.00000", "2017-06-30": "42.00000", "2017-03-31": "33.00000", "2016-12-31": "27.00000", "2016-09-30": "25.00000", "2016-06-30": "26.00000", "2016-03-31": "137.00000", "2015-12-31": "-195.00000", "2015-09-30": "-13.00000", "2015-06-30": "-12.00000", "2015-03-31": "", "2014-12-31": "-88.00000", "2014-09-30": "427.00000", "2014-06-30": "72.00000", "2014-03-31": "52.00000", "2013-12-31": "27.03000", "2013-09-30": "-92.59400", "2013-06-30": "56.17800", "2013-03-31": "-9.61400", "2012-12-31": "", "2012-09-30": "-44.84400", "2012-06-30": "", "2011-12-31": ""}, "EBITDA": {"2020-09-30": "", "2020-06-30": "", "2020-03-31": "", "2019-12-31": "", "2019-09-30": "", "2019-06-30": "", "2019-03-31": "", "2018-12-31": "", "2018-09-30": "", "2018-06-30": "", "2018-03-31": "", "2017-12-31": "", "2017-09-30": "", "2017-06-30": "", "2017-03-31": "", "2016-12-31": "", "2016-09-30": "", "2016-06-30": "", "2016-03-31": "", "2015-12-31": "", "2015-09-30": "", "2015-06-30": "", "2015-03-31": "", "2014-12-31": "", "2014-09-30": "", "2014-06-30": "", "2014-03-31": "", "2013-12-31": "", "2013-09-30": "", "2013-06-30": "", "2013-03-31": "", "2012-12-31": "", "2012-09-30": "", "2012-06-30": "", "2011-12-31": ""}, "EBIT": {"2020-09-30": "", "2020-06-30": "", "2020-03-31": "", "2019-12-31": "", "2019-09-30": "", "2019-06-30": "", "2019-03-31": "", "2018-12-31": "", "2018-09-30": "", "2018-06-30": "", "2018-03-31": "", "2017-12-31": "", "2017-09-30": "", "2017-06-30": "", "2017-03-31": "", "2016-12-31": "", "2016-09-30": "", "2016-06-30": "", "2016-03-31": "", "2015-12-31": "", "2015-09-30": "", "2015-06-30": "", "2015-03-31": "", "2014-12-31": "", "2014-09-30": "", "2014-06-30": "", "2014-03-31": "", "2013-12-31": "", "2013-09-30": "", "2013-06-30": "", "2013-03-31": "", "2012-12-31": "", "2012-09-30": "", "2012-06-30": "", "2011-12-31": ""}, "Basic Shares Outstanding": {"2020-09-30": "134.32200", "2020-06-30": "134.31600", "2020-03-31": "135.90900", "2019-12-31": "136.07100", "2019-09-30": "136.09500", "2019-06-30": "136.08400", "2019-03-31": "136.00200", "2018-12-31": "135.70300", "2018-09-30": "135.75600", "2018-06-30": "135.67900", "2018-03-31": "135.59600", "2017-12-31": "135.24900", "2017-09-30": "135.25350", "2017-06-30": "135.25000", "2017-03-31": "135.21900", "2016-12-31": "134.71900", "2016-09-30": "134.73000", "2016-06-30": "134.72800", "2016-03-31": "134.69500", "2015-12-31": "127.91100", "2015-09-30": "134.45300", "2015-06-30": "127.41100", "2015-03-31": "115.02700", "2014-12-31": "114.79100", "2014-09-30": "114.78800", "2014-06-30": "114.78800", "2014-03-31": "114.78800", "2013-12-31": "102.91700", "2013-09-30": "100.00000", "2013-06-30": "100.00000", "2013-03-31": "100.00000", "2012-12-31": "", "2012-09-30": "100.00000", "2012-06-30": "", "2011-12-31": ""}, "Shares Outstanding": {"2020-09-30": "134.50800", "2020-06-30": "134.38000", "2020-03-31": "136.13900", "2019-12-31": "136.32700", "2019-09-30": "136.37600", "2019-06-30": "136.24900", "2019-03-31": "136.19100", "2018-12-31": "136.03400", "2018-09-30": "136.10700", "2018-06-30": "135.96900", "2018-03-31": "135.89700", "2017-12-31": "135.67900", "2017-09-30": "135.71120", "2017-06-30": "135.51300", "2017-03-31": "135.57300", "2016-12-31": "135.13600", "2016-09-30": "134.98700", "2016-06-30": "134.95300", "2016-03-31": "134.90800", "2015-12-31": "127.91100", "2015-09-30": "134.45300", "2015-06-30": "127.41100", "2015-03-31": "115.02700", "2014-12-31": "115.26500", "2014-09-30": "115.31600", "2014-06-30": "115.17600", "2014-03-31": "115.14500", "2013-12-31": "102.91700", "2013-09-30": "100.00000", "2013-06-30": "100.00000", "2013-03-31": "100.00000", "2012-12-31": "", "2012-09-30": "100.00000", "2012-06-30": "", "2011-12-31": ""}, "Basic EPS": {"2020-09-30": "1.86000", "2020-06-30": "0.66000", "2020-03-31": "0.24000", "2019-12-31": "1.91000", "2019-09-30": "1.82000", "2019-06-30": "1.43000", "2019-03-31": "1.12000", "2018-12-31": "1.24000", "2018-09-30": "1.09000", "2018-06-30": "0.05000", "2018-03-31": "0.91000", "2017-12-31": "0.27000", "2017-09-30": "0.52000", "2017-06-30": "0.31000", "2017-03-31": "0.25000", "2016-12-31": "0.20000", "2016-09-30": "0.19000", "2016-06-30": "0.19000", "2016-03-31": "1.02000", "2015-12-31": "-1.53000", "2015-09-30": "-0.10000", "2015-06-30": "-0.09000", "2015-03-31": "", "2014-12-31": "-0.78000", "2014-09-30": "3.72000", "2014-06-30": "0.63000", "2014-03-31": "0.46000", "2013-12-31": "0.28000", "2013-09-30": "-0.93000", "2013-06-30": "0.56000", "2013-03-31": "-0.10000", "2012-12-31": "", "2012-09-30": "-0.45000", "2012-06-30": "", "2011-12-31": ""}, "EPS - Earnings Per Share": {"2020-09-30": "1.86000", "2020-06-30": "0.66000", "2020-03-31": "0.24000", "2019-12-31": "1.92000", "2019-09-30": "1.82000", "2019-06-30": "1.42000", "2019-03-31": "1.11000", "2018-12-31": "1.24000", "2018-09-30": "1.09000", "2018-06-30": "0.05000", "2018-03-31": "0.91000", "2017-12-31": "0.29000", "2017-09-30": "0.51000", "2017-06-30": "0.30000", "2017-03-31": "0.25000", "2016-12-31": "0.20000", "2016-09-30": "0.19000", "2016-06-30": "0.19000", "2016-03-31": "1.01000", "2015-12-31": "-1.53000", "2015-09-30": "-0.10000", "2015-06-30": "-0.09000", "2015-03-31": "0.00000", "2014-12-31": "-0.76000", "2014-09-30": "3.70000", "2014-06-30": "0.63000", "2014-03-31": "0.45000", "2013-12-31": "0.28000", "2013-09-30": "-0.93000", "2013-06-30": "0.56000", "2013-03-31": "-0.10000", "2012-12-31": "0.00000", "2012-09-30": "-0.45000", "2012-06-30": "0.00000", "2011-12-31": "0.00000"}}, "balance sheet": {"Cash On Hand": {"2019-12-31": "1227.00000", "2018-12-31": "679.00000", "2017-12-31": "987.00000", "2016-12-31": "579.00000", "2015-12-31": "939.00000", "2014-12-31": "879.00000", "2013-12-31": "431.40900", "2012-12-31": "1554.34800", "2011-12-31": "689.58600"}, "Receivables": {"2019-12-31": "", "2018-12-31": "", "2017-12-31": "", "2016-12-31": "", "2015-12-31": "", "2014-12-31": "", "2013-12-31": "", "2012-12-31": "", "2011-12-31": ""}, "Inventory": {"2019-12-31": "", "2018-12-31": "", "2017-12-31": "", "2016-12-31": "", "2015-12-31": "", "2014-12-31": "", "2013-12-31": "", "2012-12-31": "", "2011-12-31": ""}, "Pre-Paid Expenses": {"2019-12-31": "", "2018-12-31": "", "2017-12-31": "", "2016-12-31": "", "2015-12-31": "", "2014-12-31": "", "2013-12-31": "", "2012-12-31": "", "2011-12-31": ""}, "Other Current Assets": {"2019-12-31": "", "2018-12-31": "", "2017-12-31": "", "2016-12-31": "", "2015-12-31": "", "2014-12-31": "", "2013-12-31": "", "2012-12-31": "", "2011-12-31": ""}, "Total Current Assets": {"2019-12-31": "17994.00000", "2018-12-31": "15450.00000", "2017-12-31": "14657.00000", "2016-12-31": "13036.00000", "2015-12-31": "15244.00000", "2014-12-31": "6969.00000", "2013-12-31": "13856.40000", "2012-12-31": "13181.69000", "2011-12-31": "13788.34000"}, "Property, Plant, And Equipment": {"2019-12-31": "", "2018-12-31": "", "2017-12-31": "", "2016-12-31": "", "2015-12-31": "", "2014-12-31": "", "2013-12-31": "", "2012-12-31": "", "2011-12-31": ""}, "Long-Term Investments": {"2019-12-31": "1884.00000", "2018-12-31": "1694.00000", "2017-12-31": "1697.00000", "2016-12-31": "1764.00000", "2015-12-31": "1867.00000", "2014-12-31": "2935.00000", "2013-12-31": "582.09000", "2012-12-31": "888.57700", "2011-12-31": "1045.47400"}, "Goodwill And Intangible Assets": {"2019-12-31": "1765.00000", "2018-12-31": "1810.00000", "2017-12-31": "1862.00000", "2016-12-31": "1914.00000", "2015-12-31": "1999.00000", "2014-12-31": "21.00000", "2013-12-31": "", "2012-12-31": "", "2011-12-31": ""}, "Other Long-Term Assets": {"2019-12-31": "1174.00000", "2018-12-31": "1136.00000", "2017-12-31": "1217.00000", "2016-12-31": "1409.00000", "2015-12-31": "2080.00000", "2014-12-31": "887.00000", "2013-12-31": "964.19900", "2012-12-31": "596.35600", "2011-12-31": "661.07400"}, "Total Long-Term Assets": {"2019-12-31": "4823.00000", "2018-12-31": "4640.00000", "2017-12-31": "4776.00000", "2016-12-31": "5087.00000", "2015-12-31": "5946.00000", "2014-12-31": "3843.00000", "2013-12-31": "1546.28900", "2012-12-31": "1484.93300", "2011-12-31": "1706.54800"}, "Total Assets": {"2019-12-31": "22817.00000", "2018-12-31": "20090.00000", "2017-12-31": "19433.00000", "2016-12-31": "18123.00000", "2015-12-31": "21190.00000", "2014-12-31": "10812.00000", "2013-12-31": "15402.69000", "2012-12-31": "14666.62000", "2011-12-31": "15494.89000"}, "Total Current Liabilities": {"2019-12-31": "", "2018-12-31": "", "2017-12-31": "", "2016-12-31": "", "2015-12-31": "", "2014-12-31": "", "2013-12-31": "", "2012-12-31": "", "2011-12-31": ""}, "Long Term Debt": {"2019-12-31": "17212.00000", "2018-12-31": "15178.00000", "2017-12-31": "15050.00000", "2016-12-31": "13959.00000", "2015-12-31": "17300.00000", "2014-12-31": "8356.00000", "2013-12-31": "12769.04000", "2012-12-31": "12620.85000", "2011-12-31": "13070.39000"}, "Other Non-Current Liabilities": {"2019-12-31": "1241.00000", "2018-12-31": "1068.00000", "2017-12-31": "1060.00000", "2016-12-31": "1089.00000", "2015-12-31": "1131.00000", "2014-12-31": "467.00000", "2013-12-31": "601.50200", "2012-12-31": "593.04900", "2011-12-31": "656.62600"}, "Total Long Term Liabilities": {"2019-12-31": "18487.00000", "2018-12-31": "16291.00000", "2017-12-31": "16155.00000", "2016-12-31": "15057.00000", "2015-12-31": "18460.00000", "2014-12-31": "8975.00000", "2013-12-31": "13516.06000", "2012-12-31": "13485.70000", "2011-12-31": "14131.98000"}, "Total Liabilities": {"2019-12-31": "18487.00000", "2018-12-31": "16291.00000", "2017-12-31": "16155.00000", "2016-12-31": "15057.00000", "2015-12-31": "18460.00000", "2014-12-31": "8975.00000", "2013-12-31": "13516.06000", "2012-12-31": "13485.70000", "2011-12-31": "14131.98000"}, "Common Stock Net": {"2019-12-31": "1.00000", "2018-12-31": "1.00000", "2017-12-31": "1.00000", "2016-12-31": "1.00000", "2015-12-31": "1.00000", "2014-12-31": "1.00000", "2013-12-31": "1.14800", "2012-12-31": "1.00000", "2011-12-31": "1.00000"}, "Retained Earnings (Accumulated Deficit)": {"2019-12-31": "2596.00000", "2018-12-31": "2151.00000", "2017-12-31": "1706.00000", "2016-12-31": "1523.00000", "2015-12-31": "1308.00000", "2014-12-31": "1492.00000", "2013-12-31": "986.69000", "2012-12-31": "1005.99100", "2011-12-31": "1240.11900"}, "Comprehensive Income": {"2019-12-31": "44.00000", "2018-12-31": "-34.00000", "2017-12-31": "11.00000", "2016-12-31": "-6.00000", "2015-12-31": "-33.00000", "2014-12-31": "3.00000", "2013-12-31": "28.09500", "2012-12-31": "26.47200", "2011-12-31": "-25.67100"}, "Other Share Holders Equity": {"2019-12-31": "", "2018-12-31": "", "2017-12-31": "", "2016-12-31": "", "2015-12-31": "", "2014-12-31": "", "2013-12-31": "", "2012-12-31": "", "2011-12-31": ""}, "Share Holder Equity": {"2019-12-31": "4330.00000", "2018-12-31": "3799.00000", "2017-12-31": "3278.00000", "2016-12-31": "3066.00000", "2015-12-31": "2730.00000", "2014-12-31": "1837.00000", "2013-12-31": "1886.62800", "2012-12-31": "1180.92200", "2011-12-31": "1362.90400"}, "Total Liabilities And Share Holders Equity": {"2019-12-31": "22817.00000", "2018-12-31": "20090.00000", "2017-12-31": "19433.00000", "2016-12-31": "18123.00000", "2015-12-31": "21190.00000", "2014-12-31": "10812.00000", "2013-12-31": "15402.69000", "2012-12-31": "14666.62000", "2011-12-31": "15494.89000"}}, "balance sheet, quarterly": {"Cash On Hand": {"2020-09-30": "1944.00000", "2020-06-30": "2740.00000", "2020-03-31": "4203.00000", "2019-12-31": "1227.00000", "2019-09-30": "1393.00000", "2019-06-30": "786.00000", "2019-03-31": "1709.00000", "2018-12-31": "679.00000", "2018-09-30": "1243.00000", "2018-06-30": "556.00000", "2018-03-31": "1807.00000", "2017-12-31": "987.00000", "2017-09-30": "916.00000", "2017-06-30": "862.00000", "2017-03-31": "787.00000", "2016-12-31": "579.00000", "2016-09-30": "658.00000", "2016-06-30": "742.00000", "2016-03-31": "716.00000", "2015-12-31": "939.00000", "2015-09-30": "3865.00000", "2015-06-30": "3594.00000", "2015-03-31": "2421.00000", "2014-12-31": "879.00000", "2014-09-30": "1970.51200", "2014-06-30": "891.34100", "2014-03-31": "764.16300", "2013-12-31": "431.40900", "2013-09-30": "1249.63600", "2013-06-30": "646.37200", "2013-03-31": "", "2012-12-31": "", "2012-09-30": "", "2012-06-30": "", "2011-12-31": "689.58000"}, "Receivables": {"2020-09-30": "", "2020-06-30": "", "2020-03-31": "", "2019-12-31": "", "2019-09-30": "", "2019-06-30": "", "2019-03-31": "", "2018-12-31": "", "2018-09-30": "", "2018-06-30": "", "2018-03-31": "", "2017-12-31": "", "2017-09-30": "", "2017-06-30": "", "2017-03-31": "", "2016-12-31": "", "2016-09-30": "", "2016-06-30": "", "2016-03-31": "", "2015-12-31": "", "2015-09-30": "", "2015-06-30": "", "2015-03-31": "", "2014-12-31": "", "2014-09-30": "", "2014-06-30": "", "2014-03-31": "", "2013-12-31": "", "2013-09-30": "", "2013-06-30": "", "2013-03-31": "", "2012-12-31": "", "2012-09-30": "", "2012-06-30": "", "2011-12-31": ""}, "Inventory": {"2020-09-30": "", "2020-06-30": "", "2020-03-31": "", "2019-12-31": "", "2019-09-30": "", "2019-06-30": "", "2019-03-31": "", "2018-12-31": "", "2018-09-30": "", "2018-06-30": "", "2018-03-31": "", "2017-12-31": "", "2017-09-30": "", "2017-06-30": "", "2017-03-31": "", "2016-12-31": "", "2016-09-30": "", "2016-06-30": "", "2016-03-31": "", "2015-12-31": "", "2015-09-30": "", "2015-06-30": "", "2015-03-31": "", "2014-12-31": "", "2014-09-30": "", "2014-06-30": "", "2014-03-31": "", "2013-12-31": "", "2013-09-30": "", "2013-06-30": "", "2013-03-31": "", "2012-12-31": "", "2012-09-30": "", "2012-06-30": "", "2011-12-31": ""}, "Pre-Paid Expenses": {"2020-09-30": "", "2020-06-30": "", "2020-03-31": "", "2019-12-31": "", "2019-09-30": "", "2019-06-30": "", "2019-03-31": "", "2018-12-31": "", "2018-09-30": "", "2018-06-30": "", "2018-03-31": "", "2017-12-31": "", "2017-09-30": "", "2017-06-30": "", "2017-03-31": "", "2016-12-31": "", "2016-09-30": "", "2016-06-30": "", "2016-03-31": "", "2015-12-31": "", "2015-09-30": "", "2015-06-30": "", "2015-03-31": "", "2014-12-31": "", "2014-09-30": "", "2014-06-30": "", "2014-03-31": "", "2013-12-31": "", "2013-09-30": "", "2013-06-30": "", "2013-03-31": "", "2012-12-31": "", "2012-09-30": "", "2012-06-30": "", "2011-12-31": ""}, "Other Current Assets": {"2020-09-30": "", "2020-06-30": "", "2020-03-31": "", "2019-12-31": "", "2019-09-30": "", "2019-06-30": "", "2019-03-31": "", "2018-12-31": "", "2018-09-30": "", "2018-06-30": "", "2018-03-31": "", "2017-12-31": "", "2017-09-30": "", "2017-06-30": "", "2017-03-31": "", "2016-12-31": "", "2016-09-30": "", "2016-06-30": "", "2016-03-31": "", "2015-12-31": "", "2015-09-30": "", "2015-06-30": "", "2015-03-31": "", "2014-12-31": "", "2014-09-30": "", "2014-06-30": "", "2014-03-31": "", "2013-12-31": "", "2013-09-30": "", "2013-06-30": "", "2013-03-31": "", "2012-12-31": "", "2012-09-30": "", "2012-06-30": "", "2011-12-31": ""}, "Total Current Assets": {"2020-09-30": "16659.00000", "2020-06-30": "17346.00000", "2020-03-31": "19493.00000", "2019-12-31": "17994.00000", "2019-09-30": "17624.00000", "2019-06-30": "16302.00000", "2019-03-31": "16444.00000", "2018-12-31": "15450.00000", "2018-09-30": "15656.00000", "2018-06-30": "14751.00000", "2018-03-31": "15520.00000", "2017-12-31": "14657.00000", "2017-09-30": "14140.00000", "2017-06-30": "13664.00000", "2017-03-31": "12951.00000", "2016-12-31": "13036.00000", "2016-09-30": "13248.00000", "2016-06-30": "13273.00000", "2016-03-31": "13204.00000", "2015-12-31": "15244.00000", "2015-09-30": "9974.00000", "2015-06-30": "10084.00000", "2015-03-31": "8666.00000", "2014-12-31": "6969.00000", "2014-09-30": "8209.42900", "2014-06-30": "12542.46000", "2014-03-31": "12974.32000", "2013-12-31": "13856.40000", "2013-09-30": "14979.92000", "2013-06-30": "14702.87000", "2013-03-31": "", "2012-12-31": "", "2012-09-30": "", "2012-06-30": "", "2011-12-31": "13788.33000"}, "Property, Plant, And Equipment": {"2020-09-30": "", "2020-06-30": "", "2020-03-31": "", "2019-12-31": "", "2019-09-30": "", "2019-06-30": "", "2019-03-31": "", "2018-12-31": "", "2018-09-30": "", "2018-06-30": "", "2018-03-31": "", "2017-12-31": "", "2017-09-30": "", "2017-06-30": "", "2017-03-31": "", "2016-12-31": "", "2016-09-30": "", "2016-06-30": "", "2016-03-31": "", "2015-12-31": "", "2015-09-30": "", "2015-06-30": "", "2015-03-31": "", "2014-12-31": "", "2014-09-30": "", "2014-06-30": "", "2014-03-31": "", "2013-12-31": "", "2013-09-30": "", "2013-06-30": "", "2013-03-31": "", "2012-12-31": "", "2012-09-30": "", "2012-06-30": "", "2011-12-31": ""}, "Long-Term Investments": {"2020-09-30": "1882.00000", "2020-06-30": "1862.00000", "2020-03-31": "1800.00000", "2019-12-31": "1884.00000", "2019-09-30": "1779.00000", "2019-06-30": "1721.00000", "2019-03-31": "1743.00000", "2018-12-31": "1694.00000", "2018-09-30": "1707.00000", "2018-06-30": "1720.00000", "2018-03-31": "1706.00000", "2017-12-31": "1697.00000", "2017-09-30": "1668.00000", "2017-06-30": "1750.00000", "2017-03-31": "1755.00000", "2016-12-31": "1764.00000", "2016-09-30": "1788.00000", "2016-06-30": "1744.00000", "2016-03-31": "1872.00000", "2015-12-31": "1867.00000", "2015-09-30": "1742.00000", "2015-06-30": "2271.00000", "2015-03-31": "2736.00000", "2014-12-31": "2935.00000", "2014-09-30": "1723.38100", "2014-06-30": "657.48300", "2014-03-31": "635.04300", "2013-12-31": "582.09000", "2013-09-30": "594.47100", "2013-06-30": "557.37800", "2013-03-31": "", "2012-12-31": "", "2012-09-30": "", "2012-06-30": "", "2011-12-31": "1045.47000"}, "Goodwill And Intangible Assets": {"2020-09-30": "1737.00000", "2020-06-30": "1746.00000", "2020-03-31": "1756.00000", "2019-12-31": "1765.00000", "2019-09-30": "1774.00000", "2019-06-30": "1784.00000", "2019-03-31": "1794.00000", "2018-12-31": "1810.00000", "2018-09-30": "1820.00000", "2018-06-30": "1831.00000", "2018-03-31": "1850.00000", "2017-12-31": "1862.00000", "2017-09-30": "1874.00000", "2017-06-30": "1886.00000", "2017-03-31": "1899.00000", "2016-12-31": "1914.00000", "2016-09-30": "1929.00000", "2016-06-30": "1945.00000", "2016-03-31": "1961.00000", "2015-12-31": "1999.00000", "2015-09-30": "", "2015-06-30": "", "2015-03-31": "", "2014-12-31": "21.00000", "2014-09-30": "", "2014-06-30": "", "2014-03-31": "", "2013-12-31": "", "2013-09-30": "", "2013-06-30": "", "2013-03-31": "0.00000", "2012-12-31": "", "2012-09-30": "0.00000", "2012-06-30": "0.00000", "2011-12-31": "0.00000"}, "Other Long-Term Assets": {"2020-09-30": "1579.00000", "2020-06-30": "1554.00000", "2020-03-31": "1644.00000", "2019-12-31": "1174.00000", "2019-09-30": "1233.00000", "2019-06-30": "1210.00000", "2019-03-31": "1377.00000", "2018-12-31": "1136.00000", "2018-09-30": "1285.00000", "2018-06-30": "1338.00000", "2018-03-31": "1391.00000", "2017-12-31": "1217.00000", "2017-09-30": "1368.00000", "2017-06-30": "1398.00000", "2017-03-31": "1368.00000", "2016-12-31": "1409.00000", "2016-09-30": "1388.00000", "2016-06-30": "1582.00000", "2016-03-31": "2018.00000", "2015-12-31": "2080.00000", "2015-09-30": "1568.00000", "2015-06-30": "953.00000", "2015-03-31": "1005.00000", "2014-12-31": "887.00000", "2014-09-30": "1330.00800", "2014-06-30": "883.41500", "2014-03-31": "913.00400", "2013-12-31": "964.19900", "2013-09-30": "852.97300", "2013-06-30": "782.04500", "2013-03-31": "", "2012-12-31": "", "2012-09-30": "", "2012-06-30": "", "2011-12-31": "661.07000"}, "Total Long-Term Assets": {"2020-09-30": "5198.00000", "2020-06-30": "5162.00000", "2020-03-31": "5200.00000", "2019-12-31": "4823.00000", "2019-09-30": "4786.00000", "2019-06-30": "4715.00000", "2019-03-31": "4914.00000", "2018-12-31": "4640.00000", "2018-09-30": "4812.00000", "2018-06-30": "4889.00000", "2018-03-31": "4947.00000", "2017-12-31": "4776.00000", "2017-09-30": "4910.00000", "2017-06-30": "5034.00000", "2017-03-31": "5022.00000", "2016-12-31": "5087.00000", "2016-09-30": "5105.00000", "2016-06-30": "5271.00000", "2016-03-31": "5851.00000", "2015-12-31": "5946.00000", "2015-09-30": "3310.00000", "2015-06-30": "3224.00000", "2015-03-31": "3741.00000", "2014-12-31": "3843.00000", "2014-09-30": "3053.38900", "2014-06-30": "1540.89800", "2014-03-31": "1548.04700", "2013-12-31": "1546.28900", "2013-09-30": "1447.44400", "2013-06-30": "1339.42300", "2013-03-31": "", "2012-12-31": "", "2012-09-30": "", "2012-06-30": "", "2011-12-31": "1706.54000"}, "Total Assets": {"2020-09-30": "21857.00000", "2020-06-30": "22508.00000", "2020-03-31": "24693.00000", "2019-12-31": "22817.00000", "2019-09-30": "22410.00000", "2019-06-30": "21017.00000", "2019-03-31": "21358.00000", "2018-12-31": "20090.00000", "2018-09-30": "20468.00000", "2018-06-30": "19640.00000", "2018-03-31": "20467.00000", "2017-12-31": "19433.00000", "2017-09-30": "19050.00000", "2017-06-30": "18698.00000", "2017-03-31": "17973.00000", "2016-12-31": "18123.00000", "2016-09-30": "18353.00000", "2016-06-30": "18544.00000", "2016-03-31": "19055.00000", "2015-12-31": "21190.00000", "2015-09-30": "13284.00000", "2015-06-30": "13308.00000", "2015-03-31": "12407.00000", "2014-12-31": "10812.00000", "2014-09-30": "11262.82000", "2014-06-30": "14083.36000", "2014-03-31": "14522.37000", "2013-12-31": "15402.69000", "2013-09-30": "16427.36000", "2013-06-30": "16042.29000", "2013-03-31": "0.00000", "2012-12-31": "0.00000", "2012-09-30": "0.00000", "2012-06-30": "0.00000", "2011-12-31": "15494.89000"}, "Total Current Liabilities": {"2020-09-30": "", "2020-06-30": "", "2020-03-31": "", "2019-12-31": "", "2019-09-30": "", "2019-06-30": "", "2019-03-31": "", "2018-12-31": "", "2018-09-30": "", "2018-06-30": "", "2018-03-31": "", "2017-12-31": "", "2017-09-30": "", "2017-06-30": "", "2017-03-31": "", "2016-12-31": "", "2016-09-30": "", "2016-06-30": "", "2016-03-31": "", "2015-12-31": "", "2015-09-30": "", "2015-06-30": "", "2015-03-31": "", "2014-12-31": "", "2014-09-30": "", "2014-06-30": "", "2014-03-31": "", "2013-12-31": "", "2013-09-30": "", "2013-06-30": "", "2013-03-31": "", "2012-12-31": "", "2012-09-30": "", "2012-06-30": "", "2011-12-31": ""}, "Long Term Debt": {"2020-09-30": "17531.00000", "2020-06-30": "18010.00000", "2020-03-31": "20443.00000", "2019-12-31": "17212.00000", "2019-09-30": "17021.00000", "2019-06-30": "15551.00000", "2019-03-31": "16117.00000", "2018-12-31": "15178.00000", "2018-09-30": "15731.00000", "2018-06-30": "15054.00000", "2018-03-31": "15898.00000", "2017-12-31": "15050.00000", "2017-09-30": "14619.00000", "2017-06-30": "14409.00000", "2017-03-31": "13679.00000", "2016-12-31": "13959.00000", "2016-09-30": "13994.00000", "2016-06-30": "14362.00000", "2016-03-31": "14870.00000", "2015-12-31": "17300.00000", "2015-09-30": "9555.00000", "2015-06-30": "9676.00000", "2015-03-31": "9635.00000", "2014-12-31": "8356.00000", "2014-09-30": "7858.03700", "2014-06-30": "11261.02000", "2014-03-31": "11738.67000", "2013-12-31": "12769.04000", "2013-09-30": "13998.96000", "2013-06-30": "13470.41000", "2013-03-31": "", "2012-12-31": "", "2012-09-30": "", "2012-06-30": "", "2011-12-31": "13070.39000"}, "Other Non-Current Liabilities": {"2020-09-30": "1148.00000", "2020-06-30": "1203.00000", "2020-03-31": "1130.00000", "2019-12-31": "1241.00000", "2019-09-30": "1258.00000", "2019-06-30": "1291.00000", "2019-03-31": "1210.00000", "2018-12-31": "1068.00000", "2018-09-30": "1073.00000", "2018-06-30": "1094.00000", "2018-03-31": "1115.00000", "2017-12-31": "1060.00000", "2017-09-30": "1185.00000", "2017-06-30": "1130.00000", "2017-03-31": "1181.00000", "2016-12-31": "1089.00000", "2016-09-30": "1241.00000", "2016-06-30": "1151.00000", "2016-03-31": "1204.00000", "2015-12-31": "1131.00000", "2015-09-30": "761.00000", "2015-06-30": "685.00000", "2015-03-31": "779.00000", "2014-12-31": "467.00000", "2014-09-30": "740.79000", "2014-06-30": "614.53300", "2014-03-31": "651.96000", "2013-12-31": "601.50200", "2013-09-30": "656.12400", "2013-06-30": "603.94400", "2013-03-31": "", "2012-12-31": "", "2012-09-30": "", "2012-06-30": "", "2011-12-31": "1061.58000"}, "Total Long Term Liabilities": {"2020-09-30": "18734.00000", "2020-06-30": "19337.00000", "2020-03-31": "21641.00000", "2019-12-31": "18487.00000", "2019-09-30": "18316.00000", "2019-06-30": "16876.00000", "2019-03-31": "17408.00000", "2018-12-31": "16291.00000", "2018-09-30": "16828.00000", "2018-06-30": "16151.00000", "2018-03-31": "17085.00000", "2017-12-31": "16155.00000", "2017-09-30": "15820.00000", "2017-06-30": "15544.00000", "2017-03-31": "14868.00000", "2016-12-31": "15057.00000", "2016-09-30": "15307.00000", "2016-06-30": "15524.00000", "2016-03-31": "16127.00000", "2015-12-31": "18460.00000", "2015-09-30": "10455.00000", "2015-06-30": "10477.00000", "2015-03-31": "10556.00000", "2014-12-31": "8975.00000", "2014-09-30": "8752.70000", "2014-06-30": "12017.73000", "2014-03-31": "12560.45000", "2013-12-31": "13516.06000", "2013-09-30": "14833.53000", "2013-06-30": "14318.57000", "2013-03-31": "", "2012-12-31": "", "2012-09-30": "", "2012-06-30": "", "2011-12-31": "14131.97000"}, "Total Liabilities": {"2020-09-30": "18734.00000", "2020-06-30": "19337.00000", "2020-03-31": "21641.00000", "2019-12-31": "18487.00000", "2019-09-30": "18316.00000", "2019-06-30": "16876.00000", "2019-03-31": "17408.00000", "2018-12-31": "16291.00000", "2018-09-30": "16828.00000", "2018-06-30": "16151.00000", "2018-03-31": "17085.00000", "2017-12-31": "16155.00000", "2017-09-30": "15820.00000", "2017-06-30": "15544.00000", "2017-03-31": "14868.00000", "2016-12-31": "15057.00000", "2016-09-30": "15307.00000", "2016-06-30": "15524.00000", "2016-03-31": "16127.00000", "2015-12-31": "18460.00000", "2015-09-30": "10455.00000", "2015-06-30": "10477.00000", "2015-03-31": "10556.00000", "2014-12-31": "8975.00000", "2014-09-30": "8752.70000", "2014-06-30": "12017.73000", "2014-03-31": "12560.45000", "2013-12-31": "13516.06000", "2013-09-30": "14833.53000", "2013-06-30": "14318.57000", "2013-03-31": "0.00000", "2012-12-31": "", "2012-09-30": "0.00000", "2012-06-30": "0.00000", "2011-12-31": "14131.98000"}, "Common Stock Net": {"2020-09-30": "1.00000", "2020-06-30": "1.00000", "2020-03-31": "1.00000", "2019-12-31": "1.00000", "2019-09-30": "1.00000", "2019-06-30": "1.00000", "2019-03-31": "1.00000", "2018-12-31": "1.00000", "2018-09-30": "1.00000", "2018-06-30": "1.00000", "2018-03-31": "1.00000", "2017-12-31": "1.00000", "2017-09-30": "1.00000", "2017-06-30": "1.00000", "2017-03-31": "1.00000", "2016-12-31": "1.00000", "2016-09-30": "1.00000", "2016-06-30": "1.00000", "2016-03-31": "1.00000", "2015-12-31": "1.00000", "2015-09-30": "1.00000", "2015-06-30": "1.00000", "2015-03-31": "1.00000", "2014-12-31": "1.00000", "2014-09-30": "1.14800", "2014-06-30": "1.14800", "2014-03-31": "1.14800", "2013-12-31": "1.14800", "2013-09-30": "1.00000", "2013-06-30": "1.00000", "2013-03-31": "0.00000", "2012-12-31": "", "2012-09-30": "0.00000", "2012-06-30": "0.00000", "2011-12-31": "1.00000"}, "Retained Earnings (Accumulated Deficit)": {"2020-09-30": "1392.00000", "2020-06-30": "1457.00000", "2020-03-31": "1412.00000", "2019-12-31": "2596.00000", "2019-09-30": "2369.00000", "2019-06-30": "2429.00000", "2019-03-31": "2269.00000", "2018-12-31": "2151.00000", "2018-09-30": "1983.00000", "2018-06-30": "1835.00000", "2018-03-31": "1830.00000", "2017-12-31": "1706.00000", "2017-09-30": "1667.00000", "2017-06-30": "1598.00000", "2017-03-31": "1556.00000", "2016-12-31": "1523.00000", "2016-09-30": "1496.00000", "2016-06-30": "1471.00000", "2016-03-31": "1403.00000", "2015-12-31": "1308.00000", "2015-09-30": "1469.00000", "2015-06-30": "1480.00000", "2015-03-31": "1492.00000", "2014-12-31": "1492.00000", "2014-09-30": "1538.15300", "2014-06-30": "1111.40300", "2014-03-31": "1039.01400", "2013-12-31": "986.69000", "2013-09-30": "975.62300", "2013-06-30": "1066.35600", "2013-03-31": "", "2012-12-31": "", "2012-09-30": "", "2012-06-30": "", "2011-12-31": "1240.11000"}, "Comprehensive Income": {"2020-09-30": "79.00000", "2020-06-30": "65.00000", "2020-03-31": "-6.00000", "2019-12-31": "44.00000", "2019-09-30": "38.00000", "2019-06-30": "28.00000", "2019-03-31": "-2.00000", "2018-12-31": "-34.00000", "2018-09-30": "-22.00000", "2018-06-30": "-21.00000", "2018-03-31": "-12.00000", "2017-12-31": "11.00000", "2017-09-30": "5.00000", "2017-06-30": "3.00000", "2017-03-31": "-2.00000", "2016-12-31": "-6.00000", "2016-09-30": "4.00000", "2016-06-30": "5.00000", "2016-03-31": "-13.00000", "2015-12-31": "-33.00000", "2015-09-30": "-11.00000", "2015-06-30": "-7.00000", "2015-03-31": "3.00000", "2014-12-31": "3.00000", "2014-09-30": "34.28900", "2014-06-30": "37.81900", "2014-03-31": "33.16400", "2013-12-31": "28.09500", "2013-09-30": "21.14500", "2013-06-30": "23.40600", "2013-03-31": "", "2012-12-31": "", "2012-09-30": "", "2012-06-30": "", "2011-12-31": ""}, "Other Share Holders Equity": {"2020-09-30": "", "2020-06-30": "", "2020-03-31": "", "2019-12-31": "", "2019-09-30": "", "2019-06-30": "", "2019-03-31": "", "2018-12-31": "", "2018-09-30": "", "2018-06-30": "", "2018-03-31": "", "2017-12-31": "", "2017-09-30": "", "2017-06-30": "", "2017-03-31": "", "2016-12-31": "", "2016-09-30": "", "2016-06-30": "", "2016-03-31": "", "2015-12-31": "", "2015-09-30": "", "2015-06-30": "", "2015-03-31": "", "2014-12-31": "", "2014-09-30": "", "2014-06-30": "", "2014-03-31": "", "2013-12-31": "", "2013-09-30": "", "2013-06-30": "", "2013-03-31": "0.00000", "2012-12-31": "", "2012-09-30": "0.00000", "2012-06-30": "0.00000", "2011-12-31": "-25.67000"}, "Share Holder Equity": {"2020-09-30": "3123.00000", "2020-06-30": "3171.00000", "2020-03-31": "3052.00000", "2019-12-31": "4330.00000", "2019-09-30": "4094.00000", "2019-06-30": "4141.00000", "2019-03-31": "3950.00000", "2018-12-31": "3799.00000", "2018-09-30": "3640.00000", "2018-06-30": "3489.00000", "2018-03-31": "3382.00000", "2017-12-31": "3278.00000", "2017-09-30": "3230.00000", "2017-06-30": "3154.00000", "2017-03-31": "3105.00000", "2016-12-31": "3066.00000", "2016-09-30": "3046.00000", "2016-06-30": "3020.00000", "2016-03-31": "2928.00000", "2015-12-31": "2730.00000", "2015-09-30": "2829.00000", "2015-06-30": "2831.00000", "2015-03-31": "1851.00000", "2014-12-31": "1837.00000", "2014-09-30": "2510.11800", "2014-06-30": "2065.62800", "2014-03-31": "1961.91100", "2013-12-31": "1886.62800", "2013-09-30": "1593.83600", "2013-06-30": "1723.72600", "2013-03-31": "0.00000", "2012-12-31": "", "2012-09-30": "0.00000", "2012-06-30": "0.00000", "2011-12-31": "1362.90000"}, "Total Liabilities And Share Holders Equity": {"2020-09-30": "21857.00000", "2020-06-30": "22508.00000", "2020-03-31": "24693.00000", "2019-12-31": "22817.00000", "2019-09-30": "22410.00000", "2019-06-30": "21017.00000", "2019-03-31": "21358.00000", "2018-12-31": "20090.00000", "2018-09-30": "20468.00000", "2018-06-30": "19640.00000", "2018-03-31": "20467.00000", "2017-12-31": "19433.00000", "2017-09-30": "19050.00000", "2017-06-30": "18698.00000", "2017-03-31": "17973.00000", "2016-12-31": "18123.00000", "2016-09-30": "18353.00000", "2016-06-30": "18544.00000", "2016-03-31": "19055.00000", "2015-12-31": "21190.00000", "2015-09-30": "13284.00000", "2015-06-30": "13308.00000", "2015-03-31": "12407.00000", "2014-12-31": "10812.00000", "2014-09-30": "11262.82000", "2014-06-30": "14083.36000", "2014-03-31": "14522.37000", "2013-12-31": "15402.69000", "2013-09-30": "16427.36000", "2013-06-30": "16042.29000", "2013-03-31": "0.00000", "2012-12-31": "", "2012-09-30": "0.00000", "2012-06-30": "0.00000", "2011-12-31": "15494.89000"}}, "cash flow statement": {"Net Income/Loss": {"2019-12-31": "855.00000", "2018-12-31": "447.00000", "2017-12-31": "183.00000", "2016-12-31": "243.00000", "2015-12-31": "-93.00000", "2014-12-31": "589.00000", "2013-12-31": "94.00000", "2012-12-31": "-217.69700", "2011-12-31": "-241.73300"}, "Total Depreciation And Amortization - Cash Flow": {"2019-12-31": "271.00000", "2018-12-31": "289.00000", "2017-12-31": "328.00000", "2016-12-31": "521.00000", "2015-12-31": "198.00000", "2014-12-31": "23.00000", "2013-12-31": "-55.00000", "2012-12-31": "165.22000", "2011-12-31": "274.81800"}, "Other Non-Cash Items": {"2019-12-31": "1178.00000", "2018-12-31": "1211.00000", "2017-12-31": "1031.00000", "2016-12-31": "685.00000", "2015-12-31": "537.00000", "2014-12-31": "-158.00000", "2013-12-31": "590.00000", "2012-12-31": "199.94300", "2011-12-31": "255.68600"}, "Total Non-Cash Items": {"2019-12-31": "1449.00000", "2018-12-31": "1500.00000", "2017-12-31": "1359.00000", "2016-12-31": "1206.00000", "2015-12-31": "735.00000", "2014-12-31": "-135.00000", "2013-12-31": "535.00000", "2012-12-31": "365.16300", "2011-12-31": "530.50400"}, "Change In Accounts Receivable": {"2019-12-31": "", "2018-12-31": "", "2017-12-31": "", "2016-12-31": "", "2015-12-31": "113.00000", "2014-12-31": "-98.00000", "2013-12-31": "-10.00000", "2012-12-31": "58.63400", "2011-12-31": "-46.75400"}, "Change In Inventories": {"2019-12-31": "", "2018-12-31": "", "2017-12-31": "", "2016-12-31": "", "2015-12-31": "", "2014-12-31": "", "2013-12-31": "", "2012-12-31": "", "2011-12-31": ""}, "Change In Accounts Payable": {"2019-12-31": "", "2018-12-31": "", "2017-12-31": "", "2016-12-31": "", "2015-12-31": "", "2014-12-31": "", "2013-12-31": "", "2012-12-31": "", "2011-12-31": ""}, "Change In Assets/Liabilities": {"2019-12-31": "58.00000", "2018-12-31": "99.00000", "2017-12-31": "13.00000", "2016-12-31": "-127.00000", "2015-12-31": "4.00000", "2014-12-31": "27.00000", "2013-12-31": "79.00000", "2012-12-31": "-8.08500", "2011-12-31": "-51.25200"}, "Total Change In Assets/Liabilities": {"2019-12-31": "58.00000", "2018-12-31": "99.00000", "2017-12-31": "13.00000", "2016-12-31": "-127.00000", "2015-12-31": "103.00000", "2014-12-31": "-107.00000", "2013-12-31": "27.00000", "2012-12-31": "20.24700", "2011-12-31": "-118.31500"}, "Cash Flow From Operating Activities": {"2019-12-31": "2362.00000", "2018-12-31": "2046.00000", "2017-12-31": "1555.00000", "2016-12-31": "1322.00000", "2015-12-31": "741.00000", "2014-12-31": "381.00000", "2013-12-31": "675.00000", "2012-12-31": "228.11600", "2011-12-31": "171.29600"}, "Net Change In Property, Plant, And Equipment": {"2019-12-31": "", "2018-12-31": "", "2017-12-31": "", "2016-12-31": "", "2015-12-31": "14.00000", "2014-12-31": "59.00000", "2013-12-31": "109.00000", "2012-12-31": "181.99600", "2011-12-31": "206.60800"}, "Net Change In Intangible Assets": {"2019-12-31": "", "2018-12-31": "", "2017-12-31": "", "2016-12-31": "", "2015-12-31": "", "2014-12-31": "", "2013-12-31": "", "2012-12-31": "", "2011-12-31": ""}, "Net Acquisitions/Divestitures": {"2019-12-31": "", "2018-12-31": "", "2017-12-31": "", "2016-12-31": "26.00000", "2015-12-31": "-3520.00000", "2014-12-31": "", "2013-12-31": "", "2012-12-31": "", "2011-12-31": ""}, "Net Change In Short-term Investments": {"2019-12-31": "", "2018-12-31": "", "2017-12-31": "", "2016-12-31": "", "2015-12-31": "", "2014-12-31": "", "2013-12-31": "", "2012-12-31": "", "2011-12-31": ""}, "Net Change In Long-Term Investments": {"2019-12-31": "-131.00000", "2018-12-31": "-92.00000", "2017-12-31": "86.00000", "2016-12-31": "1067.00000", "2015-12-31": "2393.00000", "2014-12-31": "1448.00000", "2013-12-31": "1156.00000", "2012-12-31": "345.43990", "2011-12-31": "-297.73400"}, "Net Change In Investments - Total": {"2019-12-31": "-131.00000", "2018-12-31": "-92.00000", "2017-12-31": "86.00000", "2016-12-31": "1067.00000", "2015-12-31": "2393.00000", "2014-12-31": "1448.00000", "2013-12-31": "1156.00000", "2012-12-31": "345.43990", "2011-12-31": "-297.73400"}, "Investing Activities - Other": {"2019-12-31": "-3298.00000", "2018-12-31": "-2305.00000", "2017-12-31": "-2278.00000", "2016-12-31": "-1199.00000", "2015-12-31": "-1073.00000", "2014-12-31": "334.00000", "2013-12-31": "-3388.00000", "2012-12-31": "897.32290", "2011-12-31": "1605.61600"}, "Cash Flow From Investing Activities": {"2019-12-31": "-3429.00000", "2018-12-31": "-2397.00000", "2017-12-31": "-2192.00000", "2016-12-31": "-106.00000", "2015-12-31": "-2186.00000", "2014-12-31": "1841.00000", "2013-12-31": "-2123.00000", "2012-12-31": "1424.75900", "2011-12-31": "1514.49000"}, "Net Long-Term Debt": {"2019-12-31": "1934.00000", "2018-12-31": "54.00000", "2017-12-31": "980.00000", "2016-12-31": "-1660.00000", "2015-12-31": "1067.00000", "2014-12-31": "-1134.00000", "2013-12-31": "-139.00000", "2012-12-31": "-791.06200", "2011-12-31": "-2394.87400"}, "Net Current Debt": {"2019-12-31": "", "2018-12-31": "", "2017-12-31": "", "2016-12-31": "", "2015-12-31": "", "2014-12-31": "", "2013-12-31": "", "2012-12-31": "", "2011-12-31": ""}, "Debt Issuance/Retirement Net - Total": {"2019-12-31": "1934.00000", "2018-12-31": "54.00000", "2017-12-31": "980.00000", "2016-12-31": "-1660.00000", "2015-12-31": "1067.00000", "2014-12-31": "-1134.00000", "2013-12-31": "-139.00000", "2012-12-31": "-791.06200", "2011-12-31": "-2394.87400"}, "Net Common Equity Issued/Repurchased": {"2019-12-31": "", "2018-12-31": "", "2017-12-31": "", "2016-12-31": "", "2015-12-31": "976.00000", "2014-12-31": "", "2013-12-31": "231.00000", "2012-12-31": "", "2011-12-31": ""}, "Net Total Equity Issued/Repurchased": {"2019-12-31": "", "2018-12-31": "", "2017-12-31": "", "2016-12-31": "", "2015-12-31": "976.00000", "2014-12-31": "", "2013-12-31": "231.00000", "2012-12-31": "", "2011-12-31": ""}, "Total Common And Preferred Stock Dividends Paid": {"2019-12-31": "-408.00000", "2018-12-31": "", "2017-12-31": "", "2016-12-31": "", "2015-12-31": "", "2014-12-31": "", "2013-12-31": "", "2012-12-31": "", "2011-12-31": ""}, "Financial Activities - Other": {"2019-12-31": "-5.00000", "2018-12-31": "-10.00000", "2017-12-31": "-5.00000", "2016-12-31": "-25.00000", "2015-12-31": "-79.00000", "2014-12-31": "-639.00000", "2013-12-31": "234.00000", "2012-12-31": "", "2011-12-31": ""}, "Cash Flow From Financial Activities": {"2019-12-31": "1521.00000", "2018-12-31": "44.00000", "2017-12-31": "975.00000", "2016-12-31": "-1685.00000", "2015-12-31": "1964.00000", "2014-12-31": "-1773.00000", "2013-12-31": "326.00000", "2012-12-31": "-791.06200", "2011-12-31": "-2394.87400"}, "Net Cash Flow": {"2019-12-31": "454.00000", "2018-12-31": "-307.00000", "2017-12-31": "338.00000", "2016-12-31": "-468.00000", "2015-12-31": "518.00000", "2014-12-31": "448.00000", "2013-12-31": "-1123.00000", "2012-12-31": "864.76200", "2011-12-31": "-707.97700"}, "Stock-Based Compensation": {"2019-12-31": "13.00000", "2018-12-31": "21.00000", "2017-12-31": "17.00000", "2016-12-31": "22.00000", "2015-12-31": "30.00000", "2014-12-31": "6.00000", "2013-12-31": "146.00000", "2012-12-31": "0.00000", "2011-12-31": ""}, "Common Stock Dividends Paid": {"2019-12-31": "-408.00000", "2018-12-31": "", "2017-12-31": "", "2016-12-31": "", "2015-12-31": "", "2014-12-31": "", "2013-12-31": "", "2012-12-31": "", "2011-12-31": ""}}, "cash flow statement, quarterly": {"Net Income/Loss": {"2020-09-30": 250, "2020-06-30": 89, "2020-03-31": "32.00000", "2019-12-31": 261, "2019-09-30": 248, "2019-06-30": 194, "2019-03-31": "152.00000", "2018-12-31": 168, "2018-09-30": 148, "2018-06-30": 7, "2018-03-31": "124.00000", "2017-12-31": 39, "2017-09-30": 69, "2017-06-30": 42, "2017-03-31": "33.00000", "2016-12-31": 27, "2016-09-30": 25, "2016-06-30": 26, "2016-03-31": "165.00000", "2015-12-31": -168, "2015-09-30": 19, "2015-06-30": 25, "2015-03-31": "31.00000", "2014-12-31": -44, "2014-09-30": 462, "2014-06-30": 103, "2014-03-31": "68.00000", "2013-12-31": 53.647, "2013-09-30": -60.951, "2013-06-30": 110.918, "2013-03-31": "-9.61400", "2012-12-31": -80.78, "2012-09-30": -44.844, "2012-06-30": 131.144, "2011-12-31": -224.15}, "Total Depreciation And Amortization - Cash Flow": {"2020-09-30": 66, "2020-06-30": 66, "2020-03-31": "64.00000", "2019-12-31": 68, "2019-09-30": 65, "2019-06-30": 70, "2019-03-31": "68.00000", "2018-12-31": 98, "2018-09-30": 60, "2018-06-30": 64, "2018-03-31": "67.00000", "2017-12-31": 63, "2017-09-30": 83, "2017-06-30": 84, "2017-03-31": "98.00000", "2016-12-31": 105, "2016-09-30": 115, "2016-06-30": 150, "2016-03-31": "151.00000", "2015-12-31": 123, "2015-09-30": 28, "2015-06-30": 29, "2015-03-31": "18.00000", "2014-12-31": 66, "2014-09-30": -29, "2014-06-30": -3, "2014-03-31": "-11.00000", "2013-12-31": -15.862, "2013-09-30": -37.835, "2013-06-30": -20.606, "2013-03-31": "19.30300", "2012-12-31": 25.485, "2012-09-30": 43.912, "2012-06-30": -146.247, "2011-12-31": 243.77}, "Other Non-Cash Items": {"2020-09-30": 270, "2020-06-30": 393, "2020-03-31": "502.00000", "2019-12-31": 289, "2019-09-30": 274, "2019-06-30": 293, "2019-03-31": "322.00000", "2018-12-31": 299, "2018-09-30": 260, "2018-06-30": 377, "2018-03-31": "275.00000", "2017-12-31": 296, "2017-09-30": 228, "2017-06-30": 230, "2017-03-31": "277.00000", "2016-12-31": 268, "2016-09-30": 145, "2016-06-30": 278, "2016-03-31": "-6.00000", "2015-12-31": 293, "2015-09-30": 100, "2015-06-30": 64, "2015-03-31": "80.00000", "2014-12-31": 142, "2014-09-30": -358, "2014-06-30": 15, "2014-03-31": "43.00000", "2013-12-31": 181.453, "2013-09-30": 294.975, "2013-06-30": 34.574, "2013-03-31": "78.99800", "2012-12-31": -124.207, "2012-09-30": 77.914, "2012-06-30": 46.293, "2011-12-31": 0}, "Total Non-Cash Items": {"2020-09-30": 336, "2020-06-30": 459, "2020-03-31": "566.00000", "2019-12-31": 357, "2019-09-30": 339, "2019-06-30": 363, "2019-03-31": "390.00000", "2018-12-31": 397, "2018-09-30": 320, "2018-06-30": 441, "2018-03-31": "342.00000", "2017-12-31": 359, "2017-09-30": 311, "2017-06-30": 314, "2017-03-31": "375.00000", "2016-12-31": 373, "2016-09-30": 260, "2016-06-30": 428, "2016-03-31": "145.00000", "2015-12-31": 416, "2015-09-30": 128, "2015-06-30": 93, "2015-03-31": "98.00000", "2014-12-31": 208, "2014-09-30": -387, "2014-06-30": 12, "2014-03-31": "32.00000", "2013-12-31": 165.591, "2013-09-30": 257.14, "2013-06-30": 13.968, "2013-03-31": "98.30100", "2012-12-31": -98.722, "2012-09-30": 121.826, "2012-06-30": -99.954, "2011-12-31": 243.77}, "Change In Accounts Receivable": {"2020-09-30": 0, "2020-06-30": 0, "2020-03-31": "", "2019-12-31": 0, "2019-09-30": 0, "2019-06-30": 0, "2019-03-31": "", "2018-12-31": 0, "2018-09-30": 0, "2018-06-30": 0, "2018-03-31": "", "2017-12-31": 0, "2017-09-30": 0, "2017-06-30": 0, "2017-03-31": "", "2016-12-31": -49, "2016-09-30": 123, "2016-06-30": -141, "2016-03-31": "67.00000", "2015-12-31": 162, "2015-09-30": -21, "2015-06-30": -38, "2015-03-31": "10.00000", "2014-12-31": -70, "2014-09-30": -159, "2014-06-30": 13, "2014-03-31": "118.00000", "2013-12-31": 14.732, "2013-09-30": -58.808, "2013-06-30": 22.85, "2013-03-31": "11.22600", "2012-12-31": -64.077, "2012-09-30": 8.422, "2012-06-30": 55.655, "2011-12-31": 0}, "Change In Inventories": {"2020-09-30": 0, "2020-06-30": 0, "2020-03-31": "", "2019-12-31": 0, "2019-09-30": 0, "2019-06-30": 0, "2019-03-31": "", "2018-12-31": 0, "2018-09-30": 0, "2018-06-30": 0, "2018-03-31": "", "2017-12-31": 0, "2017-09-30": 0, "2017-06-30": 0, "2017-03-31": "", "2016-12-31": 0, "2016-09-30": 0, "2016-06-30": 0, "2016-03-31": "", "2015-12-31": 0, "2015-09-30": 0, "2015-06-30": 0, "2015-03-31": "", "2014-12-31": 0, "2014-09-30": 0, "2014-06-30": 0, "2014-03-31": "", "2013-12-31": 0, "2013-09-30": 0, "2013-06-30": 0, "2013-03-31": "", "2012-12-31": 0, "2012-09-30": 0, "2012-06-30": 0, "2011-12-31": 0}, "Change In Accounts Payable": {"2020-09-30": 0, "2020-06-30": 0, "2020-03-31": "", "2019-12-31": 0, "2019-09-30": 0, "2019-06-30": 0, "2019-03-31": "", "2018-12-31": 0, "2018-09-30": 0, "2018-06-30": 0, "2018-03-31": "", "2017-12-31": 0, "2017-09-30": 0, "2017-06-30": 0, "2017-03-31": "", "2016-12-31": 0, "2016-09-30": 0, "2016-06-30": 0, "2016-03-31": "", "2015-12-31": 0, "2015-09-30": 0, "2015-06-30": 0, "2015-03-31": "", "2014-12-31": 0, "2014-09-30": 0, "2014-06-30": 0, "2014-03-31": "", "2013-12-31": 0, "2013-09-30": 0, "2013-06-30": 0, "2013-03-31": "", "2012-12-31": 0, "2012-09-30": 0, "2012-06-30": 0, "2011-12-31": 0}, "Change In Assets/Liabilities": {"2020-09-30": -156, "2020-06-30": 86, "2020-03-31": "-33.00000", "2019-12-31": 15, "2019-09-30": -13, "2019-06-30": 50, "2019-03-31": "6.00000", "2018-12-31": 34, "2018-09-30": 35, "2018-06-30": -59, "2018-03-31": "89.00000", "2017-12-31": -95, "2017-09-30": 132, "2017-06-30": -60, "2017-03-31": "36.00000", "2016-12-31": -162, "2016-09-30": 66, "2016-06-30": -57, "2016-03-31": "26.00000", "2015-12-31": -60, "2015-09-30": 77, "2015-06-30": -63, "2015-03-31": "50.00000", "2014-12-31": -54, "2014-09-30": 65, "2014-06-30": -37, "2014-03-31": "53.00000", "2013-12-31": -60.917, "2013-09-30": 198.935, "2013-06-30": -95.805, "2013-03-31": "36.78700", "2012-12-31": -40.868, "2012-09-30": -6.865, "2012-06-30": 47.733, "2011-12-31": 0}, "Total Change In Assets/Liabilities": {"2020-09-30": -156, "2020-06-30": 86, "2020-03-31": "-33.00000", "2019-12-31": 15, "2019-09-30": -13, "2019-06-30": 50, "2019-03-31": "6.00000", "2018-12-31": 34, "2018-09-30": 35, "2018-06-30": -59, "2018-03-31": "89.00000", "2017-12-31": -95, "2017-09-30": 132, "2017-06-30": -60, "2017-03-31": "36.00000", "2016-12-31": -213, "2016-09-30": 185, "2016-06-30": -204, "2016-03-31": "105.00000", "2015-12-31": 89, "2015-09-30": 52, "2015-06-30": -105, "2015-03-31": "67.00000", "2014-12-31": -152, "2014-09-30": -95, "2014-06-30": -33, "2014-03-31": "173.00000", "2013-12-31": -57.619, "2013-09-30": 130.451, "2013-06-30": -85.68, "2013-03-31": "39.84800", "2012-12-31": -67.506, "2012-09-30": -0.84, "2012-06-30": 187.526, "2011-12-31": -74.36}, "Cash Flow From Operating Activities": {"2020-09-30": 425, "2020-06-30": 639, "2020-03-31": "565.00000", "2019-12-31": 633, "2019-09-30": 584, "2019-06-30": 597, "2019-03-31": "548.00000", "2018-12-31": 590, "2018-09-30": 512, "2018-06-30": 389, "2018-03-31": "555.00000", "2017-12-31": 315, "2017-09-30": 500, "2017-06-30": 296, "2017-03-31": "444.00000", "2016-12-31": 186, "2016-09-30": 477, "2016-06-30": 243, "2016-03-31": "416.00000", "2015-12-31": 343, "2015-09-30": 189, "2015-06-30": 20, "2015-03-31": "189.00000", "2014-12-31": 45, "2014-09-30": -18, "2014-06-30": 82, "2014-03-31": "272.00000", "2013-12-31": 181.326, "2013-09-30": 327.705, "2013-06-30": 38.298, "2013-03-31": "127.67100", "2012-12-31": -24.228, "2012-09-30": 76.142, "2012-06-30": -16.624, "2011-12-31": 180.6}, "Net Change In Property, Plant, And Equipment": {"2020-09-30": 0, "2020-06-30": 0, "2020-03-31": "", "2019-12-31": 0, "2019-09-30": 0, "2019-06-30": 0, "2019-03-31": "", "2018-12-31": 0, "2018-09-30": 0, "2018-06-30": 0, "2018-03-31": "", "2017-12-31": 0, "2017-09-30": 0, "2017-06-30": 0, "2017-03-31": "", "2016-12-31": -7, "2016-09-30": 7, "2016-06-30": 0, "2016-03-31": "", "2015-12-31": 2, "2015-09-30": 2, "2015-06-30": 5, "2015-03-31": "5.00000", "2014-12-31": 8, "2014-09-30": 10, "2014-06-30": 19, "2014-03-31": "22.00000", "2013-12-31": 20.654, "2013-09-30": 19.732, "2013-06-30": 32.811, "2013-03-31": "35.80300", "2012-12-31": 33.856, "2012-09-30": 41.775, "2012-06-30": -100.241, "2011-12-31": 206.6}, "Net Change In Intangible Assets": {"2020-09-30": 0, "2020-06-30": 0, "2020-03-31": "", "2019-12-31": 0, "2019-09-30": 0, "2019-06-30": 0, "2019-03-31": "", "2018-12-31": 0, "2018-09-30": 0, "2018-06-30": 0, "2018-03-31": "", "2017-12-31": 0, "2017-09-30": 0, "2017-06-30": 0, "2017-03-31": "", "2016-12-31": 0, "2016-09-30": 0, "2016-06-30": 0, "2016-03-31": "", "2015-12-31": 0, "2015-09-30": 0, "2015-06-30": 0, "2015-03-31": "", "2014-12-31": 0, "2014-09-30": 0, "2014-06-30": 0, "2014-03-31": "", "2013-12-31": 0, "2013-09-30": 0, "2013-06-30": 0, "2013-03-31": "", "2012-12-31": 0, "2012-09-30": 0, "2012-06-30": 0, "2011-12-31": 0}, "Net Acquisitions/Divestitures": {"2020-09-30": 0, "2020-06-30": 0, "2020-03-31": "", "2019-12-31": 0, "2019-09-30": 0, "2019-06-30": 0, "2019-03-31": "", "2018-12-31": 0, "2018-09-30": 0, "2018-06-30": 0, "2018-03-31": "", "2017-12-31": 0, "2017-09-30": 0, "2017-06-30": 0, "2017-03-31": "", "2016-12-31": 0, "2016-09-30": 26, "2016-06-30": -26, "2016-03-31": "26.00000", "2015-12-31": -3520, "2015-09-30": 0, "2015-06-30": 0, "2015-03-31": "", "2014-12-31": 0, "2014-09-30": 0, "2014-06-30": 0, "2014-03-31": "", "2013-12-31": 0, "2013-09-30": 0, "2013-06-30": 0, "2013-03-31": "", "2012-12-31": 0, "2012-09-30": 0, "2012-06-30": 0, "2011-12-31": 0}, "Net Change In Short-term Investments": {"2020-09-30": 0, "2020-06-30": 0, "2020-03-31": "", "2019-12-31": 0, "2019-09-30": 0, "2019-06-30": 0, "2019-03-31": "", "2018-12-31": 0, "2018-09-30": 0, "2018-06-30": 0, "2018-03-31": "", "2017-12-31": 0, "2017-09-30": 0, "2017-06-30": 0, "2017-03-31": "", "2016-12-31": 0, "2016-09-30": 0, "2016-06-30": 0, "2016-03-31": "", "2015-12-31": 0, "2015-09-30": 0, "2015-06-30": 0, "2015-03-31": "", "2014-12-31": 0, "2014-09-30": 0, "2014-06-30": 0, "2014-03-31": "", "2013-12-31": 0, "2013-09-30": 0, "2013-06-30": 0, "2013-03-31": "", "2012-12-31": 0, "2012-09-30": 0, "2012-06-30": 0, "2011-12-31": 0}, "Net Change In Long-Term Investments": {"2020-09-30": -357, "2020-06-30": 123, "2020-03-31": "-2.00000", "2019-12-31": 2324, "2019-09-30": -1103, "2019-06-30": -1306, "2019-03-31": "-46.00000", "2018-12-31": 1700, "2018-09-30": -576, "2018-06-30": -1183, "2018-03-31": "-33.00000", "2017-12-31": 1548, "2017-09-30": -1499, "2017-06-30": 7, "2017-03-31": "30.00000", "2016-12-31": 1008, "2016-09-30": -821, "2016-06-30": 847, "2016-03-31": "33.00000", "2015-12-31": 1160, "2015-09-30": 500, "2015-06-30": 459, "2015-03-31": "274.00000", "2014-12-31": -889, "2014-09-30": 1314, "2014-06-30": 251, "2014-03-31": "772.00000", "2013-12-31": 876.447, "2013-09-30": -38.601, "2013-06-30": 87.787, "2013-03-31": "230.36700", "2012-12-31": -371.102, "2012-09-30": 368.747, "2012-06-30": 2.355, "2011-12-31": 0}, "Net Change In Investments - Total": {"2020-09-30": -357, "2020-06-30": 123, "2020-03-31": "-2.00000", "2019-12-31": 2324, "2019-09-30": -1103, "2019-06-30": -1306, "2019-03-31": "-46.00000", "2018-12-31": 1700, "2018-09-30": -576, "2018-06-30": -1183, "2018-03-31": "-33.00000", "2017-12-31": 1548, "2017-09-30": -1499, "2017-06-30": 7, "2017-03-31": "30.00000", "2016-12-31": 1008, "2016-09-30": -821, "2016-06-30": 847, "2016-03-31": "33.00000", "2015-12-31": 1160, "2015-09-30": 500, "2015-06-30": 459, "2015-03-31": "274.00000", "2014-12-31": -889, "2014-09-30": 1314, "2014-06-30": 251, "2014-03-31": "772.00000", "2013-12-31": 876.447, "2013-09-30": -38.601, "2013-06-30": 87.787, "2013-03-31": "230.36700", "2012-12-31": -25.672, "2012-09-30": 368.747, "2012-06-30": 300.085, "2011-12-31": -297.73}, "Investing Activities - Other": {"2020-09-30": -6, "2020-06-30": 179, "2020-03-31": "-194.00000", "2019-12-31": -3297, "2019-09-30": -6, "2019-06-30": 264, "2019-03-31": "-259.00000", "2018-12-31": -2281, "2018-09-30": 0, "2018-06-30": 324, "2018-03-31": "-348.00000", "2017-12-31": -2277, "2017-09-30": 890, "2017-06-30": -920, "2017-03-31": "29.00000", "2016-12-31": -1196, "2016-09-30": 629, "2016-06-30": -528, "2016-03-31": "-104.00000", "2015-12-31": -421, "2015-09-30": -238, "2015-06-30": -296, "2015-03-31": "-118.00000", "2014-12-31": -67, "2014-09-30": 68, "2014-06-30": 54, "2014-03-31": "279.00000", "2013-12-31": -721.608, "2013-09-30": 68.697, "2013-06-30": -2901.934, "2013-03-31": "166.84500", "2012-12-31": 160.977, "2012-09-30": 196.907, "2012-06-30": -1083.154, "2011-12-31": 1631.79}, "Cash Flow From Investing Activities": {"2020-09-30": -363, "2020-06-30": 302, "2020-03-31": "-196.00000", "2019-12-31": -973, "2019-09-30": -1109, "2019-06-30": -1042, "2019-03-31": "-305.00000", "2018-12-31": -581, "2018-09-30": -576, "2018-06-30": -859, "2018-03-31": "-381.00000", "2017-12-31": -729, "2017-09-30": -609, "2017-06-30": -913, "2017-03-31": "59.00000", "2016-12-31": -195, "2016-09-30": -159, "2016-06-30": 293, "2016-03-31": "-45.00000", "2015-12-31": -2779, "2015-09-30": 264, "2015-06-30": 168, "2015-03-31": "161.00000", "2014-12-31": -948, "2014-09-30": 1392, "2014-06-30": 324, "2014-03-31": "1073.00000", "2013-12-31": 175.493, "2013-09-30": 49.828, "2013-06-30": -2781.336, "2013-03-31": "433.01500", "2012-12-31": 169.181, "2012-09-30": 607.429, "2012-06-30": -883.32, "2011-12-31": 1540.67}, "Net Long-Term Debt": {"2020-09-30": -534, "2020-06-30": -2448, "2020-03-31": "3215.00000", "2019-12-31": 179, "2019-09-30": 1452, "2019-06-30": -599, "2019-03-31": "902.00000", "2018-12-31": -568, "2018-09-30": 659, "2018-06-30": -870, "2018-03-31": "833.00000", "2017-12-31": 413, "2017-09-30": 188, "2017-06-30": 679, "2017-03-31": "-300.00000", "2016-12-31": -57, "2016-09-30": -392, "2016-06-30": -549, "2016-03-31": "-662.00000", "2015-12-31": -12, "2015-09-30": -159, "2015-06-30": 30, "2015-03-31": "1208.00000", "2014-12-31": 431, "2014-09-30": -279, "2014-06-30": -274, "2014-03-31": "-1012.00000", "2013-12-31": -1406.377, "2013-09-30": 423.6819, "2013-06-30": 934.5561, "2013-03-31": "-90.86100", "2012-12-31": 456.26, "2012-09-30": -364.097, "2012-06-30": -92.163, "2011-12-31": 0}, "Net Current Debt": {"2020-09-30": 0, "2020-06-30": 0, "2020-03-31": "", "2019-12-31": 0, "2019-09-30": 0, "2019-06-30": 0, "2019-03-31": "", "2018-12-31": 0, "2018-09-30": 0, "2018-06-30": 0, "2018-03-31": "", "2017-12-31": 0, "2017-09-30": 0, "2017-06-30": 0, "2017-03-31": "", "2016-12-31": 0, "2016-09-30": 0, "2016-06-30": 0, "2016-03-31": "", "2015-12-31": 0, "2015-09-30": 0, "2015-06-30": 0, "2015-03-31": "", "2014-12-31": 0, "2014-09-30": 0, "2014-06-30": 0, "2014-03-31": "", "2013-12-31": 0, "2013-09-30": 0, "2013-06-30": 0, "2013-03-31": "", "2012-12-31": 0, "2012-09-30": 0, "2012-06-30": 0, "2011-12-31": 0}, "Debt Issuance/Retirement Net - Total": {"2020-09-30": -534, "2020-06-30": -2448, "2020-03-31": "3215.00000", "2019-12-31": 179, "2019-09-30": 1452, "2019-06-30": -599, "2019-03-31": "902.00000", "2018-12-31": -568, "2018-09-30": 659, "2018-06-30": -870, "2018-03-31": "833.00000", "2017-12-31": 413, "2017-09-30": 188, "2017-06-30": 679, "2017-03-31": "-300.00000", "2016-12-31": -57, "2016-09-30": -392, "2016-06-30": -549, "2016-03-31": "-662.00000", "2015-12-31": -12, "2015-09-30": -159, "2015-06-30": 30, "2015-03-31": "1208.00000", "2014-12-31": 431, "2014-09-30": -279, "2014-06-30": -274, "2014-03-31": "-1012.00000", "2013-12-31": -1406.377, "2013-09-30": 423.6819, "2013-06-30": 934.5561, "2013-03-31": "-90.86100", "2012-12-31": -331.78, "2012-09-30": -364.097, "2012-06-30": 2338.197, "2011-12-31": -2430.36}, "Net Common Equity Issued/Repurchased": {"2020-09-30": 0, "2020-06-30": 0, "2020-03-31": "-45.00000", "2019-12-31": 0, "2019-09-30": 0, "2019-06-30": 0, "2019-03-31": "", "2018-12-31": 0, "2018-09-30": 0, "2018-06-30": 0, "2018-03-31": "", "2017-12-31": 0, "2017-09-30": 0, "2017-06-30": 0, "2017-03-31": "", "2016-12-31": 0, "2016-09-30": 0, "2016-06-30": 0, "2016-03-31": "", "2015-12-31": 0, "2015-09-30": 0, "2015-06-30": 976, "2015-03-31": "", "2014-12-31": 0, "2014-09-30": 0, "2014-06-30": 0, "2014-03-31": "", "2013-12-31": 231, "2013-09-30": 0, "2013-06-30": 0, "2013-03-31": "", "2012-12-31": 0, "2012-09-30": 0, "2012-06-30": 0, "2011-12-31": 0}, "Net Total Equity Issued/Repurchased": {"2020-09-30": 0, "2020-06-30": 0, "2020-03-31": "-45.00000", "2019-12-31": 0, "2019-09-30": 0, "2019-06-30": 0, "2019-03-31": "", "2018-12-31": 0, "2018-09-30": 0, "2018-06-30": 0, "2018-03-31": "", "2017-12-31": 0, "2017-09-30": 0, "2017-06-30": 0, "2017-03-31": "", "2016-12-31": 0, "2016-09-30": 0, "2016-06-30": 0, "2016-03-31": "", "2015-12-31": 0, "2015-09-30": 0, "2015-06-30": 976, "2015-03-31": "", "2014-12-31": 0, "2014-09-30": 0, "2014-06-30": 0, "2014-03-31": "", "2013-12-31": 231, "2013-09-30": 0, "2013-06-30": 0, "2013-03-31": "", "2012-12-31": 0, "2012-09-30": 0, "2012-06-30": 0, "2011-12-31": 0}, "Total Common And Preferred Stock Dividends Paid": {"2020-09-30": -314, "2020-06-30": -44, "2020-03-31": "-387.00000", "2019-12-31": -34, "2019-09-30": -306, "2019-06-30": -34, "2019-03-31": "-34.00000", "2018-12-31": 0, "2018-09-30": 0, "2018-06-30": 0, "2018-03-31": "", "2017-12-31": 0, "2017-09-30": 0, "2017-06-30": 0, "2017-03-31": "", "2016-12-31": 0, "2016-09-30": 0, "2016-06-30": 0, "2016-03-31": "", "2015-12-31": 0, "2015-09-30": 0, "2015-06-30": 0, "2015-03-31": "", "2014-12-31": 0, "2014-09-30": 0, "2014-06-30": 0, "2014-03-31": "", "2013-12-31": 0, "2013-09-30": 0, "2013-06-30": 0, "2013-03-31": "", "2012-12-31": 0, "2012-09-30": 0, "2012-06-30": 0, "2011-12-31": 0}, "Financial Activities - Other": {"2020-09-30": 0, "2020-06-30": 0, "2020-03-31": "-6.00000", "2019-12-31": 0, "2019-09-30": 0, "2019-06-30": 0, "2019-03-31": "-5.00000", "2018-12-31": -1, "2018-09-30": 0, "2018-06-30": -3, "2018-03-31": "-6.00000", "2017-12-31": 0, "2017-09-30": 0, "2017-06-30": 0, "2017-03-31": "-5.00000", "2016-12-31": -3, "2016-09-30": -2, "2016-06-30": 1, "2016-03-31": "-21.00000", "2015-12-31": -19, "2015-09-30": -23, "2015-06-30": -21, "2015-03-31": "-16.00000", "2014-12-31": -619, "2014-09-30": -14, "2014-06-30": -6, "2014-03-31": "", "2013-12-31": 0.435, "2013-09-30": -198.654, "2013-06-30": 432.219, "2013-03-31": "", "2012-12-31": 0, "2012-09-30": 0, "2012-06-30": 0, "2011-12-31": 0}, "Cash Flow From Financial Activities": {"2020-09-30": -848, "2020-06-30": -2492, "2020-03-31": "2777.00000", "2019-12-31": 145, "2019-09-30": 1146, "2019-06-30": -633, "2019-03-31": "863.00000", "2018-12-31": -569, "2018-09-30": 659, "2018-06-30": -873, "2018-03-31": "827.00000", "2017-12-31": 413, "2017-09-30": 188, "2017-06-30": 679, "2017-03-31": "-305.00000", "2016-12-31": -60, "2016-09-30": -394, "2016-06-30": -548, "2016-03-31": "-683.00000", "2015-12-31": -31, "2015-09-30": -182, "2015-06-30": 985, "2015-03-31": "1192.00000", "2014-12-31": -188, "2014-09-30": -293, "2014-06-30": -280, "2014-03-31": "-1012.00000", "2013-12-31": -1174.942, "2013-09-30": 225.028, "2013-06-30": 1366.775, "2013-03-31": "-90.86100", "2012-12-31": -331.78, "2012-09-30": -364.097, "2012-06-30": 2338.197, "2011-12-31": -2430.36}, "Net Cash Flow": {"2020-09-30": -786, "2020-06-30": -1551, "2020-03-31": "3146.00000", "2019-12-31": -195, "2019-09-30": 621, "2019-06-30": -1078, "2019-03-31": "1106.00000", "2018-12-31": -560, "2018-09-30": 595, "2018-06-30": -1343, "2018-03-31": "1001.00000", "2017-12-31": -2, "2017-09-30": 80, "2017-06-30": 62, "2017-03-31": "198.00000", "2016-12-31": -69, "2016-09-30": -76, "2016-06-30": -12, "2016-03-31": "-311.00000", "2015-12-31": -2468, "2015-09-30": 271, "2015-06-30": 1173, "2015-03-31": "1542.00000", "2014-12-31": -1092, "2014-09-30": 1080, "2014-06-30": 127, "2014-03-31": "333.00000", "2013-12-31": -818.288, "2013-09-30": 603.264, "2013-06-30": -1376.119, "2013-03-31": "468.14300", "2012-12-31": -186.765, "2012-09-30": 322.441, "2012-06-30": 1437.054, "2011-12-31": -707.97}, "Stock-Based Compensation": {"2020-09-30": 3, "2020-06-30": 3, "2020-03-31": "7.00000", "2019-12-31": 3, "2019-09-30": 3, "2019-06-30": 1, "2019-03-31": "6.00000", "2018-12-31": 4, "2018-09-30": -106, "2018-06-30": 118, "2018-03-31": "5.00000", "2017-12-31": 3, "2017-09-30": 5, "2017-06-30": 2, "2017-03-31": "7.00000", "2016-12-31": 6, "2016-09-30": 4, "2016-06-30": 5, "2016-03-31": "7.00000", "2015-12-31": 9, "2015-09-30": 2, "2015-06-30": 16, "2015-03-31": "3.00000", "2014-12-31": 2, "2014-09-30": 0, "2014-06-30": 2, "2014-03-31": "2.00000", "2013-12-31": 14.75, "2013-09-30": 131.25, "2013-06-30": 0, "2013-03-31": "", "2012-12-31": 0, "2012-09-30": 0, "2012-06-30": 0, "2011-12-31": 0}, "Common Stock Dividends Paid": {"2020-09-30": -314, "2020-06-30": -44, "2020-03-31": "-387.00000", "2019-12-31": -34, "2019-09-30": -306, "2019-06-30": -34, "2019-03-31": "-34.00000", "2018-12-31": 0, "2018-09-30": 0, "2018-06-30": 0, "2018-03-31": "", "2017-12-31": 0, "2017-09-30": 0, "2017-06-30": 0, "2017-03-31": "", "2016-12-31": 0, "2016-09-30": 0, "2016-06-30": 0, "2016-03-31": "", "2015-12-31": 0, "2015-09-30": 0, "2015-06-30": 0, "2015-03-31": "", "2014-12-31": 0, "2014-09-30": 0, "2014-06-30": 0, "2014-03-31": "", "2013-12-31": 0, "2013-09-30": 0, "2013-06-30": 0, "2013-03-31": "", "2012-12-31": 0, "2012-09-30": 0, "2012-06-30": 0, "2011-12-31": 0}}, "financial ratios": {"Current Ratio": {"2019-12-31": "", "2018-12-31": "", "2017-12-31": "", "2016-12-31": "", "2015-12-31": "", "2014-12-31": "", "2013-12-31": "", "2012-12-31": "", "2011-12-31": ""}, "Long-term Debt / Capital": {"2019-12-31": "0.79900", "2018-12-31": "0.79980", "2017-12-31": "0.82110", "2016-12-31": "0.81990", "2015-12-31": "0.86370", "2014-12-31": "0.81980", "2013-12-31": "0.87130", "2012-12-31": "0.91440", "2011-12-31": "0.90560"}, "Debt/Equity Ratio": {"2019-12-31": "3.97510", "2018-12-31": "3.99530", "2017-12-31": "4.59120", "2016-12-31": "4.55280", "2015-12-31": "6.33700", "2014-12-31": "4.54870", "2013-12-31": "6.76820", "2012-12-31": "10.68730", "2011-12-31": "9.59010"}, "Gross Margin": {"2019-12-31": "", "2018-12-31": "", "2017-12-31": "", "2016-12-31": "", "2015-12-31": "", "2014-12-31": "", "2013-12-31": "", "2012-12-31": "", "2011-12-31": ""}, "Operating Margin": {"2019-12-31": "", "2018-12-31": "", "2017-12-31": "", "2016-12-31": "", "2015-12-31": "", "2014-12-31": "", "2013-12-31": "", "2012-12-31": "", "2011-12-31": ""}, "EBIT Margin": {"2019-12-31": "", "2018-12-31": "", "2017-12-31": "", "2016-12-31": "", "2015-12-31": "", "2014-12-31": "", "2013-12-31": "", "2012-12-31": "", "2011-12-31": ""}, "EBITDA Margin": {"2019-12-31": "", "2018-12-31": "", "2017-12-31": "", "2016-12-31": "", "2015-12-31": "", "2014-12-31": "", "2013-12-31": "", "2012-12-31": "", "2011-12-31": ""}, "Pre-Tax Profit Margin": {"2019-12-31": "41.43400", "2018-12-31": "27.02470", "2017-12-31": "21.71290", "2016-12-31": "16.99280", "2015-12-31": "-29.69780", "2014-12-31": "55.12160", "2013-12-31": "9.06980", "2012-12-31": "-77.23540", "2011-12-31": "-90.42200"}, "Net Profit Margin": {"2019-12-31": "32.26420", "2018-12-31": "19.35900", "2017-12-31": "9.21910", "2016-12-31": "10.26250", "2015-12-31": "-28.90930", "2014-12-31": "29.64150", "2013-12-31": "-2.20930", "2012-12-31": "-55.06120", "2011-12-31": "-60.69330"}, "Asset Turnover": {"2019-12-31": "0.11610", "2018-12-31": "0.11490", "2017-12-31": "0.10210", "2016-12-31": "0.11560", "2015-12-31": "0.03590", "2014-12-31": "0.14450", "2013-12-31": "0.05580", "2012-12-31": "0.02700", "2011-12-31": "0.02570"}, "Inventory Turnover Ratio": {"2019-12-31": "", "2018-12-31": "", "2017-12-31": "", "2016-12-31": "", "2015-12-31": "", "2014-12-31": "", "2013-12-31": "", "2012-12-31": "", "2011-12-31": ""}, "Receiveable Turnover": {"2019-12-31": "", "2018-12-31": "", "2017-12-31": "", "2016-12-31": "", "2015-12-31": "", "2014-12-31": "", "2013-12-31": "", "2012-12-31": "", "2011-12-31": ""}, "Days Sales In Receivables": {"2019-12-31": "", "2018-12-31": "", "2017-12-31": "", "2016-12-31": "", "2015-12-31": "", "2014-12-31": "", "2013-12-31": "", "2012-12-31": "", "2011-12-31": ""}, "ROE - Return On Equity": {"2019-12-31": "19.74600", "2018-12-31": "11.76630", "2017-12-31": "5.58270", "2016-12-31": "7.92560", "2015-12-31": "-3.40660", "2014-12-31": "32.06320", "2013-12-31": "4.98240", "2012-12-31": "-18.43450", "2011-12-31": "-17.73660"}, "Return On Tangible Equity": {"2019-12-31": "33.33330", "2018-12-31": "22.47360", "2017-12-31": "12.92370", "2016-12-31": "21.09380", "2015-12-31": "-12.72230", "2014-12-31": "32.43390", "2013-12-31": "4.98240", "2012-12-31": "-18.43450", "2011-12-31": "-17.73660"}, "ROA - Return On Assets": {"2019-12-31": "3.74720", "2018-12-31": "2.22500", "2017-12-31": "0.94170", "2016-12-31": "1.34080", "2015-12-31": "-0.43890", "2014-12-31": "5.44770", "2013-12-31": "0.61030", "2012-12-31": "-1.48430", "2011-12-31": "-1.56010"}, "ROI - Return On Investment": {"2019-12-31": "3.96900", "2018-12-31": "2.35550", "2017-12-31": "0.99850", "2016-12-31": "1.42730", "2015-12-31": "-0.46430", "2014-12-31": "5.77850", "2013-12-31": "0.64140", "2012-12-31": "-1.57730", "2011-12-31": "-1.67480"}, "Book Value Per Share": {"2019-12-31": "31.81460", "2018-12-31": "27.96840", "2017-12-31": "24.21870", "2016-12-31": "22.73330", "2015-12-31": "20.29830", "2014-12-31": "15.99710", "2013-12-31": "16.42930", "2012-12-31": "11.80920", "2011-12-31": "13.62900"}, "Operating Cash Flow Per Share": {"2019-12-31": 2.2856, "2018-12-31": 3.5795, "2017-12-31": 1.6782, "2016-12-31": 3.9896, "2015-12-31": 2.4877, "2014-12-31": -3.2533, "2013-12-31": 4.2775, "2012-12-31": 0.5682, "2011-12-31": 1.713}, "Free Cash Flow Per Share": {"2019-12-31": 2.2856, "2018-12-31": 3.5795, "2017-12-31": 1.6782, "2016-12-31": 3.8802, "2015-12-31": 2.0852, "2014-12-31": -3.8005, "2013-12-31": 3.5167, "2012-12-31": 0.3221, "2011-12-31": 3.779}}, "financial ratios, quarterly": {"Current Ratio": {"2020-09-30": "", "2020-06-30": "", "2020-03-31": "", "2019-12-31": "", "2019-09-30": "", "2019-06-30": "", "2019-03-31": "", "2018-12-31": "", "2018-09-30": "", "2018-06-30": "", "2018-03-31": "", "2017-12-31": "", "2017-09-30": "", "2017-06-30": "", "2017-03-31": "", "2016-12-31": "", "2016-09-30": "", "2016-06-30": "", "2016-03-31": "", "2015-12-31": "", "2015-09-30": "", "2015-06-30": "", "2015-03-31": "", "2014-12-31": "", "2014-09-30": "", "2014-06-30": "", "2014-03-31": "", "2013-12-31": "", "2013-09-30": "", "2013-06-30": "", "2013-03-31": "", "2012-12-31": "", "2012-09-30": "", "2012-06-30": "", "2011-12-31": ""}, "Long-term Debt / Capital": {"2020-09-30": "0.84880", "2020-06-30": "0.85030", "2020-03-31": "0.87010", "2019-12-31": "0.79900", "2019-09-30": "0.80610", "2019-06-30": "0.78970", "2019-03-31": "0.80320", "2018-12-31": "0.79980", "2018-09-30": "0.81210", "2018-06-30": "0.81180", "2018-03-31": "0.82460", "2017-12-31": "0.82110", "2017-09-30": "0.81900", "2017-06-30": "0.82040", "2017-03-31": "0.81500", "2016-12-31": "0.81990", "2016-09-30": "0.82120", "2016-06-30": "0.82630", "2016-03-31": "0.83550", "2015-12-31": "0.86370", "2015-09-30": "0.77160", "2015-06-30": "0.77360", "2015-03-31": "0.83880", "2014-12-31": "0.81980", "2014-09-30": "0.75790", "2014-06-30": "0.84500", "2014-03-31": "0.85680", "2013-12-31": "0.87130", "2013-09-30": "0.89780", "2013-06-30": "0.88660", "2013-03-31": "", "2012-12-31": "", "2012-09-30": "", "2012-06-30": "", "2011-12-31": ""}, "Debt/Equity Ratio": {"2020-09-30": "5.61350", "2020-06-30": "5.67960", "2020-03-31": "6.69820", "2019-12-31": "3.97510", "2019-09-30": "4.15750", "2019-06-30": "3.75540", "2019-03-31": "4.08030", "2018-12-31": "3.99530", "2018-09-30": "4.32170", "2018-06-30": "4.31470", "2018-03-31": "4.70080", "2017-12-31": "4.59120", "2017-09-30": "4.52600", "2017-06-30": "4.56850", "2017-03-31": "4.40550", "2016-12-31": "4.55280", "2016-09-30": "4.59420", "2016-06-30": "4.75560", "2016-03-31": "5.07860", "2015-12-31": "6.33700", "2015-09-30": "3.37750", "2015-06-30": "3.41790", "2015-03-31": "5.20530", "2014-12-31": "4.54870", "2014-09-30": "3.13050", "2014-06-30": "5.45160", "2014-03-31": "5.98330", "2013-12-31": "6.76820", "2013-09-30": "8.78320", "2013-06-30": "7.81470", "2013-03-31": "", "2012-12-31": "", "2012-09-30": "", "2012-06-30": "", "2011-12-31": ""}, "Gross Margin": {"2020-09-30": "", "2020-06-30": "", "2020-03-31": "", "2019-12-31": "", "2019-09-30": "", "2019-06-30": "", "2019-03-31": "", "2018-12-31": "", "2018-09-30": "", "2018-06-30": "", "2018-03-31": "", "2017-12-31": "", "2017-09-30": "", "2017-06-30": "", "2017-03-31": "", "2016-12-31": "", "2016-09-30": "", "2016-06-30": "", "2016-03-31": "", "2015-12-31": "", "2015-09-30": "", "2015-06-30": "", "2015-03-31": "", "2014-12-31": "", "2014-09-30": "", "2014-06-30": "", "2014-03-31": "", "2013-12-31": "", "2013-09-30": "", "2013-06-30": "", "2013-03-31": "", "2012-12-31": "", "2012-09-30": "", "2012-06-30": "", "2011-12-31": ""}, "Operating Margin": {"2020-09-30": "", "2020-06-30": "", "2020-03-31": "", "2019-12-31": "", "2019-09-30": "", "2019-06-30": "", "2019-03-31": "", "2018-12-31": "", "2018-09-30": "", "2018-06-30": "", "2018-03-31": "", "2017-12-31": "", "2017-09-30": "", "2017-06-30": "", "2017-03-31": "", "2016-12-31": "", "2016-09-30": "", "2016-06-30": "", "2016-03-31": "", "2015-12-31": "", "2015-09-30": "", "2015-06-30": "", "2015-03-31": "", "2014-12-31": "", "2014-09-30": "", "2014-06-30": "", "2014-03-31": "", "2013-12-31": "", "2013-09-30": "", "2013-06-30": "", "2013-03-31": "", "2012-12-31": "", "2012-09-30": "", "2012-06-30": "", "2011-12-31": ""}, "EBIT Margin": {"2020-09-30": "", "2020-06-30": "", "2020-03-31": "", "2019-12-31": "", "2019-09-30": "", "2019-06-30": "", "2019-03-31": "", "2018-12-31": "", "2018-09-30": "", "2018-06-30": "", "2018-03-31": "", "2017-12-31": "", "2017-09-30": "", "2017-06-30": "", "2017-03-31": "", "2016-12-31": "", "2016-09-30": "", "2016-06-30": "", "2016-03-31": "", "2015-12-31": "", "2015-09-30": "", "2015-06-30": "", "2015-03-31": "", "2014-12-31": "", "2014-09-30": "", "2014-06-30": "", "2014-03-31": "", "2013-12-31": "", "2013-09-30": "", "2013-06-30": "", "2013-03-31": "", "2012-12-31": "", "2012-09-30": "", "2012-06-30": "", "2011-12-31": ""}, "EBITDA Margin": {"2020-09-30": "", "2020-06-30": "", "2020-03-31": "", "2019-12-31": "", "2019-09-30": "", "2019-06-30": "", "2019-03-31": "", "2018-12-31": "", "2018-09-30": "", "2018-06-30": "", "2018-03-31": "", "2017-12-31": "", "2017-09-30": "", "2017-06-30": "", "2017-03-31": "", "2016-12-31": "", "2016-09-30": "", "2016-06-30": "", "2016-03-31": "", "2015-12-31": "", "2015-09-30": "", "2015-06-30": "", "2015-03-31": "", "2014-12-31": "", "2014-09-30": "", "2014-06-30": "", "2014-03-31": "", "2013-12-31": "", "2013-09-30": "", "2013-06-30": "", "2013-03-31": "", "2012-12-31": "", "2012-09-30": "", "2012-06-30": "", "2011-12-31": ""}, "Pre-Tax Profit Margin": {"2020-09-30": "48.43750", "2020-06-30": "22.22220", "2020-03-31": "9.32750", "2019-12-31": "47.44120", "2019-09-30": "42.73380", "2019-06-30": "39.38460", "2019-03-31": "34.70790", "2018-12-31": "35.37190", "2018-09-30": "33.50170", "2018-06-30": "7.61060", "2018-03-31": "30.82570", "2017-12-31": "32.92250", "2017-09-30": "23.72550", "2017-06-30": "14.53750", "2017-03-31": "12.58280", "2016-12-31": "6.35970", "2016-09-30": "7.33330", "2016-06-30": "8.78660", "2016-03-31": "35.44300", "2015-12-31": "-282.85710", "2015-09-30": "8.92860", "2015-06-30": "5.90910", "2015-03-31": "17.92450", "2014-12-31": "-91.11110", "2014-09-30": "78.57950", "2014-06-30": "46.22640", "2014-03-31": "37.07870", "2013-12-31": "19.08800", "2013-09-30": "-43.24470", "2013-06-30": "46.49450", "2013-03-31": "-10.60000", "2012-12-31": "", "2012-09-30": "-76.43890", "2012-06-30": "", "2011-12-31": ""}, "Net Profit Margin": {"2020-09-30": "35.51140", "2020-06-30": "16.76080", "2020-03-31": "6.94140", "2019-12-31": "36.09960", "2019-09-30": "35.68350", "2019-06-30": "29.84620", "2019-03-31": "26.11680", "2018-12-31": "27.76860", "2018-09-30": "24.91580", "2018-06-30": "1.23890", "2018-03-31": "22.75230", "2017-12-31": "6.86620", "2017-09-30": "13.52940", "2017-06-30": "9.25110", "2017-03-31": "7.28480", "2016-12-31": "5.92110", "2016-09-30": "5.55560", "2016-06-30": "5.43930", "2016-03-31": "19.26860", "2015-12-31": "-185.71430", "2015-09-30": "-5.80360", "2015-06-30": "-5.45450", "2015-03-31": "", "2014-12-31": "-97.77780", "2014-09-30": "48.13980", "2014-06-30": "22.64150", "2014-03-31": "19.47570", "2013-12-31": "13.01420", "2013-09-30": "-43.69060", "2013-06-30": "18.15370", "2013-03-31": "-7.34370", "2012-12-31": "", "2012-09-30": "-49.83610", "2012-06-30": "", "2011-12-31": ""}, "Asset Turnover": {"2020-09-30": "0.03220", "2020-06-30": "0.02360", "2020-03-31": "0.01870", "2019-12-31": "0.03170", "2019-09-30": "0.03100", "2019-06-30": "0.03090", "2019-03-31": "0.02720", "2018-12-31": "0.03010", "2018-09-30": "0.02900", "2018-06-30": "0.02880", "2018-03-31": "0.02660", "2017-12-31": "0.02920", "2017-09-30": "0.02680", "2017-06-30": "0.02430", "2017-03-31": "0.02520", "2016-12-31": "0.02520", "2016-09-30": "0.02450", "2016-06-30": "0.02580", "2016-03-31": "0.03730", "2015-12-31": "0.00500", "2015-09-30": "0.01690", "2015-06-30": "0.01650", "2015-03-31": "0.01710", "2014-12-31": "0.00830", "2014-09-30": "0.07880", "2014-06-30": "0.02260", "2014-03-31": "0.01840", "2013-12-31": "0.01350", "2013-09-30": "0.01290", "2013-06-30": "0.01930", "2013-03-31": "", "2012-12-31": "", "2012-09-30": "", "2012-06-30": "", "2011-12-31": ""}, "Inventory Turnover Ratio": {"2020-09-30": "", "2020-06-30": "", "2020-03-31": "", "2019-12-31": "", "2019-09-30": "", "2019-06-30": "", "2019-03-31": "", "2018-12-31": "", "2018-09-30": "", "2018-06-30": "", "2018-03-31": "", "2017-12-31": "", "2017-09-30": "", "2017-06-30": "", "2017-03-31": "", "2016-12-31": "", "2016-09-30": "", "2016-06-30": "", "2016-03-31": "", "2015-12-31": "", "2015-09-30": "", "2015-06-30": "", "2015-03-31": "", "2014-12-31": "", "2014-09-30": "", "2014-06-30": "", "2014-03-31": "", "2013-12-31": "", "2013-09-30": "", "2013-06-30": "", "2013-03-31": "", "2012-12-31": "", "2012-09-30": "", "2012-06-30": "", "2011-12-31": ""}, "Receiveable Turnover": {"2020-09-30": "", "2020-06-30": "", "2020-03-31": "", "2019-12-31": "", "2019-09-30": "", "2019-06-30": "", "2019-03-31": "", "2018-12-31": "", "2018-09-30": "", "2018-06-30": "", "2018-03-31": "", "2017-12-31": "", "2017-09-30": "", "2017-06-30": "", "2017-03-31": "", "2016-12-31": "", "2016-09-30": "", "2016-06-30": "", "2016-03-31": "", "2015-12-31": "", "2015-09-30": "", "2015-06-30": "", "2015-03-31": "", "2014-12-31": "", "2014-09-30": "", "2014-06-30": "", "2014-03-31": "", "2013-12-31": "", "2013-09-30": "", "2013-06-30": "", "2013-03-31": "", "2012-12-31": "", "2012-09-30": "", "2012-06-30": "", "2011-12-31": ""}, "Days Sales In Receivables": {"2020-09-30": "", "2020-06-30": "", "2020-03-31": "", "2019-12-31": "", "2019-09-30": "", "2019-06-30": "", "2019-03-31": "", "2018-12-31": "", "2018-09-30": "", "2018-06-30": "", "2018-03-31": "", "2017-12-31": "", "2017-09-30": "", "2017-06-30": "", "2017-03-31": "", "2016-12-31": "", "2016-09-30": "", "2016-06-30": "", "2016-03-31": "", "2015-12-31": "", "2015-09-30": "", "2015-06-30": "", "2015-03-31": "", "2014-12-31": "", "2014-09-30": "", "2014-06-30": "", "2014-03-31": "", "2013-12-31": "", "2013-09-30": "", "2013-06-30": "", "2013-03-31": "", "2012-12-31": "", "2012-09-30": "", "2012-06-30": "", "2011-12-31": ""}, "ROE - Return On Equity": {"2020-09-30": "8.00510", "2020-06-30": "2.80670", "2020-03-31": "1.04850", "2019-12-31": "6.02770", "2019-09-30": "6.05760", "2019-06-30": "4.68490", "2019-03-31": "3.84810", "2018-12-31": "4.42220", "2018-09-30": "4.06590", "2018-06-30": "0.20060", "2018-03-31": "3.66650", "2017-12-31": "1.18980", "2017-09-30": "2.13620", "2017-06-30": "1.33160", "2017-03-31": "1.06280", "2016-12-31": "0.88060", "2016-09-30": "0.82070", "2016-06-30": "0.86090", "2016-03-31": "5.63520", "2015-12-31": "-6.00730", "2015-09-30": "0.67160", "2015-06-30": "0.74180", "2015-03-31": "1.67480", "2014-12-31": "-2.39520", "2014-09-30": "18.40550", "2014-06-30": "4.98640", "2014-03-31": "3.46600", "2013-12-31": "2.84350", "2013-09-30": "-3.82420", "2013-06-30": "6.43480", "2013-03-31": "", "2012-12-31": "", "2012-09-30": "", "2012-06-30": "", "2011-12-31": ""}, "Return On Tangible Equity": {"2020-09-30": "18.03750", "2020-06-30": "6.24560", "2020-03-31": "2.46910", "2019-12-31": "10.17540", "2019-09-30": "10.68970", "2019-06-30": "8.23080", "2019-03-31": "7.05010", "2018-12-31": "8.44650", "2018-09-30": "8.13190", "2018-06-30": "0.42220", "2018-03-31": "8.09400", "2017-12-31": "2.75420", "2017-09-30": "5.08850", "2017-06-30": "3.31230", "2017-03-31": "2.73630", "2016-12-31": "2.34380", "2016-09-30": "2.23810", "2016-06-30": "2.41860", "2016-03-31": "17.06310", "2015-12-31": "-22.43500", "2015-09-30": "0.67160", "2015-06-30": "0.74180", "2015-03-31": "1.67480", "2014-12-31": "-2.42290", "2014-09-30": "18.40550", "2014-06-30": "4.98640", "2014-03-31": "3.46600", "2013-12-31": "2.84350", "2013-09-30": "-3.82420", "2013-06-30": "6.43480", "2013-03-31": "", "2012-12-31": "", "2012-09-30": "", "2012-06-30": "", "2011-12-31": ""}, "ROA - Return On Assets": {"2020-09-30": "1.14380", "2020-06-30": "0.39540", "2020-03-31": "0.12960", "2019-12-31": "1.14390", "2019-09-30": "1.10660", "2019-06-30": "0.92310", "2019-03-31": "0.71170", "2018-12-31": "0.83620", "2018-09-30": "0.72310", "2018-06-30": "0.03560", "2018-03-31": "0.60590", "2017-12-31": "0.20070", "2017-09-30": "0.36220", "2017-06-30": "0.22460", "2017-03-31": "0.18360", "2016-12-31": "0.14900", "2016-09-30": "0.13620", "2016-06-30": "0.14020", "2016-03-31": "0.86590", "2015-12-31": "-0.77400", "2015-09-30": "0.14300", "2015-06-30": "0.15780", "2015-03-31": "0.24990", "2014-12-31": "-0.40700", "2014-09-30": "4.10200", "2014-06-30": "0.73140", "2014-03-31": "0.46820", "2013-12-31": "0.34830", "2013-09-30": "-0.37100", "2013-06-30": "0.69140", "2013-03-31": "", "2012-12-31": "", "2012-09-30": "", "2012-06-30": "", "2011-12-31": ""}, "ROI - Return On Investment": {"2020-09-30": "1.21040", "2020-06-30": "0.42020", "2020-03-31": "0.13620", "2019-12-31": "1.21160", "2019-09-30": "1.17450", "2019-06-30": "0.98520", "2019-03-31": "0.75750", "2018-12-31": "0.88530", "2018-09-30": "0.76400", "2018-06-30": "0.03780", "2018-03-31": "0.64320", "2017-12-31": "0.21280", "2017-09-30": "0.38660", "2017-06-30": "0.23910", "2017-03-31": "0.19660", "2016-12-31": "0.15860", "2016-09-30": "0.14670", "2016-06-30": "0.14960", "2016-03-31": "0.92710", "2015-12-31": "-0.81880", "2015-09-30": "0.15340", "2015-06-30": "0.16790", "2015-03-31": "0.26990", "2014-12-31": "-0.43170", "2014-09-30": "4.45600", "2014-06-30": "0.77290", "2014-03-31": "0.49630", "2013-12-31": "0.36600", "2013-09-30": "-0.39090", "2013-06-30": "0.73000", "2013-03-31": "", "2012-12-31": "", "2012-09-30": "", "2012-06-30": "", "2011-12-31": ""}, "Book Value Per Share": {"2020-09-30": "23.24990", "2020-06-30": "23.60800", "2020-03-31": "22.72360", "2019-12-31": "31.81460", "2019-09-30": "30.08170", "2019-06-30": "30.42860", "2019-03-31": "29.02660", "2018-12-31": "27.96840", "2018-09-30": "26.80570", "2018-06-30": "25.69580", "2018-03-31": "24.92320", "2017-12-31": "24.21870", "2017-09-30": "23.87180", "2017-06-30": "23.31080", "2017-03-31": "22.94880", "2016-12-31": "22.73330", "2016-09-30": "22.60400", "2016-06-30": "22.41140", "2016-03-31": "21.72900", "2015-12-31": "20.29830", "2015-09-30": "21.03630", "2015-06-30": "21.05120", "2015-03-31": "16.08660", "2014-12-31": "15.99710", "2014-09-30": "21.85890", "2014-06-30": "17.98810", "2014-03-31": "17.08490", "2013-12-31": "16.42930", "2013-09-30": "13.88070", "2013-06-30": "17.23730", "2013-03-31": "", "2012-12-31": "", "2012-09-30": "", "2012-06-30": "", "2011-12-31": ""}, "Operating Cash Flow Per Share": {"2020-09-30": 3.1511, "2020-06-30": 4.8095, "2020-03-31": "4.15020", "2019-12-31": 4.6478, "2019-09-30": 4.2745, "2019-06-30": 4.3799, "2019-03-31": "4.02380", "2018-12-31": 4.3429, "2018-09-30": 3.7547, "2018-06-30": 2.8588, "2018-03-31": "4.08400", "2017-12-31": 2.3239, "2017-09-30": 3.6763, "2017-06-30": 2.1857, "2017-03-31": "3.27500", "2016-12-31": 1.3671, "2016-09-30": 3.5324, "2016-06-30": 1.7996, "2016-03-31": "3.08360", "2015-12-31": 2.833, "2015-09-30": 1.3197, "2015-06-30": -0.0027, "2015-03-31": "1.64310", "2014-12-31": 0.3917, "2014-09-30": -0.1599, "2014-06-30": 0.7114, "2014-03-31": "2.36220", "2013-12-31": 1.622, "2013-09-30": 3.277, "2013-06-30": 0.383, "2013-03-31": "1.27670", "2012-12-31": -2.4012, "2012-09-30": 2.4012, "2012-06-30": 0, "2011-12-31": 0}, "Free Cash Flow Per Share": {"2020-09-30": 3.1511, "2020-06-30": 4.8095, "2020-03-31": "4.15020", "2019-12-31": 4.6478, "2019-09-30": 4.2745, "2019-06-30": 4.3799, "2019-03-31": "4.02380", "2018-12-31": 4.3429, "2018-09-30": 3.7547, "2018-06-30": 2.8588, "2018-03-31": "4.08400", "2017-12-31": 2.3239, "2017-09-30": 3.6763, "2017-06-30": 2.1857, "2017-03-31": "3.27500", "2016-12-31": 1.3152, "2016-09-30": 3.5843, "2016-06-30": 1.7996, "2016-03-31": "3.08360", "2015-12-31": 2.8531, "2015-09-30": 1.3306, "2015-06-30": 0.0322, "2015-03-31": "1.68660", "2014-12-31": 0.4613, "2014-09-30": -0.0735, "2014-06-30": 0.8762, "2014-03-31": "2.55330", "2013-12-31": 1.7976, "2013-09-30": 3.4744, "2013-06-30": 0.7111, "2013-03-31": "1.63470", "2012-12-31": -3.8825, "2012-09-30": 3.8825, "2012-06-30": 0, "2011-12-31": 0}}, "revenue": {"OneMain Holdings Annual Revenue (Millions of US $)": {"2019": "$4,749", "2018": "$4,232", "2017": "$3,756", "2016": "$3,883", "2015": "$2,192", "2014": "$2,719", "2013": "$2,307", "2012": "$1,812", "2011": "$2,013"}, "OneMain Holdings Quarterly Revenue (Millions of US $)": {"2020-09-30": "$1,190", "2020-06-30": "$1,225", "2020-03-31": "$1,247", "2019-12-31": "$1,268", "2019-09-30": "$1,221", "2019-06-30": "$1,156", "2019-03-31": "$1,104", "2018-12-31": "$1,111", "2018-09-30": "$1,077", "2018-06-30": "$1,045", "2018-03-31": "$999", "2017-12-31": "$1,003", "2017-09-30": "$960", "2017-06-30": "$893", "2017-03-31": "$900", "2016-12-31": "$915", "2016-09-30": "$928", "2016-06-30": "$906", "2016-03-31": "$1,134", "2015-12-31": "$796", "2015-09-30": "$474", "2015-06-30": "$465", "2015-03-31": "$457", "2014-12-31": "$291", "2014-09-30": "$1,170", "2014-06-30": "$625", "2014-03-31": "$633", "2013-12-31": "$615", "2013-09-30": "$603", "2013-06-30": "$632", "2013-03-31": "$457", "2012-12-31": "", "2012-09-30": "$450", "2012-06-30": "", "2011-12-31": ""}}, "gross-profit": {"OneMain Holdings Annual Gross Profit (Millions of US $)": {"2019": "$3,779", "2018": "$3,357", "2017": "$2,940", "2016": "$3,027", "2015": "$1,477", "2014": "$1,985", "2013": "$1,387", "2012": "$737", "2011": "$728"}, "OneMain Holdings Quarterly Gross Profit (Millions of US $)": {"2020-09-30": "$935", "2020-06-30": "$954", "2020-03-31": "$992", "2019-12-31": "$1,016", "2019-09-30": "$977", "2019-06-30": "$918", "2019-03-31": "$868", "2018-12-31": "$883", "2018-09-30": "$850", "2018-06-30": "$825", "2018-03-31": "$799", "2017-12-31": "$799", "2017-09-30": "$753", "2017-06-30": "$690", "2017-03-31": "$698", "2016-12-31": "$714", "2016-09-30": "$713", "2016-06-30": "$692", "2016-03-31": "$908", "2015-12-31": "$581", "2015-09-30": "$303", "2015-06-30": "$294", "2015-03-31": "$299", "2014-12-31": "$134", "2014-09-30": "$990", "2014-06-30": "$433", "2014-03-31": "$428", "2013-12-31": "$396", "2013-09-30": "$374", "2013-06-30": "$392", "2013-03-31": "$225", "2012-12-31": "", "2012-09-30": "$181", "2012-06-30": "", "2011-12-31": ""}}, "operating-income": {"OneMain Holdings Annual Operating Income (Millions of US $)": {"2019": "$1,098", "2018": "$624", "2017": "$431", "2016": "$464", "2015": "$-164", "2014": "$861", "2013": "$78", "2012": "$-305", "2011": "$-360"}, "OneMain Holdings Quarterly Operating Income (Millions of US $)": {"2020-09-30": "$341", "2020-06-30": "$118", "2020-03-31": "$43", "2019-12-31": "$343", "2019-09-30": "$297", "2019-06-30": "$256", "2019-03-31": "$202", "2018-12-31": "$214", "2018-09-30": "$199", "2018-06-30": "$43", "2018-03-31": "$168", "2017-12-31": "$128", "2017-09-30": "$143", "2017-06-30": "$80", "2017-03-31": "$80", "2016-12-31": "$62", "2016-09-30": "$54", "2016-06-30": "$63", "2016-03-31": "$285", "2015-12-31": "$-264", "2015-09-30": "$34", "2015-06-30": "$25", "2015-03-31": "$41", "2014-12-31": "$-82", "2014-09-30": "$697", "2014-06-30": "$147", "2014-03-31": "$99", "2013-12-31": "$40", "2013-09-30": "$-92", "2013-06-30": "$144", "2013-03-31": "$-14", "2012-12-31": "", "2012-09-30": "$-69", "2012-06-30": "", "2011-12-31": ""}}, "ebitda": {"OneMain Holdings Annual EBITDA (Millions of US $)": {"2019": "$", "2018": "$", "2017": "$", "2016": "$", "2015": "$", "2014": "$", "2013": "$", "2012": "$", "2011": "$"}, "OneMain Holdings Quarterly EBITDA (Millions of US $)": {"2020-09-30": "", "2020-06-30": "", "2020-03-31": "", "2019-12-31": "", "2019-09-30": "", "2019-06-30": "", "2019-03-31": "", "2018-12-31": "", "2018-09-30": "", "2018-06-30": "", "2018-03-31": "", "2017-12-31": "", "2017-09-30": "", "2017-06-30": "", "2017-03-31": "", "2016-12-31": "", "2016-09-30": "", "2016-06-30": "", "2016-03-31": "", "2015-12-31": "", "2015-09-30": "", "2015-06-30": "", "2015-03-31": "", "2014-12-31": "", "2014-09-30": "", "2014-06-30": "", "2014-03-31": "", "2013-12-31": "", "2013-09-30": "", "2013-06-30": "", "2013-03-31": "", "2012-12-31": "", "2012-09-30": "", "2012-06-30": "", "2011-12-31": ""}}, "net-income": {"OneMain Holdings Annual Net Income (Millions of US $)": {"2019": "$855", "2018": "$447", "2017": "$183", "2016": "$215", "2015": "$-220", "2014": "$463", "2013": "$-19", "2012": "$-218", "2011": "$-242"}, "OneMain Holdings Quarterly Net Income (Millions of US $)": {"2020-09-30": "$250", "2020-06-30": "$89", "2020-03-31": "$32", "2019-12-31": "$261", "2019-09-30": "$248", "2019-06-30": "$194", "2019-03-31": "$152", "2018-12-31": "$168", "2018-09-30": "$148", "2018-06-30": "$7", "2018-03-31": "$124", "2017-12-31": "$39", "2017-09-30": "$69", "2017-06-30": "$42", "2017-03-31": "$33", "2016-12-31": "$27", "2016-09-30": "$25", "2016-06-30": "$26", "2016-03-31": "$137", "2015-12-31": "$-195", "2015-09-30": "$-13", "2015-06-30": "$-12", "2015-03-31": "", "2014-12-31": "$-88", "2014-09-30": "$427", "2014-06-30": "$72", "2014-03-31": "$52", "2013-12-31": "$27", "2013-09-30": "$-93", "2013-06-30": "$56", "2013-03-31": "$-10", "2012-12-31": "", "2012-09-30": "$-45", "2012-06-30": "", "2011-12-31": ""}}, "eps-earnings-per-share-diluted": {"OneMain Holdings Annual EPS": {"2019": "$6.27", "2018": "$3.29", "2017": "$1.35", "2016": "$1.59", "2015": "$-1.72", "2014": "$4.02", "2013": "$-0.19", "2012": "$-2.18", "2011": "$-2.42"}, "OneMain Holdings Quarterly EPS": {"2020-09-30": "$1.86", "2020-06-30": "$0.66", "2020-03-31": "$0.24", "2019-12-31": "$1.92", "2019-09-30": "$1.82", "2019-06-30": "$1.42", "2019-03-31": "$1.11", "2018-12-31": "$1.24", "2018-09-30": "$1.09", "2018-06-30": "$0.05", "2018-03-31": "$0.91", "2017-12-31": "$0.29", "2017-09-30": "$0.51", "2017-06-30": "$0.30", "2017-03-31": "$0.25", "2016-12-31": "$0.20", "2016-09-30": "$0.19", "2016-06-30": "$0.19", "2016-03-31": "$1.01", "2015-12-31": "$-1.53", "2015-09-30": "$-0.10", "2015-06-30": "$-0.09", "2015-03-31": "$0.00", "2014-12-31": "$-0.76", "2014-09-30": "$3.70", "2014-06-30": "$0.63", "2014-03-31": "$0.45", "2013-12-31": "$0.28", "2013-09-30": "$-0.93", "2013-06-30": "$0.56", "2013-03-31": "$-0.10", "2012-12-31": "$0.00", "2012-09-30": "$-0.45", "2012-06-30": "$0.00", "2011-12-31": "$0.00"}}, "shares-outstanding": {"OneMain Holdings Annual Shares Outstanding (Millions of Shares)": {"2019": "136", "2018": "136", "2017": "136", "2016": "135", "2015": "128", "2014": "115", "2013": "103", "2012": "100", "2011": "100"}, "OneMain Holdings Quarterly Shares Outstanding (Millions of Shares)": {"2020-09-30": "135", "2020-06-30": "134", "2020-03-31": "136", "2019-12-31": "136", "2019-09-30": "136", "2019-06-30": "136", "2019-03-31": "136", "2018-12-31": "136", "2018-09-30": "136", "2018-06-30": "136", "2018-03-31": "136", "2017-12-31": "136", "2017-09-30": "136", "2017-06-30": "136", "2017-03-31": "136", "2016-12-31": "135", "2016-09-30": "135", "2016-06-30": "135", "2016-03-31": "135", "2015-12-31": "128", "2015-09-30": "134", "2015-06-30": "127", "2015-03-31": "115", "2014-12-31": "115", "2014-09-30": "115", "2014-06-30": "115", "2014-03-31": "115", "2013-12-31": "103", "2013-09-30": "100", "2013-06-30": "100", "2013-03-31": "100", "2012-12-31": "", "2012-09-30": "100", "2012-06-30": "", "2011-12-31": ""}}, "total-assets": {"OneMain Holdings Annual Total Assets (Millions of US $)": {"2019": "$22,817", "2018": "$20,090", "2017": "$19,433", "2016": "$18,123", "2015": "$21,190", "2014": "$10,812", "2013": "$15,403", "2012": "$14,667", "2011": "$15,495"}, "OneMain Holdings Quarterly Total Assets (Millions of US $)": {"2020-09-30": "$21,857", "2020-06-30": "$22,508", "2020-03-31": "$24,693", "2019-12-31": "$22,817", "2019-09-30": "$22,410", "2019-06-30": "$21,017", "2019-03-31": "$21,358", "2018-12-31": "$20,090", "2018-09-30": "$20,468", "2018-06-30": "$19,640", "2018-03-31": "$20,467", "2017-12-31": "$19,433", "2017-09-30": "$19,050", "2017-06-30": "$18,698", "2017-03-31": "$17,973", "2016-12-31": "$18,123", "2016-09-30": "$18,353", "2016-06-30": "$18,544", "2016-03-31": "$19,055", "2015-12-31": "$21,190", "2015-09-30": "$13,284", "2015-06-30": "$13,308", "2015-03-31": "$12,407", "2014-12-31": "$10,812", "2014-09-30": "$11,263", "2014-06-30": "$14,083", "2014-03-31": "$14,522", "2013-12-31": "$15,403", "2013-09-30": "$16,427", "2013-06-30": "$16,042", "2013-03-31": "$0", "2012-12-31": "$0", "2012-09-30": "$0", "2012-06-30": "$0", "2011-12-31": "$15,495"}}, "cash-on-hand": {"OneMain Holdings Annual Cash on Hand (Millions of US $)": {"2019": "$1,227", "2018": "$679", "2017": "$987", "2016": "$579", "2015": "$939", "2014": "$879", "2013": "$431", "2012": "$1,554", "2011": "$690"}, "OneMain Holdings Quarterly Cash on Hand (Millions of US $)": {"2020-09-30": "$1,944", "2020-06-30": "$2,740", "2020-03-31": "$4,203", "2019-12-31": "$1,227", "2019-09-30": "$1,393", "2019-06-30": "$786", "2019-03-31": "$1,709", "2018-12-31": "$679", "2018-09-30": "$1,243", "2018-06-30": "$556", "2018-03-31": "$1,807", "2017-12-31": "$987", "2017-09-30": "$916", "2017-06-30": "$862", "2017-03-31": "$787", "2016-12-31": "$579", "2016-09-30": "$658", "2016-06-30": "$742", "2016-03-31": "$716", "2015-12-31": "$939", "2015-09-30": "$3,865", "2015-06-30": "$3,594", "2015-03-31": "$2,421", "2014-12-31": "$879", "2014-09-30": "$1,971", "2014-06-30": "$891", "2014-03-31": "$764", "2013-12-31": "$431", "2013-09-30": "$1,250", "2013-06-30": "$646", "2013-03-31": "", "2012-12-31": "", "2012-09-30": "", "2012-06-30": "", "2011-12-31": "$690"}}, "long-term-debt": {"OneMain Holdings Annual Long Term Debt (Millions of US $)": {"2019": "$17,212", "2018": "$15,178", "2017": "$15,050", "2016": "$13,959", "2015": "$17,300", "2014": "$8,356", "2013": "$12,769", "2012": "$12,621", "2011": "$13,070"}, "OneMain Holdings Quarterly Long Term Debt (Millions of US $)": {"2020-09-30": "$17,531", "2020-06-30": "$18,010", "2020-03-31": "$20,443", "2019-12-31": "$17,212", "2019-09-30": "$17,021", "2019-06-30": "$15,551", "2019-03-31": "$16,117", "2018-12-31": "$15,178", "2018-09-30": "$15,731", "2018-06-30": "$15,054", "2018-03-31": "$15,898", "2017-12-31": "$15,050", "2017-09-30": "$14,619", "2017-06-30": "$14,409", "2017-03-31": "$13,679", "2016-12-31": "$13,959", "2016-09-30": "$13,994", "2016-06-30": "$14,362", "2016-03-31": "$14,870", "2015-12-31": "$17,300", "2015-09-30": "$9,555", "2015-06-30": "$9,676", "2015-03-31": "$9,635", "2014-12-31": "$8,356", "2014-09-30": "$7,858", "2014-06-30": "$11,261", "2014-03-31": "$11,739", "2013-12-31": "$12,769", "2013-09-30": "$13,999", "2013-06-30": "$13,470", "2013-03-31": "", "2012-12-31": "", "2012-09-30": "", "2012-06-30": "", "2011-12-31": "$13,070"}}, "total-liabilities": {"OneMain Holdings Annual Total Liabilities (Millions of US $)": {"2019": "$18,487", "2018": "$16,291", "2017": "$16,155", "2016": "$15,057", "2015": "$18,460", "2014": "$8,975", "2013": "$13,516", "2012": "$13,486", "2011": "$14,132"}, "OneMain Holdings Quarterly Total Liabilities (Millions of US $)": {"2020-09-30": "$18,734", "2020-06-30": "$19,337", "2020-03-31": "$21,641", "2019-12-31": "$18,487", "2019-09-30": "$18,316", "2019-06-30": "$16,876", "2019-03-31": "$17,408", "2018-12-31": "$16,291", "2018-09-30": "$16,828", "2018-06-30": "$16,151", "2018-03-31": "$17,085", "2017-12-31": "$16,155", "2017-09-30": "$15,820", "2017-06-30": "$15,544", "2017-03-31": "$14,868", "2016-12-31": "$15,057", "2016-09-30": "$15,307", "2016-06-30": "$15,524", "2016-03-31": "$16,127", "2015-12-31": "$18,460", "2015-09-30": "$10,455", "2015-06-30": "$10,477", "2015-03-31": "$10,556", "2014-12-31": "$8,975", "2014-09-30": "$8,753", "2014-06-30": "$12,018", "2014-03-31": "$12,560", "2013-12-31": "$13,516", "2013-09-30": "$14,834", "2013-06-30": "$14,319", "2013-03-31": "$0", "2012-12-31": "", "2012-09-30": "$0", "2012-06-30": "$0", "2011-12-31": "$14,132"}}, "total-share-holder-equity": {"OneMain Holdings Annual Share Holder Equity (Millions of US $)": {"2019": "$4,330", "2018": "$3,799", "2017": "$3,278", "2016": "$3,066", "2015": "$2,730", "2014": "$1,837", "2013": "$1,887", "2012": "$1,181", "2011": "$1,363"}, "OneMain Holdings Quarterly Share Holder Equity (Millions of US $)": {"2020-09-30": "$3,123", "2020-06-30": "$3,171", "2020-03-31": "$3,052", "2019-12-31": "$4,330", "2019-09-30": "$4,094", "2019-06-30": "$4,141", "2019-03-31": "$3,950", "2018-12-31": "$3,799", "2018-09-30": "$3,640", "2018-06-30": "$3,489", "2018-03-31": "$3,382", "2017-12-31": "$3,278", "2017-09-30": "$3,230", "2017-06-30": "$3,154", "2017-03-31": "$3,105", "2016-12-31": "$3,066", "2016-09-30": "$3,046", "2016-06-30": "$3,020", "2016-03-31": "$2,928", "2015-12-31": "$2,730", "2015-09-30": "$2,829", "2015-06-30": "$2,831", "2015-03-31": "$1,851", "2014-12-31": "$1,837", "2014-09-30": "$2,510", "2014-06-30": "$2,066", "2014-03-31": "$1,962", "2013-12-31": "$1,887", "2013-09-30": "$1,594", "2013-06-30": "$1,724", "2013-03-31": "$0", "2012-12-31": "", "2012-09-30": "$0", "2012-06-30": "$0", "2011-12-31": "$1,363"}}, "profit-margins": {"current": "13.61%"}, "gross margin": {"2020-09-30": "79.05%", "2020-06-30": "79.40%", "2020-03-31": "79.78%", "2019-12-31": "79.57%", "2019-09-30": "79.40%", "2019-06-30": "79.11%", "2019-03-31": "78.99%", "2018-12-31": "79.32%", "2018-09-30": "79.36%", "2018-06-30": "79.26%", "2018-03-31": "78.88%", "2017-12-31": "78.27%", "2017-09-30": "77.84%", "2017-06-30": "77.42%", "2017-03-31": "77.20%", "2016-12-31": "77.96%", "2016-09-30": "76.89%", "2016-06-30": "75.05%", "2016-03-31": "72.71%", "2015-12-31": "67.38%", "2015-09-30": "61.06%", "2015-06-30": "72.05%", "2015-03-31": "72.98%", "2014-12-31": "73.00%", "2014-09-30": "73.84%", "2014-06-30": "65.87%", "2014-03-31": "64.04%", "2013-12-31": "60.12%", "2013-06-30": "51.85%"}, "operating margin": {"2020-09-30": "17.14%", "2020-06-30": "16.15%", "2020-03-31": "19.19%", "2019-12-31": "23.12%", "2019-09-30": "21.10%", "2019-06-30": "19.58%", "2019-03-31": "15.17%", "2018-12-31": "14.74%", "2018-09-30": "13.05%", "2018-06-30": "12.03%", "2018-03-31": "13.46%", "2017-12-31": "11.47%", "2017-09-30": "9.95%", "2017-06-30": "7.59%", "2017-03-31": "7.10%", "2016-12-31": "11.95%", "2016-09-30": "3.67%", "2016-06-30": "3.56%", "2016-03-31": "2.79%", "2015-12-31": "-7.48%", "2015-09-30": "1.07%", "2015-06-30": "28.58%", "2015-03-31": "31.58%", "2014-12-31": "31.67%", "2014-09-30": "32.30%", "2014-06-30": "7.84%", "2014-03-31": "7.69%", "2013-12-31": "3.38%", "2013-06-30": "3.96%"}, "ebitda margin": {"2020-09-30": "0.00%", "2020-06-30": "0.00%", "2020-03-31": "0.00%", "2019-12-31": "0.00%", "2019-09-30": "0.00%", "2019-06-30": "0.00%", "2019-03-31": "0.00%", "2018-12-31": "0.00%", "2018-09-30": "0.00%", "2018-06-30": "0.00%", "2018-03-31": "0.00%", "2017-12-31": "0.00%", "2017-09-30": "0.00%", "2017-06-30": "0.00%", "2017-03-31": "0.00%", "2016-12-31": "0.00%", "2016-09-30": "0.00%", "2016-06-30": "0.00%", "2016-03-31": "0.00%", "2015-12-31": "0.00%", "2015-09-30": "0.00%", "2015-06-30": "0.00%", "2015-03-31": "0.00%", "2014-12-31": "0.00%", "2014-09-30": "0.00%", "2014-06-30": "0.00%", "2014-03-31": "0.00%", "2013-12-31": "0.00%", "2013-06-30": "0.00%"}, "pre tax profit margin": {"2020-09-30": "17.14%", "2020-06-30": "16.15%", "2020-03-31": "19.19%", "2019-12-31": "23.12%", "2019-09-30": "21.10%", "2019-06-30": "19.58%", "2019-03-31": "15.17%", "2018-12-31": "14.74%", "2018-09-30": "14.48%", "2018-06-30": "12.95%", "2018-03-31": "14.06%", "2017-12-31": "11.47%", "2017-09-30": "7.44%", "2017-06-30": "5.09%", "2017-03-31": "4.41%", "2016-12-31": "9.17%", "2016-09-30": "0.80%", "2016-06-30": "0.51%", "2016-03-31": "-0.42%", "2015-12-31": "-10.31%", "2015-09-30": "-0.65%", "2015-06-30": "27.95%", "2015-03-31": "31.46%", "2014-12-31": "31.67%", "2014-09-30": "32.30%", "2014-06-30": "7.84%", "2014-03-31": "7.69%", "2013-12-31": "3.38%", "2013-06-30": "3.96%"}, "net profit margin": {"2020-09-30": "12.82%", "2020-06-30": "12.70%", "2020-03-31": "15.02%", "2019-12-31": "18.00%", "2019-09-30": "16.59%", "2019-06-30": "14.88%", "2019-03-31": "10.95%", "2018-12-31": "10.56%", "2018-09-30": "7.71%", "2018-06-30": "5.96%", "2018-03-31": "7.11%", "2017-12-31": "4.87%", "2017-09-30": "4.66%", "2017-06-30": "3.49%", "2017-03-31": "3.04%", "2016-12-31": "5.54%", "2016-09-30": "-0.19%", "2016-06-30": "-1.36%", "2016-03-31": "-2.89%", "2015-12-31": "-10.04%", "2015-09-30": "-6.70%", "2015-06-30": "13.72%", "2015-03-31": "16.16%", "2014-12-31": "17.03%", "2014-09-30": "18.99%", "2014-06-30": "2.34%", "2014-03-31": "1.69%", "2013-12-31": "-0.87%", "2013-06-30": "0.06%"}, "pe ratio": {"current": "10.45", "2021-02-05": "11.81", "2020-09-30": "6.61", "2020-06-30": "4.85", "2020-03-31": "3.20", "2019-12-31": "5.68", "2019-09-30": "5.51", "2019-06-30": "5.50", "2019-03-31": "7.14", "2018-12-31": "5.75", "2018-09-30": "11.18", "2018-06-30": "14.73", "2018-03-31": "11.60", "2017-12-31": "14.99", "2017-09-30": "17.42", "2017-06-30": "20.37", "2017-03-31": "23.31", "2016-12-31": "10.08", "2016-09-30": "0.00"}, "price sales": {"2021-02-05": "1.51", "2020-09-30": "0.85", "2020-06-30": "0.61", "2020-03-31": "0.48", "2019-12-31": "1.02", "2019-09-30": "0.91", "2019-06-30": "0.82", "2019-03-31": "0.78", "2018-12-31": "0.61", "2018-09-30": "0.86", "2018-06-30": "0.88", "2018-03-31": "0.82", "2017-12-31": "0.73", "2017-09-30": "0.81", "2017-06-30": "0.71", "2017-03-31": "0.72", "2016-12-31": "0.60", "2016-09-30": "0.85"}, "price book": {"current": "2.37", "2021-02-05": "2.37", "2020-09-30": "1.33", "2020-06-30": "0.95", "2020-03-31": "0.76", "2019-12-31": "1.12", "2019-09-30": "1.02", "2019-06-30": "0.88", "2019-03-31": "0.86", "2018-12-31": "0.68", "2018-09-30": "0.98", "2018-06-30": "1.01", "2018-03-31": "0.94", "2017-12-31": "0.84", "2017-09-30": "0.92", "2017-06-30": "0.82", "2017-03-31": "0.84", "2016-12-31": "0.76", "2016-09-30": "1.07", "2016-06-30": "0.79", "2016-03-31": "0.98", "2015-12-31": "1.59"}, "price fcf": {"2021-02-05": "", "2020-09-30": "$16.76", "2020-06-30": "$17.88", "2020-03-31": "$17.45", "2019-12-31": "$17.33", "2019-09-30": "$17.02", "2019-06-30": "$16.50", "2019-03-31": "$14.98", "2018-12-31": "$15.04", "2018-09-30": "$13.02", "2018-06-30": "$12.94", "2018-03-31": "$12.27", "2017-12-31": "$11.46", "2017-09-30": "$10.45", "2017-06-30": "$10.36", "2017-03-31": "$9.97", "2016-12-31": "$9.78", "2016-09-30": "$14.37"}, "net worth": {"value": "$7.41B"}, "current ratio": {"2020-09-30": "0.00", "2020-06-30": "0.00", "2020-03-31": "0.00", "2019-12-31": "0.00", "2019-09-30": "0.00", "2019-06-30": "0.00", "2019-03-31": "0.00", "2018-12-31": "0.00", "2018-09-30": "0.00", "2018-06-30": "0.00", "2018-03-31": "0.00", "2017-12-31": "0.00", "2017-09-30": "0.00", "2017-06-30": "0.00", "2017-03-31": "0.00", "2016-12-31": "0.00", "2016-09-30": "0.00", "2016-06-30": "0.00", "2016-03-31": "0.00", "2015-12-31": "0.00", "2015-09-30": "0.00", "2015-06-30": "0.00", "2015-03-31": "0.00", "2014-12-31": "0.00", "2014-09-30": "0.00", "2014-06-30": "0.00", "2014-03-31": "0.00", "2013-12-31": "0.00", "2013-09-30": "0.00", "2013-06-30": "0.00", "2013-03-31": "0.00", "2012-12-31": "0.00", "2012-09-30": "0.00", "2012-06-30": "0.00", "2011-12-31": "0.00"}, "quick ratio": {"2020-09-30": "0.00", "2020-06-30": "0.00", "2020-03-31": "0.00", "2019-12-31": "0.00", "2019-09-30": "0.00", "2019-06-30": "0.00", "2019-03-31": "0.00", "2018-12-31": "0.00", "2018-09-30": "0.00", "2018-06-30": "0.00", "2018-03-31": "0.00", "2017-12-31": "0.00", "2017-09-30": "0.00", "2017-06-30": "0.00", "2017-03-31": "0.00", "2016-12-31": "0.00", "2016-09-30": "0.00", "2016-06-30": "0.00", "2016-03-31": "0.00", "2015-12-31": "0.00", "2015-09-30": "0.00", "2015-06-30": "0.00", "2015-03-31": "0.00", "2014-12-31": "0.00", "2014-09-30": "0.00", "2014-06-30": "0.00", "2014-03-31": "0.00", "2013-12-31": "0.00", "2013-09-30": "0.00", "2013-06-30": "0.00", "2013-03-31": "0.00", "2012-12-31": "0.00", "2012-09-30": "0.00", "2012-06-30": "0.00", "2011-12-31": "0.00"}, "debt equity ratio": {"current": "5.61", "2020-09-30": "6.00", "2020-06-30": "6.10", "2020-03-31": "7.09", "2019-12-31": "4.27", "2019-09-30": "4.47", "2019-06-30": "4.08", "2019-03-31": "4.41", "2018-12-31": "4.29", "2018-09-30": "4.62", "2018-06-30": "4.63", "2018-03-31": "5.05", "2017-12-31": "4.93", "2017-09-30": "4.90", "2017-06-30": "4.93", "2017-03-31": "4.79", "2016-12-31": "4.91", "2016-09-30": "5.03", "2016-06-30": "5.14", "2016-03-31": "5.51", "2015-12-31": "6.76", "2015-09-30": "3.70", "2015-06-30": "3.70", "2015-03-31": "5.70", "2014-12-31": "4.89", "2014-09-30": "3.49", "2014-06-30": "5.82", "2014-03-31": "6.40", "2013-12-31": "7.16", "2013-09-30": "9.31", "2013-06-30": "8.31", "2013-03-31": "0.00", "2012-12-31": "0.00", "2012-09-30": "0.00", "2012-06-30": "0.00", "2011-12-31": "10.37"}, "return on equity": {"2020-09-30": "18.48%", "2020-06-30": "17.20%", "2020-03-31": "18.83%", "2019-12-31": "20.71%", "2019-09-30": "19.07%", "2019-06-30": "17.05%", "2019-03-31": "12.77%", "2018-12-31": "12.49%", "2018-09-30": "9.22%", "2018-06-30": "7.15%", "2018-03-31": "8.40%", "2017-12-31": "5.73%", "2017-09-30": "5.45%", "2017-06-30": "4.11%", "2017-03-31": "3.63%", "2016-12-31": "7.13%", "2016-09-30": "-0.24%", "2016-06-30": "-1.56%", "2016-03-31": "-2.93%", "2015-09-30": "-4.84%", "2015-06-30": "14.49%", "2014-12-31": "22.11%", "2014-09-30": "27.44%", "2014-06-30": "3.09%", "2014-03-31": "2.34%", "2013-12-31": "-1.54%", "2013-06-30": "0.23%"}, "return on assets": {"2020-09-30": "2.75%", "2020-06-30": "2.73%", "2020-03-31": "3.23%", "2019-12-31": "3.90%", "2019-09-30": "3.59%", "2019-06-30": "3.19%", "2019-03-31": "2.33%", "2018-12-31": "2.22%", "2018-09-30": "1.59%", "2018-06-30": "1.22%", "2018-03-31": "1.41%", "2017-12-31": "0.97%", "2017-09-30": "0.93%", "2017-06-30": "0.69%", "2017-03-31": "0.61%", "2016-12-31": "1.16%", "2016-09-30": "-0.04%", "2016-06-30": "-0.25%", "2016-03-31": "-0.50%", "2015-09-30": "-0.91%", "2015-06-30": "2.74%", "2014-12-31": "3.65%", "2014-09-30": "4.18%", "2014-06-30": "0.38%", "2014-03-31": "0.27%", "2013-12-31": "-0.17%", "2013-06-30": "0.02%"}, "return on investments": {"2020-09-30": "3.89%", "2020-06-30": "3.67%", "2020-03-31": "4.38%", "2019-12-31": "5.33%", "2019-09-30": "4.85%", "2019-06-30": "4.46%", "2019-03-31": "3.42%", "2018-12-31": "3.28%", "2018-09-30": "2.85%", "2018-06-30": "2.61%", "2018-03-31": "2.84%", "2017-12-31": "2.44%", "2017-09-30": "2.11%", "2017-06-30": "1.61%", "2017-03-31": "1.52%", "2016-12-31": "2.68%", "2016-09-30": "0.76%", "2016-06-30": "0.70%", "2016-03-31": "0.51%", "2015-12-31": "-1.16%", "2015-09-30": "0.15%", "2015-06-30": "6.11%", "2015-03-31": "7.08%", "2014-12-31": "7.24%", "2014-09-30": "7.55%", "2014-06-30": "1.35%", "2014-03-31": "1.29%", "2013-12-31": "0.69%", "2013-06-30": "1.61%"}, "return on tangible equity": {"2020-09-30": "37.89%", "2020-06-30": "33.13%", "2020-03-31": "34.43%", "2019-12-31": "36.39%", "2019-09-30": "34.55%", "2019-06-30": "31.82%", "2019-03-31": "24.92%", "2018-12-31": "25.55%", "2018-09-30": "19.79%", "2018-06-30": "16.03%", "2018-03-31": "19.67%", "2017-12-31": "13.95%", "2017-09-30": "13.73%", "2017-06-30": "10.71%", "2017-03-31": "9.76%", "2016-12-31": "19.95%", "2016-09-30": "-0.72%", "2016-06-30": "-3.21%", "2016-03-31": "-4.51%", "2015-09-30": "-4.85%", "2015-06-30": "14.52%", "2014-12-31": "22.17%", "2014-09-30": "27.44%", "2014-06-30": "3.09%", "2014-03-31": "2.34%", "2013-12-31": "-1.54%", "2013-06-30": "0.23%"}, "dividend yield history": {"last payout": "$1.80", "last yield": "3.26%"}}