{"ticker": "ORCL", "price": {"title": "Oracle Historical Annual Stock Price Data", "value": 62.7, "historical": {"2021": {"Average Stock Price": "62.2746", "Year Open": "63.7500", "Year High": "63.7500", "Year Low": "60.3600", "Year Close": "62.7000", "Annual % Change": "-3.08%"}, "2020": {"Average Stock Price": "55.2612", "Year Open": "53.9500", "Year High": "65.3000", "Year Low": "39.8000", "Year Close": "64.6900", "Annual % Change": "22.10%"}, "2019": {"Average Stock Price": "53.8697", "Year Open": "45.2200", "Year High": "60.1500", "Year Low": "44.7800", "Year Close": "52.9800", "Annual % Change": "17.34%"}, "2018": {"Average Stock Price": "48.0500", "Year Open": "46.6300", "Year High": "52.9700", "Year Low": "42.6900", "Year Close": "45.1500", "Annual % Change": "-4.51%"}, "2017": {"Average Stock Price": "46.5247", "Year Open": "38.5500", "Year High": "52.8000", "Year Low": "38.4500", "Year Close": "47.2800", "Annual % Change": "22.96%"}, "2016": {"Average Stock Price": "39.2267", "Year Open": "35.7500", "Year High": "41.7700", "Year Low": "33.9400", "Year Close": "38.4500", "Annual % Change": "5.26%"}, "2015": {"Average Stock Price": "40.7971", "Year Open": "44.3300", "Year High": "44.9100", "Year Low": "35.4400", "Year Close": "36.5300", "Annual % Change": "-18.77%"}, "2014": {"Average Stock Price": "40.1178", "Year Open": "37.8400", "Year High": "46.2300", "Year Low": "35.8400", "Year Close": "44.9700", "Annual % Change": "17.54%"}, "2013": {"Average Stock Price": "33.6779", "Year Open": "34.6900", "Year High": "38.2600", "Year Low": "29.9600", "Year Close": "38.2600", "Annual % Change": "14.83%"}, "2012": {"Average Stock Price": "29.8022", "Year Open": "25.8650", "Year High": "34.0900", "Year Low": "25.6100", "Year Close": "33.3200", "Annual % Change": "29.90%"}, "2011": {"Average Stock Price": "31.3691", "Year Open": "31.6200", "Year High": "36.3700", "Year Low": "24.7800", "Year Close": "25.6500", "Annual % Change": "-18.05%"}, "2010": {"Average Stock Price": "25.4572", "Year Open": "24.8500", "Year High": "31.7600", "Year Low": "21.4600", "Year Close": "31.3000", "Annual % Change": "27.60%"}, "2009": {"Average Stock Price": "20.1158", "Year Open": "18.4100", "Year High": "25.0100", "Year Low": "13.8500", "Year Close": "24.5300", "Annual % Change": "38.35%"}, "2008": {"Average Stock Price": "20.0030", "Year Open": "22.4900", "Year High": "23.5200", "Year Low": "15.4000", "Year Close": "17.7300", "Annual % Change": "-21.48%"}, "2007": {"Average Stock Price": "19.5037", "Year Open": "17.5100", "Year High": "23.0400", "Year Low": "16.2900", "Year Close": "22.5800", "Annual % Change": "31.74%"}, "2006": {"Average Stock Price": "15.2314", "Year Open": "12.6000", "Year High": "19.6600", "Year Low": "12.2000", "Year Close": "17.1400", "Annual % Change": "40.38%"}, "2005": {"Average Stock Price": "12.8311", "Year Open": "13.4100", "Year High": "14.0500", "Year Low": "11.5200", "Year Close": "12.2100", "Annual % Change": "-11.01%"}, "2004": {"Average Stock Price": "12.1210", "Year Open": "13.1400", "Year High": "14.8900", "Year Low": "9.8600", "Year Close": "13.7200", "Annual % Change": "3.70%"}, "2003": {"Average Stock Price": "12.2052", "Year Open": "11.2100", "Year High": "13.7600", "Year Low": "10.6800", "Year Close": "13.2300", "Annual % Change": "22.50%"}, "2002": {"Average Stock Price": "11.0963", "Year Open": "13.9800", "Year High": "17.2600", "Year Low": "7.3210", "Year Close": "10.8000", "Annual % Change": "-21.80%"}, "2001": {"Average Stock Price": "17.6158", "Year Open": "26.3800", "Year High": "34.5600", "Year Low": "10.7600", "Year Close": "13.8100", "Annual % Change": "-52.48%"}, "2000": {"Average Stock Price": "35.4011", "Year Open": "29.5250", "Year High": "46.3150", "Year Low": "22.3100", "Year Close": "29.0600", "Annual % Change": "3.69%"}, "1999": {"Average Stock Price": "10.5125", "Year Open": "7.1667", "Year High": "28.0250", "Year Low": "5.3600", "Year Close": "28.0250", "Annual % Change": "288.79%"}, "1998": {"Average Stock Price": "4.5371", "Year Open": "3.8333", "Year High": "7.4167", "Year Low": "3.0100", "Year Close": "7.2083", "Annual % Change": "93.86%"}, "1997": {"Average Stock Price": "5.2165", "Year Open": "4.6667", "Year High": "6.8550", "Year Low": "3.5100", "Year Close": "3.7183", "Annual % Change": "-19.85%"}, "1996": {"Average Stock Price": "4.1556", "Year Open": "3.2037", "Year High": "5.5278", "Year Low": "2.9630", "Year Close": "4.6389", "Annual % Change": "47.77%"}, "1995": {"Average Stock Price": "2.7567", "Year Open": "2.1170", "Year High": "3.5652", "Year Low": "2.0617", "Year Close": "3.1393", "Annual % Change": "44.08%"}, "1994": {"Average Stock Price": "1.8443", "Year Open": "1.4074", "Year High": "2.2716", "Year Low": "1.3269", "Year Close": "2.1788", "Annual % Change": "53.46%"}, "1993": {"Average Stock Price": "1.1620", "Year Open": "0.7067", "Year High": "1.8519", "Year Low": "0.6975", "Year Close": "1.4198", "Annual % Change": "102.63%"}, "1992": {"Average Stock Price": "0.4548", "Year Open": "0.3672", "Year High": "0.7007", "Year Low": "0.3086", "Year Close": "0.7007", "Annual % Change": "95.73%"}, "1991": {"Average Stock Price": "0.2592", "Year Open": "0.1975", "Year High": "0.4012", "Year Low": "0.1390", "Year Close": "0.3580", "Annual % Change": "84.25%"}, "1990": {"Average Stock Price": "0.3811", "Year Open": "0.5958", "Year High": "0.6943", "Year Low": "0.1328", "Year Close": "0.1943", "Annual % Change": "-66.33%"}, "1989": {"Average Stock Price": "0.4184", "Year Open": "0.2346", "Year High": "0.6358", "Year Low": "0.2346", "Year Close": "0.5770", "Annual % Change": "139.72%"}, "1988": {"Average Stock Price": "0.2115", "Year Open": "0.1883", "Year High": "0.2747", "Year Low": "0.1451", "Year Close": "0.2407", "Annual % Change": "34.47%"}, "1987": {"Average Stock Price": "0.1423", "Year Open": "0.0640", "Year High": "0.2299", "Year Low": "0.0640", "Year Close": "0.1790", "Annual % Change": "179.69%"}}}, "market cap": {"value": "$187.45B"}, "income statement": {"Revenue": {"2020-05-31": "39068.00000", "2019-05-31": "39506.00000", "2018-05-31": "39383.00000", "2017-05-31": "37792.00000", "2016-05-31": "37047.00000", "2015-05-31": "38226.00000", "2014-05-31": "38275.00000", "2013-05-31": "37180.00000", "2012-05-31": "37121.00000", "2011-05-31": "35622.00000", "2010-05-31": "26820.00000", "2009-05-31": "23252.00000", "2008-05-31": "22430.00000", "2007-05-31": "17996.00000", "2006-05-31": "14380.00000", "2005-05-31": "11799.00000"}, "Cost Of Goods Sold": {"2020-05-31": "7938.00000", "2019-05-31": "7995.00000", "2018-05-31": "8060.00000", "2017-05-31": "7452.00000", "2016-05-31": "7479.00000", "2015-05-31": "7532.00000", "2014-05-31": "7236.00000", "2013-05-31": "7379.00000", "2012-05-31": "7995.00000", "2011-05-31": "8398.00000", "2010-05-31": "5764.00000", "2009-05-31": "4794.00000", "2008-05-31": "4981.00000", "2007-05-31": "4191.00000", "2006-05-31": "3235.00000", "2005-05-31": "2651.00000"}, "Gross Profit": {"2020-05-31": "31130.00000", "2019-05-31": "31511.00000", "2018-05-31": "31323.00000", "2017-05-31": "30340.00000", "2016-05-31": "29568.00000", "2015-05-31": "30694.00000", "2014-05-31": "31039.00000", "2013-05-31": "29801.00000", "2012-05-31": "29126.00000", "2011-05-31": "27224.00000", "2010-05-31": "21056.00000", "2009-05-31": "18458.00000", "2008-05-31": "17449.00000", "2007-05-31": "13805.00000", "2006-05-31": "11145.00000", "2005-05-31": "9148.00000"}, "Research And Development Expenses": {"2020-05-31": "6067.00000", "2019-05-31": "6026.00000", "2018-05-31": "6084.00000", "2017-05-31": "6153.00000", "2016-05-31": "5787.00000", "2015-05-31": "5524.00000", "2014-05-31": "5151.00000", "2013-05-31": "4850.00000", "2012-05-31": "4523.00000", "2011-05-31": "4519.00000", "2010-05-31": "3254.00000", "2009-05-31": "2767.00000", "2008-05-31": "2741.00000", "2007-05-31": "2195.00000", "2006-05-31": "1872.00000", "2005-05-31": "1491.00000"}, "SG&A Expenses": {"2020-05-31": "9275.00000", "2019-05-31": "9774.00000", "2018-05-31": "9715.00000", "2017-05-31": "9257.00000", "2016-05-31": "9039.00000", "2015-05-31": "8732.00000", "2014-05-31": "8605.00000", "2013-05-31": "8134.00000", "2012-05-31": "8116.00000", "2011-05-31": "7549.00000", "2010-05-31": "5991.00000", "2009-05-31": "5423.00000", "2008-05-31": "5487.00000", "2007-05-31": "4599.00000", "2006-05-31": "3732.00000", "2005-05-31": "3061.00000"}, "Other Operating Income Or Expenses": {"2020-05-31": "", "2019-05-31": "", "2018-05-31": "", "2017-05-31": "", "2016-05-31": "", "2015-05-31": "", "2014-05-31": "", "2013-05-31": "", "2012-05-31": "", "2011-05-31": "", "2010-05-31": "", "2009-05-31": "", "2008-05-31": "", "2007-05-31": "", "2006-05-31": "", "2005-05-31": ""}, "Operating Expenses": {"2020-05-31": "25172.00000", "2019-05-31": "25971.00000", "2018-05-31": "26119.00000", "2017-05-31": "24879.00000", "2016-05-31": "24443.00000", "2015-05-31": "24355.00000", "2014-05-31": "23516.00000", "2013-05-31": "22496.00000", "2012-05-31": "23415.00000", "2011-05-31": "23589.00000", "2010-05-31": "17758.00000", "2009-05-31": "14931.00000", "2008-05-31": "14586.00000", "2007-05-31": "12022.00000", "2006-05-31": "9644.00000", "2005-05-31": "7777.00000"}, "Operating Income": {"2020-05-31": "13896.00000", "2019-05-31": "13535.00000", "2018-05-31": "13264.00000", "2017-05-31": "12913.00000", "2016-05-31": "12604.00000", "2015-05-31": "13871.00000", "2014-05-31": "14759.00000", "2013-05-31": "14684.00000", "2012-05-31": "13706.00000", "2011-05-31": "12033.00000", "2010-05-31": "9062.00000", "2009-05-31": "8321.00000", "2008-05-31": "7844.00000", "2007-05-31": "5974.00000", "2006-05-31": "4736.00000", "2005-05-31": "4022.00000"}, "Total Non-Operating Income/Expense": {"2020-05-31": "-1833.00000", "2019-05-31": "-1267.00000", "2018-05-31": "-840.00000", "2017-05-31": "-1233.00000", "2016-05-31": "-1162.00000", "2015-05-31": "-1037.00000", "2014-05-31": "-1055.00000", "2013-05-31": "-786.00000", "2012-05-31": "-744.00000", "2011-05-31": "-622.00000", "2010-05-31": "-819.00000", "2009-05-31": "-487.00000", "2008-05-31": "-10.00000", "2007-05-31": "12.00000", "2006-05-31": "74.00000", "2005-05-31": "29.00000"}, "Pre-Tax Income": {"2020-05-31": "12063.00000", "2019-05-31": "12268.00000", "2018-05-31": "12424.00000", "2017-05-31": "11680.00000", "2016-05-31": "11442.00000", "2015-05-31": "12834.00000", "2014-05-31": "13704.00000", "2013-05-31": "13898.00000", "2012-05-31": "12962.00000", "2011-05-31": "11411.00000", "2010-05-31": "8243.00000", "2009-05-31": "7834.00000", "2008-05-31": "7834.00000", "2007-05-31": "5986.00000", "2006-05-31": "4810.00000", "2005-05-31": "4051.00000"}, "Income Taxes": {"2020-05-31": "1928.00000", "2019-05-31": "1185.00000", "2018-05-31": "8837.00000", "2017-05-31": "2228.00000", "2016-05-31": "2541.00000", "2015-05-31": "2896.00000", "2014-05-31": "2749.00000", "2013-05-31": "2973.00000", "2012-05-31": "2981.00000", "2011-05-31": "2864.00000", "2010-05-31": "2108.00000", "2009-05-31": "2241.00000", "2008-05-31": "2313.00000", "2007-05-31": "1712.00000", "2006-05-31": "1429.00000", "2005-05-31": "1165.00000"}, "Income After Taxes": {"2020-05-31": "10135.00000", "2019-05-31": "11083.00000", "2018-05-31": "3587.00000", "2017-05-31": "9452.00000", "2016-05-31": "8901.00000", "2015-05-31": "9938.00000", "2014-05-31": "10955.00000", "2013-05-31": "10925.00000", "2012-05-31": "9981.00000", "2011-05-31": "8547.00000", "2010-05-31": "6135.00000", "2009-05-31": "5593.00000", "2008-05-31": "5521.00000", "2007-05-31": "4274.00000", "2006-05-31": "3381.00000", "2005-05-31": "2886.00000"}, "Other Income": {"2020-05-31": "", "2019-05-31": "", "2018-05-31": "", "2017-05-31": "", "2016-05-31": "", "2015-05-31": "", "2014-05-31": "", "2013-05-31": "", "2012-05-31": "", "2011-05-31": "", "2010-05-31": "", "2009-05-31": "", "2008-05-31": "", "2007-05-31": "", "2006-05-31": "", "2005-05-31": ""}, "Income From Continuous Operations": {"2020-05-31": "10135.00000", "2019-05-31": "11083.00000", "2018-05-31": "3587.00000", "2017-05-31": "9452.00000", "2016-05-31": "8901.00000", "2015-05-31": "9938.00000", "2014-05-31": "10955.00000", "2013-05-31": "10925.00000", "2012-05-31": "9981.00000", "2011-05-31": "8547.00000", "2010-05-31": "6135.00000", "2009-05-31": "5593.00000", "2008-05-31": "5521.00000", "2007-05-31": "4274.00000", "2006-05-31": "3381.00000", "2005-05-31": "2886.00000"}, "Income From Discontinued Operations": {"2020-05-31": "", "2019-05-31": "", "2018-05-31": "", "2017-05-31": "", "2016-05-31": "", "2015-05-31": "", "2014-05-31": "", "2013-05-31": "", "2012-05-31": "", "2011-05-31": "", "2010-05-31": "", "2009-05-31": "", "2008-05-31": "", "2007-05-31": "", "2006-05-31": "", "2005-05-31": ""}, "Net Income": {"2020-05-31": "10135.00000", "2019-05-31": "11083.00000", "2018-05-31": "3587.00000", "2017-05-31": "9452.00000", "2016-05-31": "8901.00000", "2015-05-31": "9938.00000", "2014-05-31": "10955.00000", "2013-05-31": "10925.00000", "2012-05-31": "9981.00000", "2011-05-31": "8547.00000", "2010-05-31": "6135.00000", "2009-05-31": "5593.00000", "2008-05-31": "5521.00000", "2007-05-31": "4274.00000", "2006-05-31": "3381.00000", "2005-05-31": "2886.00000"}, "EBITDA": {"2020-05-31": "16864.00000", "2019-05-31": "16454.00000", "2018-05-31": "16049.00000", "2017-05-31": "15364.00000", "2016-05-31": "15113.00000", "2015-05-31": "16732.00000", "2014-05-31": "17667.00000", "2013-05-31": "17615.00000", "2012-05-31": "16622.00000", "2011-05-31": "14829.00000", "2010-05-31": "11333.00000", "2009-05-31": "10297.00000", "2008-05-31": "9324.00000", "2007-05-31": "7101.00000", "2006-05-31": "5591.00000", "2005-05-31": "4519.00000"}, "EBIT": {"2020-05-31": "13896.00000", "2019-05-31": "13535.00000", "2018-05-31": "13264.00000", "2017-05-31": "12913.00000", "2016-05-31": "12604.00000", "2015-05-31": "13871.00000", "2014-05-31": "14759.00000", "2013-05-31": "14684.00000", "2012-05-31": "13706.00000", "2011-05-31": "12033.00000", "2010-05-31": "9062.00000", "2009-05-31": "8321.00000", "2008-05-31": "7844.00000", "2007-05-31": "5974.00000", "2006-05-31": "4736.00000", "2005-05-31": "4022.00000"}, "Basic Shares Outstanding": {"2020-05-31": "3211.00000", "2019-05-31": "3634.00000", "2018-05-31": "4121.00000", "2017-05-31": "4115.00000", "2016-05-31": "4221.00000", "2015-05-31": "4404.00000", "2014-05-31": "4528.00000", "2013-05-31": "4769.00000", "2012-05-31": "5015.00000", "2011-05-31": "5048.00000", "2010-05-31": "5014.00000", "2009-05-31": "5070.00000", "2008-05-31": "5133.00000", "2007-05-31": "5170.00000", "2006-05-31": "5196.00000", "2005-05-31": "5136.00000"}, "Shares Outstanding": {"2020-05-31": "3294.00000", "2019-05-31": "3732.00000", "2018-05-31": "4238.00000", "2017-05-31": "4217.00000", "2016-05-31": "4305.00000", "2015-05-31": "4503.00000", "2014-05-31": "4604.00000", "2013-05-31": "4844.00000", "2012-05-31": "5095.00000", "2011-05-31": "5128.00000", "2010-05-31": "5073.00000", "2009-05-31": "5130.00000", "2008-05-31": "5229.00000", "2007-05-31": "5269.00000", "2006-05-31": "5287.00000", "2005-05-31": "5231.00000"}, "Basic EPS": {"2020-05-31": "3.16000", "2019-05-31": "3.05000", "2018-05-31": "0.87000", "2017-05-31": "2.30000", "2016-05-31": "2.11000", "2015-05-31": "2.26000", "2014-05-31": "2.42000", "2013-05-31": "2.29000", "2012-05-31": "1.99000", "2011-05-31": "1.69000", "2010-05-31": "1.22000", "2009-05-31": "1.10000", "2008-05-31": "1.08000", "2007-05-31": "0.83000", "2006-05-31": "0.65000", "2005-05-31": "0.56000"}, "EPS - Earnings Per Share": {"2020-05-31": "3.08000", "2019-05-31": "2.97000", "2018-05-31": "0.85000", "2017-05-31": "2.24000", "2016-05-31": "2.07000", "2015-05-31": "2.21000", "2014-05-31": "2.38000", "2013-05-31": "2.26000", "2012-05-31": "1.96000", "2011-05-31": "1.67000", "2010-05-31": "1.21000", "2009-05-31": "1.09000", "2008-05-31": "1.06000", "2007-05-31": "0.81000", "2006-05-31": "0.64000", "2005-05-31": "0.55000"}}, "income statement, quarterly": {"Revenue": {"2020-11-30": "9800.00000", "2020-08-31": "9367.00000", "2020-05-31": "10440.00000", "2020-02-29": "9796.00000", "2019-11-30": "9614.00000", "2019-08-31": "9218.00000", "2019-05-31": "11137.00000", "2019-02-28": "9614.00000", "2018-11-30": "9562.00000", "2018-08-31": "9193.00000", "2018-05-31": "11014.00000", "2018-02-28": "9676.00000", "2017-11-30": "9589.00000", "2017-08-31": "9104.00000", "2017-05-31": "10957.00000", "2017-02-28": "9205.00000", "2016-11-30": "9035.00000", "2016-08-31": "8595.00000", "2016-05-31": "10594.00000", "2016-02-29": "9012.00000", "2015-11-30": "8993.00000", "2015-08-31": "8448.00000", "2015-05-31": "10705.00000", "2015-02-28": "9327.00000", "2014-11-30": "9598.00000", "2014-08-31": "8596.00000", "2014-05-31": "11321.00000", "2014-02-28": "9307.00000", "2013-11-30": "9275.00000", "2013-08-31": "8372.00000", "2013-05-31": "10947.00000", "2013-02-28": "8958.00000", "2012-11-30": "9094.00000", "2012-08-31": "8181.00000", "2012-05-31": "10916.00000", "2012-02-29": "9039.00000", "2011-11-30": "8792.00000", "2011-08-31": "8374.00000", "2011-05-31": "10774.00000", "2011-02-28": "8764.00000", "2010-11-30": "8582.00000", "2010-08-31": "7502.00000", "2010-05-31": "9504.00000", "2010-02-28": "6404.00000", "2009-11-30": "5858.00000", "2009-08-31": "5054.00000", "2009-05-31": "6861.00000", "2009-02-28": "5453.00000", "2008-11-30": "5607.00000", "2008-08-31": "5331.00000", "2008-05-31": "7239.00000", "2008-02-29": "5349.00000", "2007-11-30": "5313.00000", "2007-08-31": "4529.00000", "2007-05-31": "5828.00000", "2007-02-28": "4414.00000", "2006-11-30": "4163.00000", "2006-08-31": "3591.00000", "2006-05-31": "4850.00000", "2006-02-28": "3470.00000", "2005-11-30": "3292.00000", "2005-08-31": "2768.00000", "2005-05-31": "3878.00000", "2005-02-28": "2950.00000"}, "Cost Of Goods Sold": {"2020-11-30": "1939.00000", "2020-08-31": "1880.00000", "2020-05-31": "1969.00000", "2020-02-29": "1964.00000", "2019-11-30": "2048.00000", "2019-08-31": "1957.00000", "2019-05-31": "2065.00000", "2019-02-28": "1976.00000", "2018-11-30": "2001.00000", "2018-08-31": "1953.00000", "2018-05-31": "2176.00000", "2018-02-28": "1996.00000", "2017-11-30": "1960.00000", "2017-08-31": "1928.00000", "2017-05-31": "1987.00000", "2017-02-28": "1892.00000", "2016-11-30": "1797.00000", "2016-08-31": "1776.00000", "2016-05-31": "1937.00000", "2016-02-29": "1839.00000", "2015-11-30": "1853.00000", "2015-08-31": "1850.00000", "2015-05-31": "2052.00000", "2015-02-28": "1900.00000", "2014-11-30": "1899.00000", "2014-08-31": "1681.00000", "2014-05-31": "1933.00000", "2014-02-28": "1775.00000", "2013-11-30": "1807.00000", "2013-08-31": "1721.00000", "2013-05-31": "2094.00000", "2013-02-28": "1716.00000", "2012-11-30": "1794.00000", "2012-08-31": "1775.00000", "2012-05-31": "2143.00000", "2012-02-29": "1908.00000", "2011-11-30": "1956.00000", "2011-08-31": "1988.00000", "2011-05-31": "2167.00000", "2011-02-28": "2012.00000", "2010-11-30": "2157.00000", "2010-08-31": "2062.00000", "2010-05-31": "2241.00000", "2010-02-28": "1419.00000", "2009-11-30": "1096.00000", "2009-08-31": "1008.00000", "2009-05-31": "1179.00000", "2009-02-28": "1111.00000", "2008-11-30": "1196.00000", "2008-08-31": "1308.00000", "2008-05-31": "1341.00000", "2008-02-29": "1243.00000", "2007-11-30": "1238.00000", "2007-08-31": "1159.00000", "2007-05-31": "1156.00000", "2007-02-28": "1030.00000", "2006-11-30": "1025.00000", "2006-08-31": "980.00000", "2006-05-31": "965.00000", "2006-02-28": "790.00000", "2005-11-30": "757.00000", "2005-08-31": "723.00000", "2005-05-31": "790.00000", "2005-02-28": "716.00000"}, "Gross Profit": {"2020-11-30": "7861.00000", "2020-08-31": "7487.00000", "2020-05-31": "8471.00000", "2020-02-29": "7832.00000", "2019-11-30": "7566.00000", "2019-08-31": "7261.00000", "2019-05-31": "9072.00000", "2019-02-28": "7638.00000", "2018-11-30": "7561.00000", "2018-08-31": "7240.00000", "2018-05-31": "8838.00000", "2018-02-28": "7680.00000", "2017-11-30": "7629.00000", "2017-08-31": "7176.00000", "2017-05-31": "8970.00000", "2017-02-28": "7313.00000", "2016-11-30": "7238.00000", "2016-08-31": "6819.00000", "2016-05-31": "8657.00000", "2016-02-29": "7173.00000", "2015-11-30": "7140.00000", "2015-08-31": "6598.00000", "2015-05-31": "8653.00000", "2015-02-28": "7427.00000", "2014-11-30": "7699.00000", "2014-08-31": "6915.00000", "2014-05-31": "9388.00000", "2014-02-28": "7532.00000", "2013-11-30": "7468.00000", "2013-08-31": "6651.00000", "2013-05-31": "8853.00000", "2013-02-28": "7242.00000", "2012-11-30": "7300.00000", "2012-08-31": "6406.00000", "2012-05-31": "8773.00000", "2012-02-29": "7131.00000", "2011-11-30": "6836.00000", "2011-08-31": "6386.00000", "2011-05-31": "8607.00000", "2011-02-28": "6752.00000", "2010-11-30": "6425.00000", "2010-08-31": "5440.00000", "2010-05-31": "7263.00000", "2010-02-28": "4985.00000", "2009-11-30": "4762.00000", "2009-08-31": "4046.00000", "2009-05-31": "5682.00000", "2009-02-28": "4342.00000", "2008-11-30": "4411.00000", "2008-08-31": "4023.00000", "2008-05-31": "5898.00000", "2008-02-29": "4106.00000", "2007-11-30": "4075.00000", "2007-08-31": "3370.00000", "2007-05-31": "4672.00000", "2007-02-28": "3384.00000", "2006-11-30": "3138.00000", "2006-08-31": "2611.00000", "2006-05-31": "3885.00000", "2006-02-28": "2680.00000", "2005-11-30": "2535.00000", "2005-08-31": "2045.00000", "2005-05-31": "3088.00000", "2005-02-28": "2234.00000"}, "Research And Development Expenses": {"2020-11-30": "1601.00000", "2020-08-31": "1589.00000", "2020-05-31": "1479.00000", "2020-02-29": "1500.00000", "2019-11-30": "1531.00000", "2019-08-31": "1557.00000", "2019-05-31": "1561.00000", "2019-02-28": "1426.00000", "2018-11-30": "1475.00000", "2018-08-31": "1564.00000", "2018-05-31": "1543.00000", "2018-02-28": "1496.00000", "2017-11-30": "1473.00000", "2017-08-31": "1572.00000", "2017-05-31": "1602.00000", "2017-02-28": "1521.00000", "2016-11-30": "1510.00000", "2016-08-31": "1520.00000", "2016-05-31": "1534.00000", "2016-02-29": "1419.00000", "2015-11-30": "1444.00000", "2015-08-31": "1390.00000", "2015-05-31": "1436.00000", "2015-02-28": "1370.00000", "2014-11-30": "1389.00000", "2014-08-31": "1329.00000", "2014-05-31": "1349.00000", "2014-02-28": "1292.00000", "2013-11-30": "1273.00000", "2013-08-31": "1237.00000", "2013-05-31": "1264.00000", "2013-02-28": "1186.00000", "2012-11-30": "1199.00000", "2012-08-31": "1201.00000", "2012-05-31": "1226.00000", "2012-02-29": "1145.00000", "2011-11-30": "1102.00000", "2011-08-31": "1050.00000", "2011-05-31": "1170.00000", "2011-02-28": "1127.00000", "2010-11-30": "1119.00000", "2010-08-31": "1103.00000", "2010-05-31": "1063.00000", "2010-02-28": "823.00000", "2009-11-30": "708.00000", "2009-08-31": "660.00000", "2009-05-31": "731.00000", "2009-02-28": "677.00000", "2008-11-30": "651.00000", "2008-08-31": "708.00000", "2008-05-31": "733.00000", "2008-02-29": "682.00000", "2007-11-30": "674.00000", "2007-08-31": "652.00000", "2007-05-31": "600.00000", "2007-02-28": "570.00000", "2006-11-30": "519.00000", "2006-08-31": "506.00000", "2006-05-31": "537.00000", "2006-02-28": "467.00000", "2005-11-30": "468.00000", "2005-08-31": "400.00000", "2005-05-31": "457.00000", "2005-02-28": "411.00000"}, "SG&A Expenses": {"2020-11-30": "2160.00000", "2020-08-31": "2149.00000", "2020-05-31": "2237.00000", "2020-02-29": "2337.00000", "2019-11-30": "2391.00000", "2019-08-31": "2310.00000", "2019-05-31": "2647.00000", "2019-02-28": "2367.00000", "2018-11-30": "2400.00000", "2018-08-31": "2360.00000", "2018-05-31": "2618.00000", "2018-02-28": "2381.00000", "2017-11-30": "2408.00000", "2017-08-31": "2308.00000", "2017-05-31": "2515.00000", "2017-02-28": "2245.00000", "2016-11-30": "2263.00000", "2016-08-31": "2234.00000", "2016-05-31": "2628.00000", "2016-02-29": "2193.00000", "2015-11-30": "2230.00000", "2015-08-31": "1988.00000", "2015-05-31": "2490.00000", "2015-02-28": "2091.00000", "2014-11-30": "2169.00000", "2014-08-31": "1982.00000", "2014-05-31": "2506.00000", "2014-02-28": "2080.00000", "2013-11-30": "2139.00000", "2013-08-31": "1880.00000", "2013-05-31": "2216.00000", "2013-02-28": "2062.00000", "2012-11-30": "2036.00000", "2012-08-31": "1820.00000", "2012-05-31": "2240.00000", "2012-02-29": "1961.00000", "2011-11-30": "1974.00000", "2011-08-31": "1941.00000", "2011-05-31": "2354.00000", "2011-02-28": "1904.00000", "2010-11-30": "1686.00000", "2010-08-31": "1605.00000", "2010-05-31": "2037.00000", "2010-02-28": "1477.00000", "2009-11-30": "1316.00000", "2009-08-31": "1161.00000", "2009-05-31": "1539.00000", "2009-02-28": "1246.00000", "2008-11-30": "1320.00000", "2008-08-31": "1318.00000", "2008-05-31": "1728.00000", "2008-02-29": "1289.00000", "2007-11-30": "1301.00000", "2007-08-31": "1169.00000", "2007-05-31": "1465.00000", "2007-02-28": "1142.00000", "2006-11-30": "1085.00000", "2006-08-31": "907.00000", "2006-05-31": "1244.00000", "2006-02-28": "902.00000", "2005-11-30": "815.00000", "2005-08-31": "771.00000", "2005-05-31": "958.00000", "2005-02-28": "814.00000"}, "Other Operating Income Or Expenses": {"2020-11-30": "", "2020-08-31": "", "2020-05-31": "", "2020-02-29": "", "2019-11-30": "", "2019-08-31": "", "2019-05-31": "", "2019-02-28": "", "2018-11-30": "", "2018-08-31": "", "2018-05-31": "", "2018-02-28": "", "2017-11-30": "", "2017-08-31": "", "2017-05-31": "", "2017-02-28": "", "2016-11-30": "", "2016-08-31": "", "2016-05-31": "", "2016-02-29": "", "2015-11-30": "", "2015-08-31": "", "2015-05-31": "", "2015-02-28": "", "2014-11-30": "", "2014-08-31": "", "2014-05-31": "", "2014-02-28": "", "2013-11-30": "", "2013-08-31": "", "2013-05-31": "", "2013-02-28": "", "2012-11-30": "", "2012-08-31": "", "2012-05-31": "", "2012-02-29": "", "2011-11-30": "", "2011-08-31": "", "2011-05-31": "", "2011-02-28": "", "2010-11-30": "", "2010-08-31": "", "2010-05-31": "", "2010-02-28": "", "2009-11-30": "", "2009-08-31": "", "2009-05-31": "", "2009-02-28": "", "2008-11-30": "", "2008-08-31": "", "2008-05-31": "", "2008-02-29": "", "2007-11-30": "", "2007-08-31": "", "2007-05-31": "", "2007-02-28": "", "2006-11-30": "", "2006-08-31": "", "2006-05-31": "", "2006-02-28": "", "2005-11-30": "", "2005-08-31": "", "2005-05-31": "", "2005-02-28": ""}, "Operating Expenses": {"2020-11-30": "6217.00000", "2020-08-31": "6156.00000", "2020-05-31": "6132.00000", "2020-02-29": "6268.00000", "2019-11-30": "6431.00000", "2019-08-31": "6341.00000", "2019-05-31": "6880.00000", "2019-02-28": "6215.00000", "2018-11-30": "6461.00000", "2018-08-31": "6415.00000", "2018-05-31": "6853.00000", "2018-02-28": "6361.00000", "2017-11-30": "6550.00000", "2017-08-31": "6355.00000", "2017-05-31": "6681.00000", "2017-02-28": "6246.00000", "2016-11-30": "5998.00000", "2016-08-31": "5954.00000", "2016-05-31": "6626.00000", "2016-02-29": "5985.00000", "2015-11-30": "6038.00000", "2015-08-31": "5794.00000", "2015-05-31": "6722.00000", "2015-02-28": "5944.00000", "2014-11-30": "6056.00000", "2014-08-31": "5633.00000", "2014-05-31": "6412.00000", "2014-02-28": "5740.00000", "2013-11-30": "5865.00000", "2013-08-31": "5499.00000", "2013-05-31": "5947.00000", "2013-02-28": "5624.00000", "2012-11-30": "5623.00000", "2012-08-31": "5302.00000", "2012-05-31": "6321.00000", "2012-02-29": "5722.00000", "2011-11-30": "5681.00000", "2011-08-31": "5691.00000", "2011-05-31": "6415.00000", "2011-02-28": "5777.00000", "2010-11-30": "5812.00000", "2010-08-31": "5585.00000", "2010-05-31": "6203.00000", "2010-02-28": "4561.00000", "2009-11-30": "3680.00000", "2009-08-31": "3314.00000", "2009-05-31": "3976.00000", "2009-02-28": "3513.00000", "2008-11-30": "3632.00000", "2008-08-31": "3810.00000", "2008-05-31": "4269.00000", "2008-02-29": "3474.00000", "2007-11-30": "3531.00000", "2007-08-31": "3312.00000", "2007-05-31": "3548.00000", "2007-02-28": "3020.00000", "2006-11-30": "2806.00000", "2006-08-31": "2648.00000", "2006-05-31": "2994.00000", "2006-02-28": "2418.00000", "2005-11-30": "2176.00000", "2005-08-31": "2056.00000", "2005-05-31": "2472.00000", "2005-02-28": "2180.00000"}, "Operating Income": {"2020-11-30": "3583.00000", "2020-08-31": "3211.00000", "2020-05-31": "4308.00000", "2020-02-29": "3528.00000", "2019-11-30": "3183.00000", "2019-08-31": "2877.00000", "2019-05-31": "4257.00000", "2019-02-28": "3399.00000", "2018-11-30": "3101.00000", "2018-08-31": "2778.00000", "2018-05-31": "4161.00000", "2018-02-28": "3315.00000", "2017-11-30": "3039.00000", "2017-08-31": "2749.00000", "2017-05-31": "4276.00000", "2017-02-28": "2959.00000", "2016-11-30": "3037.00000", "2016-08-31": "2641.00000", "2016-05-31": "3968.00000", "2016-02-29": "3027.00000", "2015-11-30": "2955.00000", "2015-08-31": "2654.00000", "2015-05-31": "3983.00000", "2015-02-28": "3383.00000", "2014-11-30": "3542.00000", "2014-08-31": "2963.00000", "2014-05-31": "4909.00000", "2014-02-28": "3567.00000", "2013-11-30": "3410.00000", "2013-08-31": "2873.00000", "2013-05-31": "5000.00000", "2013-02-28": "3334.00000", "2012-11-30": "3471.00000", "2012-08-31": "2879.00000", "2012-05-31": "4595.00000", "2012-02-29": "3317.00000", "2011-11-30": "3111.00000", "2011-08-31": "2683.00000", "2011-05-31": "4359.00000", "2011-02-28": "2987.00000", "2010-11-30": "2770.00000", "2010-08-31": "1917.00000", "2010-05-31": "3301.00000", "2010-02-28": "1843.00000", "2009-11-30": "2178.00000", "2009-08-31": "1740.00000", "2009-05-31": "2885.00000", "2009-02-28": "1940.00000", "2008-11-30": "1975.00000", "2008-08-31": "1521.00000", "2008-05-31": "2970.00000", "2008-02-29": "1875.00000", "2007-11-30": "1782.00000", "2007-08-31": "1217.00000", "2007-05-31": "2280.00000", "2007-02-28": "1394.00000", "2006-11-30": "1357.00000", "2006-08-31": "943.00000", "2006-05-31": "1856.00000", "2006-02-28": "1052.00000", "2005-11-30": "1116.00000", "2005-08-31": "712.00000", "2005-05-31": "1406.00000", "2005-02-28": "770.00000"}, "Total Non-Operating Income/Expense": {"2020-11-30": "-611.00000", "2020-08-31": "-616.00000", "2020-05-31": "-613.00000", "2020-02-29": "-452.00000", "2019-11-30": "-373.00000", "2019-08-31": "-395.00000", "2019-05-31": "-391.00000", "2019-02-28": "-311.00000", "2018-11-30": "-327.00000", "2018-08-31": "-238.00000", "2018-05-31": "-254.00000", "2018-02-28": "-124.00000", "2017-11-30": "-213.00000", "2017-08-31": "-249.00000", "2017-05-31": "-352.00000", "2017-02-28": "-261.00000", "2016-11-30": "-352.00000", "2016-08-31": "-268.00000", "2016-05-31": "-236.00000", "2016-02-29": "-295.00000", "2015-11-30": "-287.00000", "2015-08-31": "-344.00000", "2015-05-31": "-286.00000", "2015-02-28": "-233.00000", "2014-11-30": "-273.00000", "2014-08-31": "-245.00000", "2014-05-31": "-320.00000", "2014-02-28": "-318.00000", "2013-11-30": "-207.00000", "2013-08-31": "-210.00000", "2013-05-31": "-174.00000", "2013-02-28": "-244.00000", "2012-11-30": "-191.00000", "2012-08-31": "-177.00000", "2012-05-31": "-212.00000", "2012-02-29": "-169.00000", "2011-11-30": "-151.00000", "2011-08-31": "-212.00000", "2011-05-31": "-188.00000", "2011-02-28": "-188.00000", "2010-11-30": "-124.00000", "2010-08-31": "-122.00000", "2010-05-31": "-225.00000", "2010-02-28": "-261.00000", "2009-11-30": "-155.00000", "2009-08-31": "-178.00000", "2009-05-31": "-131.00000", "2009-02-28": "-130.00000", "2008-11-30": "-149.00000", "2008-08-31": "-77.00000", "2008-05-31": "-28.00000", "2008-02-29": "2.00000", "2007-11-30": "33.00000", "2007-08-31": "-17.00000", "2007-05-31": "-16.00000", "2007-02-28": "12.00000", "2006-11-30": "-3.00000", "2006-08-31": "19.00000", "2006-05-31": "21.00000", "2006-02-28": "26.00000", "2005-11-30": "6.00000", "2005-08-31": "21.00000", "2005-05-31": "-18.00000", "2005-02-28": "1.00000"}, "Pre-Tax Income": {"2020-11-30": "2972.00000", "2020-08-31": "2595.00000", "2020-05-31": "3695.00000", "2020-02-29": "3076.00000", "2019-11-30": "2810.00000", "2019-08-31": "2482.00000", "2019-05-31": "3866.00000", "2019-02-28": "3088.00000", "2018-11-30": "2774.00000", "2018-08-31": "2540.00000", "2018-05-31": "3907.00000", "2018-02-28": "3191.00000", "2017-11-30": "2826.00000", "2017-08-31": "2500.00000", "2017-05-31": "3924.00000", "2017-02-28": "2698.00000", "2016-11-30": "2685.00000", "2016-08-31": "2373.00000", "2016-05-31": "3732.00000", "2016-02-29": "2732.00000", "2015-11-30": "2668.00000", "2015-08-31": "2310.00000", "2015-05-31": "3697.00000", "2015-02-28": "3150.00000", "2014-11-30": "3269.00000", "2014-08-31": "2718.00000", "2014-05-31": "4589.00000", "2014-02-28": "3249.00000", "2013-11-30": "3203.00000", "2013-08-31": "2663.00000", "2013-05-31": "4826.00000", "2013-02-28": "3090.00000", "2012-11-30": "3280.00000", "2012-08-31": "2702.00000", "2012-05-31": "4383.00000", "2012-02-29": "3148.00000", "2011-11-30": "2960.00000", "2011-08-31": "2471.00000", "2011-05-31": "4171.00000", "2011-02-28": "2799.00000", "2010-11-30": "2646.00000", "2010-08-31": "1795.00000", "2010-05-31": "3076.00000", "2010-02-28": "1582.00000", "2009-11-30": "2023.00000", "2009-08-31": "1562.00000", "2009-05-31": "2754.00000", "2009-02-28": "1810.00000", "2008-11-30": "1826.00000", "2008-08-31": "1444.00000", "2008-05-31": "2942.00000", "2008-02-29": "1877.00000", "2007-11-30": "1815.00000", "2007-08-31": "1200.00000", "2007-05-31": "2264.00000", "2007-02-28": "1406.00000", "2006-11-30": "1354.00000", "2006-08-31": "962.00000", "2006-05-31": "1877.00000", "2006-02-28": "1078.00000", "2005-11-30": "1122.00000", "2005-08-31": "733.00000", "2005-05-31": "1388.00000", "2005-02-28": "771.00000"}, "Income Taxes": {"2020-11-30": "530.00000", "2020-08-31": "344.00000", "2020-05-31": "579.00000", "2020-02-29": "505.00000", "2019-11-30": "499.00000", "2019-08-31": "345.00000", "2019-05-31": "126.00000", "2019-02-28": "343.00000", "2018-11-30": "441.00000", "2018-08-31": "275.00000", "2018-05-31": "631.00000", "2018-02-28": "7238.00000", "2017-11-30": "612.00000", "2017-08-31": "356.00000", "2017-05-31": "575.00000", "2017-02-28": "459.00000", "2016-11-30": "653.00000", "2016-08-31": "541.00000", "2016-05-31": "917.00000", "2016-02-29": "590.00000", "2015-11-30": "471.00000", "2015-08-31": "563.00000", "2015-05-31": "940.00000", "2015-02-28": "655.00000", "2014-11-30": "767.00000", "2014-08-31": "534.00000", "2014-05-31": "943.00000", "2014-02-28": "684.00000", "2013-11-30": "650.00000", "2013-08-31": "472.00000", "2013-05-31": "1020.00000", "2013-02-28": "586.00000", "2012-11-30": "699.00000", "2012-08-31": "668.00000", "2012-05-31": "932.00000", "2012-02-29": "650.00000", "2011-11-30": "768.00000", "2011-08-31": "631.00000", "2011-05-31": "962.00000", "2011-02-28": "683.00000", "2010-11-30": "776.00000", "2010-08-31": "443.00000", "2010-05-31": "712.00000", "2010-02-28": "393.00000", "2009-11-30": "565.00000", "2009-08-31": "438.00000", "2009-05-31": "863.00000", "2009-02-28": "481.00000", "2008-11-30": "530.00000", "2008-08-31": "367.00000", "2008-05-31": "904.00000", "2008-02-29": "537.00000", "2007-11-30": "512.00000", "2007-08-31": "360.00000", "2007-05-31": "660.00000", "2007-02-28": "373.00000", "2006-11-30": "387.00000", "2006-08-31": "292.00000", "2006-05-31": "578.00000", "2006-02-28": "313.00000", "2005-11-30": "324.00000", "2005-08-31": "214.00000", "2005-05-31": "366.00000", "2005-02-28": "231.00000"}, "Income After Taxes": {"2020-11-30": "2442.00000", "2020-08-31": "2251.00000", "2020-05-31": "3116.00000", "2020-02-29": "2571.00000", "2019-11-30": "2311.00000", "2019-08-31": "2137.00000", "2019-05-31": "3740.00000", "2019-02-28": "2745.00000", "2018-11-30": "2333.00000", "2018-08-31": "2265.00000", "2018-05-31": "3276.00000", "2018-02-28": "-4047.00000", "2017-11-30": "2214.00000", "2017-08-31": "2144.00000", "2017-05-31": "3349.00000", "2017-02-28": "2239.00000", "2016-11-30": "2032.00000", "2016-08-31": "1832.00000", "2016-05-31": "2815.00000", "2016-02-29": "2142.00000", "2015-11-30": "2197.00000", "2015-08-31": "1747.00000", "2015-05-31": "2757.00000", "2015-02-28": "2495.00000", "2014-11-30": "2502.00000", "2014-08-31": "2184.00000", "2014-05-31": "3646.00000", "2014-02-28": "2565.00000", "2013-11-30": "2553.00000", "2013-08-31": "2191.00000", "2013-05-31": "3806.00000", "2013-02-28": "2504.00000", "2012-11-30": "2581.00000", "2012-08-31": "2034.00000", "2012-05-31": "3451.00000", "2012-02-29": "2498.00000", "2011-11-30": "2192.00000", "2011-08-31": "1840.00000", "2011-05-31": "3209.00000", "2011-02-28": "2116.00000", "2010-11-30": "1870.00000", "2010-08-31": "1352.00000", "2010-05-31": "2364.00000", "2010-02-28": "1189.00000", "2009-11-30": "1458.00000", "2009-08-31": "1124.00000", "2009-05-31": "1891.00000", "2009-02-28": "1329.00000", "2008-11-30": "1296.00000", "2008-08-31": "1077.00000", "2008-05-31": "2038.00000", "2008-02-29": "1340.00000", "2007-11-30": "1303.00000", "2007-08-31": "840.00000", "2007-05-31": "1604.00000", "2007-02-28": "1033.00000", "2006-11-30": "967.00000", "2006-08-31": "670.00000", "2006-05-31": "1299.00000", "2006-02-28": "765.00000", "2005-11-30": "798.00000", "2005-08-31": "519.00000", "2005-05-31": "1022.00000", "2005-02-28": "540.00000"}, "Other Income": {"2020-11-30": "", "2020-08-31": "", "2020-05-31": "", "2020-02-29": "", "2019-11-30": "", "2019-08-31": "", "2019-05-31": "", "2019-02-28": "", "2018-11-30": "", "2018-08-31": "", "2018-05-31": "", "2018-02-28": "", "2017-11-30": "", "2017-08-31": "", "2017-05-31": "", "2017-02-28": "", "2016-11-30": "", "2016-08-31": "", "2016-05-31": "", "2016-02-29": "", "2015-11-30": "", "2015-08-31": "", "2015-05-31": "", "2015-02-28": "", "2014-11-30": "", "2014-08-31": "", "2014-05-31": "", "2014-02-28": "", "2013-11-30": "", "2013-08-31": "", "2013-05-31": "", "2013-02-28": "", "2012-11-30": "", "2012-08-31": "", "2012-05-31": "", "2012-02-29": "", "2011-11-30": "", "2011-08-31": "", "2011-05-31": "", "2011-02-28": "", "2010-11-30": "", "2010-08-31": "", "2010-05-31": "", "2010-02-28": "", "2009-11-30": "", "2009-08-31": "", "2009-05-31": "", "2009-02-28": "", "2008-11-30": "", "2008-08-31": "", "2008-05-31": "", "2008-02-29": "", "2007-11-30": "", "2007-08-31": "", "2007-05-31": "", "2007-02-28": "", "2006-11-30": "", "2006-08-31": "", "2006-05-31": "", "2006-02-28": "", "2005-11-30": "", "2005-08-31": "", "2005-05-31": "", "2005-02-28": ""}, "Income From Continuous Operations": {"2020-11-30": "2442.00000", "2020-08-31": "2251.00000", "2020-05-31": "3116.00000", "2020-02-29": "2571.00000", "2019-11-30": "2311.00000", "2019-08-31": "2137.00000", "2019-05-31": "3740.00000", "2019-02-28": "2745.00000", "2018-11-30": "2333.00000", "2018-08-31": "2265.00000", "2018-05-31": "3276.00000", "2018-02-28": "-4047.00000", "2017-11-30": "2214.00000", "2017-08-31": "2144.00000", "2017-05-31": "3349.00000", "2017-02-28": "2239.00000", "2016-11-30": "2032.00000", "2016-08-31": "1832.00000", "2016-05-31": "2815.00000", "2016-02-29": "2142.00000", "2015-11-30": "2197.00000", "2015-08-31": "1747.00000", "2015-05-31": "2757.00000", "2015-02-28": "2495.00000", "2014-11-30": "2502.00000", "2014-08-31": "2184.00000", "2014-05-31": "3646.00000", "2014-02-28": "2565.00000", "2013-11-30": "2553.00000", "2013-08-31": "2191.00000", "2013-05-31": "3806.00000", "2013-02-28": "2504.00000", "2012-11-30": "2581.00000", "2012-08-31": "2034.00000", "2012-05-31": "3451.00000", "2012-02-29": "2498.00000", "2011-11-30": "2192.00000", "2011-08-31": "1840.00000", "2011-05-31": "3209.00000", "2011-02-28": "2116.00000", "2010-11-30": "1870.00000", "2010-08-31": "1352.00000", "2010-05-31": "2364.00000", "2010-02-28": "1189.00000", "2009-11-30": "1458.00000", "2009-08-31": "1124.00000", "2009-05-31": "1891.00000", "2009-02-28": "1329.00000", "2008-11-30": "1296.00000", "2008-08-31": "1077.00000", "2008-05-31": "2038.00000", "2008-02-29": "1340.00000", "2007-11-30": "1303.00000", "2007-08-31": "840.00000", "2007-05-31": "1604.00000", "2007-02-28": "1033.00000", "2006-11-30": "967.00000", "2006-08-31": "670.00000", "2006-05-31": "1299.00000", "2006-02-28": "765.00000", "2005-11-30": "798.00000", "2005-08-31": "519.00000", "2005-05-31": "1022.00000", "2005-02-28": "540.00000"}, "Income From Discontinued Operations": {"2020-11-30": "", "2020-08-31": "", "2020-05-31": "", "2020-02-29": "", "2019-11-30": "", "2019-08-31": "", "2019-05-31": "", "2019-02-28": "", "2018-11-30": "", "2018-08-31": "", "2018-05-31": "", "2018-02-28": "", "2017-11-30": "", "2017-08-31": "", "2017-05-31": "", "2017-02-28": "", "2016-11-30": "", "2016-08-31": "", "2016-05-31": "", "2016-02-29": "", "2015-11-30": "", "2015-08-31": "", "2015-05-31": "", "2015-02-28": "", "2014-11-30": "", "2014-08-31": "", "2014-05-31": "", "2014-02-28": "", "2013-11-30": "", "2013-08-31": "", "2013-05-31": "", "2013-02-28": "", "2012-11-30": "", "2012-08-31": "", "2012-05-31": "", "2012-02-29": "", "2011-11-30": "", "2011-08-31": "", "2011-05-31": "", "2011-02-28": "", "2010-11-30": "", "2010-08-31": "", "2010-05-31": "", "2010-02-28": "", "2009-11-30": "", "2009-08-31": "", "2009-05-31": "", "2009-02-28": "", "2008-11-30": "", "2008-08-31": "", "2008-05-31": "", "2008-02-29": "", "2007-11-30": "", "2007-08-31": "", "2007-05-31": "", "2007-02-28": "", "2006-11-30": "", "2006-08-31": "", "2006-05-31": "", "2006-02-28": "", "2005-11-30": "", "2005-08-31": "", "2005-05-31": "", "2005-02-28": ""}, "Net Income": {"2020-11-30": "2442.00000", "2020-08-31": "2251.00000", "2020-05-31": "3116.00000", "2020-02-29": "2571.00000", "2019-11-30": "2311.00000", "2019-08-31": "2137.00000", "2019-05-31": "3740.00000", "2019-02-28": "2745.00000", "2018-11-30": "2333.00000", "2018-08-31": "2265.00000", "2018-05-31": "3276.00000", "2018-02-28": "-4047.00000", "2017-11-30": "2214.00000", "2017-08-31": "2144.00000", "2017-05-31": "3349.00000", "2017-02-28": "2239.00000", "2016-11-30": "2032.00000", "2016-08-31": "1832.00000", "2016-05-31": "2815.00000", "2016-02-29": "2142.00000", "2015-11-30": "2197.00000", "2015-08-31": "1747.00000", "2015-05-31": "2757.00000", "2015-02-28": "2495.00000", "2014-11-30": "2502.00000", "2014-08-31": "2184.00000", "2014-05-31": "3646.00000", "2014-02-28": "2565.00000", "2013-11-30": "2553.00000", "2013-08-31": "2191.00000", "2013-05-31": "3806.00000", "2013-02-28": "2504.00000", "2012-11-30": "2581.00000", "2012-08-31": "2034.00000", "2012-05-31": "3451.00000", "2012-02-29": "2498.00000", "2011-11-30": "2192.00000", "2011-08-31": "1840.00000", "2011-05-31": "3209.00000", "2011-02-28": "2116.00000", "2010-11-30": "1870.00000", "2010-08-31": "1352.00000", "2010-05-31": "2364.00000", "2010-02-28": "1189.00000", "2009-11-30": "1458.00000", "2009-08-31": "1124.00000", "2009-05-31": "1891.00000", "2009-02-28": "1329.00000", "2008-11-30": "1296.00000", "2008-08-31": "1077.00000", "2008-05-31": "2038.00000", "2008-02-29": "1340.00000", "2007-11-30": "1303.00000", "2007-08-31": "840.00000", "2007-05-31": "1604.00000", "2007-02-28": "1033.00000", "2006-11-30": "967.00000", "2006-08-31": "670.00000", "2006-05-31": "1299.00000", "2006-02-28": "765.00000", "2005-11-30": "798.00000", "2005-08-31": "519.00000", "2005-05-31": "1022.00000", "2005-02-28": "540.00000"}, "EBITDA": {"2020-11-30": "4314.00000", "2020-08-31": "3912.00000", "2020-05-31": "5030.00000", "2020-02-29": "4276.00000", "2019-11-30": "3931.00000", "2019-08-31": "3627.00000", "2019-05-31": "5011.00000", "2019-02-28": "4140.00000", "2018-11-30": "3805.00000", "2018-08-31": "3498.00000", "2018-05-31": "4863.00000", "2018-02-28": "4014.00000", "2017-11-30": "3727.00000", "2017-08-31": "3445.00000", "2017-05-31": "4995.00000", "2017-02-28": "3615.00000", "2016-11-30": "3580.00000", "2016-08-31": "3174.00000", "2016-05-31": "4551.00000", "2016-02-29": "3649.00000", "2015-11-30": "3588.00000", "2015-08-31": "3325.00000", "2015-05-31": "4700.00000", "2015-02-28": "4087.00000", "2014-11-30": "4275.00000", "2014-08-31": "3670.00000", "2014-05-31": "5633.00000", "2014-02-28": "4277.00000", "2013-11-30": "4139.00000", "2013-08-31": "3618.00000", "2013-05-31": "5742.00000", "2013-02-28": "4059.00000", "2012-11-30": "4189.00000", "2012-08-31": "3625.00000", "2012-05-31": "5371.00000", "2012-02-29": "4047.00000", "2011-11-30": "3812.00000", "2011-08-31": "3392.00000", "2011-05-31": "5043.00000", "2011-02-28": "3688.00000", "2010-11-30": "3479.00000", "2010-08-31": "2619.00000", "2010-05-31": "4007.00000", "2010-02-28": "2418.00000", "2009-11-30": "2676.00000", "2009-08-31": "2232.00000", "2009-05-31": "3387.00000", "2009-02-28": "2441.00000", "2008-11-30": "2471.00000", "2008-08-31": "1998.00000", "2008-05-31": "3381.00000", "2008-02-29": "2232.00000", "2007-11-30": "2142.00000", "2007-08-31": "1569.00000", "2007-05-31": "2600.00000", "2007-02-28": "1676.00000", "2006-11-30": "1625.00000", "2006-08-31": "1200.00000", "2006-05-31": "2153.00000", "2006-02-28": "1251.00000", "2005-11-30": "1295.00000", "2005-08-31": "892.00000", "2005-05-31": "1664.00000", "2005-02-28": "904.00000"}, "EBIT": {"2020-11-30": "3583.00000", "2020-08-31": "3211.00000", "2020-05-31": "4308.00000", "2020-02-29": "3528.00000", "2019-11-30": "3183.00000", "2019-08-31": "2877.00000", "2019-05-31": "4257.00000", "2019-02-28": "3399.00000", "2018-11-30": "3101.00000", "2018-08-31": "2778.00000", "2018-05-31": "4161.00000", "2018-02-28": "3315.00000", "2017-11-30": "3039.00000", "2017-08-31": "2749.00000", "2017-05-31": "4276.00000", "2017-02-28": "2959.00000", "2016-11-30": "3037.00000", "2016-08-31": "2641.00000", "2016-05-31": "3968.00000", "2016-02-29": "3027.00000", "2015-11-30": "2955.00000", "2015-08-31": "2654.00000", "2015-05-31": "3983.00000", "2015-02-28": "3383.00000", "2014-11-30": "3542.00000", "2014-08-31": "2963.00000", "2014-05-31": "4909.00000", "2014-02-28": "3567.00000", "2013-11-30": "3410.00000", "2013-08-31": "2873.00000", "2013-05-31": "5000.00000", "2013-02-28": "3334.00000", "2012-11-30": "3471.00000", "2012-08-31": "2879.00000", "2012-05-31": "4595.00000", "2012-02-29": "3317.00000", "2011-11-30": "3111.00000", "2011-08-31": "2683.00000", "2011-05-31": "4359.00000", "2011-02-28": "2987.00000", "2010-11-30": "2770.00000", "2010-08-31": "1917.00000", "2010-05-31": "3301.00000", "2010-02-28": "1843.00000", "2009-11-30": "2178.00000", "2009-08-31": "1740.00000", "2009-05-31": "2885.00000", "2009-02-28": "1940.00000", "2008-11-30": "1975.00000", "2008-08-31": "1521.00000", "2008-05-31": "2970.00000", "2008-02-29": "1875.00000", "2007-11-30": "1782.00000", "2007-08-31": "1217.00000", "2007-05-31": "2280.00000", "2007-02-28": "1394.00000", "2006-11-30": "1357.00000", "2006-08-31": "943.00000", "2006-05-31": "1856.00000", "2006-02-28": "1052.00000", "2005-11-30": "1116.00000", "2005-08-31": "712.00000", "2005-05-31": "1406.00000", "2005-02-28": "770.00000"}, "Basic Shares Outstanding": {"2020-11-30": "2977.00000", "2020-08-31": "3041.00000", "2020-05-31": "3211.00000", "2020-02-29": "3190.00000", "2019-11-30": "3245.00000", "2019-08-31": "3317.00000", "2019-05-31": "3634.00000", "2019-02-28": "3526.00000", "2018-11-30": "3720.00000", "2018-08-31": "3904.00000", "2018-05-31": "4121.00000", "2018-02-28": "4122.00000", "2017-11-30": "4160.00000", "2017-08-31": "4156.00000", "2017-05-31": "4115.00000", "2017-02-28": "4107.00000", "2016-11-30": "4104.00000", "2016-08-31": "4119.00000", "2016-05-31": "4221.00000", "2016-02-29": "4182.00000", "2015-11-30": "4239.00000", "2015-08-31": "4317.00000", "2015-05-31": "4404.00000", "2015-02-28": "4389.00000", "2014-11-30": "4417.00000", "2014-08-31": "4451.00000", "2014-05-31": "4528.00000", "2014-02-28": "4496.00000", "2013-11-30": "4535.00000", "2013-08-31": "4608.00000", "2013-05-31": "4769.00000", "2013-02-28": "4735.00000", "2012-11-30": "4792.00000", "2012-08-31": "4867.00000", "2012-05-31": "5015.00000", "2012-02-29": "5007.00000", "2011-11-30": "5041.00000", "2011-08-31": "5062.00000", "2011-05-31": "5048.00000", "2011-02-28": "5057.00000", "2010-11-30": "5044.00000", "2010-08-31": "5026.00000", "2010-05-31": "5014.00000", "2010-02-28": "5015.00000", "2009-11-30": "5010.00000", "2009-08-31": "5009.00000", "2009-05-31": "5070.00000", "2009-02-28": "5005.00000", "2008-11-30": "5127.00000", "2008-08-31": "5152.00000", "2008-05-31": "5133.00000", "2008-02-29": "5148.00000", "2007-11-30": "5125.00000", "2007-08-31": "5110.00000", "2007-05-31": "5170.00000", "2007-02-28": "5159.00000", "2006-11-30": "5184.00000", "2006-08-31": "5217.00000", "2006-05-31": "5196.00000", "2006-02-28": "5207.00000", "2005-11-30": "5152.00000", "2005-08-31": "5148.00000", "2005-05-31": "5136.00000", "2005-02-28": "5122.00000"}, "Shares Outstanding": {"2020-11-30": "3046.00000", "2020-08-31": "3107.00000", "2020-05-31": "3294.00000", "2020-02-29": "3271.00000", "2019-11-30": "3331.00000", "2019-08-31": "3410.00000", "2019-05-31": "3732.00000", "2019-02-28": "3617.00000", "2018-11-30": "3817.00000", "2018-08-31": "3999.00000", "2018-05-31": "4238.00000", "2018-02-28": "4122.00000", "2017-11-30": "4283.00000", "2017-08-31": "4284.00000", "2017-05-31": "4217.00000", "2017-02-28": "4204.00000", "2016-11-30": "4195.00000", "2016-08-31": "4221.00000", "2016-05-31": "4305.00000", "2016-02-29": "4256.00000", "2015-11-30": "4316.00000", "2015-08-31": "4412.00000", "2015-05-31": "4503.00000", "2015-02-28": "4494.00000", "2014-11-30": "4505.00000", "2014-08-31": "4548.00000", "2014-05-31": "4604.00000", "2014-02-28": "4575.00000", "2013-11-30": "4600.00000", "2013-08-31": "4674.00000", "2013-05-31": "4844.00000", "2013-02-28": "4812.00000", "2012-11-30": "4868.00000", "2012-08-31": "4939.00000", "2012-05-31": "5095.00000", "2012-02-29": "5080.00000", "2011-11-30": "5123.00000", "2011-08-31": "5150.00000", "2011-05-31": "5128.00000", "2011-02-28": "5149.00000", "2010-11-30": "5117.00000", "2010-08-31": "5083.00000", "2010-05-31": "5073.00000", "2010-02-28": "5076.00000", "2009-11-30": "5064.00000", "2009-08-31": "5063.00000", "2009-05-31": "5130.00000", "2009-02-28": "5056.00000", "2008-11-30": "5187.00000", "2008-08-31": "5235.00000", "2008-05-31": "5229.00000", "2008-02-29": "5235.00000", "2007-11-30": "5232.00000", "2007-08-31": "5217.00000", "2007-05-31": "5269.00000", "2007-02-28": "5257.00000", "2006-11-30": "5287.00000", "2006-08-31": "5307.00000", "2006-05-31": "5287.00000", "2006-02-28": "5304.00000", "2005-11-30": "5238.00000", "2005-08-31": "5244.00000", "2005-05-31": "5231.00000", "2005-02-28": "5230.00000"}, "Basic EPS": {"2020-11-30": "0.82000", "2020-08-31": "0.74000", "2020-05-31": "1.00000", "2020-02-29": "0.81000", "2019-11-30": "0.71000", "2019-08-31": "0.64000", "2019-05-31": "1.06000", "2019-02-28": "0.78000", "2018-11-30": "0.63000", "2018-08-31": "0.58000", "2018-05-31": "0.80000", "2018-02-28": "-0.98000", "2017-11-30": "0.53000", "2017-08-31": "0.52000", "2017-05-31": "0.81000", "2017-02-28": "0.55000", "2016-11-30": "0.50000", "2016-08-31": "0.44000", "2016-05-31": "0.68000", "2016-02-29": "0.51000", "2015-11-30": "0.52000", "2015-08-31": "0.40000", "2015-05-31": "0.63000", "2015-02-28": "0.57000", "2014-11-30": "0.57000", "2014-08-31": "0.49000", "2014-05-31": "0.81000", "2014-02-28": "0.57000", "2013-11-30": "0.56000", "2013-08-31": "0.48000", "2013-05-31": "0.80000", "2013-02-28": "0.53000", "2012-11-30": "0.54000", "2012-08-31": "0.42000", "2012-05-31": "0.70000", "2012-02-29": "0.50000", "2011-11-30": "0.43000", "2011-08-31": "0.36000", "2011-05-31": "0.63000", "2011-02-28": "0.42000", "2010-11-30": "0.37000", "2010-08-31": "0.27000", "2010-05-31": "0.47000", "2010-02-28": "0.24000", "2009-11-30": "0.29000", "2009-08-31": "0.22000", "2009-05-31": "0.37000", "2009-02-28": "0.27000", "2008-11-30": "0.25000", "2008-08-31": "0.21000", "2008-05-31": "0.41000", "2008-02-29": "0.26000", "2007-11-30": "0.25000", "2007-08-31": "0.16000", "2007-05-31": "0.31000", "2007-02-28": "0.20000", "2006-11-30": "0.19000", "2006-08-31": "0.13000", "2006-05-31": "0.25000", "2006-02-28": "0.15000", "2005-11-30": "0.15000", "2005-08-31": "0.10000", "2005-05-31": "0.19000", "2005-02-28": "0.11000"}, "EPS - Earnings Per Share": {"2020-11-30": "0.80000", "2020-08-31": "0.72000", "2020-05-31": "0.97000", "2020-02-29": "0.79000", "2019-11-30": "0.69000", "2019-08-31": "0.63000", "2019-05-31": "1.03000", "2019-02-28": "0.76000", "2018-11-30": "0.61000", "2018-08-31": "0.57000", "2018-05-31": "0.81000", "2018-02-28": "-0.98000", "2017-11-30": "0.52000", "2017-08-31": "0.50000", "2017-05-31": "0.80000", "2017-02-28": "0.53000", "2016-11-30": "0.48000", "2016-08-31": "0.43000", "2016-05-31": "0.66000", "2016-02-29": "0.50000", "2015-11-30": "0.51000", "2015-08-31": "0.40000", "2015-05-31": "0.61000", "2015-02-28": "0.56000", "2014-11-30": "0.56000", "2014-08-31": "0.48000", "2014-05-31": "0.79000", "2014-02-28": "0.56000", "2013-11-30": "0.56000", "2013-08-31": "0.47000", "2013-05-31": "0.80000", "2013-02-28": "0.52000", "2012-11-30": "0.53000", "2012-08-31": "0.41000", "2012-05-31": "0.68000", "2012-02-29": "0.49000", "2011-11-30": "0.43000", "2011-08-31": "0.36000", "2011-05-31": "0.62000", "2011-02-28": "0.41000", "2010-11-30": "0.37000", "2010-08-31": "0.27000", "2010-05-31": "0.47000", "2010-02-28": "0.23000", "2009-11-30": "0.29000", "2009-08-31": "0.22000", "2009-05-31": "0.37000", "2009-02-28": "0.26000", "2008-11-30": "0.25000", "2008-08-31": "0.21000", "2008-05-31": "0.39000", "2008-02-29": "0.26000", "2007-11-30": "0.25000", "2007-08-31": "0.16000", "2007-05-31": "0.30000", "2007-02-28": "0.20000", "2006-11-30": "0.18000", "2006-08-31": "0.13000", "2006-05-31": "0.25000", "2006-02-28": "0.14000", "2005-11-30": "0.15000", "2005-08-31": "0.10000", "2005-05-31": "0.19000", "2005-02-28": "0.10000"}}, "balance sheet": {"Cash On Hand": {"2020-05-31": "43057.00000", "2019-05-31": "37827.00000", "2018-05-31": "67261.00000", "2017-05-31": "66078.00000", "2016-05-31": "56125.00000", "2015-05-31": "54368.00000", "2014-05-31": "38819.00000", "2013-05-31": "32216.00000", "2012-05-31": "30676.00000", "2011-05-31": "28848.00000", "2010-05-31": "18469.00000", "2009-05-31": "12624.00000", "2008-05-31": "11043.00000", "2007-05-31": "7020.00000", "2006-05-31": "7605.00000", "2005-05-31": "4771.00000"}, "Receivables": {"2020-05-31": "5551.00000", "2019-05-31": "5134.00000", "2018-05-31": "5136.00000", "2017-05-31": "5300.00000", "2016-05-31": "5385.00000", "2015-05-31": "5618.00000", "2014-05-31": "6087.00000", "2013-05-31": "6049.00000", "2012-05-31": "6377.00000", "2011-05-31": "6628.00000", "2010-05-31": "5585.00000", "2009-05-31": "4430.00000", "2008-05-31": "5127.00000", "2007-05-31": "4589.00000", "2006-05-31": "3420.00000", "2005-05-31": "2900.00000"}, "Inventory": {"2020-05-31": "", "2019-05-31": "", "2018-05-31": "", "2017-05-31": "", "2016-05-31": "212.00000", "2015-05-31": "314.00000", "2014-05-31": "189.00000", "2013-05-31": "240.00000", "2012-05-31": "158.00000", "2011-05-31": "303.00000", "2010-05-31": "259.00000", "2009-05-31": "", "2008-05-31": "", "2007-05-31": "", "2006-05-31": "", "2005-05-31": ""}, "Pre-Paid Expenses": {"2020-05-31": "3532.00000", "2019-05-31": "3425.00000", "2018-05-31": "3762.00000", "2017-05-31": "3137.00000", "2016-05-31": "2591.00000", "2015-05-31": "2220.00000", "2014-05-31": "2119.00000", "2013-05-31": "2213.00000", "2012-05-31": "1935.00000", "2011-05-31": "2206.00000", "2010-05-31": "1532.00000", "2009-05-31": "866.00000", "2008-05-31": "1080.00000", "2007-05-31": "306.00000", "2006-05-31": "235.00000", "2005-05-31": "291.00000"}, "Other Current Assets": {"2020-05-31": "", "2019-05-31": "", "2018-05-31": "", "2017-05-31": "", "2016-05-31": "", "2015-05-31": "", "2014-05-31": "", "2013-05-31": "", "2012-05-31": "", "2011-05-31": "", "2010-05-31": "", "2009-05-31": "", "2008-05-31": "", "2007-05-31": "", "2006-05-31": "", "2005-05-31": ""}, "Total Current Assets": {"2020-05-31": "52140.00000", "2019-05-31": "46386.00000", "2018-05-31": "76159.00000", "2017-05-31": "74515.00000", "2016-05-31": "64313.00000", "2015-05-31": "62520.00000", "2014-05-31": "48128.00000", "2013-05-31": "41692.00000", "2012-05-31": "40023.00000", "2011-05-31": "39174.00000", "2010-05-31": "27004.00000", "2009-05-31": "18581.00000", "2008-05-31": "18103.00000", "2007-05-31": "12883.00000", "2006-05-31": "11974.00000", "2005-05-31": "8448.00000"}, "Property, Plant, And Equipment": {"2020-05-31": "6244.00000", "2019-05-31": "6252.00000", "2018-05-31": "5897.00000", "2017-05-31": "5315.00000", "2016-05-31": "4000.00000", "2015-05-31": "3686.00000", "2014-05-31": "3061.00000", "2013-05-31": "3053.00000", "2012-05-31": "3021.00000", "2011-05-31": "2857.00000", "2010-05-31": "2763.00000", "2009-05-31": "1922.00000", "2008-05-31": "1688.00000", "2007-05-31": "1603.00000", "2006-05-31": "1391.00000", "2005-05-31": "1442.00000"}, "Long-Term Investments": {"2020-05-31": "", "2019-05-31": "", "2018-05-31": "", "2017-05-31": "", "2016-05-31": "", "2015-05-31": "", "2014-05-31": "", "2013-05-31": "", "2012-05-31": "", "2011-05-31": "", "2010-05-31": "", "2009-05-31": "", "2008-05-31": "", "2007-05-31": "", "2006-05-31": "", "2005-05-31": ""}, "Goodwill And Intangible Assets": {"2020-05-31": "47507.00000", "2019-05-31": "49058.00000", "2018-05-31": "50425.00000", "2017-05-31": "50724.00000", "2016-05-31": "39533.00000", "2015-05-31": "40493.00000", "2014-05-31": "35789.00000", "2013-05-31": "33983.00000", "2012-05-31": "33018.00000", "2011-05-31": "29413.00000", "2010-05-31": "29746.00000", "2009-05-31": "26111.00000", "2008-05-31": "26386.00000", "2007-05-31": "19443.00000", "2006-05-31": "14337.00000", "2005-05-31": "10376.00000"}, "Other Long-Term Assets": {"2020-05-31": "6295.00000", "2019-05-31": "4317.00000", "2018-05-31": "3975.00000", "2017-05-31": "3294.00000", "2016-05-31": "3043.00000", "2015-05-31": "2746.00000", "2014-05-31": "2451.00000", "2013-05-31": "2318.00000", "2012-05-31": "1670.00000", "2011-05-31": "1015.00000", "2010-05-31": "798.00000", "2009-05-31": "802.00000", "2008-05-31": "1091.00000", "2007-05-31": "643.00000", "2006-05-31": "1327.00000", "2005-05-31": "421.00000"}, "Total Long-Term Assets": {"2020-05-31": "63298.00000", "2019-05-31": "62323.00000", "2018-05-31": "61692.00000", "2017-05-31": "60476.00000", "2016-05-31": "47867.00000", "2015-05-31": "48383.00000", "2014-05-31": "42138.00000", "2013-05-31": "40120.00000", "2012-05-31": "38304.00000", "2011-05-31": "34361.00000", "2010-05-31": "34574.00000", "2009-05-31": "28835.00000", "2008-05-31": "29165.00000", "2007-05-31": "21689.00000", "2006-05-31": "17055.00000", "2005-05-31": "12239.00000"}, "Total Assets": {"2020-05-31": "115438.00000", "2019-05-31": "108709.00000", "2018-05-31": "137851.00000", "2017-05-31": "134991.00000", "2016-05-31": "112180.00000", "2015-05-31": "110903.00000", "2014-05-31": "90266.00000", "2013-05-31": "81812.00000", "2012-05-31": "78327.00000", "2011-05-31": "73535.00000", "2010-05-31": "61578.00000", "2009-05-31": "47416.00000", "2008-05-31": "47268.00000", "2007-05-31": "34572.00000", "2006-05-31": "29029.00000", "2005-05-31": "20687.00000"}, "Total Current Liabilities": {"2020-05-31": "17200.00000", "2019-05-31": "18630.00000", "2018-05-31": "19124.00000", "2017-05-31": "24178.00000", "2016-05-31": "17208.00000", "2015-05-31": "15206.00000", "2014-05-31": "14389.00000", "2013-05-31": "12872.00000", "2012-05-31": "15388.00000", "2011-05-31": "14192.00000", "2010-05-31": "14691.00000", "2009-05-31": "9149.00000", "2008-05-31": "10029.00000", "2007-05-31": "9387.00000", "2006-05-31": "6930.00000", "2005-05-31": "8063.00000"}, "Long Term Debt": {"2020-05-31": "69226.00000", "2019-05-31": "51673.00000", "2018-05-31": "56128.00000", "2017-05-31": "48112.00000", "2016-05-31": "40105.00000", "2015-05-31": "39959.00000", "2014-05-31": "22589.00000", "2013-05-31": "18494.00000", "2012-05-31": "13524.00000", "2011-05-31": "14772.00000", "2010-05-31": "11510.00000", "2009-05-31": "9237.00000", "2008-05-31": "10235.00000", "2007-05-31": "6235.00000", "2006-05-31": "5735.00000", "2005-05-31": "159.00000"}, "Other Non-Current Liabilities": {"2020-05-31": "16295.00000", "2019-05-31": "16043.00000", "2018-05-31": "15726.00000", "2017-05-31": "8455.00000", "2016-05-31": "7077.00000", "2015-05-31": "6640.00000", "2014-05-31": "5841.00000", "2013-05-31": "5301.00000", "2012-05-31": "5328.00000", "2011-05-31": "4326.00000", "2010-05-31": "1059.00000", "2009-05-31": "682.00000", "2008-05-31": "1195.00000", "2007-05-31": "817.00000", "2006-05-31": "674.00000", "2005-05-31": "492.00000"}, "Total Long Term Liabilities": {"2020-05-31": "85521.00000", "2019-05-31": "67716.00000", "2018-05-31": "71854.00000", "2017-05-31": "56567.00000", "2016-05-31": "47182.00000", "2015-05-31": "46599.00000", "2014-05-31": "28430.00000", "2013-05-31": "23795.00000", "2012-05-31": "18852.00000", "2011-05-31": "19098.00000", "2010-05-31": "15688.00000", "2009-05-31": "12822.00000", "2008-05-31": "14214.00000", "2007-05-31": "8266.00000", "2006-05-31": "7087.00000", "2005-05-31": "1787.00000"}, "Total Liabilities": {"2020-05-31": "102721.00000", "2019-05-31": "86346.00000", "2018-05-31": "90978.00000", "2017-05-31": "80745.00000", "2016-05-31": "64390.00000", "2015-05-31": "61805.00000", "2014-05-31": "42819.00000", "2013-05-31": "36667.00000", "2012-05-31": "34240.00000", "2011-05-31": "33290.00000", "2010-05-31": "30379.00000", "2009-05-31": "21971.00000", "2008-05-31": "24243.00000", "2007-05-31": "17653.00000", "2006-05-31": "14017.00000", "2005-05-31": "9850.00000"}, "Common Stock Net": {"2020-05-31": "26486.00000", "2019-05-31": "26909.00000", "2018-05-31": "28950.00000", "2017-05-31": "27065.00000", "2016-05-31": "24217.00000", "2015-05-31": "23156.00000", "2014-05-31": "21077.00000", "2013-05-31": "18893.00000", "2012-05-31": "17489.00000", "2011-05-31": "16653.00000", "2010-05-31": "14648.00000", "2009-05-31": "12980.00000", "2008-05-31": "12446.00000", "2007-05-31": "10293.00000", "2006-05-31": "9246.00000", "2005-05-31": "6596.00000"}, "Retained Earnings (Accumulated Deficit)": {"2020-05-31": "-12696.00000", "2019-05-31": "-3496.00000", "2018-05-31": "19111.00000", "2017-05-31": "27598.00000", "2016-05-31": "23888.00000", "2015-05-31": "26503.00000", "2014-05-31": "25965.00000", "2013-05-31": "25854.00000", "2012-05-31": "26087.00000", "2011-05-31": "22581.00000", "2010-05-31": "16146.00000", "2009-05-31": "11894.00000", "2008-05-31": "9961.00000", "2007-05-31": "6223.00000", "2006-05-31": "5538.00000", "2005-05-31": "4043.00000"}, "Comprehensive Income": {"2020-05-31": "-1716.00000", "2019-05-31": "-1628.00000", "2018-05-31": "-1689.00000", "2017-05-31": "-803.00000", "2016-05-31": "-816.00000", "2015-05-31": "-996.00000", "2014-05-31": "-164.00000", "2013-05-31": "-99.00000", "2012-05-31": "112.00000", "2011-05-31": "542.00000", "2010-05-31": "4.00000", "2009-05-31": "216.00000", "2008-05-31": "618.00000", "2007-05-31": "403.00000", "2006-05-31": "258.00000", "2005-05-31": "243.00000"}, "Other Share Holders Equity": {"2020-05-31": "", "2019-05-31": "", "2018-05-31": "", "2017-05-31": "", "2016-05-31": "", "2015-05-31": "", "2014-05-31": "", "2013-05-31": "", "2012-05-31": "", "2011-05-31": "", "2010-05-31": "", "2009-05-31": "", "2008-05-31": "", "2007-05-31": "", "2006-05-31": "", "2005-05-31": ""}, "Share Holder Equity": {"2020-05-31": "12717.00000", "2019-05-31": "22363.00000", "2018-05-31": "46873.00000", "2017-05-31": "54246.00000", "2016-05-31": "47790.00000", "2015-05-31": "49098.00000", "2014-05-31": "47447.00000", "2013-05-31": "45145.00000", "2012-05-31": "44087.00000", "2011-05-31": "40245.00000", "2010-05-31": "31199.00000", "2009-05-31": "25445.00000", "2008-05-31": "23025.00000", "2007-05-31": "16919.00000", "2006-05-31": "15012.00000", "2005-05-31": "10837.00000"}, "Total Liabilities And Share Holders Equity": {"2020-05-31": "115438.00000", "2019-05-31": "108709.00000", "2018-05-31": "137851.00000", "2017-05-31": "134991.00000", "2016-05-31": "112180.00000", "2015-05-31": "110903.00000", "2014-05-31": "90266.00000", "2013-05-31": "81812.00000", "2012-05-31": "78327.00000", "2011-05-31": "73535.00000", "2010-05-31": "61578.00000", "2009-05-31": "47416.00000", "2008-05-31": "47268.00000", "2007-05-31": "34572.00000", "2006-05-31": "29029.00000", "2005-05-31": "20687.00000"}}, "balance sheet, quarterly": {"Cash On Hand": {"2020-11-30": "38593.00000", "2020-08-31": "42279.00000", "2020-05-31": "43057.00000", "2020-02-29": "25858.00000", "2019-11-30": "27444.00000", "2019-08-31": "35704.00000", "2019-05-31": "37827.00000", "2019-02-28": "40030.00000", "2018-11-30": "49391.00000", "2018-08-31": "60094.00000", "2018-05-31": "67261.00000", "2018-02-28": "70455.00000", "2017-11-30": "71580.00000", "2017-08-31": "66897.00000", "2017-05-31": "66078.00000", "2017-02-28": "59352.00000", "2016-11-30": "58206.00000", "2016-08-31": "68396.00000", "2016-05-31": "56125.00000", "2016-02-29": "50767.00000", "2015-11-30": "52335.00000", "2015-08-31": "55930.00000", "2015-05-31": "54368.00000", "2015-02-28": "43777.00000", "2014-11-30": "44733.00000", "2014-08-31": "51616.00000", "2014-05-31": "38819.00000", "2014-02-28": "37225.00000", "2013-11-30": "36974.00000", "2013-08-31": "39104.00000", "2013-05-31": "32216.00000", "2013-02-28": "33407.00000", "2012-11-30": "33695.00000", "2012-08-31": "31607.00000", "2012-05-31": "30676.00000", "2012-02-29": "29742.00000", "2011-11-30": "31012.00000", "2011-08-31": "31660.00000", "2011-05-31": "28848.00000", "2011-02-28": "24355.00000", "2010-11-30": "24845.00000", "2010-08-31": "23637.00000", "2010-05-31": "18469.00000", "2010-02-28": "17489.00000", "2009-11-30": "20784.00000", "2009-08-31": "20565.00000", "2009-05-31": "12624.00000", "2009-02-28": "11294.00000", "2008-11-30": "10646.00000", "2008-08-31": "13021.00000", "2008-05-31": "11043.00000", "2008-02-29": "10506.00000", "2007-11-30": "8432.00000", "2007-08-31": "7743.00000", "2007-05-31": "7020.00000", "2007-02-28": "6445.00000", "2006-11-30": "7825.00000", "2006-08-31": "8298.00000", "2006-05-31": "7605.00000", "2006-02-28": "7764.00000", "2005-11-30": "3403.00000", "2005-08-31": "4632.00000", "2005-05-31": "4771.00000", "2005-02-28": "9132.00000"}, "Receivables": {"2020-11-30": "4423.00000", "2020-08-31": "4576.00000", "2020-05-31": "5551.00000", "2020-02-29": "4162.00000", "2019-11-30": "4050.00000", "2019-08-31": "3820.00000", "2019-05-31": "5134.00000", "2019-02-28": "3993.00000", "2018-11-30": "3975.00000", "2018-08-31": "3729.00000", "2018-05-31": "5136.00000", "2018-02-28": "3902.00000", "2017-11-30": "3798.00000", "2017-08-31": "3591.00000", "2017-05-31": "5300.00000", "2017-02-28": "3721.00000", "2016-11-30": "3690.00000", "2016-08-31": "3407.00000", "2016-05-31": "5385.00000", "2016-02-29": "3844.00000", "2015-11-30": "3956.00000", "2015-08-31": "3475.00000", "2015-05-31": "5618.00000", "2015-02-28": "4178.00000", "2014-11-30": "4326.00000", "2014-08-31": "3551.00000", "2014-05-31": "6087.00000", "2014-02-28": "4071.00000", "2013-11-30": "4192.00000", "2013-08-31": "3450.00000", "2013-05-31": "6049.00000", "2013-02-28": "4169.00000", "2012-11-30": "4401.00000", "2012-08-31": "3775.00000", "2012-05-31": "6377.00000", "2012-02-29": "4656.00000", "2011-11-30": "4434.00000", "2011-08-31": "4194.00000", "2011-05-31": "6628.00000", "2011-02-28": "4495.00000", "2010-11-30": "4406.00000", "2010-08-31": "3721.00000", "2010-05-31": "5585.00000", "2010-02-28": "3898.00000", "2009-11-30": "3086.00000", "2009-08-31": "2584.00000", "2009-05-31": "4430.00000", "2009-02-28": "3025.00000", "2008-11-30": "3253.00000", "2008-08-31": "3260.00000", "2008-05-31": "5127.00000", "2008-02-29": "3655.00000", "2007-11-30": "3637.00000", "2007-08-31": "3019.00000", "2007-05-31": "4589.00000", "2007-02-28": "3148.00000", "2006-11-30": "2836.00000", "2006-08-31": "2347.00000", "2006-05-31": "3420.00000", "2006-02-28": "2465.00000", "2005-11-30": "2205.00000", "2005-08-31": "1847.00000", "2005-05-31": "2900.00000", "2005-02-28": "2100.00000"}, "Inventory": {"2020-11-30": "", "2020-08-31": "", "2020-05-31": "", "2020-02-29": "", "2019-11-30": "", "2019-08-31": "", "2019-05-31": "", "2019-02-28": "", "2018-11-30": "", "2018-08-31": "", "2018-05-31": "", "2018-02-28": "496.00000", "2017-11-30": "436.00000", "2017-08-31": "312.00000", "2017-05-31": "", "2017-02-28": "391.00000", "2016-11-30": "327.00000", "2016-08-31": "286.00000", "2016-05-31": "212.00000", "2016-02-29": "212.00000", "2015-11-30": "238.00000", "2015-08-31": "251.00000", "2015-05-31": "314.00000", "2015-02-28": "285.00000", "2014-11-30": "208.00000", "2014-08-31": "179.00000", "2014-05-31": "189.00000", "2014-02-28": "227.00000", "2013-11-30": "234.00000", "2013-08-31": "243.00000", "2013-05-31": "240.00000", "2013-02-28": "211.00000", "2012-11-30": "164.00000", "2012-08-31": "148.00000", "2012-05-31": "158.00000", "2012-02-29": "172.00000", "2011-11-30": "218.00000", "2011-08-31": "259.00000", "2011-05-31": "303.00000", "2011-02-28": "276.00000", "2010-11-30": "236.00000", "2010-08-31": "235.00000", "2010-05-31": "259.00000", "2010-02-28": "315.00000", "2009-11-30": "", "2009-08-31": "", "2009-05-31": "", "2009-02-28": "", "2008-11-30": "", "2008-08-31": "", "2008-05-31": "", "2008-02-29": "", "2007-11-30": "", "2007-08-31": "", "2007-05-31": "", "2007-02-28": "", "2006-11-30": "", "2006-08-31": "", "2006-05-31": "", "2006-02-28": "", "2005-11-30": "", "2005-08-31": "", "2005-05-31": "", "2005-02-28": ""}, "Pre-Paid Expenses": {"2020-11-30": "3235.00000", "2020-08-31": "3084.00000", "2020-05-31": "3532.00000", "2020-02-29": "3422.00000", "2019-11-30": "3046.00000", "2019-08-31": "2860.00000", "2019-05-31": "3425.00000", "2019-02-28": "3594.00000", "2018-11-30": "3572.00000", "2018-08-31": "3186.00000", "2018-05-31": "3762.00000", "2018-02-28": "2879.00000", "2017-11-30": "2731.00000", "2017-08-31": "2535.00000", "2017-05-31": "3137.00000", "2017-02-28": "2547.00000", "2016-11-30": "2511.00000", "2016-08-31": "2362.00000", "2016-05-31": "2591.00000", "2016-02-29": "2246.00000", "2015-11-30": "2089.00000", "2015-08-31": "1795.00000", "2015-05-31": "2220.00000", "2015-02-28": "2123.00000", "2014-11-30": "1866.00000", "2014-08-31": "2015.00000", "2014-05-31": "2119.00000", "2014-02-28": "1869.00000", "2013-11-30": "1889.00000", "2013-08-31": "1723.00000", "2013-05-31": "2213.00000", "2013-02-28": "2070.00000", "2012-11-30": "1976.00000", "2012-08-31": "1729.00000", "2012-05-31": "1935.00000", "2012-02-29": "1678.00000", "2011-11-30": "1579.00000", "2011-08-31": "1831.00000", "2011-05-31": "2206.00000", "2011-02-28": "2140.00000", "2010-11-30": "2017.00000", "2010-08-31": "1529.00000", "2010-05-31": "1532.00000", "2010-02-28": "1299.00000", "2009-11-30": "662.00000", "2009-08-31": "586.00000", "2009-05-31": "866.00000", "2009-02-28": "657.00000", "2008-11-30": "605.00000", "2008-08-31": "665.00000", "2008-05-31": "1080.00000", "2008-02-29": "606.00000", "2007-11-30": "520.00000", "2007-08-31": "430.00000", "2007-05-31": "306.00000", "2007-02-28": "286.00000", "2006-11-30": "295.00000", "2006-08-31": "321.00000", "2006-05-31": "235.00000", "2006-02-28": "232.00000", "2005-11-30": "187.00000", "2005-08-31": "234.00000", "2005-05-31": "291.00000", "2005-02-28": "345.00000"}, "Other Current Assets": {"2020-11-30": "", "2020-08-31": "", "2020-05-31": "", "2020-02-29": "", "2019-11-30": "", "2019-08-31": "", "2019-05-31": "", "2019-02-28": "", "2018-11-30": "", "2018-08-31": "", "2018-05-31": "", "2018-02-28": "", "2017-11-30": "", "2017-08-31": "", "2017-05-31": "", "2017-02-28": "", "2016-11-30": "", "2016-08-31": "", "2016-05-31": "", "2016-02-29": "", "2015-11-30": "", "2015-08-31": "", "2015-05-31": "", "2015-02-28": "", "2014-11-30": "", "2014-08-31": "", "2014-05-31": "", "2014-02-28": "", "2013-11-30": "", "2013-08-31": "", "2013-05-31": "", "2013-02-28": "", "2012-11-30": "", "2012-08-31": "", "2012-05-31": "", "2012-02-29": "", "2011-11-30": "", "2011-08-31": "", "2011-05-31": "", "2011-02-28": "", "2010-11-30": "", "2010-08-31": "", "2010-05-31": "", "2010-02-28": "", "2009-11-30": "", "2009-08-31": "", "2009-05-31": "", "2009-02-28": "", "2008-11-30": "", "2008-08-31": "", "2008-05-31": "", "2008-02-29": "", "2007-11-30": "", "2007-08-31": "", "2007-05-31": "", "2007-02-28": "", "2006-11-30": "", "2006-08-31": "", "2006-05-31": "", "2006-02-28": "", "2005-11-30": "", "2005-08-31": "", "2005-05-31": "", "2005-02-28": ""}, "Total Current Assets": {"2020-11-30": "46251.00000", "2020-08-31": "49939.00000", "2020-05-31": "52140.00000", "2020-02-29": "33442.00000", "2019-11-30": "34540.00000", "2019-08-31": "42384.00000", "2019-05-31": "46386.00000", "2019-02-28": "47617.00000", "2018-11-30": "56938.00000", "2018-08-31": "67009.00000", "2018-05-31": "76159.00000", "2018-02-28": "77732.00000", "2017-11-30": "78545.00000", "2017-08-31": "73335.00000", "2017-05-31": "74515.00000", "2017-02-28": "66011.00000", "2016-11-30": "64734.00000", "2016-08-31": "74451.00000", "2016-05-31": "64313.00000", "2016-02-29": "57069.00000", "2015-11-30": "58618.00000", "2015-08-31": "62122.00000", "2015-05-31": "62520.00000", "2015-02-28": "51294.00000", "2014-11-30": "52040.00000", "2014-08-31": "58194.00000", "2014-05-31": "48128.00000", "2014-02-28": "44404.00000", "2013-11-30": "44252.00000", "2013-08-31": "45457.00000", "2013-05-31": "41692.00000", "2013-02-28": "40686.00000", "2012-11-30": "41129.00000", "2012-08-31": "38172.00000", "2012-05-31": "40023.00000", "2012-02-29": "37538.00000", "2011-11-30": "38482.00000", "2011-08-31": "39206.00000", "2011-05-31": "39174.00000", "2011-02-28": "32459.00000", "2010-11-30": "32723.00000", "2010-08-31": "30264.00000", "2010-05-31": "27004.00000", "2010-02-28": "23979.00000", "2009-11-30": "25235.00000", "2009-08-31": "24445.00000", "2009-05-31": "18581.00000", "2009-02-28": "15611.00000", "2008-11-30": "15138.00000", "2008-08-31": "17851.00000", "2008-05-31": "18103.00000", "2008-02-29": "15731.00000", "2007-11-30": "13558.00000", "2007-08-31": "12173.00000", "2007-05-31": "12883.00000", "2007-02-28": "10664.00000", "2006-11-30": "11662.00000", "2006-08-31": "11691.00000", "2006-05-31": "11974.00000", "2006-02-28": "11199.00000", "2005-11-30": "6266.00000", "2005-08-31": "7189.00000", "2005-05-31": "8448.00000", "2005-02-28": "11921.00000"}, "Property, Plant, And Equipment": {"2020-11-30": "6627.00000", "2020-08-31": "6401.00000", "2020-05-31": "6244.00000", "2020-02-29": "6248.00000", "2019-11-30": "6270.00000", "2019-08-31": "6264.00000", "2019-05-31": "6252.00000", "2019-02-28": "6197.00000", "2018-11-30": "6003.00000", "2018-08-31": "5918.00000", "2018-05-31": "5897.00000", "2018-02-28": "5904.00000", "2017-11-30": "5868.00000", "2017-08-31": "5586.00000", "2017-05-31": "5315.00000", "2017-02-28": "5070.00000", "2016-11-30": "4882.00000", "2016-08-31": "4108.00000", "2016-05-31": "4000.00000", "2016-02-29": "4011.00000", "2015-11-30": "3855.00000", "2015-08-31": "3896.00000", "2015-05-31": "3686.00000", "2015-02-28": "3335.00000", "2014-11-30": "3169.00000", "2014-08-31": "3086.00000", "2014-05-31": "3061.00000", "2014-02-28": "3052.00000", "2013-11-30": "3039.00000", "2013-08-31": "3052.00000", "2013-05-31": "3053.00000", "2013-02-28": "3034.00000", "2012-11-30": "3093.00000", "2012-08-31": "3037.00000", "2012-05-31": "3021.00000", "2012-02-29": "2936.00000", "2011-11-30": "2900.00000", "2011-08-31": "2930.00000", "2011-05-31": "2857.00000", "2011-02-28": "2894.00000", "2010-11-30": "2870.00000", "2010-08-31": "2835.00000", "2010-05-31": "2763.00000", "2010-02-28": "2869.00000", "2009-11-30": "1956.00000", "2009-08-31": "1924.00000", "2009-05-31": "1922.00000", "2009-02-28": "1914.00000", "2008-11-30": "1907.00000", "2008-08-31": "1886.00000", "2008-05-31": "1688.00000", "2008-02-29": "1570.00000", "2007-11-30": "1655.00000", "2007-08-31": "1633.00000", "2007-05-31": "1603.00000", "2007-02-28": "1465.00000", "2006-11-30": "1446.00000", "2006-08-31": "1437.00000", "2006-05-31": "1391.00000", "2006-02-28": "1375.00000", "2005-11-30": "1366.00000", "2005-08-31": "1404.00000", "2005-05-31": "1442.00000", "2005-02-28": "1471.00000"}, "Long-Term Investments": {"2020-11-30": "", "2020-08-31": "", "2020-05-31": "", "2020-02-29": "", "2019-11-30": "", "2019-08-31": "", "2019-05-31": "", "2019-02-28": "", "2018-11-30": "", "2018-08-31": "", "2018-05-31": "", "2018-02-28": "", "2017-11-30": "", "2017-08-31": "", "2017-05-31": "", "2017-02-28": "", "2016-11-30": "", "2016-08-31": "", "2016-05-31": "", "2016-02-29": "", "2015-11-30": "", "2015-08-31": "", "2015-05-31": "", "2015-02-28": "", "2014-11-30": "", "2014-08-31": "", "2014-05-31": "", "2014-02-28": "", "2013-11-30": "", "2013-08-31": "", "2013-05-31": "", "2013-02-28": "", "2012-11-30": "", "2012-08-31": "", "2012-05-31": "", "2012-02-29": "", "2011-11-30": "", "2011-08-31": "", "2011-05-31": "", "2011-02-28": "", "2010-11-30": "", "2010-08-31": "", "2010-05-31": "", "2010-02-28": "", "2009-11-30": "", "2009-08-31": "", "2009-05-31": "", "2009-02-28": "", "2008-11-30": "", "2008-08-31": "", "2008-05-31": "", "2008-02-29": "", "2007-11-30": "", "2007-08-31": "", "2007-05-31": "", "2007-02-28": "", "2006-11-30": "", "2006-08-31": "", "2006-05-31": "", "2006-02-28": "", "2005-11-30": "", "2005-08-31": "", "2005-05-31": "", "2005-02-28": ""}, "Goodwill And Intangible Assets": {"2020-11-30": "46938.00000", "2020-08-31": "47272.00000", "2020-05-31": "47507.00000", "2020-02-29": "47869.00000", "2019-11-30": "48302.00000", "2019-08-31": "48594.00000", "2019-05-31": "49058.00000", "2019-02-28": "49454.00000", "2018-11-30": "49881.00000", "2018-08-31": "49997.00000", "2018-05-31": "50425.00000", "2018-02-28": "49365.00000", "2017-11-30": "49758.00000", "2017-08-31": "50206.00000", "2017-05-31": "50724.00000", "2017-02-28": "50292.00000", "2016-11-30": "50051.00000", "2016-08-31": "40441.00000", "2016-05-31": "39533.00000", "2016-02-29": "39533.00000", "2015-11-30": "39770.00000", "2015-08-31": "40088.00000", "2015-05-31": "40493.00000", "2015-02-28": "41170.00000", "2014-11-30": "40550.00000", "2014-08-31": "35312.00000", "2014-05-31": "35789.00000", "2014-02-28": "35880.00000", "2013-11-30": "34790.00000", "2013-08-31": "34879.00000", "2013-05-31": "33983.00000", "2013-02-28": "32764.00000", "2012-11-30": "32331.00000", "2012-08-31": "32664.00000", "2012-05-31": "33018.00000", "2012-02-29": "31274.00000", "2011-11-30": "29146.00000", "2011-08-31": "29493.00000", "2011-05-31": "29413.00000", "2011-02-28": "29749.00000", "2010-11-30": "29415.00000", "2010-08-31": "30025.00000", "2010-05-31": "29746.00000", "2010-02-28": "30283.00000", "2009-11-30": "25682.00000", "2009-08-31": "25753.00000", "2009-05-31": "26111.00000", "2009-02-28": "26346.00000", "2008-11-30": "26688.00000", "2008-08-31": "26413.00000", "2008-05-31": "26386.00000", "2008-02-29": "19083.00000", "2007-11-30": "19346.00000", "2007-08-31": "19479.00000", "2007-05-31": "19443.00000", "2007-02-28": "16648.00000", "2006-11-30": "15241.00000", "2006-08-31": "15169.00000", "2006-05-31": "14337.00000", "2006-02-28": "14778.00000", "2005-11-30": "10635.00000", "2005-08-31": "10555.00000", "2005-05-31": "10376.00000", "2005-02-28": "9944.00000"}, "Other Long-Term Assets": {"2020-11-30": "6797.00000", "2020-08-31": "6782.00000", "2020-05-31": "6295.00000", "2020-02-29": "6262.00000", "2019-11-30": "6580.00000", "2019-08-31": "6333.00000", "2019-05-31": "4317.00000", "2019-02-28": "4137.00000", "2018-11-30": "4014.00000", "2018-08-31": "4001.00000", "2018-05-31": "3975.00000", "2018-02-28": "3385.00000", "2017-11-30": "3369.00000", "2017-08-31": "3289.00000", "2017-05-31": "3294.00000", "2017-02-28": "3091.00000", "2016-11-30": "3038.00000", "2016-08-31": "3081.00000", "2016-05-31": "3043.00000", "2016-02-29": "2899.00000", "2015-11-30": "2899.00000", "2015-08-31": "2811.00000", "2015-05-31": "2746.00000", "2015-02-28": "2343.00000", "2014-11-30": "2119.00000", "2014-08-31": "2218.00000", "2014-05-31": "2451.00000", "2014-02-28": "2506.00000", "2013-11-30": "2397.00000", "2013-08-31": "2296.00000", "2013-05-31": "2318.00000", "2013-02-28": "2315.00000", "2012-11-30": "2322.00000", "2012-08-31": "2138.00000", "2012-05-31": "1670.00000", "2012-02-29": "1636.00000", "2011-11-30": "1260.00000", "2011-08-31": "1078.00000", "2011-05-31": "1015.00000", "2011-02-28": "1045.00000", "2010-11-30": "1015.00000", "2010-08-31": "1012.00000", "2010-05-31": "798.00000", "2010-02-28": "2255.00000", "2009-11-30": "960.00000", "2009-08-31": "876.00000", "2009-05-31": "802.00000", "2009-02-28": "1078.00000", "2008-11-30": "1069.00000", "2008-08-31": "1103.00000", "2008-05-31": "1091.00000", "2008-02-29": "675.00000", "2007-11-30": "682.00000", "2007-08-31": "645.00000", "2007-05-31": "643.00000", "2007-02-28": "592.00000", "2006-11-30": "578.00000", "2006-08-31": "551.00000", "2006-05-31": "1327.00000", "2006-02-28": "1072.00000", "2005-11-30": "1028.00000", "2005-08-31": "416.00000", "2005-05-31": "421.00000", "2005-02-28": "431.00000"}, "Total Long-Term Assets": {"2020-11-30": "63763.00000", "2020-08-31": "63607.00000", "2020-05-31": "63298.00000", "2020-02-29": "63262.00000", "2019-11-30": "63903.00000", "2019-08-31": "63845.00000", "2019-05-31": "62323.00000", "2019-02-28": "61821.00000", "2018-11-30": "61380.00000", "2018-08-31": "61349.00000", "2018-05-31": "61692.00000", "2018-02-28": "60469.00000", "2017-11-30": "60217.00000", "2017-08-31": "60262.00000", "2017-05-31": "60476.00000", "2017-02-28": "59371.00000", "2016-11-30": "58866.00000", "2016-08-31": "48772.00000", "2016-05-31": "47867.00000", "2016-02-29": "47825.00000", "2015-11-30": "47865.00000", "2015-08-31": "47584.00000", "2015-05-31": "48383.00000", "2015-02-28": "47522.00000", "2014-11-30": "46265.00000", "2014-08-31": "41532.00000", "2014-05-31": "42138.00000", "2014-02-28": "42158.00000", "2013-11-30": "40986.00000", "2013-08-31": "40949.00000", "2013-05-31": "40120.00000", "2013-02-28": "38764.00000", "2012-11-30": "38528.00000", "2012-08-31": "38386.00000", "2012-05-31": "38304.00000", "2012-02-29": "36823.00000", "2011-11-30": "34428.00000", "2011-08-31": "34653.00000", "2011-05-31": "34361.00000", "2011-02-28": "35207.00000", "2010-11-30": "34520.00000", "2010-08-31": "34991.00000", "2010-05-31": "34574.00000", "2010-02-28": "35407.00000", "2009-11-30": "28598.00000", "2009-08-31": "28553.00000", "2009-05-31": "28835.00000", "2009-02-28": "29338.00000", "2008-11-30": "29664.00000", "2008-08-31": "29402.00000", "2008-05-31": "29165.00000", "2008-02-29": "21585.00000", "2007-11-30": "22095.00000", "2007-08-31": "22142.00000", "2007-05-31": "21689.00000", "2007-02-28": "18705.00000", "2006-11-30": "17265.00000", "2006-08-31": "17157.00000", "2006-05-31": "17055.00000", "2006-02-28": "17265.00000", "2005-11-30": "13080.00000", "2005-08-31": "12407.00000", "2005-05-31": "12239.00000", "2005-02-28": "11846.00000"}, "Total Assets": {"2020-11-30": "110014.00000", "2020-08-31": "113546.00000", "2020-05-31": "115438.00000", "2020-02-29": "96704.00000", "2019-11-30": "98443.00000", "2019-08-31": "106229.00000", "2019-05-31": "108709.00000", "2019-02-28": "109438.00000", "2018-11-30": "118318.00000", "2018-08-31": "128358.00000", "2018-05-31": "137851.00000", "2018-02-28": "138201.00000", "2017-11-30": "138762.00000", "2017-08-31": "133597.00000", "2017-05-31": "134991.00000", "2017-02-28": "125382.00000", "2016-11-30": "123600.00000", "2016-08-31": "123223.00000", "2016-05-31": "112180.00000", "2016-02-29": "104894.00000", "2015-11-30": "106483.00000", "2015-08-31": "109706.00000", "2015-05-31": "110903.00000", "2015-02-28": "98816.00000", "2014-11-30": "98305.00000", "2014-08-31": "99726.00000", "2014-05-31": "90266.00000", "2014-02-28": "86562.00000", "2013-11-30": "85238.00000", "2013-08-31": "86406.00000", "2013-05-31": "81812.00000", "2013-02-28": "79450.00000", "2012-11-30": "79657.00000", "2012-08-31": "76558.00000", "2012-05-31": "78327.00000", "2012-02-29": "74361.00000", "2011-11-30": "72910.00000", "2011-08-31": "73859.00000", "2011-05-31": "73535.00000", "2011-02-28": "67666.00000", "2010-11-30": "67243.00000", "2010-08-31": "65255.00000", "2010-05-31": "61578.00000", "2010-02-28": "59386.00000", "2009-11-30": "53833.00000", "2009-08-31": "52998.00000", "2009-05-31": "47416.00000", "2009-02-28": "44949.00000", "2008-11-30": "44802.00000", "2008-08-31": "47253.00000", "2008-05-31": "47268.00000", "2008-02-29": "37316.00000", "2007-11-30": "35653.00000", "2007-08-31": "34315.00000", "2007-05-31": "34572.00000", "2007-02-28": "29369.00000", "2006-11-30": "28927.00000", "2006-08-31": "28848.00000", "2006-05-31": "29029.00000", "2006-02-28": "28464.00000", "2005-11-30": "19346.00000", "2005-08-31": "19596.00000", "2005-05-31": "20687.00000", "2005-02-28": "23767.00000"}, "Total Current Liabilities": {"2020-11-30": "21347.00000", "2020-08-31": "18748.00000", "2020-05-31": "17200.00000", "2020-02-29": "15740.00000", "2019-11-30": "14592.00000", "2019-08-31": "18875.00000", "2019-05-31": "18630.00000", "2019-02-28": "17986.00000", "2018-11-30": "20315.00000", "2018-08-31": "19562.00000", "2018-05-31": "19124.00000", "2018-02-28": "17968.00000", "2017-11-30": "15494.00000", "2017-08-31": "20226.00000", "2017-05-31": "24178.00000", "2017-02-28": "15790.00000", "2016-11-30": "16347.00000", "2016-08-31": "15142.00000", "2016-05-31": "17208.00000", "2016-02-29": "11825.00000", "2015-11-30": "13754.00000", "2015-08-31": "15391.00000", "2015-05-31": "15206.00000", "2015-02-28": "13792.00000", "2014-11-30": "11985.00000", "2014-08-31": "13377.00000", "2014-05-31": "14389.00000", "2014-02-28": "13092.00000", "2013-11-30": "13110.00000", "2013-08-31": "14526.00000", "2013-05-31": "12872.00000", "2013-02-28": "11916.00000", "2012-11-30": "12347.00000", "2012-08-31": "13955.00000", "2012-05-31": "15388.00000", "2012-02-29": "11632.00000", "2011-11-30": "11072.00000", "2011-08-31": "13056.00000", "2011-05-31": "14192.00000", "2011-02-28": "11282.00000", "2010-11-30": "13336.00000", "2010-08-31": "13800.00000", "2010-05-31": "14691.00000", "2010-02-28": "14251.00000", "2009-11-30": "8534.00000", "2009-08-31": "9160.00000", "2009-05-31": "9149.00000", "2009-02-28": "7972.00000", "2008-11-30": "7963.00000", "2008-08-31": "9247.00000", "2008-05-31": "10029.00000", "2008-02-29": "6830.00000", "2007-11-30": "6549.00000", "2007-08-31": "6797.00000", "2007-05-31": "9387.00000", "2007-02-28": "6330.00000", "2006-11-30": "6096.00000", "2006-08-31": "6698.00000", "2006-05-31": "6930.00000", "2006-02-28": "5866.00000", "2005-11-30": "5563.00000", "2005-08-31": "6547.00000", "2005-05-31": "8063.00000", "2005-02-28": "12237.00000"}, "Long Term Debt": {"2020-11-30": "63531.00000", "2020-08-31": "67769.00000", "2020-05-31": "69226.00000", "2020-02-29": "49320.00000", "2019-11-30": "50670.00000", "2019-08-31": "50692.00000", "2019-05-31": "51673.00000", "2019-02-28": "51672.00000", "2018-11-30": "51561.00000", "2018-08-31": "54386.00000", "2018-05-31": "56128.00000", "2018-02-28": "56224.00000", "2017-11-30": "58170.00000", "2017-08-31": "48293.00000", "2017-05-31": "48112.00000", "2017-02-28": "50469.00000", "2016-11-30": "50489.00000", "2016-08-31": "53057.00000", "2016-05-31": "40105.00000", "2016-02-29": "40106.00000", "2015-11-30": "39940.00000", "2015-08-31": "40050.00000", "2015-05-31": "39959.00000", "2015-02-28": "30258.00000", "2014-11-30": "32456.00000", "2014-08-31": "32567.00000", "2014-05-31": "22589.00000", "2014-02-28": "22677.00000", "2013-11-30": "22641.00000", "2013-08-31": "22575.00000", "2013-05-31": "18494.00000", "2013-02-28": "18502.00000", "2012-11-30": "18507.00000", "2012-08-31": "13521.00000", "2012-05-31": "13524.00000", "2012-02-29": "14777.00000", "2011-11-30": "14778.00000", "2011-08-31": "14789.00000", "2011-05-31": "14772.00000", "2011-02-28": "14752.00000", "2010-11-30": "14780.00000", "2010-08-31": "14778.00000", "2010-05-31": "11510.00000", "2010-02-28": "11498.00000", "2009-11-30": "13751.00000", "2009-08-31": "13723.00000", "2009-05-31": "9237.00000", "2009-02-28": "10236.00000", "2008-11-30": "10236.00000", "2008-08-31": "10236.00000", "2008-05-31": "10235.00000", "2008-02-29": "6237.00000", "2007-11-30": "6236.00000", "2007-08-31": "6236.00000", "2007-05-31": "6235.00000", "2007-02-28": "5736.00000", "2006-11-30": "5735.00000", "2006-08-31": "5737.00000", "2006-05-31": "5735.00000", "2006-02-28": "5741.00000", "2005-11-30": "156.00000", "2005-08-31": "157.00000", "2005-05-31": "159.00000", "2005-02-28": "159.00000"}, "Other Non-Current Liabilities": {"2020-11-30": "16520.00000", "2020-08-31": "16889.00000", "2020-05-31": "16295.00000", "2020-02-29": "16763.00000", "2019-11-30": "16996.00000", "2019-08-31": "17643.00000", "2019-05-31": "16043.00000", "2019-02-28": "15542.00000", "2018-11-30": "15387.00000", "2018-08-31": "15846.00000", "2018-05-31": "15726.00000", "2018-02-28": "15737.00000", "2017-11-30": "8798.00000", "2017-08-31": "8712.00000", "2017-05-31": "8455.00000", "2017-02-28": "8100.00000", "2016-11-30": "7919.00000", "2016-08-31": "7192.00000", "2016-05-31": "7077.00000", "2016-02-29": "6627.00000", "2015-11-30": "6457.00000", "2015-08-31": "6727.00000", "2015-05-31": "6640.00000", "2015-02-28": "6234.00000", "2014-11-30": "5902.00000", "2014-08-31": "5851.00000", "2014-05-31": "5841.00000", "2014-02-28": "5558.00000", "2013-11-30": "5421.00000", "2013-08-31": "5319.00000", "2013-05-31": "5301.00000", "2013-02-28": "5242.00000", "2012-11-30": "5393.00000", "2012-08-31": "5346.00000", "2012-05-31": "5328.00000", "2012-02-29": "4686.00000", "2011-11-30": "4793.00000", "2011-08-31": "4775.00000", "2011-05-31": "4326.00000", "2011-02-28": "4223.00000", "2010-11-30": "3927.00000", "2010-08-31": "3816.00000", "2010-05-31": "1059.00000", "2010-02-28": "4447.00000", "2009-11-30": "3282.00000", "2009-08-31": "3163.00000", "2009-05-31": "682.00000", "2009-02-28": "2722.00000", "2008-11-30": "2720.00000", "2008-08-31": "2740.00000", "2008-05-31": "1195.00000", "2008-02-29": "2435.00000", "2007-11-30": "2265.00000", "2007-08-31": "2106.00000", "2007-05-31": "817.00000", "2007-02-28": "505.00000", "2006-11-30": "491.00000", "2006-08-31": "504.00000", "2006-05-31": "674.00000", "2006-02-28": "904.00000", "2005-11-30": "473.00000", "2005-08-31": "475.00000", "2005-05-31": "492.00000", "2005-02-28": "480.00000"}, "Total Long Term Liabilities": {"2020-11-30": "80051.00000", "2020-08-31": "84658.00000", "2020-05-31": "85521.00000", "2020-02-29": "66083.00000", "2019-11-30": "67666.00000", "2019-08-31": "68335.00000", "2019-05-31": "67716.00000", "2019-02-28": "67214.00000", "2018-11-30": "66948.00000", "2018-08-31": "70232.00000", "2018-05-31": "71854.00000", "2018-02-28": "71961.00000", "2017-11-30": "66968.00000", "2017-08-31": "57005.00000", "2017-05-31": "56567.00000", "2017-02-28": "58569.00000", "2016-11-30": "58408.00000", "2016-08-31": "60249.00000", "2016-05-31": "47182.00000", "2016-02-29": "46733.00000", "2015-11-30": "46397.00000", "2015-08-31": "46777.00000", "2015-05-31": "46599.00000", "2015-02-28": "36492.00000", "2014-11-30": "38358.00000", "2014-08-31": "38418.00000", "2014-05-31": "28430.00000", "2014-02-28": "28235.00000", "2013-11-30": "28062.00000", "2013-08-31": "27894.00000", "2013-05-31": "23795.00000", "2013-02-28": "23744.00000", "2012-11-30": "23900.00000", "2012-08-31": "18867.00000", "2012-05-31": "18852.00000", "2012-02-29": "19463.00000", "2011-11-30": "19571.00000", "2011-08-31": "19564.00000", "2011-05-31": "19098.00000", "2011-02-28": "19325.00000", "2010-11-30": "19057.00000", "2010-08-31": "18943.00000", "2010-05-31": "15688.00000", "2010-02-28": "16284.00000", "2009-11-30": "17384.00000", "2009-08-31": "17351.00000", "2009-05-31": "12822.00000", "2009-02-28": "13900.00000", "2008-11-30": "14018.00000", "2008-08-31": "14190.00000", "2008-05-31": "14214.00000", "2008-02-29": "9671.00000", "2007-11-30": "9809.00000", "2007-08-31": "9733.00000", "2007-05-31": "8266.00000", "2007-02-28": "7248.00000", "2006-11-30": "7317.00000", "2006-08-31": "7251.00000", "2006-05-31": "7087.00000", "2006-02-28": "7555.00000", "2005-11-30": "1668.00000", "2005-08-31": "1718.00000", "2005-05-31": "1787.00000", "2005-02-28": "1660.00000"}, "Total Liabilities": {"2020-11-30": "101398.00000", "2020-08-31": "103406.00000", "2020-05-31": "102721.00000", "2020-02-29": "81823.00000", "2019-11-30": "82258.00000", "2019-08-31": "87210.00000", "2019-05-31": "86346.00000", "2019-02-28": "85200.00000", "2018-11-30": "87263.00000", "2018-08-31": "89794.00000", "2018-05-31": "90978.00000", "2018-02-28": "89929.00000", "2017-11-30": "82462.00000", "2017-08-31": "77231.00000", "2017-05-31": "80745.00000", "2017-02-28": "74359.00000", "2016-11-30": "74755.00000", "2016-08-31": "75391.00000", "2016-05-31": "64390.00000", "2016-02-29": "58558.00000", "2015-11-30": "60151.00000", "2015-08-31": "62168.00000", "2015-05-31": "61805.00000", "2015-02-28": "50284.00000", "2014-11-30": "50343.00000", "2014-08-31": "51795.00000", "2014-05-31": "42819.00000", "2014-02-28": "41327.00000", "2013-11-30": "41172.00000", "2013-08-31": "42420.00000", "2013-05-31": "36667.00000", "2013-02-28": "35660.00000", "2012-11-30": "36247.00000", "2012-08-31": "32822.00000", "2012-05-31": "34240.00000", "2012-02-29": "31095.00000", "2011-11-30": "30643.00000", "2011-08-31": "32620.00000", "2011-05-31": "33290.00000", "2011-02-28": "30607.00000", "2010-11-30": "32393.00000", "2010-08-31": "32743.00000", "2010-05-31": "30379.00000", "2010-02-28": "30535.00000", "2009-11-30": "25918.00000", "2009-08-31": "26511.00000", "2009-05-31": "21971.00000", "2009-02-28": "21872.00000", "2008-11-30": "21981.00000", "2008-08-31": "23437.00000", "2008-05-31": "24243.00000", "2008-02-29": "16501.00000", "2007-11-30": "16358.00000", "2007-08-31": "16530.00000", "2007-05-31": "17653.00000", "2007-02-28": "13578.00000", "2006-11-30": "13413.00000", "2006-08-31": "13949.00000", "2006-05-31": "14017.00000", "2006-02-28": "13421.00000", "2005-11-30": "7231.00000", "2005-08-31": "8265.00000", "2005-05-31": "9850.00000", "2005-02-28": "13897.00000"}, "Common Stock Net": {"2020-11-30": "26298.00000", "2020-08-31": "26238.00000", "2020-05-31": "26486.00000", "2020-02-29": "26685.00000", "2019-11-30": "26374.00000", "2019-08-31": "26450.00000", "2019-05-31": "26909.00000", "2019-02-28": "26732.00000", "2018-11-30": "27430.00000", "2018-08-31": "27811.00000", "2018-05-31": "28950.00000", "2018-02-28": "29048.00000", "2017-11-30": "28474.00000", "2017-08-31": "28089.00000", "2017-05-31": "27065.00000", "2017-02-28": "25970.00000", "2016-11-30": "25159.00000", "2016-08-31": "24588.00000", "2016-05-31": "24217.00000", "2016-02-29": "23526.00000", "2015-11-30": "23426.00000", "2015-08-31": "23272.00000", "2015-05-31": "23156.00000", "2015-02-28": "22694.00000", "2014-11-30": "22039.00000", "2014-08-31": "21709.00000", "2014-05-31": "21077.00000", "2014-02-28": "20336.00000", "2013-11-30": "19403.00000", "2013-08-31": "19055.00000", "2013-05-31": "18893.00000", "2013-02-28": "18645.00000", "2012-11-30": "18015.00000", "2012-08-31": "17901.00000", "2012-05-31": "17489.00000", "2012-02-29": "17341.00000", "2011-11-30": "17245.00000", "2011-08-31": "16915.00000", "2011-05-31": "16653.00000", "2011-02-28": "16131.00000", "2010-11-30": "15663.00000", "2010-08-31": "14923.00000", "2010-05-31": "14648.00000", "2010-02-28": "13973.00000", "2009-11-30": "13529.00000", "2009-08-31": "13319.00000", "2009-05-31": "12980.00000", "2009-02-28": "12758.00000", "2008-11-30": "12743.00000", "2008-08-31": "12828.00000", "2008-05-31": "12446.00000", "2008-02-29": "11847.00000", "2007-11-30": "11256.00000", "2007-08-31": "10759.00000", "2007-05-31": "10293.00000", "2007-02-28": "10004.00000", "2006-11-30": "9874.00000", "2006-08-31": "9362.00000", "2006-05-31": "9246.00000", "2006-02-28": "9038.00000", "2005-11-30": "6887.00000", "2005-08-31": "6792.00000", "2005-05-31": "6596.00000", "2005-02-28": "6372.00000"}, "Retained Earnings (Accumulated Deficit)": {"2020-11-30": "-17095.00000", "2020-08-31": "-15410.00000", "2020-05-31": "-12696.00000", "2020-02-29": "-10771.00000", "2019-11-30": "-9174.00000", "2019-08-31": "-6446.00000", "2019-05-31": "-3496.00000", "2019-02-28": "-1284.00000", "2018-11-30": "5107.00000", "2018-08-31": "12022.00000", "2018-05-31": "19111.00000", "2018-02-28": "20037.00000", "2017-11-30": "28296.00000", "2017-08-31": "28586.00000", "2017-05-31": "27598.00000", "2017-02-28": "25576.00000", "2016-11-30": "24375.00000", "2016-08-31": "23380.00000", "2016-05-31": "23888.00000", "2016-02-29": "23390.00000", "2015-11-30": "23737.00000", "2015-08-31": "24964.00000", "2015-05-31": "26503.00000", "2015-02-28": "26165.00000", "2014-11-30": "25972.00000", "2014-08-31": "25838.00000", "2014-05-31": "25965.00000", "2014-02-28": "24606.00000", "2013-11-30": "24386.00000", "2013-08-31": "24830.00000", "2013-05-31": "25854.00000", "2013-02-28": "24549.00000", "2012-11-30": "24746.00000", "2012-08-31": "25117.00000", "2012-05-31": "26087.00000", "2012-02-29": "25116.00000", "2011-11-30": "24383.00000", "2011-08-31": "23385.00000", "2011-05-31": "22581.00000", "2011-02-28": "20059.00000", "2010-11-30": "18422.00000", "2010-08-31": "17027.00000", "2010-05-31": "16146.00000", "2010-02-28": "14257.00000", "2009-11-30": "13541.00000", "2009-08-31": "12563.00000", "2009-05-31": "11894.00000", "2009-02-28": "10468.00000", "2008-11-30": "10177.00000", "2008-08-31": "10593.00000", "2008-05-31": "9961.00000", "2008-02-29": "8368.00000", "2007-11-30": "7478.00000", "2007-08-31": "6619.00000", "2007-05-31": "6223.00000", "2007-02-28": "5511.00000", "2006-11-30": "5367.00000", "2006-08-31": "5295.00000", "2006-05-31": "5538.00000", "2006-02-28": "5828.00000", "2005-11-30": "5063.00000", "2005-08-31": "4334.00000", "2005-05-31": "4043.00000", "2005-02-28": "3245.00000"}, "Comprehensive Income": {"2020-11-30": "-1286.00000", "2020-08-31": "-1337.00000", "2020-05-31": "-1716.00000", "2020-02-29": "-1679.00000", "2019-11-30": "-1637.00000", "2019-08-31": "-1571.00000", "2019-05-31": "-1628.00000", "2019-02-28": "-1734.00000", "2018-11-30": "-1965.00000", "2018-08-31": "-1766.00000", "2018-05-31": "-1689.00000", "2018-02-28": "-1296.00000", "2017-11-30": "-902.00000", "2017-08-31": "-716.00000", "2017-05-31": "-803.00000", "2017-02-28": "-931.00000", "2016-11-30": "-1072.00000", "2016-08-31": "-533.00000", "2016-05-31": "-816.00000", "2016-02-29": "-1046.00000", "2015-11-30": "-1239.00000", "2015-08-31": "-1139.00000", "2015-05-31": "-996.00000", "2015-02-28": "-764.00000", "2014-11-30": "-468.00000", "2014-08-31": "-193.00000", "2014-05-31": "-164.00000", "2014-02-28": "-235.00000", "2013-11-30": "-226.00000", "2013-08-31": "-344.00000", "2013-05-31": "-99.00000", "2013-02-28": "154.00000", "2012-11-30": "222.00000", "2012-08-31": "311.00000", "2012-05-31": "112.00000", "2012-02-29": "416.00000", "2011-11-30": "292.00000", "2011-08-31": "592.00000", "2011-05-31": "542.00000", "2011-02-28": "427.00000", "2010-11-30": "327.00000", "2010-08-31": "156.00000", "2010-05-31": "4.00000", "2010-02-28": "246.00000", "2009-11-30": "461.00000", "2009-08-31": "261.00000", "2009-05-31": "216.00000", "2009-02-28": "-149.00000", "2008-11-30": "-99.00000", "2008-08-31": "395.00000", "2008-05-31": "618.00000", "2008-02-29": "600.00000", "2007-11-30": "561.00000", "2007-08-31": "407.00000", "2007-05-31": "403.00000", "2007-02-28": "276.00000", "2006-11-30": "273.00000", "2006-08-31": "242.00000", "2006-05-31": "258.00000", "2006-02-28": "219.00000", "2005-11-30": "194.00000", "2005-08-31": "242.00000", "2005-05-31": "243.00000", "2005-02-28": "322.00000"}, "Other Share Holders Equity": {"2020-11-30": "", "2020-08-31": "", "2020-05-31": "", "2020-02-29": "", "2019-11-30": "", "2019-08-31": "", "2019-05-31": "", "2019-02-28": "", "2018-11-30": "", "2018-08-31": "", "2018-05-31": "", "2018-02-28": "", "2017-11-30": "", "2017-08-31": "", "2017-05-31": "", "2017-02-28": "", "2016-11-30": "", "2016-08-31": "", "2016-05-31": "", "2016-02-29": "", "2015-11-30": "", "2015-08-31": "", "2015-05-31": "", "2015-02-28": "", "2014-11-30": "", "2014-08-31": "", "2014-05-31": "", "2014-02-28": "", "2013-11-30": "", "2013-08-31": "", "2013-05-31": "", "2013-02-28": "", "2012-11-30": "", "2012-08-31": "", "2012-05-31": "", "2012-02-29": "", "2011-11-30": "", "2011-08-31": "", "2011-05-31": "", "2011-02-28": "", "2010-11-30": "", "2010-08-31": "", "2010-05-31": "", "2010-02-28": "", "2009-11-30": "", "2009-08-31": "", "2009-05-31": "", "2009-02-28": "", "2008-11-30": "", "2008-08-31": "", "2008-05-31": "", "2008-02-29": "", "2007-11-30": "", "2007-08-31": "", "2007-05-31": "", "2007-02-28": "", "2006-11-30": "", "2006-08-31": "", "2006-05-31": "", "2006-02-28": "", "2005-11-30": "", "2005-08-31": "", "2005-05-31": "", "2005-02-28": ""}, "Share Holder Equity": {"2020-11-30": "8616.00000", "2020-08-31": "10140.00000", "2020-05-31": "12717.00000", "2020-02-29": "14881.00000", "2019-11-30": "16185.00000", "2019-08-31": "19019.00000", "2019-05-31": "22363.00000", "2019-02-28": "24238.00000", "2018-11-30": "31055.00000", "2018-08-31": "38564.00000", "2018-05-31": "46873.00000", "2018-02-28": "48272.00000", "2017-11-30": "56300.00000", "2017-08-31": "56366.00000", "2017-05-31": "54246.00000", "2017-02-28": "51023.00000", "2016-11-30": "48845.00000", "2016-08-31": "47832.00000", "2016-05-31": "47790.00000", "2016-02-29": "46336.00000", "2015-11-30": "46332.00000", "2015-08-31": "47538.00000", "2015-05-31": "49098.00000", "2015-02-28": "48532.00000", "2014-11-30": "47962.00000", "2014-08-31": "47931.00000", "2014-05-31": "47447.00000", "2014-02-28": "45235.00000", "2013-11-30": "44066.00000", "2013-08-31": "43986.00000", "2013-05-31": "45145.00000", "2013-02-28": "43790.00000", "2012-11-30": "43410.00000", "2012-08-31": "43736.00000", "2012-05-31": "44087.00000", "2012-02-29": "43266.00000", "2011-11-30": "42267.00000", "2011-08-31": "41239.00000", "2011-05-31": "40245.00000", "2011-02-28": "37059.00000", "2010-11-30": "34850.00000", "2010-08-31": "32512.00000", "2010-05-31": "31199.00000", "2010-02-28": "28851.00000", "2009-11-30": "27915.00000", "2009-08-31": "26487.00000", "2009-05-31": "25445.00000", "2009-02-28": "23077.00000", "2008-11-30": "22821.00000", "2008-08-31": "23816.00000", "2008-05-31": "23025.00000", "2008-02-29": "20815.00000", "2007-11-30": "19295.00000", "2007-08-31": "17785.00000", "2007-05-31": "16919.00000", "2007-02-28": "15791.00000", "2006-11-30": "15514.00000", "2006-08-31": "14899.00000", "2006-05-31": "15012.00000", "2006-02-28": "15043.00000", "2005-11-30": "12115.00000", "2005-08-31": "11331.00000", "2005-05-31": "10837.00000", "2005-02-28": "9870.00000"}, "Total Liabilities And Share Holders Equity": {"2020-11-30": "110014.00000", "2020-08-31": "113546.00000", "2020-05-31": "115438.00000", "2020-02-29": "96704.00000", "2019-11-30": "98443.00000", "2019-08-31": "106229.00000", "2019-05-31": "108709.00000", "2019-02-28": "109438.00000", "2018-11-30": "118318.00000", "2018-08-31": "128358.00000", "2018-05-31": "137851.00000", "2018-02-28": "138201.00000", "2017-11-30": "138762.00000", "2017-08-31": "133597.00000", "2017-05-31": "134991.00000", "2017-02-28": "125382.00000", "2016-11-30": "123600.00000", "2016-08-31": "123223.00000", "2016-05-31": "112180.00000", "2016-02-29": "104894.00000", "2015-11-30": "106483.00000", "2015-08-31": "109706.00000", "2015-05-31": "110903.00000", "2015-02-28": "98816.00000", "2014-11-30": "98305.00000", "2014-08-31": "99726.00000", "2014-05-31": "90266.00000", "2014-02-28": "86562.00000", "2013-11-30": "85238.00000", "2013-08-31": "86406.00000", "2013-05-31": "81812.00000", "2013-02-28": "79450.00000", "2012-11-30": "79657.00000", "2012-08-31": "76558.00000", "2012-05-31": "78327.00000", "2012-02-29": "74361.00000", "2011-11-30": "72910.00000", "2011-08-31": "73859.00000", "2011-05-31": "73535.00000", "2011-02-28": "67666.00000", "2010-11-30": "67243.00000", "2010-08-31": "65255.00000", "2010-05-31": "61578.00000", "2010-02-28": "59386.00000", "2009-11-30": "53833.00000", "2009-08-31": "52998.00000", "2009-05-31": "47416.00000", "2009-02-28": "44949.00000", "2008-11-30": "44802.00000", "2008-08-31": "47253.00000", "2008-05-31": "47268.00000", "2008-02-29": "37316.00000", "2007-11-30": "35653.00000", "2007-08-31": "34315.00000", "2007-05-31": "34572.00000", "2007-02-28": "29369.00000", "2006-11-30": "28927.00000", "2006-08-31": "28848.00000", "2006-05-31": "29029.00000", "2006-02-28": "28464.00000", "2005-11-30": "19346.00000", "2005-08-31": "19596.00000", "2005-05-31": "20687.00000", "2005-02-28": "23767.00000"}}, "cash flow statement": {"Net Income/Loss": {"2020-05-31": "10135.00000", "2019-05-31": "11083.00000", "2018-05-31": "3587.00000", "2017-05-31": "9452.00000", "2016-05-31": "8901.00000", "2015-05-31": "9938.00000", "2014-05-31": "10955.00000", "2013-05-31": "10925.00000", "2012-05-31": "9981.00000", "2011-05-31": "8547.00000", "2010-05-31": "6135.00000", "2009-05-31": "5593.00000", "2008-05-31": "5521.00000", "2007-05-31": "4274.00000", "2006-05-31": "3381.00000", "2005-05-31": "2886.00000"}, "Total Depreciation And Amortization - Cash Flow": {"2020-05-31": "2968.00000", "2019-05-31": "2919.00000", "2018-05-31": "2785.00000", "2017-05-31": "2451.00000", "2016-05-31": "2509.00000", "2015-05-31": "2861.00000", "2014-05-31": "2908.00000", "2013-05-31": "2931.00000", "2012-05-31": "2916.00000", "2011-05-31": "2796.00000", "2010-05-31": "2271.00000", "2009-05-31": "1976.00000", "2008-05-31": "1480.00000", "2007-05-31": "1127.00000", "2006-05-31": "855.00000", "2005-05-31": "497.00000"}, "Other Non-Cash Items": {"2020-05-31": "1223.00000", "2019-05-31": "809.00000", "2018-05-31": "879.00000", "2017-05-31": "1165.00000", "2016-05-31": "1205.00000", "2015-05-31": "768.00000", "2014-05-31": "1220.00000", "2013-05-31": "1080.00000", "2012-05-31": "929.00000", "2011-05-31": "599.00000", "2010-05-31": "174.00000", "2009-05-31": "716.00000", "2008-05-31": "685.00000", "2007-05-31": "730.00000", "2006-05-31": "483.00000", "2005-05-31": "446.00000"}, "Total Non-Cash Items": {"2020-05-31": "4191.00000", "2019-05-31": "3728.00000", "2018-05-31": "3664.00000", "2017-05-31": "3616.00000", "2016-05-31": "3714.00000", "2015-05-31": "3629.00000", "2014-05-31": "4128.00000", "2013-05-31": "4011.00000", "2012-05-31": "3845.00000", "2011-05-31": "3395.00000", "2010-05-31": "2445.00000", "2009-05-31": "2692.00000", "2008-05-31": "2165.00000", "2007-05-31": "1857.00000", "2006-05-31": "1338.00000", "2005-05-31": "943.00000"}, "Change In Accounts Receivable": {"2020-05-31": "-690.00000", "2019-05-31": "-272.00000", "2018-05-31": "267.00000", "2017-05-31": "-67.00000", "2016-05-31": "96.00000", "2015-05-31": "208.00000", "2014-05-31": "24.00000", "2013-05-31": "267.00000", "2012-05-31": "-8.00000", "2011-05-31": "-729.00000", "2010-05-31": "-362.00000", "2009-05-31": "336.00000", "2008-05-31": "-825.00000", "2007-05-31": "-723.00000", "2006-05-31": "-355.00000", "2005-05-31": "-88.00000"}, "Change In Inventories": {"2020-05-31": "", "2019-05-31": "", "2018-05-31": "", "2017-05-31": "", "2016-05-31": "", "2015-05-31": "-96.00000", "2014-05-31": "57.00000", "2013-05-31": "-66.00000", "2012-05-31": "150.00000", "2011-05-31": "-28.00000", "2010-05-31": "73.00000", "2009-05-31": "", "2008-05-31": "", "2007-05-31": "", "2006-05-31": "", "2005-05-31": ""}, "Change In Accounts Payable": {"2020-05-31": "", "2019-05-31": "", "2018-05-31": "", "2017-05-31": "", "2016-05-31": "", "2015-05-31": "", "2014-05-31": "", "2013-05-31": "", "2012-05-31": "", "2011-05-31": "", "2010-05-31": "", "2009-05-31": "", "2008-05-31": "", "2007-05-31": "", "2006-05-31": "", "2005-05-31": ""}, "Change In Assets/Liabilities": {"2020-05-31": "443.00000", "2019-05-31": "567.00000", "2018-05-31": "-22.00000", "2017-05-31": "163.00000", "2016-05-31": "674.00000", "2015-05-31": "268.00000", "2014-05-31": "29.00000", "2013-05-31": "-407.00000", "2012-05-31": "441.00000", "2011-05-31": "245.00000", "2010-05-31": "489.00000", "2009-05-31": "578.00000", "2008-05-31": "461.00000", "2007-05-31": "234.00000", "2006-05-31": "292.00000", "2005-05-31": "558.00000"}, "Total Change In Assets/Liabilities": {"2020-05-31": "-1187.00000", "2019-05-31": "-260.00000", "2018-05-31": "8135.00000", "2017-05-31": "1058.00000", "2016-05-31": "1070.00000", "2015-05-31": "1013.00000", "2014-05-31": "-162.00000", "2013-05-31": "-712.00000", "2012-05-31": "-83.00000", "2011-05-31": "-728.00000", "2010-05-31": "101.00000", "2009-05-31": "-30.00000", "2008-05-31": "-284.00000", "2007-05-31": "-611.00000", "2006-05-31": "-178.00000", "2005-05-31": "-277.00000"}, "Cash Flow From Operating Activities": {"2020-05-31": "13139.00000", "2019-05-31": "14551.00000", "2018-05-31": "15386.00000", "2017-05-31": "14126.00000", "2016-05-31": "13685.00000", "2015-05-31": "14580.00000", "2014-05-31": "14921.00000", "2013-05-31": "14224.00000", "2012-05-31": "13743.00000", "2011-05-31": "11214.00000", "2010-05-31": "8681.00000", "2009-05-31": "8255.00000", "2008-05-31": "7402.00000", "2007-05-31": "5520.00000", "2006-05-31": "4541.00000", "2005-05-31": "3552.00000"}, "Net Change In Property, Plant, And Equipment": {"2020-05-31": "-1564.00000", "2019-05-31": "-1660.00000", "2018-05-31": "-1736.00000", "2017-05-31": "-2021.00000", "2016-05-31": "-1189.00000", "2015-05-31": "-1391.00000", "2014-05-31": "-580.00000", "2013-05-31": "-650.00000", "2012-05-31": "-648.00000", "2011-05-31": "-345.00000", "2010-05-31": "-230.00000", "2009-05-31": "-529.00000", "2008-05-31": "-90.00000", "2007-05-31": "-317.00000", "2006-05-31": "-96.00000", "2005-05-31": "-188.00000"}, "Net Change In Intangible Assets": {"2020-05-31": "", "2019-05-31": "", "2018-05-31": "", "2017-05-31": "", "2016-05-31": "", "2015-05-31": "", "2014-05-31": "", "2013-05-31": "", "2012-05-31": "", "2011-05-31": "", "2010-05-31": "", "2009-05-31": "", "2008-05-31": "", "2007-05-31": "", "2006-05-31": "", "2005-05-31": ""}, "Net Acquisitions/Divestitures": {"2020-05-31": "-124.00000", "2019-05-31": "-363.00000", "2018-05-31": "-1724.00000", "2017-05-31": "-11221.00000", "2016-05-31": "-650.00000", "2015-05-31": "-6239.00000", "2014-05-31": "-3488.00000", "2013-05-31": "-3305.00000", "2012-05-31": "-4702.00000", "2011-05-31": "-1847.00000", "2010-05-31": "-5606.00000", "2009-05-31": "-1159.00000", "2008-05-31": "-7643.00000", "2007-05-31": "-5005.00000", "2006-05-31": "-3953.00000", "2005-05-31": "-10656.00000"}, "Net Change In Short-term Investments": {"2020-05-31": "-1044.00000", "2019-05-31": "11281.00000", "2018-05-31": "-4910.00000", "2017-05-31": "-10681.00000", "2016-05-31": "-3315.00000", "2015-05-31": "-11417.00000", "2014-05-31": "-3471.00000", "2013-05-31": "-2001.00000", "2012-05-31": "-3031.00000", "2011-05-31": "-3889.00000", "2010-05-31": "-4483.00000", "2009-05-31": "-911.00000", "2008-05-31": "-1343.00000", "2007-05-31": "-5405.00000", "2006-05-31": "-2986.00000", "2005-05-31": "-7101.00000"}, "Net Change In Long-Term Investments": {"2020-05-31": "12575.00000", "2019-05-31": "17299.00000", "2018-05-31": "2745.00000", "2017-05-31": "2429.00000", "2016-05-31": "", "2015-05-31": "", "2014-05-31": "", "2013-05-31": "", "2012-05-31": "", "2011-05-31": "", "2010-05-31": "", "2009-05-31": "", "2008-05-31": "", "2007-05-31": "5756.00000", "2006-05-31": "3676.00000", "2005-05-31": "12192.00000"}, "Net Change In Investments - Total": {"2020-05-31": "11531.00000", "2019-05-31": "28580.00000", "2018-05-31": "-2165.00000", "2017-05-31": "-8252.00000", "2016-05-31": "-3315.00000", "2015-05-31": "-11417.00000", "2014-05-31": "-3471.00000", "2013-05-31": "-2001.00000", "2012-05-31": "-3031.00000", "2011-05-31": "-3889.00000", "2010-05-31": "-4483.00000", "2009-05-31": "-911.00000", "2008-05-31": "-1343.00000", "2007-05-31": "351.00000", "2006-05-31": "690.00000", "2005-05-31": "5091.00000"}, "Investing Activities - Other": {"2020-05-31": "", "2019-05-31": "", "2018-05-31": "", "2017-05-31": "", "2016-05-31": "", "2015-05-31": "", "2014-05-31": "", "2013-05-31": "", "2012-05-31": "", "2011-05-31": "", "2010-05-31": "", "2009-05-31": "", "2008-05-31": "", "2007-05-31": "", "2006-05-31": "", "2005-05-31": ""}, "Cash Flow From Investing Activities": {"2020-05-31": "9843.00000", "2019-05-31": "26557.00000", "2018-05-31": "-5625.00000", "2017-05-31": "-21494.00000", "2016-05-31": "-5154.00000", "2015-05-31": "-19047.00000", "2014-05-31": "-7539.00000", "2013-05-31": "-5956.00000", "2012-05-31": "-8381.00000", "2011-05-31": "-6081.00000", "2010-05-31": "-10319.00000", "2009-05-31": "-2599.00000", "2008-05-31": "-9076.00000", "2007-05-31": "-4971.00000", "2006-05-31": "-3359.00000", "2005-05-31": "-5753.00000"}, "Net Long-Term Debt": {"2020-05-31": "15388.00000", "2019-05-31": "-4500.00000", "2018-05-31": "2643.00000", "2017-05-31": "13638.00000", "2016-05-31": "1750.00000", "2015-05-31": "18342.00000", "2014-05-31": "5566.00000", "2013-05-31": "2024.00000", "2012-05-31": "295.00000", "2011-05-31": "1211.00000", "2010-05-31": "3638.00000", "2009-05-31": "-1004.00000", "2008-05-31": "3611.00000", "2007-05-31": "1661.00000", "2006-05-31": "3001.00000", "2005-05-31": "2675.00000"}, "Net Current Debt": {"2020-05-31": "", "2019-05-31": "", "2018-05-31": "", "2017-05-31": "", "2016-05-31": "", "2015-05-31": "", "2014-05-31": "", "2013-05-31": "", "2012-05-31": "", "2011-05-31": "", "2010-05-31": "", "2009-05-31": "", "2008-05-31": "", "2007-05-31": "", "2006-05-31": "", "2005-05-31": ""}, "Debt Issuance/Retirement Net - Total": {"2020-05-31": "15388.00000", "2019-05-31": "-4500.00000", "2018-05-31": "2643.00000", "2017-05-31": "13638.00000", "2016-05-31": "1750.00000", "2015-05-31": "18342.00000", "2014-05-31": "5566.00000", "2013-05-31": "2024.00000", "2012-05-31": "295.00000", "2011-05-31": "1211.00000", "2010-05-31": "3638.00000", "2009-05-31": "-1004.00000", "2008-05-31": "3611.00000", "2007-05-31": "1661.00000", "2006-05-31": "3001.00000", "2005-05-31": "2675.00000"}, "Net Common Equity Issued/Repurchased": {"2020-05-31": "-18317.00000", "2019-05-31": "-34488.00000", "2018-05-31": "-9451.00000", "2017-05-31": "-1663.00000", "2016-05-31": "-9104.00000", "2015-05-31": "-6285.00000", "2014-05-31": "-7678.00000", "2013-05-31": "-9494.00000", "2012-05-31": "-5123.00000", "2011-05-31": "216.00000", "2010-05-31": "-118.00000", "2009-05-31": "-3212.00000", "2008-05-31": "-735.00000", "2007-05-31": "-3013.00000", "2006-05-31": "-1435.00000", "2005-05-31": "-747.00000"}, "Net Total Equity Issued/Repurchased": {"2020-05-31": "-18317.00000", "2019-05-31": "-34488.00000", "2018-05-31": "-9451.00000", "2017-05-31": "-1663.00000", "2016-05-31": "-9104.00000", "2015-05-31": "-6285.00000", "2014-05-31": "-7678.00000", "2013-05-31": "-9494.00000", "2012-05-31": "-5123.00000", "2011-05-31": "216.00000", "2010-05-31": "-118.00000", "2009-05-31": "-3212.00000", "2008-05-31": "-735.00000", "2007-05-31": "-3013.00000", "2006-05-31": "-1435.00000", "2005-05-31": "-747.00000"}, "Total Common And Preferred Stock Dividends Paid": {"2020-05-31": "-3070.00000", "2019-05-31": "-2932.00000", "2018-05-31": "-3140.00000", "2017-05-31": "-2631.00000", "2016-05-31": "-2541.00000", "2015-05-31": "-2255.00000", "2014-05-31": "-2178.00000", "2013-05-31": "-1433.00000", "2012-05-31": "-1205.00000", "2011-05-31": "-1061.00000", "2010-05-31": "-1004.00000", "2009-05-31": "-250.00000", "2008-05-31": "", "2007-05-31": "", "2006-05-31": "", "2005-05-31": ""}, "Financial Activities - Other": {"2020-05-31": "-133.00000", "2019-05-31": "-136.00000", "2018-05-31": "-34.00000", "2017-05-31": "-258.00000", "2016-05-31": "-85.00000", "2015-05-31": "-196.00000", "2014-05-31": "222.00000", "2013-05-31": "403.00000", "2012-05-31": "-66.00000", "2011-05-31": "150.00000", "2010-05-31": "148.00000", "2009-05-31": "44.00000", "2008-05-31": "405.00000", "2007-05-31": "213.00000", "2006-05-31": "-39.00000", "2005-05-31": "-44.00000"}, "Cash Flow From Financial Activities": {"2020-05-31": "-6132.00000", "2019-05-31": "-42056.00000", "2018-05-31": "-9982.00000", "2017-05-31": "9086.00000", "2016-05-31": "-9980.00000", "2015-05-31": "9606.00000", "2014-05-31": "-4068.00000", "2013-05-31": "-8500.00000", "2012-05-31": "-6099.00000", "2011-05-31": "516.00000", "2010-05-31": "2664.00000", "2009-05-31": "-4422.00000", "2008-05-31": "3281.00000", "2007-05-31": "-1139.00000", "2006-05-31": "1527.00000", "2005-05-31": "1884.00000"}, "Net Cash Flow": {"2020-05-31": "16725.00000", "2019-05-31": "-1106.00000", "2018-05-31": "-164.00000", "2017-05-31": "1632.00000", "2016-05-31": "-1564.00000", "2015-05-31": "3947.00000", "2014-05-31": "3156.00000", "2013-05-31": "-342.00000", "2012-05-31": "-1208.00000", "2011-05-31": "6249.00000", "2010-05-31": "919.00000", "2009-05-31": "733.00000", "2008-05-31": "2044.00000", "2007-05-31": "-441.00000", "2006-05-31": "2765.00000", "2005-05-31": "-244.00000"}, "Stock-Based Compensation": {"2020-05-31": "1590.00000", "2019-05-31": "1653.00000", "2018-05-31": "1607.00000", "2017-05-31": "1350.00000", "2016-05-31": "1037.00000", "2015-05-31": "933.00000", "2014-05-31": "805.00000", "2013-05-31": "755.00000", "2012-05-31": "659.00000", "2011-05-31": "510.00000", "2010-05-31": "436.00000", "2009-05-31": "355.00000", "2008-05-31": "369.00000", "2007-05-31": "207.00000", "2006-05-31": "", "2005-05-31": ""}, "Common Stock Dividends Paid": {"2020-05-31": "-3070.00000", "2019-05-31": "-2932.00000", "2018-05-31": "-3140.00000", "2017-05-31": "-2631.00000", "2016-05-31": "-2541.00000", "2015-05-31": "-2255.00000", "2014-05-31": "-2178.00000", "2013-05-31": "-1433.00000", "2012-05-31": "-1205.00000", "2011-05-31": "-1061.00000", "2010-05-31": "-1004.00000", "2009-05-31": "-250.00000", "2008-05-31": "", "2007-05-31": "", "2006-05-31": "", "2005-05-31": ""}}, "cash flow statement, quarterly": {"Net Income/Loss": {"2020-11-30": 2442, "2020-08-31": "2251.00000", "2020-05-31": 3116, "2020-02-29": 2571, "2019-11-30": 2311, "2019-08-31": "2137.00000", "2019-05-31": 3740, "2019-02-28": 2745, "2018-11-30": 2333, "2018-08-31": "2265.00000", "2018-05-31": 3276, "2018-02-28": -4047, "2017-11-30": 2214, "2017-08-31": "2144.00000", "2017-05-31": 3349, "2017-02-28": 2239, "2016-11-30": 2032, "2016-08-31": "1832.00000", "2016-05-31": 2814, "2016-02-29": 2142, "2015-11-30": 2198, "2015-08-31": "1747.00000", "2015-05-31": 2757, "2015-02-28": 2496, "2014-11-30": 2501, "2014-08-31": "2184.00000", "2014-05-31": 3646, "2014-02-28": 2565, "2013-11-30": 2553, "2013-08-31": "2191.00000", "2013-05-31": 3806, "2013-02-28": 2504, "2012-11-30": 2581, "2012-08-31": "2034.00000", "2012-05-31": 3452, "2012-02-29": 2497, "2011-11-30": 2192, "2011-08-31": "1840.00000", "2011-05-31": 3209, "2011-02-28": 2115, "2010-11-30": 1871, "2010-08-31": "1352.00000", "2010-05-31": 2363, "2010-02-28": 1190, "2009-11-30": 1458, "2009-08-31": "1124.00000", "2009-05-31": 1891, "2009-02-28": 1329, "2008-11-30": 1296, "2008-08-31": "1077.00000", "2008-05-31": 2037, "2008-02-29": 1340, "2007-11-30": 1304, "2007-08-31": "840.00000", "2007-05-31": 1604, "2007-02-28": 1033, "2006-11-30": 967, "2006-08-31": "670.00000", "2006-05-31": 1300, "2006-02-28": 765, "2005-11-30": 797, "2005-08-31": "519.00000", "2005-05-31": 1022, "2005-02-28": 1864}, "Total Depreciation And Amortization - Cash Flow": {"2020-11-30": 731, "2020-08-31": "701.00000", "2020-05-31": 722, "2020-02-29": 748, "2019-11-30": 748, "2019-08-31": "750.00000", "2019-05-31": 754, "2019-02-28": 741, "2018-11-30": 704, "2018-08-31": "720.00000", "2018-05-31": 702, "2018-02-28": 699, "2017-11-30": 688, "2017-08-31": "696.00000", "2017-05-31": 719, "2017-02-28": 656, "2016-11-30": 543, "2016-08-31": "533.00000", "2016-05-31": 583, "2016-02-29": 622, "2015-11-30": 633, "2015-08-31": "671.00000", "2015-05-31": 717, "2015-02-28": 704, "2014-11-30": 733, "2014-08-31": "707.00000", "2014-05-31": 724, "2014-02-28": 710, "2013-11-30": 729, "2013-08-31": "745.00000", "2013-05-31": 742, "2013-02-28": 725, "2012-11-30": 718, "2012-08-31": "746.00000", "2012-05-31": 776, "2012-02-29": 730, "2011-11-30": 701, "2011-08-31": "709.00000", "2011-05-31": 684, "2011-02-28": 701, "2010-11-30": 709, "2010-08-31": "702.00000", "2010-05-31": 706, "2010-02-28": 575, "2009-11-30": 498, "2009-08-31": "492.00000", "2009-05-31": 502, "2009-02-28": 501, "2008-11-30": 496, "2008-08-31": "477.00000", "2008-05-31": 411, "2008-02-29": 357, "2007-11-30": 360, "2007-08-31": "352.00000", "2007-05-31": 320, "2007-02-28": 282, "2006-11-30": 268, "2006-08-31": "257.00000", "2006-05-31": 297, "2006-02-28": 199, "2005-11-30": 179, "2005-08-31": "180.00000", "2005-05-31": 258, "2005-02-28": 239}, "Other Non-Cash Items": {"2020-11-30": 378, "2020-08-31": "679.00000", "2020-05-31": 250, "2020-02-29": 276, "2019-11-30": 205, "2019-08-31": "492.00000", "2019-05-31": 147, "2019-02-28": -60, "2018-11-30": 346, "2018-08-31": "376.00000", "2018-05-31": 470, "2018-02-28": -548, "2017-11-30": 365, "2017-08-31": "592.00000", "2017-05-31": -59, "2017-02-28": 390, "2016-11-30": 331, "2016-08-31": "503.00000", "2016-05-31": 276, "2016-02-29": 281, "2015-11-30": 278, "2015-08-31": "370.00000", "2015-05-31": 322, "2015-02-28": 147, "2014-11-30": 61, "2014-08-31": "238.00000", "2014-05-31": 746, "2014-02-28": 190, "2013-11-30": 141, "2013-08-31": "143.00000", "2013-05-31": 134, "2013-02-28": 436, "2012-11-30": 158, "2012-08-31": "352.00000", "2012-05-31": 536, "2012-02-29": 138, "2011-11-30": 181, "2011-08-31": "74.00000", "2011-05-31": 265, "2011-02-28": 76, "2010-11-30": 103, "2010-08-31": "155.00000", "2010-05-31": 101, "2010-02-28": 16, "2009-11-30": -13, "2009-08-31": "70.00000", "2009-05-31": 627, "2009-02-28": -27, "2008-11-30": 23, "2008-08-31": "93.00000", "2008-05-31": 505, "2008-02-29": -25, "2007-11-30": 14, "2007-08-31": "191.00000", "2007-05-31": 568, "2007-02-28": 47, "2006-11-30": 62, "2006-08-31": "53.00000", "2006-05-31": 397, "2006-02-28": 67, "2005-11-30": 21, "2005-08-31": "-2.00000", "2005-05-31": 470, "2005-02-28": -24}, "Total Non-Cash Items": {"2020-11-30": 1109, "2020-08-31": "1380.00000", "2020-05-31": 972, "2020-02-29": 1024, "2019-11-30": 953, "2019-08-31": "1242.00000", "2019-05-31": 901, "2019-02-28": 681, "2018-11-30": 1050, "2018-08-31": "1096.00000", "2018-05-31": 1172, "2018-02-28": 151, "2017-11-30": 1053, "2017-08-31": "1288.00000", "2017-05-31": 660, "2017-02-28": 1046, "2016-11-30": 874, "2016-08-31": "1036.00000", "2016-05-31": 859, "2016-02-29": 903, "2015-11-30": 911, "2015-08-31": "1041.00000", "2015-05-31": 1039, "2015-02-28": 851, "2014-11-30": 794, "2014-08-31": "945.00000", "2014-05-31": 1470, "2014-02-28": 900, "2013-11-30": 870, "2013-08-31": "888.00000", "2013-05-31": 876, "2013-02-28": 1161, "2012-11-30": 876, "2012-08-31": "1098.00000", "2012-05-31": 1312, "2012-02-29": 868, "2011-11-30": 882, "2011-08-31": "783.00000", "2011-05-31": 949, "2011-02-28": 777, "2010-11-30": 812, "2010-08-31": "857.00000", "2010-05-31": 807, "2010-02-28": 591, "2009-11-30": 485, "2009-08-31": "562.00000", "2009-05-31": 1129, "2009-02-28": 474, "2008-11-30": 519, "2008-08-31": "570.00000", "2008-05-31": 916, "2008-02-29": 332, "2007-11-30": 374, "2007-08-31": "543.00000", "2007-05-31": 888, "2007-02-28": 329, "2006-11-30": 330, "2006-08-31": "310.00000", "2006-05-31": 694, "2006-02-28": 266, "2005-11-30": 200, "2005-08-31": "178.00000", "2005-05-31": 728, "2005-02-28": 215}, "Change In Accounts Receivable": {"2020-11-30": 186, "2020-08-31": "1077.00000", "2020-05-31": -1636, "2020-02-29": -133, "2019-11-30": -234, "2019-08-31": "1313.00000", "2019-05-31": -1378, "2019-02-28": -10, "2018-11-30": -274, "2018-08-31": "1390.00000", "2018-05-31": -1366, "2018-02-28": 48, "2017-11-30": -219, "2017-08-31": "1804.00000", "2017-05-31": -1740, "2017-02-28": -7, "2016-11-30": -313, "2016-08-31": "1993.00000", "2016-05-31": -1650, "2016-02-29": 132, "2015-11-30": -536, "2015-08-31": "2150.00000", "2015-05-31": -1659, "2015-02-28": 54, "2014-11-30": -693, "2014-08-31": "2506.00000", "2014-05-31": -1982, "2014-02-28": 17, "2013-11-30": -718, "2013-08-31": "2707.00000", "2013-05-31": -2002, "2013-02-28": 231, "2012-11-30": -592, "2012-08-31": "2630.00000", "2012-05-31": -2036, "2012-02-29": -100, "2011-11-30": -355, "2011-08-31": "2483.00000", "2011-05-31": -2106, "2011-02-28": 34, "2010-11-30": -599, "2010-08-31": "1942.00000", "2010-05-31": -1976, "2010-02-28": 177, "2009-11-30": -433, "2009-08-31": "1870.00000", "2009-05-31": -1512, "2009-02-28": 206, "2008-11-30": -170, "2008-08-31": "1812.00000", "2008-05-31": -1805, "2008-02-29": 43, "2007-11-30": -444, "2007-08-31": "1381.00000", "2007-05-31": -1224, "2007-02-28": -180, "2006-11-30": -359, "2006-08-31": "1040.00000", "2006-05-31": -1025, "2006-02-28": 112, "2005-11-30": -355, "2005-08-31": "913.00000", "2005-05-31": -912, "2005-02-28": 824}, "Change In Inventories": {"2020-11-30": 0, "2020-08-31": "", "2020-05-31": 0, "2020-02-29": 0, "2019-11-30": 0, "2019-08-31": "", "2019-05-31": 0, "2019-02-28": 0, "2018-11-30": 0, "2018-08-31": "", "2018-05-31": 0, "2018-02-28": 0, "2017-11-30": 0, "2017-08-31": "", "2017-05-31": 178, "2017-02-28": -62, "2016-11-30": -41, "2016-08-31": "-75.00000", "2016-05-31": -87, "2016-02-29": 26, "2015-11-30": 11, "2015-08-31": "50.00000", "2015-05-31": -18, "2015-02-28": -92, "2014-11-30": 4, "2014-08-31": "10.00000", "2014-05-31": 37, "2014-02-28": 7, "2013-11-30": 8, "2013-08-31": "5.00000", "2013-05-31": -18, "2013-02-28": -48, "2012-11-30": -10, "2012-08-31": "10.00000", "2012-05-31": 11, "2012-02-29": 46, "2011-11-30": 36, "2011-08-31": "57.00000", "2011-05-31": -19, "2011-02-28": -34, "2010-11-30": 14, "2010-08-31": "11.00000", "2010-05-31": 55, "2010-02-28": 18, "2009-11-30": 0, "2009-08-31": "", "2009-05-31": 0, "2009-02-28": 0, "2008-11-30": 0, "2008-08-31": "", "2008-05-31": 0, "2008-02-29": 0, "2007-11-30": 0, "2007-08-31": "", "2007-05-31": 0, "2007-02-28": 0, "2006-11-30": 0, "2006-08-31": "", "2006-05-31": 0, "2006-02-28": 0, "2005-11-30": 0, "2005-08-31": "", "2005-05-31": 0, "2005-02-28": 0}, "Change In Accounts Payable": {"2020-11-30": 0, "2020-08-31": "", "2020-05-31": 0, "2020-02-29": 0, "2019-11-30": 0, "2019-08-31": "", "2019-05-31": 0, "2019-02-28": 0, "2018-11-30": 0, "2018-08-31": "", "2018-05-31": 0, "2018-02-28": 0, "2017-11-30": 0, "2017-08-31": "", "2017-05-31": 0, "2017-02-28": 0, "2016-11-30": 0, "2016-08-31": "", "2016-05-31": 0, "2016-02-29": 0, "2015-11-30": 0, "2015-08-31": "", "2015-05-31": 0, "2015-02-28": 0, "2014-11-30": 0, "2014-08-31": "", "2014-05-31": 0, "2014-02-28": 0, "2013-11-30": 0, "2013-08-31": "", "2013-05-31": 0, "2013-02-28": 0, "2012-11-30": 0, "2012-08-31": "", "2012-05-31": 0, "2012-02-29": 0, "2011-11-30": 0, "2011-08-31": "", "2011-05-31": 0, "2011-02-28": 0, "2010-11-30": 0, "2010-08-31": "", "2010-05-31": 0, "2010-02-28": 0, "2009-11-30": 0, "2009-08-31": "", "2009-05-31": 0, "2009-02-28": 0, "2008-11-30": 0, "2008-08-31": "", "2008-05-31": 0, "2008-02-29": 0, "2007-11-30": 0, "2007-08-31": "", "2007-05-31": 0, "2007-02-28": 0, "2006-11-30": 0, "2006-08-31": "", "2006-05-31": 0, "2006-02-28": 0, "2005-11-30": 0, "2005-08-31": "", "2005-05-31": 0, "2005-02-28": 0}, "Change In Assets/Liabilities": {"2020-11-30": -1738, "2020-08-31": "2125.00000", "2020-05-31": 278, "2020-02-29": -155, "2019-11-30": -1922, "2019-08-31": "2242.00000", "2019-05-31": 657, "2019-02-28": -541, "2018-11-30": -2071, "2018-08-31": "2522.00000", "2018-05-31": 525, "2018-02-28": -278, "2017-11-30": -2337, "2017-08-31": "2068.00000", "2017-05-31": 185, "2017-02-28": -135, "2016-11-30": -2083, "2016-08-31": "2196.00000", "2016-05-31": 555, "2016-02-29": -33, "2015-11-30": -2298, "2015-08-31": "2450.00000", "2015-05-31": 202, "2015-02-28": -143, "2014-11-30": -1882, "2014-08-31": "2091.00000", "2014-05-31": 370, "2014-02-28": -151, "2013-11-30": -1998, "2013-08-31": "1808.00000", "2013-05-31": 643, "2013-02-28": -238, "2012-11-30": -1983, "2012-08-31": "1171.00000", "2012-05-31": 890, "2012-02-29": -329, "2011-11-30": -1593, "2011-08-31": "1473.00000", "2011-05-31": 548, "2011-02-28": -37, "2010-11-30": -1348, "2010-08-31": "1082.00000", "2010-05-31": 250, "2010-02-28": 452, "2009-11-30": -1046, "2009-08-31": "833.00000", "2009-05-31": 296, "2009-02-28": 101, "2008-11-30": -867, "2008-08-31": "1048.00000", "2008-05-31": 312, "2008-02-29": 52, "2007-11-30": -820, "2007-08-31": "917.00000", "2007-05-31": 288, "2007-02-28": 85, "2006-11-30": -598, "2006-08-31": "459.00000", "2006-05-31": 175, "2006-02-28": 47, "2005-11-30": -420, "2005-08-31": "490.00000", "2005-05-31": 339, "2005-02-28": 219}, "Total Change In Assets/Liabilities": {"2020-11-30": -2163, "2020-08-31": "2322.00000", "2020-05-31": -474, "2020-02-29": -583, "2019-11-30": -2751, "2019-08-31": "2621.00000", "2019-05-31": -219, "2019-02-28": -565, "2018-11-30": -2837, "2018-08-31": "3361.00000", "2018-05-31": 212, "2018-02-28": 7206, "2017-11-30": -2417, "2017-08-31": "3134.00000", "2017-05-31": 457, "2017-02-28": -586, "2016-11-30": -1820, "2016-08-31": "3007.00000", "2016-05-31": 120, "2016-02-29": 450, "2015-11-30": -2593, "2015-08-31": "3093.00000", "2015-05-31": 731, "2015-02-28": -1084, "2014-11-30": -2233, "2014-08-31": "3599.00000", "2014-05-31": -660, "2014-02-28": -438, "2013-11-30": -2277, "2013-08-31": "3213.00000", "2013-05-31": -118, "2013-02-28": -471, "2012-11-30": -2662, "2012-08-31": "2539.00000", "2012-05-31": -707, "2012-02-29": -355, "2011-11-30": -1819, "2011-08-31": "2798.00000", "2011-05-31": -381, "2011-02-28": -216, "2010-11-30": -1739, "2010-08-31": "1608.00000", "2010-05-31": -659, "2010-02-28": 0, "2009-11-30": -1292, "2009-08-31": "2052.00000", "2009-05-31": -1012, "2009-02-28": 454, "2008-11-30": -1065, "2008-08-31": "1593.00000", "2008-05-31": -658, "2008-02-29": 132, "2007-11-30": -1076, "2007-08-31": "1318.00000", "2007-05-31": -131, "2007-02-28": 29, "2006-11-30": -1102, "2006-08-31": "593.00000", "2006-05-31": -282, "2006-02-28": 62, "2005-11-30": -707, "2005-08-31": "749.00000", "2005-05-31": -744, "2005-02-28": 467}, "Cash Flow From Operating Activities": {"2020-11-30": 1388, "2020-08-31": "5953.00000", "2020-05-31": 3614, "2020-02-29": 3012, "2019-11-30": 513, "2019-08-31": "6000.00000", "2019-05-31": 4422, "2019-02-28": 2861, "2018-11-30": 546, "2018-08-31": "6722.00000", "2018-05-31": 4660, "2018-02-28": 3310, "2017-11-30": 850, "2017-08-31": "6566.00000", "2017-05-31": 4466, "2017-02-28": 2699, "2016-11-30": 1086, "2016-08-31": "5875.00000", "2016-05-31": 3793, "2016-02-29": 3495, "2015-11-30": 516, "2015-08-31": "5881.00000", "2015-05-31": 4527, "2015-02-28": 2263, "2014-11-30": 1062, "2014-08-31": "6728.00000", "2014-05-31": 4456, "2014-02-28": 3027, "2013-11-30": 1146, "2013-08-31": "6292.00000", "2013-05-31": 4564, "2013-02-28": 3194, "2012-11-30": 795, "2012-08-31": "5671.00000", "2012-05-31": 4057, "2012-02-29": 3010, "2011-11-30": 1255, "2011-08-31": "5421.00000", "2011-05-31": 3777, "2011-02-28": 2676, "2010-11-30": 944, "2010-08-31": "3817.00000", "2010-05-31": 2511, "2010-02-28": 1781, "2009-11-30": 651, "2009-08-31": "3738.00000", "2009-05-31": 2008, "2009-02-28": 2257, "2008-11-30": 750, "2008-08-31": "3240.00000", "2008-05-31": 2295, "2008-02-29": 1804, "2007-11-30": 602, "2007-08-31": "2701.00000", "2007-05-31": 2215, "2007-02-28": 1439, "2006-11-30": 243, "2006-08-31": "1623.00000", "2006-05-31": 1679, "2006-02-28": 1106, "2005-11-30": 298, "2005-08-31": "1458.00000", "2005-05-31": 995, "2005-02-28": 2557}, "Net Change In Property, Plant, And Equipment": {"2020-11-30": -568, "2020-08-31": "-436.00000", "2020-05-31": -433, "2020-02-29": -396, "2019-11-30": -349, "2019-08-31": "-386.00000", "2019-05-31": -413, "2019-02-28": -443, "2018-11-30": -421, "2018-08-31": "-383.00000", "2018-05-31": -378, "2018-02-28": -286, "2017-11-30": -599, "2017-08-31": "-473.00000", "2017-05-31": -525, "2017-02-28": -440, "2016-11-30": -757, "2016-08-31": "-299.00000", "2016-05-31": -180, "2016-02-29": -368, "2015-11-30": -195, "2015-08-31": "-446.00000", "2015-05-31": -597, "2015-02-28": -368, "2014-11-30": -225, "2014-08-31": "-201.00000", "2014-05-31": -154, "2014-02-28": -147, "2013-11-30": -126, "2013-08-31": "-153.00000", "2013-05-31": -183, "2013-02-28": -116, "2012-11-30": -212, "2012-08-31": "-139.00000", "2012-05-31": -217, "2012-02-29": -142, "2011-11-30": -129, "2011-08-31": "-160.00000", "2011-05-31": -58, "2011-02-28": -48, "2010-11-30": -121, "2010-08-31": "-118.00000", "2010-05-31": -69, "2010-02-28": -61, "2009-11-30": -45, "2009-08-31": "-55.00000", "2009-05-31": -38, "2009-02-28": -92, "2008-11-30": -76, "2008-08-31": "-323.00000", "2008-05-31": -48, "2008-02-29": 114, "2007-11-30": -69, "2007-08-31": "-87.00000", "2007-05-31": -136, "2007-02-28": -75, "2006-11-30": -57, "2006-08-31": "-49.00000", "2006-05-31": -75, "2006-02-28": -24, "2005-11-30": -15, "2005-08-31": "18.00000", "2005-05-31": -38, "2005-02-28": -150}, "Net Change In Intangible Assets": {"2020-11-30": 0, "2020-08-31": "", "2020-05-31": 0, "2020-02-29": 0, "2019-11-30": 0, "2019-08-31": "", "2019-05-31": 0, "2019-02-28": 0, "2018-11-30": 0, "2018-08-31": "", "2018-05-31": 0, "2018-02-28": 0, "2017-11-30": 0, "2017-08-31": "", "2017-05-31": 0, "2017-02-28": 0, "2016-11-30": 0, "2016-08-31": "", "2016-05-31": 0, "2016-02-29": 0, "2015-11-30": 0, "2015-08-31": "", "2015-05-31": 0, "2015-02-28": 0, "2014-11-30": 0, "2014-08-31": "", "2014-05-31": 0, "2014-02-28": 0, "2013-11-30": 0, "2013-08-31": "", "2013-05-31": 0, "2013-02-28": 0, "2012-11-30": 0, "2012-08-31": "", "2012-05-31": 0, "2012-02-29": 0, "2011-11-30": 0, "2011-08-31": "", "2011-05-31": 0, "2011-02-28": 0, "2010-11-30": 0, "2010-08-31": "", "2010-05-31": 0, "2010-02-28": 0, "2009-11-30": 0, "2009-08-31": "", "2009-05-31": 0, "2009-02-28": 0, "2008-11-30": 0, "2008-08-31": "", "2008-05-31": 0, "2008-02-29": 0, "2007-11-30": 0, "2007-08-31": "", "2007-05-31": 0, "2007-02-28": 0, "2006-11-30": 0, "2006-08-31": "", "2006-05-31": 0, "2006-02-28": 0, "2005-11-30": 0, "2005-08-31": "", "2005-05-31": 0, "2005-02-28": 0}, "Net Acquisitions/Divestitures": {"2020-11-30": 0, "2020-08-31": "", "2020-05-31": -13, "2020-02-29": 0, "2019-11-30": -109, "2019-08-31": "-2.00000", "2019-05-31": -33, "2019-02-28": -17, "2018-11-30": -263, "2018-08-31": "-50.00000", "2018-05-31": -1724, "2018-02-28": 0, "2017-11-30": 0, "2017-08-31": "", "2017-05-31": -815, "2017-02-28": -552, "2016-11-30": -8711, "2016-08-31": "-1143.00000", "2016-05-31": -337, "2016-02-29": -166, "2015-11-30": -147, "2015-08-31": "", "2015-05-31": -7, "2015-02-28": -1110, "2014-11-30": -5085, "2014-08-31": "-37.00000", "2014-05-31": -422, "2014-02-28": -1318, "2013-11-30": -434, "2013-08-31": "-1314.00000", "2013-05-31": -1713, "2013-02-28": -932, "2012-11-30": -299, "2012-08-31": "-361.00000", "2012-05-31": -1869, "2012-02-29": -2262, "2011-11-30": -228, "2011-08-31": "-343.00000", "2011-05-31": -174, "2011-02-28": -867, "2010-11-30": 26, "2010-08-31": "-832.00000", "2010-05-31": -39, "2010-02-28": -5175, "2009-11-30": -313, "2009-08-31": "-79.00000", "2009-05-31": 6, "2009-02-28": -100, "2008-11-30": -670, "2008-08-31": "-395.00000", "2008-05-31": -6943, "2008-02-29": -49, "2007-11-30": -105, "2007-08-31": "-546.00000", "2007-05-31": -2715, "2007-02-28": -1802, "2006-11-30": -263, "2006-08-31": "-225.00000", "2006-05-31": -21, "2006-02-28": -3434, "2005-11-30": -189, "2005-08-31": "-309.00000", "2005-05-31": -764, "2005-02-28": -9892}, "Net Change In Short-term Investments": {"2020-11-30": 4420, "2020-08-31": "-9219.00000", "2020-05-31": -16385, "2020-02-29": 876, "2019-11-30": 1691, "2019-08-31": "12774.00000", "2019-05-31": -8947, "2019-02-28": 13659, "2018-11-30": 2604, "2018-08-31": "3965.00000", "2018-05-31": 4778, "2018-02-28": -3232, "2017-11-30": -5111, "2017-08-31": "-1345.00000", "2017-05-31": -6935, "2017-02-28": 264, "2016-11-30": -249, "2016-08-31": "-3761.00000", "2016-05-31": -611, "2016-02-29": -154, "2015-11-30": 4475, "2015-08-31": "-7025.00000", "2015-05-31": -3120, "2015-02-28": -936, "2014-11-30": -899, "2014-08-31": "-6462.00000", "2014-05-31": -1031, "2014-02-28": 2163, "2013-11-30": -2569, "2013-08-31": "-2034.00000", "2013-05-31": -333, "2013-02-28": 383, "2012-11-30": -2041, "2012-08-31": "-10.00000", "2012-05-31": 242, "2012-02-29": 1814, "2011-11-30": 733, "2011-08-31": "-5820.00000", "2011-05-31": -187, "2011-02-28": 1947, "2010-11-30": -2683, "2010-08-31": "-2966.00000", "2010-05-31": -442, "2010-02-28": -1944, "2009-11-30": -1284, "2009-08-31": "-813.00000", "2009-05-31": -402, "2009-02-28": 4596, "2008-11-30": -6525, "2008-08-31": "1420.00000", "2008-05-31": -246, "2008-02-29": -417, "2007-11-30": -345, "2007-08-31": "-335.00000", "2007-05-31": -5372, "2007-02-28": 2014, "2006-11-30": -259, "2006-08-31": "-1788.00000", "2006-05-31": -4596, "2006-02-28": 1333, "2005-11-30": 239, "2005-08-31": "38.00000", "2005-05-31": -11093, "2005-02-28": 3992}, "Net Change In Long-Term Investments": {"2020-11-30": 0, "2020-08-31": "", "2020-05-31": 12575, "2020-02-29": 0, "2019-11-30": 0, "2019-08-31": "", "2019-05-31": 17299, "2019-02-28": 0, "2018-11-30": 0, "2018-08-31": "", "2018-05-31": 484, "2018-02-28": 2261, "2017-11-30": 0, "2017-08-31": "", "2017-05-31": 2429, "2017-02-28": 0, "2016-11-30": 0, "2016-08-31": "", "2016-05-31": 0, "2016-02-29": 0, "2015-11-30": 0, "2015-08-31": "", "2015-05-31": 0, "2015-02-28": 0, "2014-11-30": 0, "2014-08-31": "", "2014-05-31": 0, "2014-02-28": 0, "2013-11-30": 0, "2013-08-31": "", "2013-05-31": 0, "2013-02-28": 0, "2012-11-30": 0, "2012-08-31": "", "2012-05-31": 0, "2012-02-29": 0, "2011-11-30": 0, "2011-08-31": "", "2011-05-31": 0, "2011-02-28": 0, "2010-11-30": 0, "2010-08-31": "", "2010-05-31": 0, "2010-02-28": 0, "2009-11-30": 0, "2009-08-31": "", "2009-05-31": 0, "2009-02-28": -4362, "2008-11-30": 7550, "2008-08-31": "-3188.00000", "2008-05-31": 0, "2008-02-29": 0, "2007-11-30": 0, "2007-08-31": "", "2007-05-31": 5756, "2007-02-28": 0, "2006-11-30": 0, "2006-08-31": "", "2006-05-31": 4285, "2006-02-28": -1, "2005-11-30": -606, "2005-08-31": "-2.00000", "2005-05-31": 12192, "2005-02-28": 0}, "Net Change In Investments - Total": {"2020-11-30": 4420, "2020-08-31": "-9219.00000", "2020-05-31": -3810, "2020-02-29": 876, "2019-11-30": 1691, "2019-08-31": "12774.00000", "2019-05-31": 8352, "2019-02-28": 13659, "2018-11-30": 2604, "2018-08-31": "3965.00000", "2018-05-31": 5262, "2018-02-28": -971, "2017-11-30": -5111, "2017-08-31": "-1345.00000", "2017-05-31": -4506, "2017-02-28": 264, "2016-11-30": -249, "2016-08-31": "-3761.00000", "2016-05-31": -611, "2016-02-29": -154, "2015-11-30": 4475, "2015-08-31": "-7025.00000", "2015-05-31": -3120, "2015-02-28": -936, "2014-11-30": -899, "2014-08-31": "-6462.00000", "2014-05-31": -1031, "2014-02-28": 2163, "2013-11-30": -2569, "2013-08-31": "-2034.00000", "2013-05-31": -333, "2013-02-28": 383, "2012-11-30": -2041, "2012-08-31": "-10.00000", "2012-05-31": 242, "2012-02-29": 1814, "2011-11-30": 733, "2011-08-31": "-5820.00000", "2011-05-31": -187, "2011-02-28": 1947, "2010-11-30": -2683, "2010-08-31": "-2966.00000", "2010-05-31": -442, "2010-02-28": -1944, "2009-11-30": -1284, "2009-08-31": "-813.00000", "2009-05-31": -402, "2009-02-28": 234, "2008-11-30": 1025, "2008-08-31": "-1768.00000", "2008-05-31": -246, "2008-02-29": -417, "2007-11-30": -345, "2007-08-31": "-335.00000", "2007-05-31": 384, "2007-02-28": 2014, "2006-11-30": -259, "2006-08-31": "-1788.00000", "2006-05-31": -311, "2006-02-28": 1332, "2005-11-30": -367, "2005-08-31": "36.00000", "2005-05-31": 1099, "2005-02-28": 3992}, "Investing Activities - Other": {"2020-11-30": 0, "2020-08-31": "", "2020-05-31": 0, "2020-02-29": 0, "2019-11-30": 0, "2019-08-31": "", "2019-05-31": 0, "2019-02-28": 0, "2018-11-30": 0, "2018-08-31": "", "2018-05-31": 0, "2018-02-28": 0, "2017-11-30": 0, "2017-08-31": "", "2017-05-31": 0, "2017-02-28": 0, "2016-11-30": 0, "2016-08-31": "", "2016-05-31": 0, "2016-02-29": 0, "2015-11-30": 0, "2015-08-31": "", "2015-05-31": 0, "2015-02-28": 0, "2014-11-30": 0, "2014-08-31": "", "2014-05-31": 0, "2014-02-28": 0, "2013-11-30": 0, "2013-08-31": "", "2013-05-31": 0, "2013-02-28": 0, "2012-11-30": 0, "2012-08-31": "", "2012-05-31": 0, "2012-02-29": 0, "2011-11-30": 0, "2011-08-31": "", "2011-05-31": 0, "2011-02-28": 0, "2010-11-30": 0, "2010-08-31": "", "2010-05-31": 0, "2010-02-28": 0, "2009-11-30": 0, "2009-08-31": "", "2009-05-31": 0, "2009-02-28": 0, "2008-11-30": 0, "2008-08-31": "", "2008-05-31": 0, "2008-02-29": 0, "2007-11-30": 0, "2007-08-31": "", "2007-05-31": 0, "2007-02-28": 0, "2006-11-30": 0, "2006-08-31": "", "2006-05-31": 0, "2006-02-28": 0, "2005-11-30": 0, "2005-08-31": "", "2005-05-31": 5, "2005-02-28": -5}, "Cash Flow From Investing Activities": {"2020-11-30": 3852, "2020-08-31": "-9655.00000", "2020-05-31": -4256, "2020-02-29": 480, "2019-11-30": 1233, "2019-08-31": "12386.00000", "2019-05-31": 7906, "2019-02-28": 13199, "2018-11-30": 1920, "2018-08-31": "3532.00000", "2018-05-31": 3160, "2018-02-28": -1257, "2017-11-30": -5710, "2017-08-31": "-1818.00000", "2017-05-31": -5846, "2017-02-28": -728, "2016-11-30": -9717, "2016-08-31": "-5203.00000", "2016-05-31": -1128, "2016-02-29": -688, "2015-11-30": 4133, "2015-08-31": "-7471.00000", "2015-05-31": -3724, "2015-02-28": -2414, "2014-11-30": -6209, "2014-08-31": "-6700.00000", "2014-05-31": -1607, "2014-02-28": 698, "2013-11-30": -3129, "2013-08-31": "-3501.00000", "2013-05-31": -2229, "2013-02-28": -665, "2012-11-30": -2552, "2012-08-31": "-510.00000", "2012-05-31": -1844, "2012-02-29": -590, "2011-11-30": 376, "2011-08-31": "-6323.00000", "2011-05-31": -419, "2011-02-28": 1032, "2010-11-30": -2778, "2010-08-31": "-3916.00000", "2010-05-31": -550, "2010-02-28": -7180, "2009-11-30": -1642, "2009-08-31": "-947.00000", "2009-05-31": -434, "2009-02-28": 42, "2008-11-30": 279, "2008-08-31": "-2486.00000", "2008-05-31": -7237, "2008-02-29": -352, "2007-11-30": -519, "2007-08-31": "-968.00000", "2007-05-31": -2467, "2007-02-28": 137, "2006-11-30": -579, "2006-08-31": "-2062.00000", "2006-05-31": -407, "2006-02-28": -2126, "2005-11-30": -571, "2005-08-31": "-255.00000", "2005-05-31": 302, "2005-02-28": -6055}, "Net Long-Term Debt": {"2020-11-30": 0, "2020-08-31": "-1000.00000", "2020-05-31": 19888, "2020-02-29": 0, "2019-11-30": -2750, "2019-08-31": "-1750.00000", "2019-05-31": 0, "2019-02-28": -2000, "2018-11-30": 0, "2018-08-31": "-2500.00000", "2018-05-31": -2, "2018-02-28": 0, "2017-11-30": 7445, "2017-08-31": "-4800.00000", "2017-05-31": 3800, "2017-02-28": -344, "2016-11-30": 0, "2016-08-31": "10182.00000", "2016-05-31": 3750, "2016-02-29": -2000, "2015-11-30": 0, "2015-08-31": "", "2015-05-31": 9897, "2015-02-28": 0, "2014-11-30": 0, "2014-08-31": "8445.00000", "2014-05-31": 0, "2014-02-28": 0, "2013-11-30": 0, "2013-08-31": "5566.00000", "2013-05-31": -1250, "2013-02-28": 0, "2012-11-30": 4974, "2012-08-31": "-1700.00000", "2012-05-31": 1700, "2012-02-29": -255, "2011-11-30": 0, "2011-08-31": "-1150.00000", "2011-05-31": 1150, "2011-02-28": -2253, "2010-11-30": -5, "2010-08-31": "2319.00000", "2010-05-31": -1074, "2010-02-28": 251, "2009-11-30": 0, "2009-08-31": "4461.00000", "2009-05-31": -1000, "2009-02-28": 0, "2008-11-30": 0, "2008-08-31": "-4.00000", "2008-05-31": 4973, "2008-02-29": 0, "2007-11-30": -1, "2007-08-31": "-1361.00000", "2007-05-31": 1836, "2007-02-28": -167, "2006-11-30": -1, "2006-08-31": "-7.00000", "2006-05-31": -189, "2006-02-28": 4993, "2005-11-30": -621, "2005-08-31": "-1182.00000", "2005-05-31": -4525, "2005-02-28": 7200}, "Net Current Debt": {"2020-11-30": 0, "2020-08-31": "", "2020-05-31": 0, "2020-02-29": 0, "2019-11-30": 0, "2019-08-31": "", "2019-05-31": 0, "2019-02-28": 0, "2018-11-30": 0, "2018-08-31": "", "2018-05-31": 0, "2018-02-28": 0, "2017-11-30": 0, "2017-08-31": "", "2017-05-31": 0, "2017-02-28": 0, "2016-11-30": 0, "2016-08-31": "", "2016-05-31": 0, "2016-02-29": 0, "2015-11-30": 0, "2015-08-31": "", "2015-05-31": 0, "2015-02-28": 0, "2014-11-30": 0, "2014-08-31": "", "2014-05-31": 0, "2014-02-28": 0, "2013-11-30": 0, "2013-08-31": "", "2013-05-31": 0, "2013-02-28": 0, "2012-11-30": 0, "2012-08-31": "", "2012-05-31": 0, "2012-02-29": 0, "2011-11-30": 0, "2011-08-31": "", "2011-05-31": 0, "2011-02-28": 0, "2010-11-30": 0, "2010-08-31": "", "2010-05-31": 0, "2010-02-28": 0, "2009-11-30": 0, "2009-08-31": "", "2009-05-31": 0, "2009-02-28": 0, "2008-11-30": 0, "2008-08-31": "", "2008-05-31": 0, "2008-02-29": 0, "2007-11-30": 0, "2007-08-31": "", "2007-05-31": 0, "2007-02-28": 0, "2006-11-30": 0, "2006-08-31": "", "2006-05-31": 0, "2006-02-28": 0, "2005-11-30": 0, "2005-08-31": "", "2005-05-31": 0, "2005-02-28": 0}, "Debt Issuance/Retirement Net - Total": {"2020-11-30": 0, "2020-08-31": "-1000.00000", "2020-05-31": 19888, "2020-02-29": 0, "2019-11-30": -2750, "2019-08-31": "-1750.00000", "2019-05-31": 0, "2019-02-28": -2000, "2018-11-30": 0, "2018-08-31": "-2500.00000", "2018-05-31": -2, "2018-02-28": 0, "2017-11-30": 7445, "2017-08-31": "-4800.00000", "2017-05-31": 3800, "2017-02-28": -344, "2016-11-30": 0, "2016-08-31": "10182.00000", "2016-05-31": 3750, "2016-02-29": -2000, "2015-11-30": 0, "2015-08-31": "", "2015-05-31": 9897, "2015-02-28": 0, "2014-11-30": 0, "2014-08-31": "8445.00000", "2014-05-31": 0, "2014-02-28": 0, "2013-11-30": 0, "2013-08-31": "5566.00000", "2013-05-31": -1250, "2013-02-28": 0, "2012-11-30": 4974, "2012-08-31": "-1700.00000", "2012-05-31": 1700, "2012-02-29": -255, "2011-11-30": 0, "2011-08-31": "-1150.00000", "2011-05-31": 1150, "2011-02-28": -2253, "2010-11-30": -5, "2010-08-31": "2319.00000", "2010-05-31": -1074, "2010-02-28": 251, "2009-11-30": 0, "2009-08-31": "4461.00000", "2009-05-31": -1000, "2009-02-28": 0, "2008-11-30": 0, "2008-08-31": "-4.00000", "2008-05-31": 4973, "2008-02-29": 0, "2007-11-30": -1, "2007-08-31": "-1361.00000", "2007-05-31": 1836, "2007-02-28": -167, "2006-11-30": -1, "2006-08-31": "-7.00000", "2006-05-31": -189, "2006-02-28": 4993, "2005-11-30": -621, "2005-08-31": "-1182.00000", "2005-05-31": -4525, "2005-02-28": 7200}, "Net Common Equity Issued/Repurchased": {"2020-11-30": -3854, "2020-08-31": "-4856.00000", "2020-05-31": -4990, "2020-02-29": -3389, "2019-11-30": -4735, "2019-08-31": "-5203.00000", "2019-05-31": -5614, "2019-02-28": -9551, "2018-11-30": -9268, "2018-08-31": "-10055.00000", "2018-05-31": -4679, "2018-02-28": -3237, "2017-11-30": -1716, "2017-08-31": "181.00000", "2017-05-31": 332, "2017-02-28": 16, "2016-11-30": -326, "2016-08-31": "-1685.00000", "2016-05-31": -1357, "2016-02-29": -2052, "2015-11-30": -3075, "2015-08-31": "-2620.00000", "2015-05-31": -1651, "2015-02-28": -1447, "2014-11-30": -1775, "2014-08-31": "-1412.00000", "2014-05-31": -1356, "2014-02-28": -1286, "2013-11-30": -2353, "2013-08-31": "-2683.00000", "2013-05-31": -2590, "2013-02-28": -1584, "2012-11-30": -2761, "2012-08-31": "-2559.00000", "2012-05-31": -2179, "2012-02-29": -1580, "2011-11-30": -746, "2011-08-31": "-618.00000", "2011-05-31": -63, "2011-02-28": 49, "2010-11-30": 310, "2010-08-31": "-80.00000", "2010-05-31": 18, "2010-02-28": -11, "2009-11-30": -128, "2009-08-31": "3.00000", "2009-05-31": 44, "2009-02-28": -1283, "2008-11-30": -1753, "2008-08-31": "-220.00000", "2008-05-31": -262, "2008-02-29": -132, "2007-11-30": -128, "2007-08-31": "-213.00000", "2007-05-31": -764, "2007-02-28": -879, "2006-11-30": -596, "2006-08-31": "-774.00000", "2006-05-31": -1444, "2006-02-28": 88, "2005-11-30": 13, "2005-08-31": "-92.00000", "2005-05-31": -12, "2005-02-28": -735}, "Net Total Equity Issued/Repurchased": {"2020-11-30": -3854, "2020-08-31": "-4856.00000", "2020-05-31": -4990, "2020-02-29": -3389, "2019-11-30": -4735, "2019-08-31": "-5203.00000", "2019-05-31": -5614, "2019-02-28": -9551, "2018-11-30": -9268, "2018-08-31": "-10055.00000", "2018-05-31": -4679, "2018-02-28": -3237, "2017-11-30": -1716, "2017-08-31": "181.00000", "2017-05-31": 332, "2017-02-28": 16, "2016-11-30": -326, "2016-08-31": "-1685.00000", "2016-05-31": -1357, "2016-02-29": -2052, "2015-11-30": -3075, "2015-08-31": "-2620.00000", "2015-05-31": -1651, "2015-02-28": -1447, "2014-11-30": -1775, "2014-08-31": "-1412.00000", "2014-05-31": -1356, "2014-02-28": -1286, "2013-11-30": -2353, "2013-08-31": "-2683.00000", "2013-05-31": -2590, "2013-02-28": -1584, "2012-11-30": -2761, "2012-08-31": "-2559.00000", "2012-05-31": -2179, "2012-02-29": -1580, "2011-11-30": -746, "2011-08-31": "-618.00000", "2011-05-31": -63, "2011-02-28": 49, "2010-11-30": 310, "2010-08-31": "-80.00000", "2010-05-31": 18, "2010-02-28": -11, "2009-11-30": -128, "2009-08-31": "3.00000", "2009-05-31": 44, "2009-02-28": -1283, "2008-11-30": -1753, "2008-08-31": "-220.00000", "2008-05-31": -262, "2008-02-29": -132, "2007-11-30": -128, "2007-08-31": "-213.00000", "2007-05-31": -764, "2007-02-28": -879, "2006-11-30": -596, "2006-08-31": "-774.00000", "2006-05-31": -1444, "2006-02-28": 88, "2005-11-30": 13, "2005-08-31": "-92.00000", "2005-05-31": -12, "2005-02-28": -735}, "Total Common And Preferred Stock Dividends Paid": {"2020-11-30": -717, "2020-08-31": "-730.00000", "2020-05-31": -740, "2020-02-29": -768, "2019-11-30": -767, "2019-08-31": "-795.00000", "2019-05-31": -806, "2019-02-28": -670, "2018-11-30": -714, "2018-08-31": "-742.00000", "2018-05-31": -778, "2018-02-28": -783, "2017-11-30": -791, "2017-08-31": "-788.00000", "2017-05-31": -787, "2017-02-28": -612, "2016-11-30": -614, "2016-08-31": "-618.00000", "2016-05-31": -623, "2016-02-29": -632, "2015-11-30": -636, "2015-08-31": "-650.00000", "2015-05-31": -655, "2015-02-28": -530, "2014-11-30": -533, "2014-08-31": "-537.00000", "2014-05-31": -538, "2014-02-28": -541, "2013-11-30": -545, "2013-08-31": "-554.00000", "2013-05-31": 0, "2013-02-28": -850, "2012-11-30": -291, "2012-08-31": "-292.00000", "2012-05-31": -296, "2012-02-29": -302, "2011-11-30": -303, "2011-08-31": "-304.00000", "2011-05-31": -304, "2011-02-28": -253, "2010-11-30": -253, "2010-08-31": "-251.00000", "2010-05-31": -251, "2010-02-28": -252, "2009-11-30": -250, "2009-08-31": "-251.00000", "2009-05-31": -250, "2009-02-28": 0, "2008-11-30": 0, "2008-08-31": "", "2008-05-31": 0, "2008-02-29": 0, "2007-11-30": 0, "2007-08-31": "", "2007-05-31": 0, "2007-02-28": 0, "2006-11-30": 0, "2006-08-31": "", "2006-05-31": 0, "2006-02-28": 0, "2005-11-30": 0, "2005-08-31": "", "2005-05-31": 0, "2005-02-28": 0}, "Financial Activities - Other": {"2020-11-30": 17, "2020-08-31": "93.00000", "2020-05-31": -25, "2020-02-29": -12, "2019-11-30": -42, "2019-08-31": "-54.00000", "2019-05-31": -41, "2019-02-28": -18, "2018-11-30": -41, "2018-08-31": "-36.00000", "2018-05-31": 0, "2018-02-28": 0, "2017-11-30": 0, "2017-08-31": "-34.00000", "2017-05-31": -58, "2017-02-28": 0, "2016-11-30": -33, "2016-08-31": "-167.00000", "2016-05-31": 0, "2016-02-29": 0, "2015-11-30": -60, "2015-08-31": "-25.00000", "2015-05-31": -167, "2015-02-28": 93, "2014-11-30": -146, "2014-08-31": "24.00000", "2014-05-31": 88, "2014-02-28": 91, "2013-11-30": 31, "2013-08-31": "12.00000", "2013-05-31": 214, "2013-02-28": 125, "2012-11-30": 33, "2012-08-31": "31.00000", "2012-05-31": 26, "2012-02-29": 18, "2011-11-30": 29, "2011-08-31": "-139.00000", "2011-05-31": 76, "2011-02-28": 26, "2010-11-30": 76, "2010-08-31": "-28.00000", "2010-05-31": 136, "2010-02-28": 4, "2009-11-30": 12, "2009-08-31": "-4.00000", "2009-05-31": 5, "2009-02-28": -10, "2008-11-30": 14, "2008-08-31": "35.00000", "2008-05-31": 51, "2008-02-29": 195, "2007-11-30": 105, "2007-08-31": "54.00000", "2007-05-31": 55, "2007-02-28": 28, "2006-11-30": 125, "2006-08-31": "5.00000", "2006-05-31": 0, "2006-02-28": -16, "2005-11-30": 0, "2005-08-31": "-23.00000", "2005-05-31": 0, "2005-02-28": -44}, "Cash Flow From Financial Activities": {"2020-11-30": -4554, "2020-08-31": "-6493.00000", "2020-05-31": 14133, "2020-02-29": -4169, "2019-11-30": -8294, "2019-08-31": "-7802.00000", "2019-05-31": -6461, "2019-02-28": -12239, "2018-11-30": -10023, "2018-08-31": "-13333.00000", "2018-05-31": -5459, "2018-02-28": -4020, "2017-11-30": 4938, "2017-08-31": "-5441.00000", "2017-05-31": 3287, "2017-02-28": -940, "2016-11-30": -973, "2016-08-31": "7712.00000", "2016-05-31": 1770, "2016-02-29": -4684, "2015-11-30": -3771, "2015-08-31": "-3295.00000", "2015-05-31": 7424, "2015-02-28": -1884, "2014-11-30": -2454, "2014-08-31": "6520.00000", "2014-05-31": -1806, "2014-02-28": -1736, "2013-11-30": -2867, "2013-08-31": "2341.00000", "2013-05-31": -3626, "2013-02-28": -2309, "2012-11-30": 1955, "2012-08-31": "-4520.00000", "2012-05-31": -749, "2012-02-29": -2119, "2011-11-30": -1020, "2011-08-31": "-2211.00000", "2011-05-31": 859, "2011-02-28": -2431, "2010-11-30": 128, "2010-08-31": "1960.00000", "2010-05-31": -1171, "2010-02-28": -8, "2009-11-30": -366, "2009-08-31": "4209.00000", "2009-05-31": -1201, "2009-02-28": -1293, "2008-11-30": -1739, "2008-08-31": "-189.00000", "2008-05-31": 4762, "2008-02-29": 63, "2007-11-30": -24, "2007-08-31": "-1520.00000", "2007-05-31": 1127, "2007-02-28": -1018, "2006-11-30": -472, "2006-08-31": "-776.00000", "2006-05-31": -1633, "2006-02-28": 5065, "2005-11-30": -608, "2005-08-31": "-1297.00000", "2005-05-31": -4537, "2005-02-28": 6421}, "Net Cash Flow": {"2020-11-30": 725, "2020-08-31": "-9963.00000", "2020-05-31": 13410, "2020-02-29": -711, "2019-11-30": -6543, "2019-08-31": "10569.00000", "2019-05-31": 5794, "2019-02-28": 3896, "2018-11-30": -7631, "2018-08-31": "-3165.00000", "2018-05-31": 2133, "2018-02-28": -1823, "2017-11-30": -11, "2017-08-31": "-463.00000", "2017-05-31": 2036, "2017-02-28": 1156, "2016-11-30": -10022, "2016-08-31": "8462.00000", "2016-05-31": 4569, "2016-02-29": -1828, "2015-11-30": 672, "2015-08-31": "-4977.00000", "2015-05-31": 8015, "2015-02-28": -2452, "2014-11-30": -8026, "2014-08-31": "6410.00000", "2014-05-31": 937, "2014-02-28": 1938, "2013-11-30": -4770, "2013-08-31": "5051.00000", "2013-05-31": -1488, "2013-02-28": 189, "2012-11-30": 245, "2012-08-31": "712.00000", "2012-05-31": 1174, "2012-02-29": 495, "2011-11-30": 124, "2011-08-31": "-3001.00000", "2011-05-31": 4299, "2011-02-28": 1444, "2010-11-30": -1598, "2010-08-31": "2104.00000", "2010-05-31": 583, "2010-02-28": -5588, "2009-11-30": -1179, "2009-08-31": "7103.00000", "2009-05-31": 784, "2009-02-28": 858, "2008-11-30": -1200, "2008-08-31": "291.00000", "2008-05-31": -147, "2008-02-29": 1676, "2007-11-30": 278, "2007-08-31": "237.00000", "2007-05-31": 968, "2007-02-28": 566, "2006-11-30": -762, "2006-08-31": "-1213.00000", "2006-05-31": -262, "2006-02-28": 4084, "2005-11-30": -953, "2005-08-31": "-104.00000", "2005-05-31": -3327, "2005-02-28": 3083}, "Stock-Based Compensation": {"2020-11-30": 488, "2020-08-31": "428.00000", "2020-05-31": 386, "2020-02-29": 361, "2019-11-30": 397, "2019-08-31": "446.00000", "2019-05-31": 394, "2019-02-28": 427, "2018-11-30": 396, "2018-08-31": "436.00000", "2018-05-31": 396, "2018-02-28": 389, "2017-11-30": 419, "2017-08-31": "403.00000", "2017-05-31": 333, "2017-02-28": 371, "2016-11-30": 327, "2016-08-31": "319.00000", "2016-05-31": 269, "2016-02-29": 261, "2015-11-30": 254, "2015-08-31": "253.00000", "2015-05-31": 244, "2015-02-28": 234, "2014-11-30": 240, "2014-08-31": "215.00000", "2014-05-31": 222, "2014-02-28": 201, "2013-11-30": 182, "2013-08-31": "200.00000", "2013-05-31": 189, "2013-02-28": 180, "2012-11-30": 193, "2012-08-31": "193.00000", "2012-05-31": 185, "2012-02-29": 176, "2011-11-30": 150, "2011-08-31": "148.00000", "2011-05-31": 127, "2011-02-28": 129, "2010-11-30": 124, "2010-08-31": "130.00000", "2010-05-31": 126, "2010-02-28": 122, "2009-11-30": 104, "2009-08-31": "84.00000", "2009-05-31": 81, "2009-02-28": 88, "2008-11-30": 95, "2008-08-31": "91.00000", "2008-05-31": 136, "2008-02-29": 65, "2007-11-30": 67, "2007-08-31": "101.00000", "2007-05-31": 61, "2007-02-28": 48, "2006-11-30": 48, "2006-08-31": "50.00000", "2006-05-31": -33, "2006-02-28": 13, "2005-11-30": 8, "2005-08-31": "12.00000", "2005-05-31": -11, "2005-02-28": 11}, "Common Stock Dividends Paid": {"2020-11-30": -717, "2020-08-31": "-730.00000", "2020-05-31": -740, "2020-02-29": -768, "2019-11-30": -767, "2019-08-31": "-795.00000", "2019-05-31": -806, "2019-02-28": -670, "2018-11-30": -714, "2018-08-31": "-742.00000", "2018-05-31": -778, "2018-02-28": -783, "2017-11-30": -791, "2017-08-31": "-788.00000", "2017-05-31": -787, "2017-02-28": -612, "2016-11-30": -614, "2016-08-31": "-618.00000", "2016-05-31": -623, "2016-02-29": -632, "2015-11-30": -636, "2015-08-31": "-650.00000", "2015-05-31": -655, "2015-02-28": -530, "2014-11-30": -533, "2014-08-31": "-537.00000", "2014-05-31": -538, "2014-02-28": -541, "2013-11-30": -545, "2013-08-31": "-554.00000", "2013-05-31": 0, "2013-02-28": -850, "2012-11-30": -291, "2012-08-31": "-292.00000", "2012-05-31": -296, "2012-02-29": -302, "2011-11-30": -303, "2011-08-31": "-304.00000", "2011-05-31": -304, "2011-02-28": -253, "2010-11-30": -253, "2010-08-31": "-251.00000", "2010-05-31": -251, "2010-02-28": -252, "2009-11-30": -250, "2009-08-31": "-251.00000", "2009-05-31": -250, "2009-02-28": 0, "2008-11-30": 0, "2008-08-31": "", "2008-05-31": 0, "2008-02-29": 0, "2007-11-30": 0, "2007-08-31": "", "2007-05-31": 0, "2007-02-28": 0, "2006-11-30": 0, "2006-08-31": "", "2006-05-31": 0, "2006-02-28": 0, "2005-11-30": 0, "2005-08-31": "", "2005-05-31": 0, "2005-02-28": 0}}, "financial ratios": {"Current Ratio": {"2020-05-31": "3.03140", "2019-05-31": "2.48990", "2018-05-31": "3.98240", "2017-05-31": "3.08190", "2016-05-31": "3.73740", "2015-05-31": "4.11150", "2014-05-31": "3.34480", "2013-05-31": "3.23900", "2012-05-31": "2.60090", "2011-05-31": "2.76030", "2010-05-31": "1.83810", "2009-05-31": "2.03090", "2008-05-31": "1.80510", "2007-05-31": "1.37240", "2006-05-31": "1.72790", "2005-05-31": "1.04770"}, "Long-term Debt / Capital": {"2020-05-31": "0.84480", "2019-05-31": "0.69790", "2018-05-31": "0.54490", "2017-05-31": "0.47000", "2016-05-31": "0.45630", "2015-05-31": "0.44870", "2014-05-31": "0.32250", "2013-05-31": "0.29060", "2012-05-31": "0.23470", "2011-05-31": "0.26850", "2010-05-31": "0.26950", "2009-05-31": "0.26630", "2008-05-31": "0.30770", "2007-05-31": "0.26930", "2006-05-31": "0.27640", "2005-05-31": "0.01450"}, "Debt/Equity Ratio": {"2020-05-31": "5.63000", "2019-05-31": "2.51160", "2018-05-31": "1.29330", "2017-05-31": "1.06750", "2016-05-31": "0.91770", "2015-05-31": "0.85460", "2014-05-31": "0.50790", "2013-05-31": "0.40970", "2012-05-31": "0.37370", "2011-05-31": "0.39560", "2010-05-31": "0.46970", "2009-05-31": "0.40240", "2008-05-31": "0.48800", "2007-05-31": "0.44880", "2006-05-31": "0.39260", "2005-05-31": "0.26320"}, "Gross Margin": {"2020-05-31": "79.68160", "2019-05-31": "79.76260", "2018-05-31": "79.53430", "2017-05-31": "80.28150", "2016-05-31": "79.81210", "2015-05-31": "80.29610", "2014-05-31": "81.09470", "2013-05-31": "80.15330", "2012-05-31": "78.46230", "2011-05-31": "76.42470", "2010-05-31": "78.50860", "2009-05-31": "79.38240", "2008-05-31": "77.79310", "2007-05-31": "76.71150", "2006-05-31": "77.50350", "2005-05-31": "77.53200"}, "Operating Margin": {"2020-05-31": "35.56880", "2019-05-31": "34.26060", "2018-05-31": "33.67950", "2017-05-31": "34.16860", "2016-05-31": "34.02170", "2015-05-31": "36.28680", "2014-05-31": "38.56040", "2013-05-31": "39.49440", "2012-05-31": "36.92250", "2011-05-31": "33.77970", "2010-05-31": "33.78820", "2009-05-31": "35.78620", "2008-05-31": "34.97100", "2007-05-31": "33.19630", "2006-05-31": "32.93460", "2005-05-31": "34.08760"}, "EBIT Margin": {"2020-05-31": "35.56880", "2019-05-31": "34.26060", "2018-05-31": "33.67950", "2017-05-31": "34.16860", "2016-05-31": "34.02170", "2015-05-31": "36.28680", "2014-05-31": "38.56040", "2013-05-31": "39.49440", "2012-05-31": "36.92250", "2011-05-31": "33.77970", "2010-05-31": "33.78820", "2009-05-31": "35.78620", "2008-05-31": "34.97100", "2007-05-31": "33.19630", "2006-05-31": "32.93460", "2005-05-31": "34.08760"}, "EBITDA Margin": {"2020-05-31": "43.16580", "2019-05-31": "41.64940", "2018-05-31": "40.75110", "2017-05-31": "40.65410", "2016-05-31": "40.79410", "2015-05-31": "43.77130", "2014-05-31": "46.15810", "2013-05-31": "47.37760", "2012-05-31": "44.77790", "2011-05-31": "41.62880", "2010-05-31": "42.25580", "2009-05-31": "44.28440", "2008-05-31": "41.56930", "2007-05-31": "39.45880", "2006-05-31": "38.88040", "2005-05-31": "38.29990"}, "Pre-Tax Profit Margin": {"2020-05-31": "30.87690", "2019-05-31": "31.05350", "2018-05-31": "31.54660", "2017-05-31": "30.90600", "2016-05-31": "30.88510", "2015-05-31": "33.57400", "2014-05-31": "35.80410", "2013-05-31": "37.38030", "2012-05-31": "34.91820", "2011-05-31": "32.03360", "2010-05-31": "30.73450", "2009-05-31": "33.69170", "2008-05-31": "34.92640", "2007-05-31": "33.26300", "2006-05-31": "33.44920", "2005-05-31": "34.33340"}, "Net Profit Margin": {"2020-05-31": "25.94200", "2019-05-31": "28.05400", "2018-05-31": "9.10800", "2017-05-31": "25.01060", "2016-05-31": "24.02620", "2015-05-31": "25.99800", "2014-05-31": "28.62180", "2013-05-31": "29.38410", "2012-05-31": "26.88770", "2011-05-31": "23.99360", "2010-05-31": "22.87470", "2009-05-31": "24.05380", "2008-05-31": "24.61440", "2007-05-31": "23.74970", "2006-05-31": "23.51180", "2005-05-31": "24.45970"}, "Asset Turnover": {"2020-05-31": "0.33840", "2019-05-31": "0.36340", "2018-05-31": "0.28570", "2017-05-31": "0.28000", "2016-05-31": "0.33020", "2015-05-31": "0.34470", "2014-05-31": "0.42400", "2013-05-31": "0.45450", "2012-05-31": "0.47390", "2011-05-31": "0.48440", "2010-05-31": "0.43550", "2009-05-31": "0.49040", "2008-05-31": "0.47450", "2007-05-31": "0.52050", "2006-05-31": "0.49540", "2005-05-31": "0.57040"}, "Inventory Turnover Ratio": {"2020-05-31": "", "2019-05-31": "", "2018-05-31": "", "2017-05-31": "", "2016-05-31": "35.27830", "2015-05-31": "23.98730", "2014-05-31": "38.28570", "2013-05-31": "30.74580", "2012-05-31": "50.60130", "2011-05-31": "27.71620", "2010-05-31": "22.25480", "2009-05-31": "", "2008-05-31": "", "2007-05-31": "", "2006-05-31": "", "2005-05-31": ""}, "Receiveable Turnover": {"2020-05-31": "7.03800", "2019-05-31": "7.69500", "2018-05-31": "7.66800", "2017-05-31": "7.13060", "2016-05-31": "6.87970", "2015-05-31": "6.80420", "2014-05-31": "6.28800", "2013-05-31": "6.14650", "2012-05-31": "5.82110", "2011-05-31": "5.37450", "2010-05-31": "4.80210", "2009-05-31": "5.24880", "2008-05-31": "4.37490", "2007-05-31": "3.92160", "2006-05-31": "4.20470", "2005-05-31": "4.06860"}, "Days Sales In Receivables": {"2020-05-31": "51.86120", "2019-05-31": "47.43360", "2018-05-31": "47.60020", "2017-05-31": "51.18810", "2016-05-31": "53.05490", "2015-05-31": "53.64330", "2014-05-31": "58.04720", "2013-05-31": "59.38370", "2012-05-31": "62.70320", "2011-05-31": "67.91360", "2010-05-31": "76.00760", "2009-05-31": "69.54030", "2008-05-31": "83.43090", "2007-05-31": "93.07540", "2006-05-31": "86.80810", "2005-05-31": "89.71100"}, "ROE - Return On Equity": {"2020-05-31": "79.69650", "2019-05-31": "49.55950", "2018-05-31": "7.65260", "2017-05-31": "17.42430", "2016-05-31": "18.62520", "2015-05-31": "20.24120", "2014-05-31": "23.08890", "2013-05-31": "24.19980", "2012-05-31": "22.63930", "2011-05-31": "21.23740", "2010-05-31": "19.66410", "2009-05-31": "21.98070", "2008-05-31": "23.97830", "2007-05-31": "25.26150", "2006-05-31": "22.52200", "2005-05-31": "26.63100"}, "Return On Tangible Equity": {"2020-05-31": "-29.13190", "2019-05-31": "-41.51710", "2018-05-31": "-100.98540", "2017-05-31": "268.37020", "2016-05-31": "107.79940", "2015-05-31": "115.49100", "2014-05-31": "93.96980", "2013-05-31": "97.87670", "2012-05-31": "90.17080", "2011-05-31": "78.90510", "2010-05-31": "422.22990", "2009-05-31": "-839.78980", "2008-05-31": "-164.26660", "2007-05-31": "-169.33440", "2006-05-31": "500.88890", "2005-05-31": "626.03030"}, "ROA - Return On Assets": {"2020-05-31": "8.77960", "2019-05-31": "10.19510", "2018-05-31": "2.60210", "2017-05-31": "7.00190", "2016-05-31": "7.93460", "2015-05-31": "8.96100", "2014-05-31": "12.13640", "2013-05-31": "13.35380", "2012-05-31": "12.74270", "2011-05-31": "11.62300", "2010-05-31": "9.96300", "2009-05-31": "11.79560", "2008-05-31": "11.68020", "2007-05-31": "12.36260", "2006-05-31": "11.64700", "2005-05-31": "13.95080"}, "ROI - Return On Investment": {"2020-05-31": "12.36840", "2019-05-31": "14.96970", "2018-05-31": "3.48250", "2017-05-31": "9.23430", "2016-05-31": "10.12690", "2015-05-31": "11.15920", "2014-05-31": "15.64200", "2013-05-31": "17.16720", "2012-05-31": "17.32480", "2011-05-31": "15.53520", "2010-05-31": "14.36470", "2009-05-31": "16.12650", "2008-05-31": "16.59950", "2007-05-31": "18.45900", "2006-05-31": "16.29630", "2005-05-31": "26.24590"}, "Book Value Per Share": {"2020-05-31": "4.14640", "2019-05-31": "6.65760", "2018-05-31": "11.72710", "2017-05-31": "13.11240", "2016-05-31": "11.56860", "2015-05-31": "11.30510", "2014-05-31": "10.62880", "2013-05-31": "9.71700", "2012-05-31": "8.98820", "2011-05-31": "7.94100", "2010-05-31": "6.20750", "2009-05-31": "5.08390", "2008-05-31": "4.47090", "2007-05-31": "3.31290", "2006-05-31": "2.86930", "2005-05-31": "2.10630"}, "Operating Cash Flow Per Share": {"2020-05-31": 0.0898, "2019-05-31": 0.2685, "2018-05-31": 0.2807, "2017-05-31": 0.1709, "2016-05-31": -0.0589, "2015-05-31": -0.0031, "2014-05-31": 0.3045, "2013-05-31": 0.239, "2012-05-31": 0.5106, "2011-05-31": 0.4756, "2010-05-31": 0.102, "2009-05-31": 0.1936, "2008-05-31": 0.368, "2007-05-31": 0.1887, "2006-05-31": 0.1799, "2005-05-31": 0.679}, "Free Cash Flow Per Share": {"2020-05-31": 0.0598, "2019-05-31": 0.2333, "2018-05-31": 0.3504, "2017-05-31": -0.0322, "2016-05-31": -0.0262, "2015-05-31": -0.186, "2014-05-31": 0.3127, "2013-05-31": 0.232, "2012-05-31": 0.4507, "2011-05-31": 0.4536, "2010-05-31": 0.1599, "2009-05-31": 0.1076, "2008-05-31": 0.4109, "2007-05-31": 0.1468, "2006-05-31": 0.1976, "2005-05-31": 0.6431}}, "financial ratios, quarterly": {"Current Ratio": {"2020-11-30": "2.16660", "2020-08-31": "2.66370", "2020-05-31": "3.03140", "2020-02-29": "2.12470", "2019-11-30": "2.36710", "2019-08-31": "2.24550", "2019-05-31": "2.48990", "2019-02-28": "2.64740", "2018-11-30": "2.80280", "2018-08-31": "3.42550", "2018-05-31": "3.98240", "2018-02-28": "4.32610", "2017-11-30": "5.06940", "2017-08-31": "3.62580", "2017-05-31": "3.08190", "2017-02-28": "4.18060", "2016-11-30": "3.96000", "2016-08-31": "4.91690", "2016-05-31": "3.73740", "2016-02-29": "4.82610", "2015-11-30": "4.26190", "2015-08-31": "4.03630", "2015-05-31": "4.11150", "2015-02-28": "3.71910", "2014-11-30": "4.34210", "2014-08-31": "4.35030", "2014-05-31": "3.34480", "2014-02-28": "3.39170", "2013-11-30": "3.37540", "2013-08-31": "3.12940", "2013-05-31": "3.23900", "2013-02-28": "3.41440", "2012-11-30": "3.33110", "2012-08-31": "2.73540", "2012-05-31": "2.60090", "2012-02-29": "3.22710", "2011-11-30": "3.47560", "2011-08-31": "3.00290", "2011-05-31": "2.76030", "2011-02-28": "2.87710", "2010-11-30": "2.45370", "2010-08-31": "2.19300", "2010-05-31": "1.83810", "2010-02-28": "1.68260", "2009-11-30": "2.95700", "2009-08-31": "2.66870", "2009-05-31": "2.03090", "2009-02-28": "1.95820", "2008-11-30": "1.90100", "2008-08-31": "1.93050", "2008-05-31": "1.80510", "2008-02-29": "2.30320", "2007-11-30": "2.07020", "2007-08-31": "1.79090", "2007-05-31": "1.37240", "2007-02-28": "1.68470", "2006-11-30": "1.91310", "2006-08-31": "1.74540", "2006-05-31": "1.72790", "2006-02-28": "1.90910", "2005-11-30": "1.12640", "2005-08-31": "1.09810", "2005-05-31": "1.04770", "2005-02-28": "0.97420"}, "Long-term Debt / Capital": {"2020-11-30": "0.88060", "2020-08-31": "0.86980", "2020-05-31": "0.84480", "2020-02-29": "0.76820", "2019-11-30": "0.75790", "2019-08-31": "0.72720", "2019-05-31": "0.69790", "2019-02-28": "0.68070", "2018-11-30": "0.62410", "2018-08-31": "0.58510", "2018-05-31": "0.54490", "2018-02-28": "0.53800", "2017-11-30": "0.50820", "2017-08-31": "0.46140", "2017-05-31": "0.47000", "2017-02-28": "0.49730", "2016-11-30": "0.50830", "2016-08-31": "0.52590", "2016-05-31": "0.45630", "2016-02-29": "0.46400", "2015-11-30": "0.46300", "2015-08-31": "0.45730", "2015-05-31": "0.44870", "2015-02-28": "0.38400", "2014-11-30": "0.40360", "2014-08-31": "0.40460", "2014-05-31": "0.32250", "2014-02-28": "0.33390", "2013-11-30": "0.33940", "2013-08-31": "0.33920", "2013-05-31": "0.29060", "2013-02-28": "0.29700", "2012-11-30": "0.29890", "2012-08-31": "0.23610", "2012-05-31": "0.23470", "2012-02-29": "0.25460", "2011-11-30": "0.25910", "2011-08-31": "0.26400", "2011-05-31": "0.26850", "2011-02-28": "0.28470", "2010-11-30": "0.29780", "2010-08-31": "0.31250", "2010-05-31": "0.26950", "2010-02-28": "0.28500", "2009-11-30": "0.33000", "2009-08-31": "0.34130", "2009-05-31": "0.26630", "2009-02-28": "0.30730", "2008-11-30": "0.30960", "2008-08-31": "0.30060", "2008-05-31": "0.30770", "2008-02-29": "0.23060", "2007-11-30": "0.24430", "2007-08-31": "0.25960", "2007-05-31": "0.26930", "2007-02-28": "0.26650", "2006-11-30": "0.26990", "2006-08-31": "0.27800", "2006-05-31": "0.27640", "2006-02-28": "0.27620", "2005-11-30": "0.01270", "2005-08-31": "0.01370", "2005-05-31": "0.01450", "2005-02-28": "0.01590"}, "Debt/Equity Ratio": {"2020-11-30": "8.21520", "2020-08-31": "6.97890", "2020-05-31": "5.63000", "2020-02-29": "3.47250", "2019-11-30": "3.19240", "2019-08-31": "2.86240", "2019-05-31": "2.51160", "2019-02-28": "2.31700", "2018-11-30": "1.86890", "2018-08-31": "1.50730", "2018-05-31": "1.29330", "2018-02-28": "1.25780", "2017-11-30": "1.07760", "2017-08-31": "0.94540", "2017-05-31": "1.06750", "2017-02-28": "1.05770", "2016-11-30": "1.11220", "2016-08-31": "1.13010", "2016-05-31": "0.91770", "2016-02-29": "0.86550", "2015-11-30": "0.90520", "2015-08-31": "0.88460", "2015-05-31": "0.85460", "2015-02-28": "0.66470", "2014-11-30": "0.67670", "2014-08-31": "0.67950", "2014-05-31": "0.50790", "2014-02-28": "0.53480", "2013-11-30": "0.54840", "2013-08-31": "0.54810", "2013-05-31": "0.40970", "2013-02-28": "0.45110", "2012-11-30": "0.45510", "2012-08-31": "0.33770", "2012-05-31": "0.37370", "2012-02-29": "0.34150", "2011-11-30": "0.34960", "2011-08-31": "0.35860", "2011-05-31": "0.39560", "2011-02-28": "0.39810", "2010-11-30": "0.48880", "2010-08-31": "0.52410", "2010-05-31": "0.46970", "2010-02-28": "0.54480", "2009-11-30": "0.52850", "2009-08-31": "0.55590", "2009-05-31": "0.40240", "2009-02-28": "0.48700", "2008-11-30": "0.49240", "2008-08-31": "0.47180", "2008-05-31": "0.48800", "2008-02-29": "0.29970", "2007-11-30": "0.32330", "2007-08-31": "0.35070", "2007-05-31": "0.44880", "2007-02-28": "0.36340", "2006-11-30": "0.38050", "2006-08-31": "0.39620", "2006-05-31": "0.39260", "2006-02-28": "0.40430", "2005-11-30": "0.08770", "2005-08-31": "0.14820", "2005-05-31": "0.26320", "2005-02-28": "0.74650"}, "Gross Margin": {"2020-11-30": "80.21430", "2020-08-31": "79.92950", "2020-05-31": "81.13990", "2020-02-29": "79.95100", "2019-11-30": "78.69770", "2019-08-31": "78.76980", "2019-05-31": "81.45820", "2019-02-28": "79.44660", "2018-11-30": "79.07340", "2018-08-31": "78.75560", "2018-05-31": "80.24330", "2018-02-28": "79.37160", "2017-11-30": "79.55990", "2017-08-31": "78.82250", "2017-05-31": "81.86550", "2017-02-28": "79.44600", "2016-11-30": "80.11070", "2016-08-31": "79.33680", "2016-05-31": "81.71610", "2016-02-29": "79.59390", "2015-11-30": "79.39510", "2015-08-31": "78.10130", "2015-05-31": "80.83140", "2015-02-28": "79.62900", "2014-11-30": "80.21460", "2014-08-31": "80.44440", "2014-05-31": "82.92550", "2014-02-28": "80.92830", "2013-11-30": "80.51750", "2013-08-31": "79.44340", "2013-05-31": "80.87150", "2013-02-28": "80.84390", "2012-11-30": "80.27270", "2012-08-31": "78.30340", "2012-05-31": "80.36830", "2012-02-29": "78.89150", "2011-11-30": "77.75250", "2011-08-31": "76.25990", "2011-05-31": "79.88680", "2011-02-28": "77.04250", "2010-11-30": "74.86600", "2010-08-31": "72.51400", "2010-05-31": "76.42050", "2010-02-28": "77.84200", "2009-11-30": "81.29050", "2009-08-31": "80.05540", "2009-05-31": "82.81590", "2009-02-28": "79.62590", "2008-11-30": "78.66950", "2008-08-31": "75.46430", "2008-05-31": "81.47530", "2008-02-29": "76.76200", "2007-11-30": "76.69870", "2007-08-31": "74.40940", "2007-05-31": "80.16470", "2007-02-28": "76.66520", "2006-11-30": "75.37830", "2006-08-31": "72.70960", "2006-05-31": "80.10310", "2006-02-28": "77.23340", "2005-11-30": "77.00490", "2005-08-31": "73.88010", "2005-05-31": "79.62870", "2005-02-28": "75.72880"}, "Operating Margin": {"2020-11-30": "36.56120", "2020-08-31": "34.27990", "2020-05-31": "41.26440", "2020-02-29": "36.01470", "2019-11-30": "33.10800", "2019-08-31": "31.21070", "2019-05-31": "38.22390", "2019-02-28": "35.35470", "2018-11-30": "32.43050", "2018-08-31": "30.21870", "2018-05-31": "37.77920", "2018-02-28": "34.26000", "2017-11-30": "31.69260", "2017-08-31": "30.19550", "2017-05-31": "39.02530", "2017-02-28": "32.14560", "2016-11-30": "33.61370", "2016-08-31": "30.72720", "2016-05-31": "37.45520", "2016-02-29": "33.58860", "2015-11-30": "32.85890", "2015-08-31": "31.41570", "2015-05-31": "37.20690", "2015-02-28": "36.27100", "2014-11-30": "36.90350", "2014-08-31": "34.46950", "2014-05-31": "43.36190", "2014-02-28": "38.32600", "2013-11-30": "36.76550", "2013-08-31": "34.31680", "2013-05-31": "45.67460", "2013-02-28": "37.21810", "2012-11-30": "38.16800", "2012-08-31": "35.19130", "2012-05-31": "42.09420", "2012-02-29": "36.69650", "2011-11-30": "35.38440", "2011-08-31": "32.03970", "2011-05-31": "40.45850", "2011-02-28": "34.08260", "2010-11-30": "32.27690", "2010-08-31": "25.55320", "2010-05-31": "34.73270", "2010-02-28": "28.77890", "2009-11-30": "37.17990", "2009-08-31": "34.42820", "2009-05-31": "42.04930", "2009-02-28": "35.57670", "2008-11-30": "35.22380", "2008-08-31": "28.53120", "2008-05-31": "41.02780", "2008-02-29": "35.05330", "2007-11-30": "33.54040", "2007-08-31": "26.87130", "2007-05-31": "39.12150", "2007-02-28": "31.58130", "2006-11-30": "32.59670", "2006-08-31": "26.26010", "2006-05-31": "38.26800", "2006-02-28": "30.31700", "2005-11-30": "33.90040", "2005-08-31": "25.72250", "2005-05-31": "36.25580", "2005-02-28": "26.10170"}, "EBIT Margin": {"2020-11-30": "36.56120", "2020-08-31": "34.27990", "2020-05-31": "41.26440", "2020-02-29": "36.01470", "2019-11-30": "33.10800", "2019-08-31": "31.21070", "2019-05-31": "38.22390", "2019-02-28": "35.35470", "2018-11-30": "32.43050", "2018-08-31": "30.21870", "2018-05-31": "37.77920", "2018-02-28": "34.26000", "2017-11-30": "31.69260", "2017-08-31": "30.19550", "2017-05-31": "39.02530", "2017-02-28": "32.14560", "2016-11-30": "33.61370", "2016-08-31": "30.72720", "2016-05-31": "37.45520", "2016-02-29": "33.58860", "2015-11-30": "32.85890", "2015-08-31": "31.41570", "2015-05-31": "37.20690", "2015-02-28": "36.27100", "2014-11-30": "36.90350", "2014-08-31": "34.46950", "2014-05-31": "43.36190", "2014-02-28": "38.32600", "2013-11-30": "36.76550", "2013-08-31": "34.31680", "2013-05-31": "45.67460", "2013-02-28": "37.21810", "2012-11-30": "38.16800", "2012-08-31": "35.19130", "2012-05-31": "42.09420", "2012-02-29": "36.69650", "2011-11-30": "35.38440", "2011-08-31": "32.03970", "2011-05-31": "40.45850", "2011-02-28": "34.08260", "2010-11-30": "32.27690", "2010-08-31": "25.55320", "2010-05-31": "34.73270", "2010-02-28": "28.77890", "2009-11-30": "37.17990", "2009-08-31": "34.42820", "2009-05-31": "42.04930", "2009-02-28": "35.57670", "2008-11-30": "35.22380", "2008-08-31": "28.53120", "2008-05-31": "41.02780", "2008-02-29": "35.05330", "2007-11-30": "33.54040", "2007-08-31": "26.87130", "2007-05-31": "39.12150", "2007-02-28": "31.58130", "2006-11-30": "32.59670", "2006-08-31": "26.26010", "2006-05-31": "38.26800", "2006-02-28": "30.31700", "2005-11-30": "33.90040", "2005-08-31": "25.72250", "2005-05-31": "36.25580", "2005-02-28": "26.10170"}, "EBITDA Margin": {"2020-11-30": "", "2020-08-31": "", "2020-05-31": "", "2020-02-29": "", "2019-11-30": "", "2019-08-31": "", "2019-05-31": "", "2019-02-28": "", "2018-11-30": "", "2018-08-31": "", "2018-05-31": "", "2018-02-28": "", "2017-11-30": "", "2017-08-31": "", "2017-05-31": "", "2017-02-28": "", "2016-11-30": "", "2016-08-31": "", "2016-05-31": "", "2016-02-29": "", "2015-11-30": "", "2015-08-31": "", "2015-05-31": "", "2015-02-28": "", "2014-11-30": "", "2014-08-31": "", "2014-05-31": "", "2014-02-28": "", "2013-11-30": "", "2013-08-31": "", "2013-05-31": "", "2013-02-28": "", "2012-11-30": "", "2012-08-31": "", "2012-05-31": "", "2012-02-29": "", "2011-11-30": "", "2011-08-31": "", "2011-05-31": "", "2011-02-28": "", "2010-11-30": "", "2010-08-31": "", "2010-05-31": "", "2010-02-28": "", "2009-11-30": "", "2009-08-31": "", "2009-05-31": "", "2009-02-28": "", "2008-11-30": "", "2008-08-31": "", "2008-05-31": "", "2008-02-29": "", "2007-11-30": "", "2007-08-31": "", "2007-05-31": "", "2007-02-28": "", "2006-11-30": "", "2006-08-31": "", "2006-05-31": "", "2006-02-28": "", "2005-11-30": "", "2005-08-31": "", "2005-05-31": "", "2005-02-28": ""}, "Pre-Tax Profit Margin": {"2020-11-30": "30.32650", "2020-08-31": "27.70360", "2020-05-31": "35.39270", "2020-02-29": "31.40060", "2019-11-30": "29.22820", "2019-08-31": "26.92560", "2019-05-31": "34.71310", "2019-02-28": "32.11980", "2018-11-30": "29.01070", "2018-08-31": "27.62970", "2018-05-31": "35.47300", "2018-02-28": "32.97850", "2017-11-30": "29.47130", "2017-08-31": "27.46050", "2017-05-31": "35.81270", "2017-02-28": "29.31020", "2016-11-30": "29.71780", "2016-08-31": "27.60910", "2016-05-31": "35.22750", "2016-02-29": "30.31510", "2015-11-30": "29.66750", "2015-08-31": "27.34380", "2015-05-31": "34.53530", "2015-02-28": "33.77290", "2014-11-30": "34.05920", "2014-08-31": "31.61940", "2014-05-31": "40.53530", "2014-02-28": "34.90920", "2013-11-30": "34.53370", "2013-08-31": "31.80840", "2013-05-31": "44.08510", "2013-02-28": "34.49430", "2012-11-30": "36.06770", "2012-08-31": "33.02780", "2012-05-31": "40.15210", "2012-02-29": "34.82690", "2011-11-30": "33.66700", "2011-08-31": "29.50800", "2011-05-31": "38.71360", "2011-02-28": "31.93750", "2010-11-30": "30.83200", "2010-08-31": "23.92700", "2010-05-31": "32.36530", "2010-02-28": "24.70330", "2009-11-30": "34.53400", "2009-08-31": "30.90620", "2009-05-31": "40.13990", "2009-02-28": "33.19270", "2008-11-30": "32.56640", "2008-08-31": "27.08690", "2008-05-31": "40.64100", "2008-02-29": "35.09070", "2007-11-30": "34.16150", "2007-08-31": "26.49590", "2007-05-31": "38.84700", "2007-02-28": "31.85320", "2006-11-30": "32.52460", "2006-08-31": "26.78920", "2006-05-31": "38.70100", "2006-02-28": "31.06630", "2005-11-30": "34.08260", "2005-08-31": "26.48120", "2005-05-31": "35.79170", "2005-02-28": "26.13560"}, "Net Profit Margin": {"2020-11-30": "24.91840", "2020-08-31": "24.03120", "2020-05-31": "29.84670", "2020-02-29": "26.24540", "2019-11-30": "24.03790", "2019-08-31": "23.18290", "2019-05-31": "33.58180", "2019-02-28": "28.55210", "2018-11-30": "24.39870", "2018-08-31": "24.63830", "2018-05-31": "29.74400", "2018-02-28": "-41.82510", "2017-11-30": "23.08900", "2017-08-31": "23.55010", "2017-05-31": "30.56490", "2017-02-28": "24.32370", "2016-11-30": "22.49030", "2016-08-31": "21.31470", "2016-05-31": "26.57160", "2016-02-29": "23.76830", "2015-11-30": "24.43010", "2015-08-31": "20.67950", "2015-05-31": "25.75430", "2015-02-28": "26.75030", "2014-11-30": "26.06790", "2014-08-31": "25.40720", "2014-05-31": "32.20560", "2014-02-28": "27.55990", "2013-11-30": "27.52560", "2013-08-31": "26.17060", "2013-05-31": "34.76750", "2013-02-28": "27.95270", "2012-11-30": "28.38140", "2012-08-31": "24.86250", "2012-05-31": "31.61420", "2012-02-29": "27.63580", "2011-11-30": "24.93180", "2011-08-31": "21.97280", "2011-05-31": "29.78470", "2011-02-28": "24.14420", "2010-11-30": "21.78980", "2010-08-31": "18.02190", "2010-05-31": "24.87370", "2010-02-28": "18.56650", "2009-11-30": "24.88900", "2009-08-31": "22.23980", "2009-05-31": "27.56160", "2009-02-28": "24.37190", "2008-11-30": "23.11400", "2008-08-31": "20.20260", "2008-05-31": "28.15310", "2008-02-29": "25.05140", "2007-11-30": "24.52480", "2007-08-31": "18.54710", "2007-05-31": "27.52230", "2007-02-28": "23.40280", "2006-11-30": "23.22840", "2006-08-31": "18.65780", "2006-05-31": "26.78350", "2006-02-28": "22.04610", "2005-11-30": "24.24060", "2005-08-31": "18.75000", "2005-05-31": "26.35380", "2005-02-28": "18.30510"}, "Asset Turnover": {"2020-11-30": "0.08910", "2020-08-31": "0.08250", "2020-05-31": "0.09040", "2020-02-29": "0.10130", "2019-11-30": "0.09770", "2019-08-31": "0.08680", "2019-05-31": "0.10240", "2019-02-28": "0.08780", "2018-11-30": "0.08080", "2018-08-31": "0.07160", "2018-05-31": "0.07990", "2018-02-28": "0.07000", "2017-11-30": "0.06910", "2017-08-31": "0.06810", "2017-05-31": "0.08120", "2017-02-28": "0.07340", "2016-11-30": "0.07310", "2016-08-31": "0.06980", "2016-05-31": "0.09440", "2016-02-29": "0.08590", "2015-11-30": "0.08450", "2015-08-31": "0.07700", "2015-05-31": "0.09650", "2015-02-28": "0.09440", "2014-11-30": "0.09760", "2014-08-31": "0.08620", "2014-05-31": "0.12540", "2014-02-28": "0.10750", "2013-11-30": "0.10880", "2013-08-31": "0.09690", "2013-05-31": "0.13380", "2013-02-28": "0.11280", "2012-11-30": "0.11420", "2012-08-31": "0.10690", "2012-05-31": "0.13940", "2012-02-29": "0.12160", "2011-11-30": "0.12060", "2011-08-31": "0.11340", "2011-05-31": "0.14650", "2011-02-28": "0.12950", "2010-11-30": "0.12760", "2010-08-31": "0.11500", "2010-05-31": "0.15430", "2010-02-28": "0.10780", "2009-11-30": "0.10880", "2009-08-31": "0.09540", "2009-05-31": "0.14470", "2009-02-28": "0.12130", "2008-11-30": "0.12520", "2008-08-31": "0.11280", "2008-05-31": "0.15310", "2008-02-29": "0.14330", "2007-11-30": "0.14900", "2007-08-31": "0.13200", "2007-05-31": "0.16860", "2007-02-28": "0.15030", "2006-11-30": "0.14390", "2006-08-31": "0.12450", "2006-05-31": "0.16710", "2006-02-28": "0.12190", "2005-11-30": "0.17020", "2005-08-31": "0.14130", "2005-05-31": "0.18750", "2005-02-28": "0.12410"}, "Inventory Turnover Ratio": {"2020-11-30": "", "2020-08-31": "", "2020-05-31": "", "2020-02-29": "", "2019-11-30": "", "2019-08-31": "", "2019-05-31": "", "2019-02-28": "", "2018-11-30": "", "2018-08-31": "", "2018-05-31": "", "2018-02-28": "4.02420", "2017-11-30": "4.49540", "2017-08-31": "6.17950", "2017-05-31": "", "2017-02-28": "4.83890", "2016-11-30": "5.49540", "2016-08-31": "6.20980", "2016-05-31": "9.13680", "2016-02-29": "8.67450", "2015-11-30": "7.78570", "2015-08-31": "7.37050", "2015-05-31": "6.53500", "2015-02-28": "6.66670", "2014-11-30": "9.12980", "2014-08-31": "9.39110", "2014-05-31": "10.22750", "2014-02-28": "7.81940", "2013-11-30": "7.72220", "2013-08-31": "7.08230", "2013-05-31": "8.72500", "2013-02-28": "8.13270", "2012-11-30": "10.93900", "2012-08-31": "11.99320", "2012-05-31": "13.56330", "2012-02-29": "11.09300", "2011-11-30": "8.97250", "2011-08-31": "7.67570", "2011-05-31": "7.15180", "2011-02-28": "7.28990", "2010-11-30": "9.13980", "2010-08-31": "8.77450", "2010-05-31": "8.65250", "2010-02-28": "4.50480", "2009-11-30": "", "2009-08-31": "", "2009-05-31": "", "2009-02-28": "", "2008-11-30": "", "2008-08-31": "", "2008-05-31": "", "2008-02-29": "", "2007-11-30": "", "2007-08-31": "", "2007-05-31": "", "2007-02-28": "", "2006-11-30": "", "2006-08-31": "", "2006-05-31": "", "2006-02-28": "", "2005-11-30": "", "2005-08-31": "", "2005-05-31": "", "2005-02-28": ""}, "Receiveable Turnover": {"2020-11-30": "2.21570", "2020-08-31": "2.04700", "2020-05-31": "1.88070", "2020-02-29": "2.35370", "2019-11-30": "2.37380", "2019-08-31": "2.41310", "2019-05-31": "2.16930", "2019-02-28": "2.40770", "2018-11-30": "2.40550", "2018-08-31": "2.46530", "2018-05-31": "2.14450", "2018-02-28": "2.47980", "2017-11-30": "2.52480", "2017-08-31": "2.53520", "2017-05-31": "2.06740", "2017-02-28": "2.47380", "2016-11-30": "2.44850", "2016-08-31": "2.52270", "2016-05-31": "1.96730", "2016-02-29": "2.34440", "2015-11-30": "2.27330", "2015-08-31": "2.43110", "2015-05-31": "1.90550", "2015-02-28": "2.23240", "2014-11-30": "2.21870", "2014-08-31": "2.42070", "2014-05-31": "1.85990", "2014-02-28": "2.28620", "2013-11-30": "2.21250", "2013-08-31": "2.42670", "2013-05-31": "1.80970", "2013-02-28": "2.14870", "2012-11-30": "2.06630", "2012-08-31": "2.16720", "2012-05-31": "1.71180", "2012-02-29": "1.94140", "2011-11-30": "1.98290", "2011-08-31": "1.99670", "2011-05-31": "1.62550", "2011-02-28": "1.94970", "2010-11-30": "1.94780", "2010-08-31": "2.01610", "2010-05-31": "1.70170", "2010-02-28": "1.64290", "2009-11-30": "1.89830", "2009-08-31": "1.95590", "2009-05-31": "1.54880", "2009-02-28": "1.80260", "2008-11-30": "1.72360", "2008-08-31": "1.63530", "2008-05-31": "1.41190", "2008-02-29": "1.46350", "2007-11-30": "1.46080", "2007-08-31": "1.50020", "2007-05-31": "1.27000", "2007-02-28": "1.40220", "2006-11-30": "1.46790", "2006-08-31": "1.53000", "2006-05-31": "1.41810", "2006-02-28": "1.40770", "2005-11-30": "1.49300", "2005-08-31": "1.49860", "2005-05-31": "1.33720", "2005-02-28": "1.40480"}, "Days Sales In Receivables": {"2020-11-30": "40.61940", "2020-08-31": "43.96710", "2020-05-31": "47.85350", "2020-02-29": "38.23810", "2019-11-30": "37.91350", "2019-08-31": "37.29660", "2019-05-31": "41.48870", "2019-02-28": "37.37990", "2018-11-30": "37.41370", "2018-08-31": "36.50710", "2018-05-31": "41.96840", "2018-02-28": "36.29390", "2017-11-30": "35.64710", "2017-08-31": "35.49980", "2017-05-31": "43.53380", "2017-02-28": "36.38130", "2016-11-30": "36.75710", "2016-08-31": "35.67540", "2016-05-31": "45.74760", "2016-02-29": "38.38880", "2015-11-30": "39.59080", "2015-08-31": "37.02060", "2015-05-31": "47.23210", "2015-02-28": "40.31520", "2014-11-30": "40.56470", "2014-08-31": "37.17890", "2014-05-31": "48.39060", "2014-02-28": "39.36710", "2013-11-30": "40.67710", "2013-08-31": "37.08790", "2013-05-31": "49.73140", "2013-02-28": "41.88550", "2012-11-30": "43.55510", "2012-08-31": "41.52920", "2012-05-31": "52.57700", "2012-02-29": "46.35910", "2011-11-30": "45.38900", "2011-08-31": "45.07520", "2011-05-31": "55.36660", "2011-02-28": "46.16040", "2010-11-30": "46.20600", "2010-08-31": "44.64010", "2010-05-31": "52.88830", "2010-02-28": "54.78140", "2009-11-30": "47.41210", "2009-08-31": "46.01500", "2009-05-31": "58.11110", "2009-02-28": "49.92670", "2008-11-30": "52.21510", "2008-08-31": "55.03660", "2008-05-31": "63.74220", "2008-02-29": "61.49750", "2007-11-30": "61.60930", "2007-08-31": "59.99340", "2007-05-31": "70.86650", "2007-02-28": "64.18670", "2006-11-30": "61.31160", "2006-08-31": "58.82210", "2006-05-31": "63.46390", "2006-02-28": "63.93370", "2005-11-30": "60.28250", "2005-08-31": "60.05420", "2005-05-31": "67.30270", "2005-02-28": "64.06780"}, "ROE - Return On Equity": {"2020-11-30": "28.34260", "2020-08-31": "22.19920", "2020-05-31": "24.50260", "2020-02-29": "17.27710", "2019-11-30": "14.27870", "2019-08-31": "11.23610", "2019-05-31": "16.72410", "2019-02-28": "11.32520", "2018-11-30": "7.51250", "2018-08-31": "5.87340", "2018-05-31": "6.98910", "2018-02-28": "-8.38370", "2017-11-30": "3.93250", "2017-08-31": "3.80370", "2017-05-31": "6.17370", "2017-02-28": "4.38820", "2016-11-30": "4.16010", "2016-08-31": "3.83010", "2016-05-31": "5.89040", "2016-02-29": "4.62280", "2015-11-30": "4.74190", "2015-08-31": "3.67500", "2015-05-31": "5.61530", "2015-02-28": "5.14090", "2014-11-30": "5.21660", "2014-08-31": "4.55660", "2014-05-31": "7.68440", "2014-02-28": "5.67040", "2013-11-30": "5.79360", "2013-08-31": "4.98110", "2013-05-31": "8.43060", "2013-02-28": "5.71820", "2012-11-30": "5.94560", "2012-08-31": "4.65060", "2012-05-31": "7.82770", "2012-02-29": "5.77360", "2011-11-30": "5.18610", "2011-08-31": "4.46180", "2011-05-31": "7.97370", "2011-02-28": "5.70980", "2010-11-30": "5.36590", "2010-08-31": "4.15850", "2010-05-31": "7.57720", "2010-02-28": "4.12120", "2009-11-30": "5.22300", "2009-08-31": "4.24360", "2009-05-31": "7.43170", "2009-02-28": "5.75900", "2008-11-30": "5.67900", "2008-08-31": "4.52220", "2008-05-31": "8.85120", "2008-02-29": "6.43770", "2007-11-30": "6.75300", "2007-08-31": "4.72310", "2007-05-31": "9.48050", "2007-02-28": "6.54170", "2006-11-30": "6.23310", "2006-08-31": "4.49690", "2006-05-31": "8.65310", "2006-02-28": "5.08540", "2005-11-30": "6.58690", "2005-08-31": "4.58040", "2005-05-31": "9.43070", "2005-02-28": "5.47110"}, "Return On Tangible Equity": {"2020-11-30": "-6.37230", "2020-08-31": "-6.06220", "2020-05-31": "-8.95660", "2020-02-29": "-7.79370", "2019-11-30": "-7.19560", "2019-08-31": "-7.22570", "2019-05-31": "-14.01010", "2019-02-28": "-10.88600", "2018-11-30": "-12.39240", "2018-08-31": "-19.81110", "2018-05-31": "-92.22970", "2018-02-28": "370.26530", "2017-11-30": "33.84290", "2017-08-31": "34.80520", "2017-05-31": "95.08800", "2017-02-28": "306.29280", "2016-11-30": "-168.49090", "2016-08-31": "24.78690", "2016-05-31": "34.09230", "2016-02-29": "31.48610", "2015-11-30": "33.48070", "2015-08-31": "23.44970", "2015-05-31": "32.03950", "2015-02-28": "33.89030", "2014-11-30": "33.75610", "2014-08-31": "17.30720", "2014-05-31": "31.27470", "2014-02-28": "27.41850", "2013-11-30": "27.52260", "2013-08-31": "24.05840", "2013-05-31": "34.09780", "2013-02-28": "22.71000", "2012-11-30": "23.29630", "2012-08-31": "18.37070", "2012-05-31": "31.17720", "2012-02-29": "20.83060", "2011-11-30": "16.70600", "2011-08-31": "15.66490", "2011-05-31": "29.62520", "2011-02-28": "28.94670", "2010-11-30": "34.40660", "2010-08-31": "54.36270", "2010-05-31": "162.69790", "2010-02-28": "-83.03070", "2009-11-30": "65.29330", "2009-08-31": "153.13350", "2009-05-31": "-283.93390", "2009-02-28": "-40.65460", "2008-11-30": "-33.51440", "2008-08-31": "-41.47090", "2008-05-31": "-60.63670", "2008-02-29": "77.36720", "2007-11-30": "-2554.90200", "2007-08-31": "-49.58680", "2007-05-31": "-63.54990", "2007-02-28": "-120.53680", "2006-11-30": "354.21250", "2006-08-31": "-248.14820", "2006-05-31": "192.44440", "2006-02-28": "288.67920", "2005-11-30": "53.91890", "2005-08-31": "66.88140", "2005-05-31": "221.69200", "2005-02-28": "-729.72970"}, "ROA - Return On Assets": {"2020-11-30": "2.21970", "2020-08-31": "1.98250", "2020-05-31": "2.69930", "2020-02-29": "2.65860", "2019-11-30": "2.34760", "2019-08-31": "2.01170", "2019-05-31": "3.44040", "2019-02-28": "2.50830", "2018-11-30": "1.97180", "2018-08-31": "1.76460", "2018-05-31": "2.37650", "2018-02-28": "-2.92830", "2017-11-30": "1.59550", "2017-08-31": "1.60480", "2017-05-31": "2.48090", "2017-02-28": "1.78570", "2016-11-30": "1.64400", "2016-08-31": "1.48670", "2016-05-31": "2.50940", "2016-02-29": "2.04210", "2015-11-30": "2.06320", "2015-08-31": "1.59240", "2015-05-31": "2.48600", "2015-02-28": "2.52490", "2014-11-30": "2.54510", "2014-08-31": "2.19000", "2014-05-31": "4.03920", "2014-02-28": "2.96320", "2013-11-30": "2.99510", "2013-08-31": "2.53570", "2013-05-31": "4.65210", "2013-02-28": "3.15170", "2012-11-30": "3.24010", "2012-08-31": "2.65680", "2012-05-31": "4.40590", "2012-02-29": "3.35930", "2011-11-30": "3.00640", "2011-08-31": "2.49120", "2011-05-31": "4.36390", "2011-02-28": "3.12710", "2010-11-30": "2.78100", "2010-08-31": "2.07190", "2010-05-31": "3.83900", "2010-02-28": "2.00220", "2009-11-30": "2.70840", "2009-08-31": "2.12080", "2009-05-31": "3.98810", "2009-02-28": "2.95670", "2008-11-30": "2.89270", "2008-08-31": "2.27920", "2008-05-31": "4.31160", "2008-02-29": "3.59100", "2007-11-30": "3.65470", "2007-08-31": "2.44790", "2007-05-31": "4.63960", "2007-02-28": "3.51730", "2006-11-30": "3.34290", "2006-08-31": "2.32250", "2006-05-31": "4.47480", "2006-02-28": "2.68760", "2005-11-30": "4.12490", "2005-08-31": "2.64850", "2005-05-31": "4.94030", "2005-02-28": "2.27210"}, "ROI - Return On Investment": {"2020-11-30": "3.38480", "2020-08-31": "2.88930", "2020-05-31": "3.80260", "2020-02-29": "4.00460", "2019-11-30": "3.45670", "2019-08-31": "3.06550", "2019-05-31": "5.05160", "2019-02-28": "3.61610", "2018-11-30": "2.82390", "2018-08-31": "2.43680", "2018-05-31": "3.18060", "2018-02-28": "-3.87290", "2017-11-30": "1.93410", "2017-08-31": "2.04860", "2017-05-31": "3.27190", "2017-02-28": "2.20610", "2016-11-30": "2.04560", "2016-08-31": "1.81590", "2016-05-31": "3.20270", "2016-02-29": "2.47800", "2015-11-30": "2.54660", "2015-08-31": "1.99460", "2015-05-31": "3.09580", "2015-02-28": "3.16660", "2014-11-30": "3.11120", "2014-08-31": "2.71310", "2014-05-31": "5.20590", "2014-02-28": "3.77690", "2013-11-30": "3.82720", "2013-08-31": "3.29170", "2013-05-31": "5.98060", "2013-02-28": "4.01980", "2012-11-30": "4.16850", "2012-08-31": "3.55240", "2012-05-31": "5.99020", "2012-02-29": "4.30370", "2011-11-30": "3.84260", "2011-08-31": "3.28410", "2011-05-31": "5.83270", "2011-02-28": "4.08410", "2010-11-30": "3.76790", "2010-08-31": "2.85900", "2010-05-31": "5.53510", "2010-02-28": "2.94680", "2009-11-30": "3.49930", "2009-08-31": "2.79530", "2009-05-31": "5.45240", "2009-02-28": "3.98940", "2008-11-30": "3.92050", "2008-08-31": "3.16280", "2008-05-31": "6.12750", "2008-02-29": "4.95340", "2007-11-30": "5.10360", "2007-08-31": "3.49690", "2007-05-31": "6.92750", "2007-02-28": "4.79860", "2006-11-30": "4.55080", "2006-08-31": "3.24680", "2006-05-31": "6.26110", "2006-02-28": "3.68070", "2005-11-30": "6.50310", "2005-08-31": "4.51780", "2005-05-31": "9.29430", "2005-02-28": "5.38440"}, "Book Value Per Share": {"2020-11-30": "2.91870", "2020-08-31": "3.36430", "2020-05-31": "4.14640", "2020-02-29": "4.70770", "2019-11-30": "5.03580", "2019-08-31": "5.77030", "2019-05-31": "6.65760", "2019-02-28": "7.03980", "2018-11-30": "8.55040", "2018-08-31": "10.11910", "2018-05-31": "11.72710", "2018-02-28": "11.79380", "2017-11-30": "13.58920", "2017-08-31": "13.51380", "2017-05-31": "13.11240", "2017-02-28": "12.39930", "2016-11-30": "11.90470", "2016-08-31": "11.64930", "2016-05-31": "11.56860", "2016-02-29": "11.14920", "2015-11-30": "11.01050", "2015-08-31": "11.10180", "2015-05-31": "11.30510", "2015-02-28": "11.09810", "2014-11-30": "10.90540", "2014-08-31": "10.80010", "2014-05-31": "10.62880", "2014-02-28": "10.09030", "2013-11-30": "9.77940", "2013-08-31": "9.62710", "2013-05-31": "9.71700", "2013-02-28": "9.27950", "2012-11-30": "9.14280", "2012-08-31": "9.05320", "2012-05-31": "8.98820", "2012-02-29": "8.68970", "2011-11-30": "8.39960", "2011-08-31": "8.16450", "2011-05-31": "7.94100", "2011-02-28": "7.32250", "2010-11-30": "6.89960", "2010-08-31": "6.47010", "2010-05-31": "6.20750", "2010-02-28": "5.75290", "2009-11-30": "5.57300", "2009-08-31": "5.28470", "2009-05-31": "5.08390", "2009-02-28": "4.63110", "2008-11-30": "4.52260", "2008-08-31": "4.62090", "2008-05-31": "4.47090", "2008-02-29": "4.04250", "2007-11-30": "3.76270", "2007-08-31": "3.47570", "2007-05-31": "3.31290", "2007-02-28": "3.07460", "2006-11-30": "2.99610", "2006-08-31": "2.87350", "2006-05-31": "2.86930", "2006-02-28": "2.83190", "2005-11-30": "2.35060", "2005-08-31": "2.20060", "2005-05-31": "2.10630", "2005-02-28": "1.92170"}, "Operating Cash Flow Per Share": {"2020-11-30": 0.494, "2020-08-31": "1.91600", "2020-05-31": 1.0768, "2020-02-29": 0.9567, "2019-11-30": 0.1958, "2019-08-31": "1.75950", "2019-05-31": 1.0986, "2019-02-28": 0.8963, "2018-11-30": 0.2232, "2018-08-31": "1.68090", "2018-05-31": 1.0284, "2018-02-28": 0.8706, "2017-11-30": 0.1988, "2017-08-31": "1.53270", "2017-05-31": 1.052, "2017-02-28": 0.6384, "2016-11-30": 0.2675, "2016-08-31": "1.39190", "2016-05-31": 0.8547, "2016-02-29": 0.842, "2015-11-30": 0.1492, "2015-08-31": "1.33300", "2015-05-31": 1.0008, "2015-02-28": 0.5078, "2014-11-30": 0.2499, "2014-08-31": "1.47930", "2014-05-31": 0.9535, "2014-02-28": 0.6704, "2013-11-30": 0.2708, "2013-08-31": "1.34620", "2013-05-31": 0.9289, "2013-02-28": 0.6792, "2012-11-30": 0.1801, "2012-08-31": "1.14820", "2012-05-31": 0.7907, "2012-02-29": 0.6036, "2011-11-30": 0.2505, "2011-08-31": "1.05260", "2011-05-31": 0.7424, "2011-02-28": 0.514, "2010-11-30": 0.1795, "2010-08-31": "0.75090", "2010-05-31": 0.4957, "2010-02-28": 0.3488, "2009-11-30": 0.1284, "2009-08-31": "0.73830", "2009-05-31": 0.3736, "2009-02-28": 0.4664, "2008-11-30": 0.1503, "2008-08-31": "0.61890", "2008-05-31": 0.4401, "2008-02-29": 0.3442, "2007-11-30": 0.1136, "2007-08-31": "0.51770", "2007-05-31": 0.4189, "2007-02-28": 0.2758, "2006-11-30": 0.0471, "2006-08-31": "0.30580", "2006-05-31": 0.3193, "2006-02-28": 0.2044, "2005-11-30": 0.0572, "2005-08-31": "0.27800", "2005-05-31": 0.1901, "2005-02-28": 0.4889}, "Free Cash Flow Per Share": {"2020-11-30": 0.3047, "2020-08-31": "1.77570", "2020-05-31": 0.9478, "2020-02-29": 0.8316, "2019-11-30": 0.0883, "2019-08-31": "1.64630", "2019-05-31": 0.9986, "2019-02-28": 0.7621, "2018-11-30": 0.1084, "2018-08-31": "1.58510", "2018-05-31": 0.9482, "2018-02-28": 0.7915, "2017-11-30": 0.0589, "2017-08-31": "1.42230", "2017-05-31": 0.9285, "2017-02-28": 0.5344, "2016-11-30": 0.0866, "2016-08-31": "1.32100", "2016-05-31": 0.8155, "2016-02-29": 0.7536, "2015-11-30": 0.1017, "2015-08-31": "1.23190", "2015-05-31": 0.8686, "2015-02-28": 0.4257, "2014-11-30": 0.1995, "2014-08-31": "1.43510", "2014-05-31": 0.9206, "2014-02-28": 0.638, "2013-11-30": 0.2429, "2013-08-31": "1.31340", "2013-05-31": 0.8918, "2013-02-28": 0.6542, "2012-11-30": 0.1361, "2012-08-31": "1.12010", "2012-05-31": 0.7483, "2012-02-29": 0.5752, "2011-11-30": 0.2251, "2011-08-31": "1.02160", "2011-05-31": 0.7309, "2011-02-28": 0.5049, "2010-11-30": 0.156, "2010-08-31": "0.72770", "2010-05-31": 0.4821, "2010-02-28": 0.3368, "2009-11-30": 0.1196, "2009-08-31": "0.72740", "2009-05-31": 0.3676, "2009-02-28": 0.4461, "2008-11-30": 0.1351, "2008-08-31": "0.55720", "2008-05-31": 0.4309, "2008-02-29": 0.366, "2007-11-30": 0.1004, "2007-08-31": "0.50110", "2007-05-31": 0.3932, "2007-02-28": 0.2614, "2006-11-30": 0.0363, "2006-08-31": "0.29660", "2006-05-31": 0.3051, "2006-02-28": 0.1998, "2005-11-30": 0.0543, "2005-08-31": "0.28150", "2005-05-31": 0.1829, "2005-02-28": 0.4602}}, "revenue": {"Oracle Annual Revenue (Millions of US $)": {"2020": "$39,068", "2019": "$39,506", "2018": "$39,383", "2017": "$37,792", "2016": "$37,047", "2015": "$38,226", "2014": "$38,275", "2013": "$37,180", "2012": "$37,121", "2011": "$35,622", "2010": "$26,820", "2009": "$23,252", "2008": "$22,430", "2007": "$17,996", "2006": "$14,380", "2005": "$11,799"}, "Oracle Quarterly Revenue (Millions of US $)": {"2020-11-30": "$9,800", "2020-08-31": "$9,367", "2020-05-31": "$10,440", "2020-02-29": "$9,796", "2019-11-30": "$9,614", "2019-08-31": "$9,218", "2019-05-31": "$11,137", "2019-02-28": "$9,614", "2018-11-30": "$9,562", "2018-08-31": "$9,193", "2018-05-31": "$11,014", "2018-02-28": "$9,676", "2017-11-30": "$9,589", "2017-08-31": "$9,104", "2017-05-31": "$10,957", "2017-02-28": "$9,205", "2016-11-30": "$9,035", "2016-08-31": "$8,595", "2016-05-31": "$10,594", "2016-02-29": "$9,012", "2015-11-30": "$8,993", "2015-08-31": "$8,448", "2015-05-31": "$10,705", "2015-02-28": "$9,327", "2014-11-30": "$9,598", "2014-08-31": "$8,596", "2014-05-31": "$11,321", "2014-02-28": "$9,307", "2013-11-30": "$9,275", "2013-08-31": "$8,372", "2013-05-31": "$10,947", "2013-02-28": "$8,958", "2012-11-30": "$9,094", "2012-08-31": "$8,181", "2012-05-31": "$10,916", "2012-02-29": "$9,039", "2011-11-30": "$8,792", "2011-08-31": "$8,374", "2011-05-31": "$10,774", "2011-02-28": "$8,764", "2010-11-30": "$8,582", "2010-08-31": "$7,502", "2010-05-31": "$9,504", "2010-02-28": "$6,404", "2009-11-30": "$5,858", "2009-08-31": "$5,054", "2009-05-31": "$6,861", "2009-02-28": "$5,453", "2008-11-30": "$5,607", "2008-08-31": "$5,331", "2008-05-31": "$7,239", "2008-02-29": "$5,349", "2007-11-30": "$5,313", "2007-08-31": "$4,529", "2007-05-31": "$5,828", "2007-02-28": "$4,414", "2006-11-30": "$4,163", "2006-08-31": "$3,591", "2006-05-31": "$4,850", "2006-02-28": "$3,470", "2005-11-30": "$3,292", "2005-08-31": "$2,768", "2005-05-31": "$3,878", "2005-02-28": "$2,950"}}, "gross-profit": {"Oracle Annual Gross Profit (Millions of US $)": {"2020": "$31,130", "2019": "$31,511", "2018": "$31,323", "2017": "$30,340", "2016": "$29,568", "2015": "$30,694", "2014": "$31,039", "2013": "$29,801", "2012": "$29,126", "2011": "$27,224", "2010": "$21,056", "2009": "$18,458", "2008": "$17,449", "2007": "$13,805", "2006": "$11,145", "2005": "$9,148"}, "Oracle Quarterly Gross Profit (Millions of US $)": {"2020-11-30": "$7,861", "2020-08-31": "$7,487", "2020-05-31": "$8,471", "2020-02-29": "$7,832", "2019-11-30": "$7,566", "2019-08-31": "$7,261", "2019-05-31": "$9,072", "2019-02-28": "$7,638", "2018-11-30": "$7,561", "2018-08-31": "$7,240", "2018-05-31": "$8,838", "2018-02-28": "$7,680", "2017-11-30": "$7,629", "2017-08-31": "$7,176", "2017-05-31": "$8,970", "2017-02-28": "$7,313", "2016-11-30": "$7,238", "2016-08-31": "$6,819", "2016-05-31": "$8,657", "2016-02-29": "$7,173", "2015-11-30": "$7,140", "2015-08-31": "$6,598", "2015-05-31": "$8,653", "2015-02-28": "$7,427", "2014-11-30": "$7,699", "2014-08-31": "$6,915", "2014-05-31": "$9,388", "2014-02-28": "$7,532", "2013-11-30": "$7,468", "2013-08-31": "$6,651", "2013-05-31": "$8,853", "2013-02-28": "$7,242", "2012-11-30": "$7,300", "2012-08-31": "$6,406", "2012-05-31": "$8,773", "2012-02-29": "$7,131", "2011-11-30": "$6,836", "2011-08-31": "$6,386", "2011-05-31": "$8,607", "2011-02-28": "$6,752", "2010-11-30": "$6,425", "2010-08-31": "$5,440", "2010-05-31": "$7,263", "2010-02-28": "$4,985", "2009-11-30": "$4,762", "2009-08-31": "$4,046", "2009-05-31": "$5,682", "2009-02-28": "$4,342", "2008-11-30": "$4,411", "2008-08-31": "$4,023", "2008-05-31": "$5,898", "2008-02-29": "$4,106", "2007-11-30": "$4,075", "2007-08-31": "$3,370", "2007-05-31": "$4,672", "2007-02-28": "$3,384", "2006-11-30": "$3,138", "2006-08-31": "$2,611", "2006-05-31": "$3,885", "2006-02-28": "$2,680", "2005-11-30": "$2,535", "2005-08-31": "$2,045", "2005-05-31": "$3,088", "2005-02-28": "$2,234"}}, "operating-income": {"Oracle Annual Operating Income (Millions of US $)": {"2020": "$13,896", "2019": "$13,535", "2018": "$13,264", "2017": "$12,913", "2016": "$12,604", "2015": "$13,871", "2014": "$14,759", "2013": "$14,684", "2012": "$13,706", "2011": "$12,033", "2010": "$9,062", "2009": "$8,321", "2008": "$7,844", "2007": "$5,974", "2006": "$4,736", "2005": "$4,022"}, "Oracle Quarterly Operating Income (Millions of US $)": {"2020-11-30": "$3,583", "2020-08-31": "$3,211", "2020-05-31": "$4,308", "2020-02-29": "$3,528", "2019-11-30": "$3,183", "2019-08-31": "$2,877", "2019-05-31": "$4,257", "2019-02-28": "$3,399", "2018-11-30": "$3,101", "2018-08-31": "$2,778", "2018-05-31": "$4,161", "2018-02-28": "$3,315", "2017-11-30": "$3,039", "2017-08-31": "$2,749", "2017-05-31": "$4,276", "2017-02-28": "$2,959", "2016-11-30": "$3,037", "2016-08-31": "$2,641", "2016-05-31": "$3,968", "2016-02-29": "$3,027", "2015-11-30": "$2,955", "2015-08-31": "$2,654", "2015-05-31": "$3,983", "2015-02-28": "$3,383", "2014-11-30": "$3,542", "2014-08-31": "$2,963", "2014-05-31": "$4,909", "2014-02-28": "$3,567", "2013-11-30": "$3,410", "2013-08-31": "$2,873", "2013-05-31": "$5,000", "2013-02-28": "$3,334", "2012-11-30": "$3,471", "2012-08-31": "$2,879", "2012-05-31": "$4,595", "2012-02-29": "$3,317", "2011-11-30": "$3,111", "2011-08-31": "$2,683", "2011-05-31": "$4,359", "2011-02-28": "$2,987", "2010-11-30": "$2,770", "2010-08-31": "$1,917", "2010-05-31": "$3,301", "2010-02-28": "$1,843", "2009-11-30": "$2,178", "2009-08-31": "$1,740", "2009-05-31": "$2,885", "2009-02-28": "$1,940", "2008-11-30": "$1,975", "2008-08-31": "$1,521", "2008-05-31": "$2,970", "2008-02-29": "$1,875", "2007-11-30": "$1,782", "2007-08-31": "$1,217", "2007-05-31": "$2,280", "2007-02-28": "$1,394", "2006-11-30": "$1,357", "2006-08-31": "$943", "2006-05-31": "$1,856", "2006-02-28": "$1,052", "2005-11-30": "$1,116", "2005-08-31": "$712", "2005-05-31": "$1,406", "2005-02-28": "$770"}}, "ebitda": {"Oracle Annual EBITDA (Millions of US $)": {"2020": "$16,864", "2019": "$16,454", "2018": "$16,049", "2017": "$15,364", "2016": "$15,113", "2015": "$16,732", "2014": "$17,667", "2013": "$17,615", "2012": "$16,622", "2011": "$14,829", "2010": "$11,333", "2009": "$10,297", "2008": "$9,324", "2007": "$7,101", "2006": "$5,591", "2005": "$4,519"}, "Oracle Quarterly EBITDA (Millions of US $)": {"2020-11-30": "$4,314", "2020-08-31": "$3,912", "2020-05-31": "$5,030", "2020-02-29": "$4,276", "2019-11-30": "$3,931", "2019-08-31": "$3,627", "2019-05-31": "$5,011", "2019-02-28": "$4,140", "2018-11-30": "$3,805", "2018-08-31": "$3,498", "2018-05-31": "$4,863", "2018-02-28": "$4,014", "2017-11-30": "$3,727", "2017-08-31": "$3,445", "2017-05-31": "$4,995", "2017-02-28": "$3,615", "2016-11-30": "$3,580", "2016-08-31": "$3,174", "2016-05-31": "$4,551", "2016-02-29": "$3,649", "2015-11-30": "$3,588", "2015-08-31": "$3,325", "2015-05-31": "$4,700", "2015-02-28": "$4,087", "2014-11-30": "$4,275", "2014-08-31": "$3,670", "2014-05-31": "$5,633", "2014-02-28": "$4,277", "2013-11-30": "$4,139", "2013-08-31": "$3,618", "2013-05-31": "$5,742", "2013-02-28": "$4,059", "2012-11-30": "$4,189", "2012-08-31": "$3,625", "2012-05-31": "$5,371", "2012-02-29": "$4,047", "2011-11-30": "$3,812", "2011-08-31": "$3,392", "2011-05-31": "$5,043", "2011-02-28": "$3,688", "2010-11-30": "$3,479", "2010-08-31": "$2,619", "2010-05-31": "$4,007", "2010-02-28": "$2,418", "2009-11-30": "$2,676", "2009-08-31": "$2,232", "2009-05-31": "$3,387", "2009-02-28": "$2,441", "2008-11-30": "$2,471", "2008-08-31": "$1,998", "2008-05-31": "$3,381", "2008-02-29": "$2,232", "2007-11-30": "$2,142", "2007-08-31": "$1,569", "2007-05-31": "$2,600", "2007-02-28": "$1,676", "2006-11-30": "$1,625", "2006-08-31": "$1,200", "2006-05-31": "$2,153", "2006-02-28": "$1,251", "2005-11-30": "$1,295", "2005-08-31": "$892", "2005-05-31": "$1,664", "2005-02-28": "$904"}}, "net-income": {"Oracle Annual Net Income (Millions of US $)": {"2020": "$10,135", "2019": "$11,083", "2018": "$3,587", "2017": "$9,452", "2016": "$8,901", "2015": "$9,938", "2014": "$10,955", "2013": "$10,925", "2012": "$9,981", "2011": "$8,547", "2010": "$6,135", "2009": "$5,593", "2008": "$5,521", "2007": "$4,274", "2006": "$3,381", "2005": "$2,886"}, "Oracle Quarterly Net Income (Millions of US $)": {"2020-11-30": "$2,442", "2020-08-31": "$2,251", "2020-05-31": "$3,116", "2020-02-29": "$2,571", "2019-11-30": "$2,311", "2019-08-31": "$2,137", "2019-05-31": "$3,740", "2019-02-28": "$2,745", "2018-11-30": "$2,333", "2018-08-31": "$2,265", "2018-05-31": "$3,276", "2018-02-28": "$-4,047", "2017-11-30": "$2,214", "2017-08-31": "$2,144", "2017-05-31": "$3,349", "2017-02-28": "$2,239", "2016-11-30": "$2,032", "2016-08-31": "$1,832", "2016-05-31": "$2,815", "2016-02-29": "$2,142", "2015-11-30": "$2,197", "2015-08-31": "$1,747", "2015-05-31": "$2,757", "2015-02-28": "$2,495", "2014-11-30": "$2,502", "2014-08-31": "$2,184", "2014-05-31": "$3,646", "2014-02-28": "$2,565", "2013-11-30": "$2,553", "2013-08-31": "$2,191", "2013-05-31": "$3,806", "2013-02-28": "$2,504", "2012-11-30": "$2,581", "2012-08-31": "$2,034", "2012-05-31": "$3,451", "2012-02-29": "$2,498", "2011-11-30": "$2,192", "2011-08-31": "$1,840", "2011-05-31": "$3,209", "2011-02-28": "$2,116", "2010-11-30": "$1,870", "2010-08-31": "$1,352", "2010-05-31": "$2,364", "2010-02-28": "$1,189", "2009-11-30": "$1,458", "2009-08-31": "$1,124", "2009-05-31": "$1,891", "2009-02-28": "$1,329", "2008-11-30": "$1,296", "2008-08-31": "$1,077", "2008-05-31": "$2,038", "2008-02-29": "$1,340", "2007-11-30": "$1,303", "2007-08-31": "$840", "2007-05-31": "$1,604", "2007-02-28": "$1,033", "2006-11-30": "$967", "2006-08-31": "$670", "2006-05-31": "$1,299", "2006-02-28": "$765", "2005-11-30": "$798", "2005-08-31": "$519", "2005-05-31": "$1,022", "2005-02-28": "$540"}}, "eps-earnings-per-share-diluted": {"Oracle Annual EPS": {"2020": "$3.08", "2019": "$2.97", "2018": "$0.85", "2017": "$2.24", "2016": "$2.07", "2015": "$2.21", "2014": "$2.38", "2013": "$2.26", "2012": "$1.96", "2011": "$1.67", "2010": "$1.21", "2009": "$1.09", "2008": "$1.06", "2007": "$0.81", "2006": "$0.64", "2005": "$0.55"}, "Oracle Quarterly EPS": {"2020-11-30": "$0.80", "2020-08-31": "$0.72", "2020-05-31": "$0.97", "2020-02-29": "$0.79", "2019-11-30": "$0.69", "2019-08-31": "$0.63", "2019-05-31": "$1.03", "2019-02-28": "$0.76", "2018-11-30": "$0.61", "2018-08-31": "$0.57", "2018-05-31": "$0.81", "2018-02-28": "$-0.98", "2017-11-30": "$0.52", "2017-08-31": "$0.50", "2017-05-31": "$0.80", "2017-02-28": "$0.53", "2016-11-30": "$0.48", "2016-08-31": "$0.43", "2016-05-31": "$0.66", "2016-02-29": "$0.50", "2015-11-30": "$0.51", "2015-08-31": "$0.40", "2015-05-31": "$0.61", "2015-02-28": "$0.56", "2014-11-30": "$0.56", "2014-08-31": "$0.48", "2014-05-31": "$0.79", "2014-02-28": "$0.56", "2013-11-30": "$0.56", "2013-08-31": "$0.47", "2013-05-31": "$0.80", "2013-02-28": "$0.52", "2012-11-30": "$0.53", "2012-08-31": "$0.41", "2012-05-31": "$0.68", "2012-02-29": "$0.49", "2011-11-30": "$0.43", "2011-08-31": "$0.36", "2011-05-31": "$0.62", "2011-02-28": "$0.41", "2010-11-30": "$0.37", "2010-08-31": "$0.27", "2010-05-31": "$0.47", "2010-02-28": "$0.23", "2009-11-30": "$0.29", "2009-08-31": "$0.22", "2009-05-31": "$0.37", "2009-02-28": "$0.26", "2008-11-30": "$0.25", "2008-08-31": "$0.21", "2008-05-31": "$0.39", "2008-02-29": "$0.26", "2007-11-30": "$0.25", "2007-08-31": "$0.16", "2007-05-31": "$0.30", "2007-02-28": "$0.20", "2006-11-30": "$0.18", "2006-08-31": "$0.13", "2006-05-31": "$0.25", "2006-02-28": "$0.14", "2005-11-30": "$0.15", "2005-08-31": "$0.10", "2005-05-31": "$0.19", "2005-02-28": "$0.10"}}, "shares-outstanding": {"Oracle Annual Shares Outstanding (Millions of Shares)": {"2020": "3,294", "2019": "3,732", "2018": "4,238", "2017": "4,217", "2016": "4,305", "2015": "4,503", "2014": "4,604", "2013": "4,844", "2012": "5,095", "2011": "5,128", "2010": "5,073", "2009": "5,130", "2008": "5,229", "2007": "5,269", "2006": "5,287", "2005": "5,231"}, "Oracle Quarterly Shares Outstanding (Millions of Shares)": {"2020-11-30": "3,046", "2020-08-31": "3,107", "2020-05-31": "3,294", "2020-02-29": "3,271", "2019-11-30": "3,331", "2019-08-31": "3,410", "2019-05-31": "3,732", "2019-02-28": "3,617", "2018-11-30": "3,817", "2018-08-31": "3,999", "2018-05-31": "4,238", "2018-02-28": "4,122", "2017-11-30": "4,283", "2017-08-31": "4,284", "2017-05-31": "4,217", "2017-02-28": "4,204", "2016-11-30": "4,195", "2016-08-31": "4,221", "2016-05-31": "4,305", "2016-02-29": "4,256", "2015-11-30": "4,316", "2015-08-31": "4,412", "2015-05-31": "4,503", "2015-02-28": "4,494", "2014-11-30": "4,505", "2014-08-31": "4,548", "2014-05-31": "4,604", "2014-02-28": "4,575", "2013-11-30": "4,600", "2013-08-31": "4,674", "2013-05-31": "4,844", "2013-02-28": "4,812", "2012-11-30": "4,868", "2012-08-31": "4,939", "2012-05-31": "5,095", "2012-02-29": "5,080", "2011-11-30": "5,123", "2011-08-31": "5,150", "2011-05-31": "5,128", "2011-02-28": "5,149", "2010-11-30": "5,117", "2010-08-31": "5,083", "2010-05-31": "5,073", "2010-02-28": "5,076", "2009-11-30": "5,064", "2009-08-31": "5,063", "2009-05-31": "5,130", "2009-02-28": "5,056", "2008-11-30": "5,187", "2008-08-31": "5,235", "2008-05-31": "5,229", "2008-02-29": "5,235", "2007-11-30": "5,232", "2007-08-31": "5,217", "2007-05-31": "5,269", "2007-02-28": "5,257", "2006-11-30": "5,287", "2006-08-31": "5,307", "2006-05-31": "5,287", "2006-02-28": "5,304", "2005-11-30": "5,238", "2005-08-31": "5,244", "2005-05-31": "5,231", "2005-02-28": "5,230"}}, "total-assets": {"Oracle Annual Total Assets (Millions of US $)": {"2020": "$115,438", "2019": "$108,709", "2018": "$137,851", "2017": "$134,991", "2016": "$112,180", "2015": "$110,903", "2014": "$90,266", "2013": "$81,812", "2012": "$78,327", "2011": "$73,535", "2010": "$61,578", "2009": "$47,416", "2008": "$47,268", "2007": "$34,572", "2006": "$29,029", "2005": "$20,687"}, "Oracle Quarterly Total Assets (Millions of US $)": {"2020-11-30": "$110,014", "2020-08-31": "$113,546", "2020-05-31": "$115,438", "2020-02-29": "$96,704", "2019-11-30": "$98,443", "2019-08-31": "$106,229", "2019-05-31": "$108,709", "2019-02-28": "$109,438", "2018-11-30": "$118,318", "2018-08-31": "$128,358", "2018-05-31": "$137,851", "2018-02-28": "$138,201", "2017-11-30": "$138,762", "2017-08-31": "$133,597", "2017-05-31": "$134,991", "2017-02-28": "$125,382", "2016-11-30": "$123,600", "2016-08-31": "$123,223", "2016-05-31": "$112,180", "2016-02-29": "$104,894", "2015-11-30": "$106,483", "2015-08-31": "$109,706", "2015-05-31": "$110,903", "2015-02-28": "$98,816", "2014-11-30": "$98,305", "2014-08-31": "$99,726", "2014-05-31": "$90,266", "2014-02-28": "$86,562", "2013-11-30": "$85,238", "2013-08-31": "$86,406", "2013-05-31": "$81,812", "2013-02-28": "$79,450", "2012-11-30": "$79,657", "2012-08-31": "$76,558", "2012-05-31": "$78,327", "2012-02-29": "$74,361", "2011-11-30": "$72,910", "2011-08-31": "$73,859", "2011-05-31": "$73,535", "2011-02-28": "$67,666", "2010-11-30": "$67,243", "2010-08-31": "$65,255", "2010-05-31": "$61,578", "2010-02-28": "$59,386", "2009-11-30": "$53,833", "2009-08-31": "$52,998", "2009-05-31": "$47,416", "2009-02-28": "$44,949", "2008-11-30": "$44,802", "2008-08-31": "$47,253", "2008-05-31": "$47,268", "2008-02-29": "$37,316", "2007-11-30": "$35,653", "2007-08-31": "$34,315", "2007-05-31": "$34,572", "2007-02-28": "$29,369", "2006-11-30": "$28,927", "2006-08-31": "$28,848", "2006-05-31": "$29,029", "2006-02-28": "$28,464", "2005-11-30": "$19,346", "2005-08-31": "$19,596", "2005-05-31": "$20,687", "2005-02-28": "$23,767"}}, "cash-on-hand": {"Oracle Annual Cash on Hand (Millions of US $)": {"2020": "$43,057", "2019": "$37,827", "2018": "$67,261", "2017": "$66,078", "2016": "$56,125", "2015": "$54,368", "2014": "$38,819", "2013": "$32,216", "2012": "$30,676", "2011": "$28,848", "2010": "$18,469", "2009": "$12,624", "2008": "$11,043", "2007": "$7,020", "2006": "$7,605", "2005": "$4,771"}, "Oracle Quarterly Cash on Hand (Millions of US $)": {"2020-11-30": "$38,593", "2020-08-31": "$42,279", "2020-05-31": "$43,057", "2020-02-29": "$25,858", "2019-11-30": "$27,444", "2019-08-31": "$35,704", "2019-05-31": "$37,827", "2019-02-28": "$40,030", "2018-11-30": "$49,391", "2018-08-31": "$60,094", "2018-05-31": "$67,261", "2018-02-28": "$70,455", "2017-11-30": "$71,580", "2017-08-31": "$66,897", "2017-05-31": "$66,078", "2017-02-28": "$59,352", "2016-11-30": "$58,206", "2016-08-31": "$68,396", "2016-05-31": "$56,125", "2016-02-29": "$50,767", "2015-11-30": "$52,335", "2015-08-31": "$55,930", "2015-05-31": "$54,368", "2015-02-28": "$43,777", "2014-11-30": "$44,733", "2014-08-31": "$51,616", "2014-05-31": "$38,819", "2014-02-28": "$37,225", "2013-11-30": "$36,974", "2013-08-31": "$39,104", "2013-05-31": "$32,216", "2013-02-28": "$33,407", "2012-11-30": "$33,695", "2012-08-31": "$31,607", "2012-05-31": "$30,676", "2012-02-29": "$29,742", "2011-11-30": "$31,012", "2011-08-31": "$31,660", "2011-05-31": "$28,848", "2011-02-28": "$24,355", "2010-11-30": "$24,845", "2010-08-31": "$23,637", "2010-05-31": "$18,469", "2010-02-28": "$17,489", "2009-11-30": "$20,784", "2009-08-31": "$20,565", "2009-05-31": "$12,624", "2009-02-28": "$11,294", "2008-11-30": "$10,646", "2008-08-31": "$13,021", "2008-05-31": "$11,043", "2008-02-29": "$10,506", "2007-11-30": "$8,432", "2007-08-31": "$7,743", "2007-05-31": "$7,020", "2007-02-28": "$6,445", "2006-11-30": "$7,825", "2006-08-31": "$8,298", "2006-05-31": "$7,605", "2006-02-28": "$7,764", "2005-11-30": "$3,403", "2005-08-31": "$4,632", "2005-05-31": "$4,771", "2005-02-28": "$9,132"}}, "long-term-debt": {"Oracle Annual Long Term Debt (Millions of US $)": {"2020": "$69,226", "2019": "$51,673", "2018": "$56,128", "2017": "$48,112", "2016": "$40,105", "2015": "$39,959", "2014": "$22,589", "2013": "$18,494", "2012": "$13,524", "2011": "$14,772", "2010": "$11,510", "2009": "$9,237", "2008": "$10,235", "2007": "$6,235", "2006": "$5,735", "2005": "$159"}, "Oracle Quarterly Long Term Debt (Millions of US $)": {"2020-11-30": "$63,531", "2020-08-31": "$67,769", "2020-05-31": "$69,226", "2020-02-29": "$49,320", "2019-11-30": "$50,670", "2019-08-31": "$50,692", "2019-05-31": "$51,673", "2019-02-28": "$51,672", "2018-11-30": "$51,561", "2018-08-31": "$54,386", "2018-05-31": "$56,128", "2018-02-28": "$56,224", "2017-11-30": "$58,170", "2017-08-31": "$48,293", "2017-05-31": "$48,112", "2017-02-28": "$50,469", "2016-11-30": "$50,489", "2016-08-31": "$53,057", "2016-05-31": "$40,105", "2016-02-29": "$40,106", "2015-11-30": "$39,940", "2015-08-31": "$40,050", "2015-05-31": "$39,959", "2015-02-28": "$30,258", "2014-11-30": "$32,456", "2014-08-31": "$32,567", "2014-05-31": "$22,589", "2014-02-28": "$22,677", "2013-11-30": "$22,641", "2013-08-31": "$22,575", "2013-05-31": "$18,494", "2013-02-28": "$18,502", "2012-11-30": "$18,507", "2012-08-31": "$13,521", "2012-05-31": "$13,524", "2012-02-29": "$14,777", "2011-11-30": "$14,778", "2011-08-31": "$14,789", "2011-05-31": "$14,772", "2011-02-28": "$14,752", "2010-11-30": "$14,780", "2010-08-31": "$14,778", "2010-05-31": "$11,510", "2010-02-28": "$11,498", "2009-11-30": "$13,751", "2009-08-31": "$13,723", "2009-05-31": "$9,237", "2009-02-28": "$10,236", "2008-11-30": "$10,236", "2008-08-31": "$10,236", "2008-05-31": "$10,235", "2008-02-29": "$6,237", "2007-11-30": "$6,236", "2007-08-31": "$6,236", "2007-05-31": "$6,235", "2007-02-28": "$5,736", "2006-11-30": "$5,735", "2006-08-31": "$5,737", "2006-05-31": "$5,735", "2006-02-28": "$5,741", "2005-11-30": "$156", "2005-08-31": "$157", "2005-05-31": "$159", "2005-02-28": "$159"}}, "total-liabilities": {"Oracle Annual Total Liabilities (Millions of US $)": {"2020": "$102,721", "2019": "$86,346", "2018": "$90,978", "2017": "$80,745", "2016": "$64,390", "2015": "$61,805", "2014": "$42,819", "2013": "$36,667", "2012": "$34,240", "2011": "$33,290", "2010": "$30,379", "2009": "$21,971", "2008": "$24,243", "2007": "$17,653", "2006": "$14,017", "2005": "$9,850"}, "Oracle Quarterly Total Liabilities (Millions of US $)": {"2020-11-30": "$101,398", "2020-08-31": "$103,406", "2020-05-31": "$102,721", "2020-02-29": "$81,823", "2019-11-30": "$82,258", "2019-08-31": "$87,210", "2019-05-31": "$86,346", "2019-02-28": "$85,200", "2018-11-30": "$87,263", "2018-08-31": "$89,794", "2018-05-31": "$90,978", "2018-02-28": "$89,929", "2017-11-30": "$82,462", "2017-08-31": "$77,231", "2017-05-31": "$80,745", "2017-02-28": "$74,359", "2016-11-30": "$74,755", "2016-08-31": "$75,391", "2016-05-31": "$64,390", "2016-02-29": "$58,558", "2015-11-30": "$60,151", "2015-08-31": "$62,168", "2015-05-31": "$61,805", "2015-02-28": "$50,284", "2014-11-30": "$50,343", "2014-08-31": "$51,795", "2014-05-31": "$42,819", "2014-02-28": "$41,327", "2013-11-30": "$41,172", "2013-08-31": "$42,420", "2013-05-31": "$36,667", "2013-02-28": "$35,660", "2012-11-30": "$36,247", "2012-08-31": "$32,822", "2012-05-31": "$34,240", "2012-02-29": "$31,095", "2011-11-30": "$30,643", "2011-08-31": "$32,620", "2011-05-31": "$33,290", "2011-02-28": "$30,607", "2010-11-30": "$32,393", "2010-08-31": "$32,743", "2010-05-31": "$30,379", "2010-02-28": "$30,535", "2009-11-30": "$25,918", "2009-08-31": "$26,511", "2009-05-31": "$21,971", "2009-02-28": "$21,872", "2008-11-30": "$21,981", "2008-08-31": "$23,437", "2008-05-31": "$24,243", "2008-02-29": "$16,501", "2007-11-30": "$16,358", "2007-08-31": "$16,530", "2007-05-31": "$17,653", "2007-02-28": "$13,578", "2006-11-30": "$13,413", "2006-08-31": "$13,949", "2006-05-31": "$14,017", "2006-02-28": "$13,421", "2005-11-30": "$7,231", "2005-08-31": "$8,265", "2005-05-31": "$9,850", "2005-02-28": "$13,897"}}, "total-share-holder-equity": {"Oracle Annual Share Holder Equity (Millions of US $)": {"2020": "$12,717", "2019": "$22,363", "2018": "$46,873", "2017": "$54,246", "2016": "$47,790", "2015": "$49,098", "2014": "$47,447", "2013": "$45,145", "2012": "$44,087", "2011": "$40,245", "2010": "$31,199", "2009": "$25,445", "2008": "$23,025", "2007": "$16,919", "2006": "$15,012", "2005": "$10,837"}, "Oracle Quarterly Share Holder Equity (Millions of US $)": {"2020-11-30": "$8,616", "2020-08-31": "$10,140", "2020-05-31": "$12,717", "2020-02-29": "$14,881", "2019-11-30": "$16,185", "2019-08-31": "$19,019", "2019-05-31": "$22,363", "2019-02-28": "$24,238", "2018-11-30": "$31,055", "2018-08-31": "$38,564", "2018-05-31": "$46,873", "2018-02-28": "$48,272", "2017-11-30": "$56,300", "2017-08-31": "$56,366", "2017-05-31": "$54,246", "2017-02-28": "$51,023", "2016-11-30": "$48,845", "2016-08-31": "$47,832", "2016-05-31": "$47,790", "2016-02-29": "$46,336", "2015-11-30": "$46,332", "2015-08-31": "$47,538", "2015-05-31": "$49,098", "2015-02-28": "$48,532", "2014-11-30": "$47,962", "2014-08-31": "$47,931", "2014-05-31": "$47,447", "2014-02-28": "$45,235", "2013-11-30": "$44,066", "2013-08-31": "$43,986", "2013-05-31": "$45,145", "2013-02-28": "$43,790", "2012-11-30": "$43,410", "2012-08-31": "$43,736", "2012-05-31": "$44,087", "2012-02-29": "$43,266", "2011-11-30": "$42,267", "2011-08-31": "$41,239", "2011-05-31": "$40,245", "2011-02-28": "$37,059", "2010-11-30": "$34,850", "2010-08-31": "$32,512", "2010-05-31": "$31,199", "2010-02-28": "$28,851", "2009-11-30": "$27,915", "2009-08-31": "$26,487", "2009-05-31": "$25,445", "2009-02-28": "$23,077", "2008-11-30": "$22,821", "2008-08-31": "$23,816", "2008-05-31": "$23,025", "2008-02-29": "$20,815", "2007-11-30": "$19,295", "2007-08-31": "$17,785", "2007-05-31": "$16,919", "2007-02-28": "$15,791", "2006-11-30": "$15,514", "2006-08-31": "$14,899", "2006-05-31": "$15,012", "2006-02-28": "$15,043", "2005-11-30": "$12,115", "2005-08-31": "$11,331", "2005-05-31": "$10,837", "2005-02-28": "$9,870"}}, "profit-margins": {"current": "26.34%"}, "gross margin": {"2020-11-30": "80.33%", "2020-08-31": "79.96%", "2020-05-31": "79.68%", "2020-02-29": "79.80%", "2019-11-30": "79.67%", "2019-08-31": "79.77%", "2019-05-31": "79.76%", "2019-02-28": "79.42%", "2018-11-30": "79.40%", "2018-08-31": "79.52%", "2018-05-31": "79.53%", "2018-02-28": "79.99%", "2017-11-30": "80.01%", "2017-08-31": "80.15%", "2017-05-31": "80.28%", "2017-02-28": "80.22%", "2016-11-30": "80.26%", "2016-08-31": "80.09%", "2016-05-31": "79.81%", "2016-02-29": "79.56%", "2015-11-30": "79.57%", "2015-08-31": "79.78%", "2015-05-31": "80.30%", "2015-02-28": "80.91%", "2014-11-30": "81.23%", "2014-08-31": "81.31%", "2014-05-31": "81.09%", "2014-02-28": "80.48%", "2013-11-30": "80.46%", "2013-08-31": "80.40%", "2013-05-31": "80.15%", "2013-02-28": "80.00%", "2012-11-30": "79.53%", "2012-08-31": "78.93%", "2012-05-31": "78.46%", "2012-02-29": "78.31%", "2011-11-30": "77.87%", "2011-08-31": "77.19%", "2011-05-31": "76.42%", "2011-02-28": "75.34%", "2010-11-30": "75.37%", "2010-08-31": "76.70%", "2010-05-31": "78.51%", "2010-02-28": "80.55%", "2009-11-30": "81.08%", "2009-08-31": "80.44%", "2009-05-31": "79.38%", "2009-02-28": "79.03%", "2008-11-30": "78.37%", "2008-08-31": "77.92%", "2008-05-31": "77.79%", "2008-02-29": "77.18%", "2007-11-30": "77.18%", "2007-08-31": "76.92%", "2007-05-31": "76.71%", "2007-02-28": "76.50%", "2006-11-30": "76.61%", "2006-08-31": "77.03%", "2006-05-31": "77.50%", "2006-02-28": "77.18%", "2005-11-30": "76.83%"}, "operating margin": {"2020-11-30": "37.13%", "2020-08-31": "36.29%", "2020-05-31": "35.57%", "2020-02-29": "34.82%", "2019-11-30": "34.65%", "2019-08-31": "34.49%", "2019-05-31": "34.26%", "2019-02-28": "34.12%", "2018-11-30": "33.86%", "2018-08-31": "33.68%", "2018-05-31": "33.68%", "2018-02-28": "34.02%", "2017-11-30": "33.52%", "2017-08-31": "34.00%", "2017-05-31": "34.17%", "2017-02-28": "33.68%", "2016-11-30": "34.03%", "2016-08-31": "33.85%", "2016-05-31": "34.02%", "2016-02-29": "33.96%", "2015-11-30": "34.62%", "2015-08-31": "35.62%", "2015-05-31": "36.29%", "2015-02-28": "38.10%", "2014-11-30": "38.59%", "2014-08-31": "38.57%", "2014-05-31": "38.56%", "2014-02-28": "39.18%", "2013-11-30": "38.92%", "2013-08-31": "39.28%", "2013-05-31": "39.49%", "2013-02-28": "38.44%", "2012-11-30": "38.31%", "2012-08-31": "37.65%", "2012-05-31": "36.92%", "2012-02-29": "36.43%", "2011-11-30": "35.80%", "2011-08-31": "35.07%", "2011-05-31": "33.78%", "2011-02-28": "31.95%", "2010-11-30": "30.73%", "2010-08-31": "31.57%", "2010-05-31": "33.79%", "2010-02-28": "35.76%", "2009-11-30": "37.64%", "2009-08-31": "37.17%", "2009-05-31": "35.79%", "2009-02-28": "35.57%", "2008-11-30": "35.45%", "2008-08-31": "35.07%", "2008-05-31": "34.97%", "2008-02-29": "34.04%", "2007-11-30": "33.23%", "2007-08-31": "33.00%", "2007-05-31": "33.20%", "2007-02-28": "32.61%", "2006-11-30": "32.40%", "2006-08-31": "32.67%", "2006-05-31": "32.93%", "2006-02-28": "31.97%", "2005-11-30": "31.07%"}, "ebitda margin": {"2020-11-30": "44.49%", "2020-08-31": "43.73%", "2020-05-31": "43.17%", "2020-02-29": "42.36%", "2019-11-30": "42.21%", "2019-08-31": "41.95%", "2019-05-31": "41.65%", "2019-02-28": "41.40%", "2018-11-30": "41.02%", "2018-08-31": "40.79%", "2018-05-31": "40.75%", "2018-02-28": "41.15%", "2017-11-30": "40.62%", "2017-08-31": "40.82%", "2017-05-31": "40.65%", "2017-02-28": "39.86%", "2016-11-30": "40.16%", "2016-08-31": "40.23%", "2016-05-31": "40.79%", "2016-02-29": "41.07%", "2015-11-30": "41.90%", "2015-08-31": "43.04%", "2015-05-31": "43.77%", "2015-02-28": "45.48%", "2014-11-30": "45.99%", "2014-08-31": "46.02%", "2014-05-31": "46.16%", "2014-02-28": "46.90%", "2013-11-30": "46.76%", "2013-08-31": "47.12%", "2013-05-31": "47.38%", "2013-02-28": "46.42%", "2012-11-30": "46.29%", "2012-08-31": "45.64%", "2012-05-31": "44.78%", "2012-02-29": "44.06%", "2011-11-30": "43.41%", "2011-08-31": "42.75%", "2011-05-31": "41.63%", "2011-02-28": "40.15%", "2010-11-30": "39.14%", "2010-08-31": "40.04%", "2010-05-31": "42.26%", "2010-02-28": "44.31%", "2009-11-30": "46.22%", "2009-08-31": "45.84%", "2009-05-31": "44.28%", "2009-02-28": "43.55%", "2008-11-30": "42.85%", "2008-08-31": "41.98%", "2008-05-31": "41.57%", "2008-02-29": "40.64%", "2007-11-30": "39.77%", "2007-08-31": "39.45%", "2007-05-31": "39.46%", "2007-02-28": "39.10%", "2006-11-30": "38.75%", "2006-08-31": "38.80%", "2006-05-31": "38.88%", "2006-02-28": "38.05%", "2005-11-30": "36.89%"}, "pre tax profit margin": {"2020-11-30": "31.31%", "2020-08-31": "31.05%", "2020-05-31": "30.88%", "2020-02-29": "30.77%", "2019-11-30": "30.94%", "2019-08-31": "30.89%", "2019-05-31": "31.05%", "2019-02-28": "31.25%", "2018-11-30": "31.47%", "2018-08-31": "31.58%", "2018-05-31": "31.55%", "2018-02-28": "31.64%", "2017-11-30": "30.75%", "2017-08-31": "30.83%", "2017-05-31": "30.91%", "2017-02-28": "30.69%", "2016-11-30": "30.94%", "2016-08-31": "30.93%", "2016-05-31": "30.89%", "2016-02-29": "30.70%", "2015-11-30": "31.56%", "2015-08-31": "32.63%", "2015-05-31": "33.57%", "2015-02-28": "35.34%", "2014-11-30": "35.61%", "2014-08-31": "35.74%", "2014-05-31": "35.80%", "2014-02-28": "36.78%", "2013-11-30": "36.70%", "2013-08-31": "37.08%", "2013-05-31": "37.38%", "2013-02-28": "36.22%", "2012-11-30": "36.30%", "2012-08-31": "35.73%", "2012-05-31": "34.92%", "2012-02-29": "34.48%", "2011-11-30": "33.79%", "2011-08-31": "33.12%", "2011-05-31": "32.03%", "2011-02-28": "30.03%", "2010-11-30": "28.44%", "2010-08-31": "28.96%", "2010-05-31": "30.73%", "2010-02-28": "32.76%", "2009-11-30": "35.09%", "2009-08-31": "34.61%", "2009-05-31": "33.69%", "2009-02-28": "33.95%", "2008-11-30": "34.38%", "2008-08-31": "34.77%", "2008-05-31": "34.93%", "2008-02-29": "34.05%", "2007-11-30": "33.29%", "2007-08-31": "32.87%", "2007-05-31": "33.26%", "2007-02-28": "32.90%", "2006-11-30": "32.79%", "2006-08-31": "33.14%", "2006-05-31": "33.45%", "2006-02-28": "32.23%", "2005-11-30": "31.15%"}, "net profit margin": {"2020-11-30": "26.34%", "2020-08-31": "26.13%", "2020-05-31": "25.94%", "2020-02-29": "27.06%", "2019-11-30": "27.62%", "2019-08-31": "27.71%", "2019-05-31": "28.05%", "2019-02-28": "26.96%", "2018-11-30": "9.70%", "2018-08-31": "9.39%", "2018-05-31": "9.11%", "2018-02-28": "9.31%", "2017-11-30": "25.60%", "2017-08-31": "25.49%", "2017-05-31": "25.01%", "2017-02-28": "23.83%", "2016-11-30": "23.69%", "2016-08-31": "24.16%", "2016-05-31": "24.03%", "2016-02-29": "23.80%", "2015-11-30": "24.54%", "2015-08-31": "24.95%", "2015-05-31": "26.00%", "2015-02-28": "27.87%", "2014-11-30": "28.07%", "2014-08-31": "28.44%", "2014-05-31": "28.62%", "2014-02-28": "29.33%", "2013-11-30": "29.44%", "2013-08-31": "29.65%", "2013-05-31": "29.38%", "2013-02-28": "28.45%", "2012-11-30": "28.37%", "2012-08-31": "27.55%", "2012-05-31": "26.89%", "2012-02-29": "26.34%", "2011-11-30": "25.49%", "2011-08-31": "24.76%", "2011-05-31": "23.99%", "2011-02-28": "22.42%", "2010-11-30": "21.18%", "2010-08-31": "21.74%", "2010-05-31": "22.87%", "2010-02-28": "23.42%", "2009-11-30": "24.98%", "2009-08-31": "24.55%", "2009-05-31": "24.05%", "2009-02-28": "24.29%", "2008-11-30": "24.45%", "2008-08-31": "24.78%", "2008-05-31": "24.61%", "2008-02-29": "24.20%", "2007-11-30": "23.80%", "2007-08-31": "23.47%", "2007-05-31": "23.75%", "2007-02-28": "23.32%", "2006-11-30": "23.02%", "2006-08-31": "23.23%", "2006-05-31": "23.51%", "2006-02-28": "23.15%", "2005-11-30": "22.34%"}, "pe ratio": {"current": "17.02", "2021-02-11": "19.00", "2020-11-30": "17.42", "2020-08-31": "17.80", "2020-05-31": "17.14", "2020-02-29": "15.30", "2019-11-30": "17.45", "2019-08-31": "16.53", "2019-05-31": "16.32", "2019-02-28": "18.26", "2018-11-30": "46.03", "2018-08-31": "50.30", "2018-05-31": "50.92", "2018-02-28": "59.02", "2017-11-30": "20.03", "2017-08-31": "20.83", "2017-05-31": "19.48", "2017-02-28": "19.07", "2016-11-30": "18.18", "2016-08-31": "18.31", "2016-05-31": "18.05", "2016-02-29": "16.78", "2015-11-30": "17.19", "2015-08-31": "15.92", "2015-05-31": "17.93", "2015-02-28": "16.65", "2014-11-30": "16.07", "2014-08-31": "15.69", "2014-05-31": "15.89", "2014-02-28": "14.75", "2013-11-30": "13.49", "2013-08-31": "12.29", "2013-05-31": "13.33", "2013-02-28": "14.20", "2012-11-30": "13.46", "2012-08-31": "13.87", "2012-05-31": "11.87", "2012-02-29": "13.57", "2011-11-30": "15.15", "2011-08-31": "14.00", "2011-05-31": "17.95", "2011-02-28": "19.05", "2010-11-30": "17.75", "2010-08-31": "15.23", "2010-05-31": "16.36", "2010-02-28": "19.10", "2009-11-30": "16.63", "2009-08-31": "17.03", "2009-05-31": "15.35", "2009-02-28": "12.04", "2008-11-30": "12.46", "2008-08-31": "16.99", "2008-05-31": "18.53", "2008-02-29": "16.50", "2007-11-30": "18.86", "2007-08-31": "20.52", "2007-05-31": "20.32", "2007-02-28": "18.84", "2006-11-30": "23.74"}, "price sales": {"2021-02-11": "5.06", "2020-11-30": "4.64", "2020-08-31": "4.71", "2020-05-31": "4.52", "2020-02-29": "4.21", "2019-11-30": "4.89", "2019-08-31": "4.68", "2019-05-31": "4.70", "2019-02-28": "5.01", "2018-11-30": "4.82", "2018-08-31": "4.93", "2018-05-31": "4.81", "2018-02-28": "5.20", "2017-11-30": "5.10", "2017-08-31": "5.26", "2017-05-31": "4.77", "2017-02-28": "4.53", "2016-11-30": "4.29", "2016-08-31": "4.42", "2016-05-31": "4.36", "2016-02-29": "4.01", "2015-11-30": "4.25", "2015-08-31": "4.01", "2015-05-31": "4.70", "2015-02-28": "4.67", "2014-11-30": "4.53", "2014-08-31": "4.48", "2014-05-31": "4.58", "2014-02-28": "4.35", "2013-11-30": "4.00", "2013-08-31": "3.67", "2013-05-31": "3.94", "2013-02-28": "4.06", "2012-11-30": "3.83", "2012-08-31": "3.84", "2012-05-31": "3.22", "2012-02-29": "3.57", "2011-11-30": "3.86", "2011-08-31": "3.47", "2011-05-31": "4.31", "2011-02-28": "4.28", "2010-11-30": "3.76", "2010-08-31": "3.30", "2010-05-31": "3.71", "2010-02-28": "4.50", "2009-11-30": "4.18", "2009-08-31": "4.21", "2009-05-31": "3.74", "2009-02-28": "2.93", "2008-11-30": "3.07", "2008-08-31": "4.25", "2008-05-31": "4.58", "2008-02-29": "4.03", "2007-11-30": "4.53", "2007-08-31": "4.84", "2007-05-31": "4.89", "2007-02-28": "4.39", "2006-11-30": "5.40"}, "price book": {"current": "21.76", "2021-02-11": "21.48", "2020-11-30": "19.70", "2020-08-31": "16.88", "2020-05-31": "12.81", "2020-02-29": "10.33", "2019-11-30": "10.92", "2019-08-31": "8.80", "2019-05-31": "7.38", "2019-02-28": "7.16", "2018-11-30": "5.49", "2018-08-31": "4.62", "2018-05-31": "3.82", "2018-02-28": "4.10", "2017-11-30": "3.44", "2017-08-31": "3.53", "2017-05-31": "3.27", "2017-02-28": "3.23", "2016-11-30": "3.16", "2016-08-31": "3.30", "2016-05-31": "3.23", "2016-02-29": "3.05", "2015-11-30": "3.26", "2015-08-31": "3.07", "2015-05-31": "3.52", "2015-02-28": "3.60", "2014-11-30": "3.54", "2014-08-31": "3.49", "2014-05-31": "3.57", "2014-02-28": "3.49", "2013-11-30": "3.24", "2013-08-31": "2.96", "2013-05-31": "3.10", "2013-02-28": "3.29", "2012-11-30": "3.12", "2012-08-31": "3.09", "2012-05-31": "2.60", "2012-02-29": "2.97", "2011-11-30": "3.28", "2011-08-31": "3.02", "2011-05-31": "3.78", "2011-02-28": "3.93", "2010-11-30": "3.42", "2010-08-31": "2.94", "2010-05-31": "3.16", "2010-02-28": "3.72", "2009-11-30": "3.43", "2009-08-31": "3.58", "2009-05-31": "3.32", "2009-02-28": "2.89", "2008-11-30": "3.06", "2008-08-31": "4.08", "2008-05-31": "4.39", "2008-02-29": "4.00", "2007-11-30": "4.61", "2007-08-31": "5.02", "2007-05-31": "5.03", "2007-02-28": "4.59", "2006-11-30": "5.47", "2006-08-31": "4.69", "2006-05-31": "4.26", "2006-02-28": "3.77"}, "price fcf": {"2021-02-11": "", "2020-11-30": "$3.86", "2020-08-31": "$3.64", "2020-05-31": "$3.51", "2020-02-29": "$3.56", "2019-11-30": "$3.50", "2019-08-31": "$3.52", "2019-05-31": "$3.45", "2019-02-28": "$3.40", "2018-11-30": "$3.43", "2018-08-31": "$3.38", "2018-05-31": "$3.22", "2018-02-28": "$3.20", "2017-11-30": "$2.94", "2017-08-31": "$2.97", "2017-05-31": "$2.87", "2017-02-28": "$2.76", "2016-11-30": "$2.98", "2016-08-31": "$2.99", "2016-05-31": "$2.90", "2016-02-29": "$2.96", "2015-11-30": "$2.63", "2015-08-31": "$2.73", "2015-05-31": "$2.93", "2015-02-28": "$2.98", "2014-11-30": "$3.19", "2014-08-31": "$3.24", "2014-05-31": "$3.11", "2014-02-28": "$3.09", "2013-11-30": "$3.10", "2013-08-31": "$3.00", "2013-05-31": "$2.80", "2013-02-28": "$2.66", "2012-11-30": "$2.58", "2012-08-31": "$2.67", "2012-05-31": "$2.57", "2012-02-29": "$2.55", "2011-11-30": "$2.48", "2011-08-31": "$2.41", "2011-05-31": "$2.12", "2011-02-28": "$1.87", "2010-11-30": "$1.70", "2010-08-31": "$1.67", "2010-05-31": "$1.67", "2010-02-28": "$1.55", "2009-11-30": "$1.66", "2009-08-31": "$1.68", "2009-05-31": "$1.51", "2009-02-28": "$1.57", "2008-11-30": "$1.49", "2008-08-31": "$1.45", "2008-05-31": "$1.40", "2008-02-29": "$1.36", "2007-11-30": "$1.26", "2007-08-31": "$1.19", "2007-05-31": "$0.99", "2007-02-28": "$0.90", "2006-11-30": "$1.17"}, "net worth": {"value": "$187.45B"}, "current ratio": {"current": "2.17", "2020-11-30": "2.17", "2020-08-31": "2.66", "2020-05-31": "3.03", "2020-02-29": "2.13", "2019-11-30": "2.37", "2019-08-31": "2.25", "2019-05-31": "2.49", "2019-02-28": "2.65", "2018-11-30": "2.80", "2018-08-31": "3.43", "2018-05-31": "3.98", "2018-02-28": "4.33", "2017-11-30": "5.07", "2017-08-31": "3.63", "2017-05-31": "3.08", "2017-02-28": "4.18", "2016-11-30": "3.96", "2016-08-31": "4.92", "2016-05-31": "3.74", "2016-02-29": "4.83", "2015-11-30": "4.26", "2015-08-31": "4.04", "2015-05-31": "4.11", "2015-02-28": "3.72", "2014-11-30": "4.34", "2014-08-31": "4.35", "2014-05-31": "3.35", "2014-02-28": "3.39", "2013-11-30": "3.38", "2013-08-31": "3.13", "2013-05-31": "3.24", "2013-02-28": "3.41", "2012-11-30": "3.33", "2012-08-31": "2.74", "2012-05-31": "2.60", "2012-02-29": "3.23", "2011-11-30": "3.48", "2011-08-31": "3.00", "2011-05-31": "2.76", "2011-02-28": "2.88", "2010-11-30": "2.45", "2010-08-31": "2.19", "2010-05-31": "1.84", "2010-02-28": "1.68", "2009-11-30": "2.96", "2009-08-31": "2.67", "2009-05-31": "2.03", "2009-02-28": "1.96", "2008-11-30": "1.90", "2008-08-31": "1.93", "2008-05-31": "1.81", "2008-02-29": "2.30", "2007-11-30": "2.07", "2007-08-31": "1.79", "2007-05-31": "1.37", "2007-02-28": "1.69", "2006-11-30": "1.91", "2006-08-31": "1.75", "2006-05-31": "1.73", "2006-02-28": "1.91", "2005-11-30": "1.13", "2005-08-31": "1.10", "2005-05-31": "1.05", "2005-02-28": "0.97"}, "quick ratio": {"2020-11-30": "0.00", "2020-08-31": "0.00", "2020-05-31": "0.00", "2020-02-29": "0.00", "2019-11-30": "0.00", "2019-08-31": "0.00", "2019-05-31": "0.00", "2019-02-28": "0.00", "2018-11-30": "0.00", "2018-08-31": "0.00", "2018-05-31": "0.00", "2018-02-28": "4.30", "2017-11-30": "5.04", "2017-08-31": "3.61", "2017-05-31": "0.00", "2017-02-28": "4.16", "2016-11-30": "3.94", "2016-08-31": "4.90", "2016-05-31": "3.73", "2016-02-29": "4.81", "2015-11-30": "4.25", "2015-08-31": "4.02", "2015-05-31": "4.09", "2015-02-28": "3.70", "2014-11-30": "4.33", "2014-08-31": "4.34", "2014-05-31": "3.33", "2014-02-28": "3.37", "2013-11-30": "3.36", "2013-08-31": "3.11", "2013-05-31": "3.22", "2013-02-28": "3.40", "2012-11-30": "3.32", "2012-08-31": "2.73", "2012-05-31": "2.59", "2012-02-29": "3.21", "2011-11-30": "3.46", "2011-08-31": "2.98", "2011-05-31": "2.74", "2011-02-28": "2.85", "2010-11-30": "2.44", "2010-08-31": "2.18", "2010-05-31": "1.82", "2010-02-28": "1.66", "2009-11-30": "0.00", "2009-08-31": "0.00", "2009-05-31": "0.00", "2009-02-28": "0.00", "2008-11-30": "0.00", "2008-08-31": "0.00", "2008-05-31": "0.00", "2008-02-29": "0.00", "2007-11-30": "0.00", "2007-08-31": "0.00", "2007-05-31": "0.00", "2007-02-28": "0.00", "2006-11-30": "0.00", "2006-08-31": "0.00", "2006-05-31": "0.00", "2006-02-28": "0.00", "2005-11-30": "0.00", "2005-08-31": "0.00", "2005-05-31": "0.00", "2005-02-28": "0.00"}, "debt equity ratio": {"current": "7.37", "2020-11-30": "11.77", "2020-08-31": "10.20", "2020-05-31": "8.08", "2020-02-29": "5.50", "2019-11-30": "5.08", "2019-08-31": "4.59", "2019-05-31": "3.86", "2019-02-28": "3.52", "2018-11-30": "2.81", "2018-08-31": "2.33", "2018-05-31": "1.94", "2018-02-28": "1.86", "2017-11-30": "1.47", "2017-08-31": "1.37", "2017-05-31": "1.49", "2017-02-28": "1.46", "2016-11-30": "1.53", "2016-08-31": "1.58", "2016-05-31": "1.35", "2016-02-29": "1.26", "2015-11-30": "1.30", "2015-08-31": "1.31", "2015-05-31": "1.26", "2015-02-28": "1.04", "2014-11-30": "1.05", "2014-08-31": "1.08", "2014-05-31": "0.90", "2014-02-28": "0.91", "2013-11-30": "0.93", "2013-08-31": "0.96", "2013-05-31": "0.81", "2013-02-28": "0.81", "2012-11-30": "0.84", "2012-08-31": "0.75", "2012-05-31": "0.78", "2012-02-29": "0.72", "2011-11-30": "0.73", "2011-08-31": "0.79", "2011-05-31": "0.83", "2011-02-28": "0.83", "2010-11-30": "0.93", "2010-08-31": "1.01", "2010-05-31": "0.97", "2010-02-28": "1.06", "2009-11-30": "0.93", "2009-08-31": "1.00", "2009-05-31": "0.86", "2009-02-28": "0.95", "2008-11-30": "0.96", "2008-08-31": "0.98", "2008-05-31": "1.05", "2008-02-29": "0.79", "2007-11-30": "0.85", "2007-08-31": "0.93", "2007-05-31": "1.04", "2007-02-28": "0.86", "2006-11-30": "0.87", "2006-08-31": "0.94", "2006-05-31": "0.93", "2006-02-28": "0.89", "2005-11-30": "0.60", "2005-08-31": "0.73", "2005-05-31": "0.91", "2005-02-28": "1.41"}, "return on equity": {"2020-11-30": "89.57%", "2020-08-31": "76.03%", "2020-05-31": "64.55%", "2020-02-29": "59.40%", "2019-11-30": "53.46%", "2019-08-31": "45.33%", "2019-05-31": "38.14%", "2019-02-28": "30.18%", "2018-11-30": "9.29%", "2018-08-31": "7.81%", "2018-05-31": "6.90%", "2018-02-28": "6.80%", "2017-11-30": "18.25%", "2017-08-31": "18.56%", "2017-05-31": "18.72%", "2017-02-28": "18.25%", "2016-11-30": "18.49%", "2016-08-31": "19.09%", "2016-05-31": "18.94%", "2016-02-29": "18.69%", "2015-11-30": "19.21%", "2015-08-31": "19.68%", "2015-05-31": "20.54%", "2015-02-28": "22.57%", "2014-11-30": "23.11%", "2014-08-31": "23.71%", "2014-05-31": "24.25%", "2014-02-28": "24.92%", "2013-11-30": "24.98%", "2013-08-31": "25.14%", "2013-05-31": "24.82%", "2013-02-28": "24.16%", "2012-11-30": "24.22%", "2012-08-31": "23.48%", "2012-05-31": "23.37%", "2012-02-29": "23.32%", "2011-11-30": "23.27%", "2011-08-31": "23.56%", "2011-05-31": "23.63%", "2011-02-28": "22.72%", "2010-11-30": "21.27%", "2010-08-31": "21.13%", "2010-05-31": "21.44%", "2010-02-28": "20.84%", "2009-11-30": "22.55%", "2009-08-31": "23.06%", "2009-05-31": "23.51%", "2009-02-28": "24.76%", "2008-11-30": "25.43%", "2008-08-31": "26.49%", "2008-05-31": "27.29%", "2008-02-29": "27.20%", "2007-11-30": "27.40%", "2007-08-31": "26.93%", "2007-05-31": "27.08%", "2007-02-28": "25.93%", "2006-11-30": "24.48%", "2006-08-31": "24.76%", "2006-05-31": "25.28%", "2006-02-28": "25.17%", "2005-11-30": "26.08%"}, "return on assets": {"2020-11-30": "9.53%", "2020-08-31": "9.67%", "2020-05-31": "9.73%", "2020-02-29": "10.49%", "2019-11-30": "10.34%", "2019-08-31": "9.90%", "2019-05-31": "9.54%", "2019-02-28": "8.60%", "2018-11-30": "2.93%", "2018-08-31": "2.73%", "2018-05-31": "2.62%", "2018-02-28": "2.68%", "2017-11-30": "7.47%", "2017-08-31": "7.55%", "2017-05-31": "7.45%", "2017-02-28": "7.36%", "2016-11-30": "7.61%", "2016-08-31": "8.05%", "2016-05-31": "8.22%", "2016-02-29": "8.19%", "2015-11-30": "8.64%", "2015-08-31": "9.10%", "2015-05-31": "9.75%", "2015-02-28": "11.19%", "2014-11-30": "11.63%", "2014-08-31": "12.10%", "2014-05-31": "12.57%", "2014-02-28": "13.08%", "2013-11-30": "13.28%", "2013-08-31": "13.54%", "2013-05-31": "13.76%", "2013-02-28": "13.47%", "2012-11-30": "13.68%", "2012-08-31": "13.47%", "2012-05-31": "13.33%", "2012-02-29": "13.22%", "2011-11-30": "13.00%", "2011-08-31": "12.80%", "2011-05-31": "12.49%", "2011-02-28": "11.77%", "2010-11-30": "10.69%", "2010-08-31": "10.60%", "2010-05-31": "10.77%", "2010-02-28": "10.60%", "2009-11-30": "11.65%", "2009-08-31": "11.86%", "2009-05-31": "12.13%", "2009-02-28": "12.46%", "2008-11-30": "13.02%", "2008-08-31": "13.75%", "2008-05-31": "14.29%", "2008-02-29": "14.34%", "2007-11-30": "14.28%", "2007-08-31": "13.98%", "2007-05-31": "14.05%", "2007-02-28": "13.67%", "2006-11-30": "12.84%", "2006-08-31": "13.37%", "2006-05-31": "14.02%", "2006-02-28": "14.09%", "2005-11-30": "13.81%"}, "return on investments": {"2020-11-30": "19.76%", "2020-08-31": "19.57%", "2020-05-31": "19.66%", "2020-02-29": "20.15%", "2019-11-30": "19.15%", "2019-08-31": "18.04%", "2019-05-31": "16.63%", "2019-02-28": "15.16%", "2018-11-30": "13.95%", "2018-08-31": "12.82%", "2018-05-31": "12.44%", "2018-02-28": "12.56%", "2017-11-30": "12.32%", "2017-08-31": "12.77%", "2017-05-31": "12.78%", "2017-02-28": "12.94%", "2016-11-30": "13.53%", "2016-08-31": "13.93%", "2016-05-31": "14.48%", "2016-02-29": "14.45%", "2015-11-30": "15.19%", "2015-08-31": "16.15%", "2015-05-31": "16.88%", "2015-02-28": "19.11%", "2014-11-30": "20.05%", "2014-08-31": "20.83%", "2014-05-31": "21.77%", "2014-02-28": "22.43%", "2013-11-30": "22.56%", "2013-08-31": "23.08%", "2013-05-31": "23.96%", "2013-02-28": "23.89%", "2012-11-30": "24.29%", "2012-08-31": "24.18%", "2012-05-31": "23.97%", "2012-02-29": "23.83%", "2011-11-30": "23.90%", "2011-08-31": "24.09%", "2011-05-31": "23.62%", "2011-02-28": "22.93%", "2010-11-30": "21.85%", "2010-08-31": "21.48%", "2010-05-31": "21.98%", "2010-02-28": "22.04%", "2009-11-30": "23.33%", "2009-08-31": "24.18%", "2009-05-31": "24.64%", "2009-02-28": "25.15%", "2008-11-30": "26.18%", "2008-08-31": "27.18%", "2008-05-31": "28.56%", "2008-02-29": "28.69%", "2007-11-30": "28.33%", "2007-08-31": "27.78%", "2007-05-31": "27.60%", "2007-02-28": "26.38%", "2006-11-30": "24.97%", "2006-08-31": "26.69%", "2006-05-31": "29.02%", "2006-02-28": "30.87%", "2005-11-30": "35.76%"}, "return on tangible equity": {"2020-11-30": "-28.99%", "2020-08-31": "-29.92%", "2020-05-31": "-31.31%", "2020-02-29": "-35.46%", "2019-11-30": "-38.50%", "2019-08-31": "-43.68%", "2019-05-31": "-53.95%", "2019-02-28": "-71.96%", "2018-11-30": "-43.86%", "2018-08-31": "-155.54%", "2018-05-31": "178.08%", "2018-02-28": "96.76%", "2017-11-30": "234.64%", "2017-08-31": "424.20%", "2017-05-31": "362.21%", "2017-02-28": "235.10%", "2016-11-30": "166.08%", "2016-08-31": "123.89%", "2016-05-31": "122.47%", "2016-02-29": "120.23%", "2015-11-30": "122.70%", "2015-08-31": "123.27%", "2015-05-31": "110.43%", "2015-02-28": "110.90%", "2014-11-30": "106.20%", "2014-08-31": "102.06%", "2014-05-31": "111.23%", "2014-02-28": "114.29%", "2013-11-30": "108.98%", "2013-08-31": "104.61%", "2013-05-31": "98.56%", "2013-02-28": "95.56%", "2012-11-30": "93.46%", "2012-08-31": "86.13%", "2012-05-31": "83.30%", "2012-02-29": "81.68%", "2011-11-30": "87.02%", "2011-08-31": "102.31%", "2011-05-31": "131.17%", "2011-02-28": "184.64%", "2010-11-30": "341.18%", "2010-08-31": "536.85%", "2010-05-31": "821.29%", "2010-02-28": "2606.21%", "2009-11-30": "-2397.52%", "2009-08-31": "-319.19%", "2009-05-31": "-215.14%", "2009-02-28": "-175.35%", "2008-11-30": "-284.25%", "2008-08-31": "-538.51%", "2008-05-31": "-654.53%", "2008-02-29": "-802.05%", "2007-11-30": "-373.00%", "2007-08-31": "-370.18%", "2007-05-31": "-506.10%", "2007-02-28": "-8869.27%", "2006-11-30": "1569.88%", "2006-08-31": "657.12%", "2006-05-31": "423.15%", "2006-02-28": "416.36%", "2005-11-30": "435.72%"}, "dividend yield history": {"last payout": "$0.96", "last yield": "1.51%"}}