{"ticker": "OSK", "price": {"title": "Oshkosh Historical Annual Stock Price Data", "value": 96.44, "historical": {"2021": {"Average Stock Price": "93.3679", "Year Open": "85.0700", "Year High": "98.7700", "Year Low": "85.0700", "Year Close": "96.4400", "Annual % Change": "12.05%"}, "2020": {"Average Stock Price": "75.8177", "Year Open": "94.6800", "Year High": "94.6800", "Year Low": "48.7800", "Year Close": "86.0700", "Annual % Change": "-9.06%"}, "2019": {"Average Stock Price": "78.8869", "Year Open": "61.5700", "Year High": "95.3900", "Year Low": "59.7300", "Year Close": "94.6500", "Annual % Change": "54.38%"}, "2018": {"Average Stock Price": "73.9287", "Year Open": "92.1700", "Year High": "96.2400", "Year Low": "52.8500", "Year Close": "61.3100", "Annual % Change": "-32.54%"}, "2017": {"Average Stock Price": "74.3110", "Year Open": "66.2600", "Year High": "92.1000", "Year Low": "62.4500", "Year Close": "90.8900", "Annual % Change": "40.67%"}, "2016": {"Average Stock Price": "48.6726", "Year Open": "38.9800", "Year High": "71.5500", "Year Low": "30.3300", "Year Close": "64.6100", "Annual % Change": "65.50%"}, "2015": {"Average Stock Price": "43.8577", "Year Open": "48.3100", "Year High": "54.9000", "Year Low": "35.2300", "Year Close": "39.0400", "Annual % Change": "-19.75%"}, "2014": {"Average Stock Price": "51.2658", "Year Open": "49.4800", "Year High": "60.0300", "Year Low": "40.3500", "Year Close": "48.6500", "Annual % Change": "-3.43%"}, "2013": {"Average Stock Price": "42.7853", "Year Open": "31.5800", "Year High": "53.5400", "Year Low": "31.5800", "Year Close": "50.3800", "Annual % Change": "69.92%"}, "2012": {"Average Stock Price": "24.6047", "Year Open": "22.4200", "Year High": "31.4200", "Year Low": "18.7000", "Year Close": "29.6500", "Annual % Change": "38.68%"}, "2011": {"Average Stock Price": "27.1168", "Year Open": "35.9700", "Year High": "39.2700", "Year Low": "14.5100", "Year Close": "21.3800", "Annual % Change": "-39.33%"}, "2010": {"Average Stock Price": "34.0449", "Year Open": "38.0400", "Year High": "43.8400", "Year Low": "24.8800", "Year Close": "35.2400", "Annual % Change": "-4.83%"}, "2009": {"Average Stock Price": "21.2125", "Year Open": "10.3000", "Year High": "41.6200", "Year Low": "4.9500", "Year Close": "37.0300", "Annual % Change": "316.54%"}, "2008": {"Average Stock Price": "25.1818", "Year Open": "46.2100", "Year High": "46.2100", "Year Low": "3.9200", "Year Close": "8.8900", "Annual % Change": "-81.19%"}, "2007": {"Average Stock Price": "55.5861", "Year Open": "48.6300", "Year High": "65.7600", "Year Low": "45.9900", "Year Close": "47.2600", "Annual % Change": "-2.40%"}, "2006": {"Average Stock Price": "51.4429", "Year Open": "44.7500", "Year High": "65.5100", "Year Low": "42.8800", "Year Close": "48.4200", "Annual % Change": "8.59%"}, "2005": {"Average Stock Price": "40.2665", "Year Open": "33.7600", "Year High": "45.8900", "Year Low": "30.4800", "Year Close": "44.5900", "Annual % Change": "30.42%"}, "2004": {"Average Stock Price": "28.1415", "Year Open": "25.7600", "Year High": "34.4450", "Year Low": "24.2950", "Year Close": "34.1900", "Annual % Change": "34.00%"}, "2003": {"Average Stock Price": "17.7089", "Year Open": "15.7075", "Year High": "26.1150", "Year Low": "13.5000", "Year Close": "25.5150", "Annual % Change": "65.95%"}, "2002": {"Average Stock Price": "14.1434", "Year Open": "12.4700", "Year High": "16.2375", "Year Low": "11.7500", "Year Close": "15.3750", "Annual % Change": "26.15%"}, "2001": {"Average Stock Price": "10.1979", "Year Open": "10.3750", "Year High": "12.3850", "Year Low": "8.0150", "Year Close": "12.1875", "Annual % Change": "10.80%"}, "2000": {"Average Stock Price": "8.4957", "Year Open": "7.1250", "Year High": "11.0000", "Year Low": "5.4850", "Year Close": "11.0000", "Annual % Change": "50.12%"}, "1999": {"Average Stock Price": "7.0023", "Year Open": "5.5833", "Year High": "9.5200", "Year Low": "4.9167", "Year Close": "7.3275", "Annual % Change": "32.74%"}, "1998": {"Average Stock Price": "3.9199", "Year Open": "3.1250", "Year High": "5.7300", "Year Low": "2.9367", "Year Close": "5.5200", "Annual % Change": "83.39%"}, "1997": {"Average Stock Price": "2.3694", "Year Open": "1.7500", "Year High": "3.4167", "Year Low": "1.7300", "Year Close": "3.0100", "Annual % Change": "70.06%"}, "1996": {"Average Stock Price": "2.2426", "Year Open": "2.5417", "Year High": "2.5633", "Year Low": "1.6867", "Year Close": "1.7700", "Annual % Change": "-30.36%"}, "1995": {"Average Stock Price": "2.1746", "Year Open": "1.7917", "Year High": "2.5517", "Year Low": "1.7917", "Year Close": "2.5417", "Annual % Change": "41.86%"}, "1994": {"Average Stock Price": "1.7864", "Year Open": "1.4583", "Year High": "1.9583", "Year Low": "1.4583", "Year Close": "1.7917", "Annual % Change": "22.86%"}, "1993": {"Average Stock Price": "1.5157", "Year Open": "1.7083", "Year High": "1.8333", "Year Low": "1.4167", "Year Close": "1.4583", "Annual % Change": "-18.61%"}, "1992": {"Average Stock Price": "1.9981", "Year Open": "2.4167", "Year High": "2.9167", "Year Low": "1.4167", "Year Close": "1.7917", "Annual % Change": "-24.56%"}, "1991": {"Average Stock Price": "1.9191", "Year Open": "1.2500", "Year High": "2.6667", "Year Low": "1.2083", "Year Close": "2.3750", "Annual % Change": "96.56%"}}}, "market cap": {"value": "$6.59B"}, "income statement": {"Revenue": {"2020-09-30": "6856.80000", "2019-09-30": "8382.00000", "2018-09-30": "7705.50000", "2017-09-30": "6829.60000", "2016-09-30": "6279.20000", "2015-09-30": "6098.10000", "2014-09-30": "6808.20000", "2013-09-30": "7665.10000", "2012-09-30": "8141.10000", "2011-09-30": "7538.50000", "2010-09-30": "9820.60000", "2009-09-30": "5253.10000", "2008-09-30": "6877.70000", "2007-09-30": "6139.30000", "2006-09-30": "3427.40000", "2005-09-30": "2959.90000"}, "Cost Of Goods Sold": {"2020-09-30": "5736.50000", "2019-09-30": "6864.60000", "2018-09-30": "6346.90000", "2017-09-30": "5648.80000", "2016-09-30": "5223.40000", "2015-09-30": "5058.90000", "2014-09-30": "5625.50000", "2013-09-30": "6473.30000", "2012-09-30": "7134.20000", "2011-09-30": "6447.20000", "2010-09-30": "7850.60000", "2009-09-30": "4549.80000", "2008-09-30": "5707.70000", "2007-09-30": "5052.80000", "2006-09-30": "2819.10000", "2005-09-30": "2465.10000"}, "Gross Profit": {"2020-09-30": "1120.30000", "2019-09-30": "1517.40000", "2018-09-30": "1358.60000", "2017-09-30": "1180.80000", "2016-09-30": "1055.80000", "2015-09-30": "1039.20000", "2014-09-30": "1182.70000", "2013-09-30": "1191.80000", "2012-09-30": "1006.90000", "2011-09-30": "1091.30000", "2010-09-30": "1970.00000", "2009-09-30": "703.30030", "2008-09-30": "1170.00000", "2007-09-30": "1086.50000", "2006-09-30": "608.29980", "2005-09-30": "494.79980"}, "Research And Development Expenses": {"2020-09-30": "", "2019-09-30": "", "2018-09-30": "", "2017-09-30": "", "2016-09-30": "", "2015-09-30": "", "2014-09-30": "", "2013-09-30": "", "2012-09-30": "", "2011-09-30": "", "2010-09-30": "", "2009-09-30": "", "2008-09-30": "", "2007-09-30": "", "2006-09-30": "", "2005-09-30": ""}, "SG&A Expenses": {"2020-09-30": "620.60000", "2019-09-30": "683.50000", "2018-09-30": "664.30000", "2017-09-30": "664.70000", "2016-09-30": "612.40000", "2015-09-30": "587.40000", "2014-09-30": "624.10000", "2013-09-30": "620.50000", "2012-09-30": "561.50000", "2011-09-30": "503.90000", "2010-09-30": "483.90000", "2009-09-30": "430.30000", "2008-09-30": "482.90000", "2007-09-30": "411.90000", "2006-09-30": "274.00000", "2005-09-30": "219.90000"}, "Other Operating Income Or Expenses": {"2020-09-30": "", "2019-09-30": "", "2018-09-30": "", "2017-09-30": "", "2016-09-30": "-26.90000", "2015-09-30": "0.00000", "2014-09-30": "", "2013-09-30": "-9.00000", "2012-09-30": "", "2011-09-30": "-2.00000", "2010-09-30": "-2.30000", "2009-09-30": "-1190.20000", "2008-09-30": "-1.00000", "2007-09-30": "", "2006-09-30": "", "2005-09-30": ""}, "Operating Expenses": {"2020-09-30": "6368.10000", "2019-09-30": "7585.00000", "2018-09-30": "7049.50000", "2017-09-30": "6359.30000", "2016-09-30": "5915.20000", "2015-09-30": "5699.50000", "2014-09-30": "6304.90000", "2013-09-30": "7159.40000", "2012-09-30": "7753.40000", "2011-09-30": "7012.40000", "2010-09-30": "8395.80000", "2009-09-30": "6232.60000", "2008-09-30": "6260.30000", "2007-09-30": "5530.20000", "2006-09-30": "3101.50000", "2005-09-30": "2692.70000"}, "Operating Income": {"2020-09-30": "488.69970", "2019-09-30": "797.00000", "2018-09-30": "656.00050", "2017-09-30": "470.30030", "2016-09-30": "364.00050", "2015-09-30": "398.60010", "2014-09-30": "503.30030", "2013-09-30": "505.70020", "2012-09-30": "387.69970", "2011-09-30": "526.10010", "2010-09-30": "1424.80000", "2009-09-30": "-979.49950", "2008-09-30": "617.39990", "2007-09-30": "609.10010", "2006-09-30": "325.89990", "2005-09-30": "267.20000"}, "Total Non-Operating Income/Expense": {"2020-09-30": "-49.60000", "2019-09-30": "-46.30000", "2018-09-30": "-61.40000", "2017-09-30": "-59.00000", "2016-09-30": "-57.00000", "2015-09-30": "-72.50000", "2014-09-30": "-71.40000", "2013-09-30": "-60.70000", "2012-09-30": "-78.50000", "2011-09-30": "-84.00000", "2010-09-30": "-183.10000", "2009-09-30": "-198.70000", "2008-09-30": "-213.60000", "2007-09-30": "-193.70000", "2006-09-30": "-1.00000", "2005-09-30": "-7.10000"}, "Pre-Tax Income": {"2020-09-30": "439.10000", "2019-09-30": "750.70000", "2018-09-30": "594.60000", "2017-09-30": "411.30000", "2016-09-30": "307.00000", "2015-09-30": "326.10000", "2014-09-30": "431.90000", "2013-09-30": "445.00000", "2012-09-30": "309.20000", "2011-09-30": "442.10000", "2010-09-30": "1241.70000", "2009-09-30": "-1178.20000", "2008-09-30": "403.80000", "2007-09-30": "415.40000", "2006-09-30": "324.90000", "2005-09-30": "260.10000"}, "Income Taxes": {"2020-09-30": "112.80000", "2019-09-30": "171.30000", "2018-09-30": "123.80000", "2017-09-30": "127.20000", "2016-09-30": "92.40000", "2015-09-30": "99.20000", "2014-09-30": "125.00000", "2013-09-30": "131.70000", "2012-09-30": "65.20000", "2011-09-30": "151.60000", "2010-09-30": "421.40000", "2009-09-30": "-12.60000", "2008-09-30": "121.20000", "2007-09-30": "137.70000", "2006-09-30": "121.20000", "2005-09-30": "102.20000"}, "Income After Taxes": {"2020-09-30": "326.30000", "2019-09-30": "579.40000", "2018-09-30": "470.80000", "2017-09-30": "284.10000", "2016-09-30": "214.60000", "2015-09-30": "226.90000", "2014-09-30": "306.90000", "2013-09-30": "313.30000", "2012-09-30": "244.00000", "2011-09-30": "290.50000", "2010-09-30": "820.29990", "2009-09-30": "-1165.60000", "2008-09-30": "282.60000", "2007-09-30": "277.70000", "2006-09-30": "203.70000", "2005-09-30": "157.90000"}, "Other Income": {"2020-09-30": "", "2019-09-30": "", "2018-09-30": "", "2017-09-30": "", "2016-09-30": "", "2015-09-30": "", "2014-09-30": "", "2013-09-30": "", "2012-09-30": "", "2011-09-30": "", "2010-09-30": "", "2009-09-30": "", "2008-09-30": "", "2007-09-30": "", "2006-09-30": "", "2005-09-30": ""}, "Income From Continuous Operations": {"2020-09-30": "324.50000", "2019-09-30": "579.40000", "2018-09-30": "471.90000", "2017-09-30": "285.60000", "2016-09-30": "216.40000", "2015-09-30": "229.50000", "2014-09-30": "309.30000", "2013-09-30": "316.30000", "2012-09-30": "246.30000", "2011-09-30": "291.00000", "2010-09-30": "816.00000", "2009-09-30": "-1167.00000", "2008-09-30": "288.90000", "2007-09-30": "285.30000", "2006-09-30": "205.50000", "2005-09-30": "160.20000"}, "Income From Discontinued Operations": {"2020-09-30": "", "2019-09-30": "", "2018-09-30": "", "2017-09-30": "", "2016-09-30": "", "2015-09-30": "", "2014-09-30": "", "2013-09-30": "1.70000", "2012-09-30": "-14.40000", "2011-09-30": "-17.60000", "2010-09-30": "-26.00000", "2009-09-30": "67.30000", "2008-09-30": "-210.30000", "2007-09-30": "-17.20000", "2006-09-30": "", "2005-09-30": ""}, "Net Income": {"2020-09-30": "324.50000", "2019-09-30": "579.40000", "2018-09-30": "471.90000", "2017-09-30": "285.60000", "2016-09-30": "216.40000", "2015-09-30": "229.00000", "2014-09-30": "308.10000", "2013-09-30": "316.00000", "2012-09-30": "230.20000", "2011-09-30": "273.00000", "2010-09-30": "790.00000", "2009-09-30": "-1098.80000", "2008-09-30": "79.30000", "2007-09-30": "268.10000", "2006-09-30": "205.50000", "2005-09-30": "160.20000"}, "EBITDA": {"2020-09-30": "592.89970", "2019-09-30": "912.20000", "2018-09-30": "776.50050", "2017-09-30": "600.60030", "2016-09-30": "492.80050", "2015-09-30": "523.10010", "2014-09-30": "630.10030", "2013-09-30": "641.50020", "2012-09-30": "518.59970", "2011-09-30": "675.30010", "2010-09-30": "1623.30000", "2009-09-30": "372.30050", "2008-09-30": "945.49990", "2007-09-30": "738.10010", "2006-09-30": "363.39990", "2005-09-30": "298.90000"}, "EBIT": {"2020-09-30": "488.69970", "2019-09-30": "797.00000", "2018-09-30": "656.00050", "2017-09-30": "470.30030", "2016-09-30": "364.00050", "2015-09-30": "398.60010", "2014-09-30": "503.30030", "2013-09-30": "505.70020", "2012-09-30": "387.69970", "2011-09-30": "526.10010", "2010-09-30": "1424.80000", "2009-09-30": "-979.49950", "2008-09-30": "617.39990", "2007-09-30": "609.10010", "2006-09-30": "325.89990", "2005-09-30": "267.20000"}, "Basic Shares Outstanding": {"2020-09-30": "68.14900", "2019-09-30": "69.82000", "2018-09-30": "74.00100", "2017-09-30": "74.67400", "2016-09-30": "73.57000", "2015-09-30": "77.99000", "2014-09-30": "84.12400", "2013-09-30": "87.72700", "2012-09-30": "91.33100", "2011-09-30": "90.88800", "2010-09-30": "89.94800", "2009-09-30": "76.47400", "2008-09-30": "74.00800", "2007-09-30": "73.56200", "2006-09-30": "73.16000", "2005-09-30": "71.29400"}, "Shares Outstanding": {"2020-09-30": "68.78800", "2019-09-30": "70.55800", "2018-09-30": "74.98200", "2017-09-30": "75.79000", "2016-09-30": "74.43300", "2015-09-30": "78.98100", "2014-09-30": "85.45800", "2013-09-30": "88.95400", "2012-09-30": "91.80900", "2011-09-30": "91.53400", "2010-09-30": "90.95500", "2009-09-30": "76.47400", "2008-09-30": "74.83600", "2007-09-30": "74.83100", "2006-09-30": "74.40000", "2005-09-30": "73.62200"}, "Basic EPS": {"2020-09-30": "4.76000", "2019-09-30": "8.30000", "2018-09-30": "6.38000", "2017-09-30": "3.82000", "2016-09-30": "2.94000", "2015-09-30": "2.94000", "2014-09-30": "3.66000", "2013-09-30": "3.60000", "2012-09-30": "2.52000", "2011-09-30": "3.01000", "2010-09-30": "8.78000", "2009-09-30": "-14.37000", "2008-09-30": "1.07000", "2007-09-30": "3.64000", "2006-09-30": "2.81000", "2005-09-30": "2.22000"}, "EPS - Earnings Per Share": {"2020-09-30": "4.72000", "2019-09-30": "8.21000", "2018-09-30": "6.29000", "2017-09-30": "3.77000", "2016-09-30": "2.91000", "2015-09-30": "2.90000", "2014-09-30": "3.61000", "2013-09-30": "3.55000", "2012-09-30": "2.51000", "2011-09-30": "2.99000", "2010-09-30": "8.69000", "2009-09-30": "-14.37000", "2008-09-30": "1.06000", "2007-09-30": "3.58000", "2006-09-30": "2.76000", "2005-09-30": "2.18000"}}, "income statement, quarterly": {"Revenue": {"2020-12-31": "1576.50000", "2020-09-30": "1784.20000", "2020-06-30": "1580.80000", "2020-03-31": "1796.70000", "2019-12-31": "1695.10000", "2019-09-30": "2195.70000", "2019-06-30": "2392.70000", "2019-03-31": "1990.20000", "2018-12-31": "1803.40000", "2018-09-30": "2057.00000", "2018-06-30": "2175.80000", "2018-03-31": "1886.40000", "2017-12-31": "1586.30000", "2017-09-30": "1963.00000", "2017-06-30": "2036.90000", "2017-03-31": "1618.30000", "2016-12-31": "1211.40000", "2016-09-30": "1755.40000", "2016-06-30": "1747.50000", "2016-03-31": "1524.30000", "2015-12-31": "1252.00000", "2015-09-30": "1578.30000", "2015-06-30": "1612.30000", "2015-03-31": "1554.20000", "2014-12-31": "1353.30000", "2014-09-30": "1667.70000", "2014-06-30": "1932.40000", "2014-03-31": "1677.90000", "2013-12-31": "1530.20000", "2013-09-30": "1726.50000", "2013-06-30": "2204.40000", "2013-03-31": "1984.40000", "2012-12-31": "1749.80000", "2012-09-30": "2043.30000", "2012-06-30": "2159.80000", "2012-03-31": "2062.30000", "2011-12-31": "1875.70000", "2011-09-30": "2069.20000", "2011-06-30": "2022.90000", "2011-03-31": "1745.60000", "2010-12-31": "1700.80000", "2010-09-30": "2083.29900", "2010-06-30": "2439.00000", "2010-03-31": "2864.20000", "2009-12-31": "2434.10000", "2009-09-30": "1472.10000", "2009-06-30": "1215.00000", "2009-03-31": "1237.30000", "2008-12-31": "1328.70000", "2008-09-30": "1685.10000", "2008-06-30": "1920.10000", "2008-03-31": "1772.60000", "2007-12-31": "1499.90000", "2007-09-30": "1624.50000", "2007-06-30": "1847.30000", "2007-03-31": "1660.70000", "2006-12-31": "1006.80000", "2006-09-30": "904.40000", "2006-06-30": "887.90000", "2006-03-31": "844.80000", "2005-12-31": "790.30000", "2005-09-30": "823.71580", "2005-06-30": "818.91200", "2005-03-31": "672.35500"}, "Cost Of Goods Sold": {"2020-12-31": "1333.90000", "2020-09-30": "1503.30000", "2020-06-30": "1323.30000", "2020-03-31": "1504.30000", "2019-12-31": "1405.60000", "2019-09-30": "1798.40000", "2019-06-30": "1958.80000", "2019-03-31": "1632.30000", "2018-12-31": "1475.10000", "2018-09-30": "1681.10000", "2018-06-30": "1772.10000", "2018-03-31": "1550.40000", "2017-12-31": "1343.30000", "2017-09-30": "1630.10000", "2017-06-30": "1650.00000", "2017-03-31": "1357.00000", "2016-12-31": "1011.70000", "2016-09-30": "1456.30000", "2016-06-30": "1432.90000", "2016-03-31": "1265.00000", "2015-12-31": "1069.20000", "2015-09-30": "1328.60000", "2015-06-30": "1328.30000", "2015-03-31": "1278.40000", "2014-12-31": "1123.60000", "2014-09-30": "1378.20000", "2014-06-30": "1585.50000", "2014-03-31": "1386.70000", "2013-12-31": "1275.10000", "2013-09-30": "1469.60000", "2013-06-30": "1818.90000", "2013-03-31": "1681.00000", "2012-12-31": "1503.80000", "2012-09-30": "1776.60000", "2012-06-30": "1885.20000", "2012-03-31": "1818.20000", "2011-12-31": "1654.20000", "2011-09-30": "1840.00000", "2011-06-30": "1750.90000", "2011-03-31": "1464.50000", "2010-12-31": "1391.80000", "2010-09-30": "1701.90000", "2010-06-30": "1957.40000", "2010-03-31": "2236.40000", "2009-12-31": "1954.90000", "2009-09-30": "1231.30000", "2009-06-30": "1039.10000", "2009-03-31": "1100.30000", "2008-12-31": "1179.10000", "2008-09-30": "1418.20000", "2008-06-30": "1592.10000", "2008-03-31": "1449.50000", "2007-12-31": "1247.90000", "2007-09-30": "1313.40000", "2007-06-30": "1518.90000", "2007-03-31": "1386.40000", "2006-12-31": "834.10000", "2006-09-30": "749.70000", "2006-06-30": "732.60000", "2006-03-31": "695.40000", "2005-12-31": "641.40000", "2005-09-30": "688.24410", "2005-06-30": "695.06800", "2005-03-31": "552.46200"}, "Gross Profit": {"2020-12-31": "242.60000", "2020-09-30": "280.89990", "2020-06-30": "257.50000", "2020-03-31": "292.39990", "2019-12-31": "289.50000", "2019-09-30": "397.29990", "2019-06-30": "433.89990", "2019-03-31": "357.89990", "2018-12-31": "328.30000", "2018-09-30": "375.90040", "2018-06-30": "403.70010", "2018-03-31": "336.00000", "2017-12-31": "243.00000", "2017-09-30": "332.90030", "2017-06-30": "386.90000", "2017-03-31": "261.30000", "2016-12-31": "199.70000", "2016-09-30": "299.10010", "2016-06-30": "314.60000", "2016-03-31": "259.30000", "2015-12-31": "182.80000", "2015-09-30": "249.70010", "2015-06-30": "284.00000", "2015-03-31": "275.79990", "2014-12-31": "229.70010", "2014-09-30": "289.50040", "2014-06-30": "346.90000", "2014-03-31": "291.20010", "2013-12-31": "255.10000", "2013-09-30": "256.90040", "2013-06-30": "385.49990", "2013-03-31": "303.40000", "2012-12-31": "246.00000", "2012-09-30": "266.69970", "2012-06-30": "274.60010", "2012-03-31": "244.10010", "2011-12-31": "221.50000", "2011-09-30": "229.19970", "2011-06-30": "272.00000", "2011-03-31": "281.10000", "2010-12-31": "309.00000", "2010-09-30": "381.39900", "2010-06-30": "481.60000", "2010-03-31": "627.80000", "2009-12-31": "479.20010", "2009-09-30": "240.80040", "2009-06-30": "175.90000", "2009-03-31": "137.00000", "2008-12-31": "149.60000", "2008-09-30": "266.89990", "2008-06-30": "328.00000", "2008-03-31": "323.10000", "2007-12-31": "252.00000", "2007-09-30": "311.10000", "2007-06-30": "328.40000", "2007-03-31": "274.29990", "2006-12-31": "172.70000", "2006-09-30": "154.70000", "2006-06-30": "155.30000", "2006-03-31": "149.40000", "2005-12-31": "148.90000", "2005-09-30": "135.47170", "2005-06-30": "123.84400", "2005-03-31": "119.89300"}, "Research And Development Expenses": {"2020-12-31": "", "2020-09-30": "", "2020-06-30": "", "2020-03-31": "", "2019-12-31": "", "2019-09-30": "", "2019-06-30": "", "2019-03-31": "", "2018-12-31": "", "2018-09-30": "", "2018-06-30": "", "2018-03-31": "", "2017-12-31": "", "2017-09-30": "", "2017-06-30": "", "2017-03-31": "", "2016-12-31": "", "2016-09-30": "", "2016-06-30": "", "2016-03-31": "", "2015-12-31": "", "2015-09-30": "", "2015-06-30": "", "2015-03-31": "", "2014-12-31": "", "2014-09-30": "", "2014-06-30": "", "2014-03-31": "", "2013-12-31": "", "2013-09-30": "", "2013-06-30": "", "2013-03-31": "", "2012-12-31": "", "2012-09-30": "", "2012-06-30": "", "2012-03-31": "", "2011-12-31": "", "2011-09-30": "", "2011-06-30": "", "2011-03-31": "", "2010-12-31": "", "2010-09-30": "", "2010-06-30": "", "2010-03-31": "", "2009-12-31": "", "2009-09-30": "", "2009-06-30": "", "2009-03-31": "", "2008-12-31": "", "2008-09-30": "", "2008-06-30": "", "2008-03-31": "", "2007-12-31": "", "2007-09-30": "", "2007-06-30": "", "2007-03-31": "", "2006-12-31": "", "2006-09-30": "", "2006-06-30": "", "2006-03-31": "", "2005-12-31": "", "2005-09-30": "", "2005-06-30": "", "2005-03-31": ""}, "SG&A Expenses": {"2020-12-31": "145.40000", "2020-09-30": "152.20000", "2020-06-30": "137.60000", "2020-03-31": "157.40000", "2019-12-31": "173.40000", "2019-09-30": "185.00000", "2019-06-30": "166.90000", "2019-03-31": "173.00000", "2018-12-31": "158.60000", "2018-09-30": "164.80000", "2018-06-30": "171.20000", "2018-03-31": "170.40000", "2017-12-31": "157.90000", "2017-09-30": "180.00000", "2017-06-30": "163.90000", "2017-03-31": "169.80000", "2016-12-31": "151.00000", "2016-09-30": "163.70000", "2016-06-30": "154.70000", "2016-03-31": "154.70000", "2015-12-31": "139.30000", "2015-09-30": "149.90000", "2015-06-30": "134.20000", "2015-03-31": "152.80000", "2014-12-31": "150.50000", "2014-09-30": "162.70000", "2014-06-30": "158.70000", "2014-03-31": "158.00000", "2013-12-31": "144.70000", "2013-09-30": "168.90000", "2013-06-30": "146.00000", "2013-03-31": "154.30000", "2012-12-31": "151.30000", "2012-09-30": "150.40000", "2012-06-30": "134.30000", "2012-03-31": "145.40000", "2011-12-31": "131.40000", "2011-09-30": "114.40000", "2011-06-30": "130.80000", "2011-03-31": "133.70000", "2010-12-31": "125.00000", "2010-09-30": "124.60000", "2010-06-30": "126.20000", "2010-03-31": "118.30000", "2009-12-31": "114.80000", "2009-09-30": "105.10000", "2009-06-30": "121.60000", "2009-03-31": "95.80000", "2008-12-31": "107.80000", "2008-09-30": "104.40000", "2008-06-30": "116.90000", "2008-03-31": "138.20000", "2007-12-31": "123.40000", "2007-09-30": "91.70000", "2007-06-30": "117.40000", "2007-03-31": "120.80000", "2006-12-31": "82.00000", "2006-09-30": "75.30000", "2006-06-30": "70.90000", "2006-03-31": "67.80000", "2005-12-31": "60.00000", "2005-09-30": "59.56800", "2005-06-30": "58.82700", "2005-03-31": "55.24000"}, "Other Operating Income Or Expenses": {"2020-12-31": "", "2020-09-30": "", "2020-06-30": "", "2020-03-31": "", "2019-12-31": "", "2019-09-30": "", "2019-06-30": "", "2019-03-31": "", "2018-12-31": "", "2018-09-30": "", "2018-06-30": "", "2018-03-31": "", "2017-12-31": "", "2017-09-30": "", "2017-06-30": "", "2017-03-31": "", "2016-12-31": "", "2016-09-30": "", "2016-06-30": "", "2016-03-31": "", "2015-12-31": "", "2015-09-30": "", "2015-06-30": "", "2015-03-31": "", "2014-12-31": "", "2014-09-30": "", "2014-06-30": "", "2014-03-31": "", "2013-12-31": "", "2013-09-30": "", "2013-06-30": "", "2013-03-31": "", "2012-12-31": "", "2012-09-30": "", "2012-06-30": "", "2012-03-31": "", "2011-12-31": "", "2011-09-30": "", "2011-06-30": "", "2011-03-31": "", "2010-12-31": "", "2010-09-30": "21.00000", "2010-06-30": "", "2010-03-31": "", "2009-12-31": "-23.30000", "2009-09-30": "-2.00000", "2009-06-30": "", "2009-03-31": "-1188.20000", "2008-12-31": "", "2008-09-30": "", "2008-06-30": "-1.00000", "2008-03-31": "", "2007-12-31": "", "2007-09-30": "", "2007-06-30": "", "2007-03-31": "", "2006-12-31": "", "2006-09-30": "", "2006-06-30": "", "2006-03-31": "", "2005-12-31": "", "2005-09-30": "", "2005-06-30": "", "2005-03-31": ""}, "Operating Expenses": {"2020-12-31": "1480.60000", "2020-09-30": "1656.80000", "2020-06-30": "1462.20000", "2020-03-31": "1663.10000", "2019-12-31": "1586.00000", "2019-09-30": "1992.60000", "2019-06-30": "2134.90000", "2019-03-31": "1814.60000", "2018-12-31": "1642.90000", "2018-09-30": "1855.09900", "2018-06-30": "1952.60000", "2018-03-31": "1730.00000", "2017-12-31": "1511.80000", "2017-09-30": "1821.20000", "2017-06-30": "1825.00000", "2017-03-31": "1537.90000", "2016-12-31": "1175.20000", "2016-09-30": "1659.90000", "2016-06-30": "1600.70000", "2016-03-31": "1432.90000", "2015-12-31": "1221.70000", "2015-09-30": "1491.70000", "2015-06-30": "1475.70000", "2015-03-31": "1444.50000", "2014-12-31": "1287.60000", "2014-09-30": "1554.60000", "2014-06-30": "1758.10000", "2014-03-31": "1558.50000", "2013-12-31": "1433.70000", "2013-09-30": "1661.29900", "2013-06-30": "1978.80000", "2013-03-31": "1849.80000", "2012-12-31": "1669.50000", "2012-09-30": "1941.30000", "2012-06-30": "2033.60000", "2012-03-31": "1978.20000", "2011-12-31": "1800.30000", "2011-09-30": "1970.20000", "2011-06-30": "1896.90000", "2011-03-31": "1613.20000", "2010-12-31": "1532.10000", "2010-09-30": "1819.00000", "2010-06-30": "2098.50000", "2010-03-31": "2369.90000", "2009-12-31": "2108.40000", "2009-09-30": "1353.90000", "2009-06-30": "1175.70000", "2009-03-31": "2399.90000", "2008-12-31": "1303.10000", "2008-09-30": "1538.80000", "2008-06-30": "1727.10000", "2008-03-31": "1604.40000", "2007-12-31": "1390.00000", "2007-09-30": "1426.50000", "2007-06-30": "1654.60000", "2007-03-31": "1525.90000", "2006-12-31": "923.20000", "2006-09-30": "827.79980", "2006-06-30": "805.30000", "2006-03-31": "765.10000", "2005-12-31": "703.30000", "2005-09-30": "749.74400", "2005-06-30": "755.94100", "2005-03-31": "609.73000"}, "Operating Income": {"2020-12-31": "95.89990", "2020-09-30": "127.40030", "2020-06-30": "118.60000", "2020-03-31": "133.59990", "2019-12-31": "109.10000", "2019-09-30": "203.09960", "2019-06-30": "257.80000", "2019-03-31": "175.59990", "2018-12-31": "160.50010", "2018-09-30": "201.90090", "2018-06-30": "223.20010", "2018-03-31": "156.40000", "2017-12-31": "74.50000", "2017-09-30": "141.80020", "2017-06-30": "211.90000", "2017-03-31": "80.40000", "2016-12-31": "36.20010", "2016-09-30": "95.50000", "2016-06-30": "146.80000", "2016-03-31": "91.40020", "2015-12-31": "30.30010", "2015-09-30": "86.60000", "2015-06-30": "136.60010", "2015-03-31": "109.69980", "2014-12-31": "65.70010", "2014-09-30": "113.10060", "2014-06-30": "174.30000", "2014-03-31": "119.40000", "2013-12-31": "96.50000", "2013-09-30": "65.20080", "2013-06-30": "225.59990", "2013-03-31": "134.60000", "2012-12-31": "80.29990", "2012-09-30": "101.99940", "2012-06-30": "126.20010", "2012-03-31": "84.10010", "2011-12-31": "75.40000", "2011-09-30": "99.00000", "2011-06-30": "126.00000", "2011-03-31": "132.40000", "2010-12-31": "168.70000", "2010-09-30": "264.29960", "2010-06-30": "340.50000", "2010-03-31": "494.30000", "2009-12-31": "325.70000", "2009-09-30": "118.20060", "2009-06-30": "39.30010", "2009-03-31": "-1162.60000", "2008-12-31": "25.60000", "2008-09-30": "146.29970", "2008-06-30": "193.00000", "2008-03-31": "168.20010", "2007-12-31": "109.90000", "2007-09-30": "198.00020", "2007-06-30": "192.70000", "2007-03-31": "134.79990", "2006-12-31": "83.60000", "2006-09-30": "76.60020", "2006-06-30": "82.60000", "2006-03-31": "79.70000", "2005-12-31": "86.99990", "2005-09-30": "73.97190", "2005-06-30": "62.97100", "2005-03-31": "62.62500"}, "Total Non-Operating Income/Expense": {"2020-12-31": "-12.90000", "2020-09-30": "-0.70000", "2020-06-30": "-10.20000", "2020-03-31": "-26.50000", "2019-12-31": "-12.20000", "2019-09-30": "-11.20000", "2019-06-30": "-11.90000", "2019-03-31": "-10.50000", "2018-12-31": "-12.70000", "2018-09-30": "-12.10000", "2018-06-30": "-26.10000", "2018-03-31": "-9.30000", "2017-12-31": "-13.90000", "2017-09-30": "-20.20000", "2017-06-30": "-13.30000", "2017-03-31": "-12.90000", "2016-12-31": "-12.60000", "2016-09-30": "-12.30000", "2016-06-30": "-14.50000", "2016-03-31": "-16.10000", "2015-12-31": "-14.10000", "2015-09-30": "-17.90000", "2015-06-30": "-12.80000", "2015-03-31": "-26.90000", "2014-12-31": "-14.90000", "2014-09-30": "-15.10000", "2014-06-30": "-12.90000", "2014-03-31": "-26.00000", "2013-12-31": "-17.40000", "2013-09-30": "-14.30000", "2013-06-30": "-18.20000", "2013-03-31": "-14.60000", "2012-12-31": "-13.60000", "2012-09-30": "-18.10000", "2012-06-30": "-18.70000", "2012-03-31": "-16.10000", "2011-12-31": "-25.60000", "2011-09-30": "-16.70000", "2011-06-30": "-20.90000", "2011-03-31": "-20.30000", "2010-12-31": "-26.10000", "2010-09-30": "-46.90000", "2010-06-30": "-42.30000", "2010-03-31": "-44.20000", "2009-12-31": "-49.70000", "2009-09-30": "-56.50000", "2009-06-30": "-58.70000", "2009-03-31": "-43.90000", "2008-12-31": "-39.60000", "2008-09-30": "-47.50000", "2008-06-30": "-52.50000", "2008-03-31": "-57.00000", "2007-12-31": "-56.60000", "2007-09-30": "-58.20000", "2007-06-30": "-54.80000", "2007-03-31": "-60.20000", "2006-12-31": "-20.50000", "2006-09-30": "-0.50000", "2006-06-30": "0.00000", "2006-03-31": "0.00000", "2005-12-31": "-0.50000", "2005-09-30": "-1.39200", "2005-06-30": "-1.62300", "2005-03-31": "-1.58700"}, "Pre-Tax Income": {"2020-12-31": "83.00000", "2020-09-30": "126.70000", "2020-06-30": "108.40000", "2020-03-31": "107.10000", "2019-12-31": "96.90000", "2019-09-30": "191.90000", "2019-06-30": "245.90000", "2019-03-31": "165.10000", "2018-12-31": "147.80000", "2018-09-30": "189.80000", "2018-06-30": "197.10000", "2018-03-31": "147.10000", "2017-12-31": "60.60000", "2017-09-30": "121.60000", "2017-06-30": "198.60000", "2017-03-31": "67.50000", "2016-12-31": "23.60000", "2016-09-30": "83.20000", "2016-06-30": "132.30000", "2016-03-31": "75.30000", "2015-12-31": "16.20000", "2015-09-30": "68.70000", "2015-06-30": "123.80000", "2015-03-31": "82.80000", "2014-12-31": "50.80000", "2014-09-30": "98.00000", "2014-06-30": "161.40000", "2014-03-31": "93.40000", "2013-12-31": "79.10000", "2013-09-30": "50.90000", "2013-06-30": "207.40000", "2013-03-31": "120.00000", "2012-12-31": "66.70000", "2012-09-30": "83.90000", "2012-06-30": "107.50000", "2012-03-31": "68.00000", "2011-12-31": "49.80000", "2011-09-30": "82.30000", "2011-06-30": "105.10000", "2011-03-31": "112.10000", "2010-12-31": "142.60000", "2010-09-30": "217.39990", "2010-06-30": "298.20000", "2010-03-31": "450.10000", "2009-12-31": "276.00000", "2009-09-30": "61.70010", "2009-06-30": "-19.40000", "2009-03-31": "-1206.50000", "2008-12-31": "-14.00000", "2008-09-30": "98.80000", "2008-06-30": "140.50000", "2008-03-31": "111.20000", "2007-12-31": "53.30000", "2007-09-30": "139.80000", "2007-06-30": "137.90000", "2007-03-31": "74.60000", "2006-12-31": "63.10000", "2006-09-30": "76.10000", "2006-06-30": "82.60000", "2006-03-31": "79.70000", "2005-12-31": "86.50000", "2005-09-30": "72.58000", "2005-06-30": "61.34800", "2005-03-31": "61.03800"}, "Income Taxes": {"2020-12-31": "13.20000", "2020-09-30": "25.80000", "2020-06-30": "28.00000", "2020-03-31": "38.30000", "2019-12-31": "20.70000", "2019-09-30": "41.70000", "2019-06-30": "53.70000", "2019-03-31": "36.20000", "2018-12-31": "39.70000", "2018-09-30": "38.30000", "2018-06-30": "44.60000", "2018-03-31": "36.20000", "2017-12-31": "4.70000", "2017-09-30": "28.30000", "2017-06-30": "70.10000", "2017-03-31": "23.60000", "2016-12-31": "5.20000", "2016-09-30": "22.00000", "2016-06-30": "48.40000", "2016-03-31": "20.30000", "2015-12-31": "1.70000", "2015-09-30": "18.70000", "2015-06-30": "34.80000", "2015-03-31": "29.50000", "2014-12-31": "16.20000", "2014-09-30": "21.40000", "2014-06-30": "56.00000", "2014-03-31": "22.90000", "2013-12-31": "24.70000", "2013-09-30": "16.00000", "2013-06-30": "59.90000", "2013-03-31": "34.80000", "2012-12-31": "21.00000", "2012-09-30": "-1.90000", "2012-06-30": "31.60000", "2012-03-31": "24.40000", "2011-12-31": "11.10000", "2011-09-30": "26.80000", "2011-06-30": "36.60000", "2011-03-31": "44.20000", "2010-12-31": "44.00000", "2010-09-30": "73.40000", "2010-06-30": "87.40000", "2010-03-31": "157.40000", "2009-12-31": "103.20000", "2009-09-30": "15.10000", "2009-06-30": "0.90000", "2009-03-31": "-26.80000", "2008-12-31": "-1.80000", "2008-09-30": "21.50000", "2008-06-30": "40.80000", "2008-03-31": "40.80000", "2007-12-31": "18.10000", "2007-09-30": "38.60000", "2007-06-30": "49.60000", "2007-03-31": "26.80000", "2006-12-31": "22.70000", "2006-09-30": "27.20000", "2006-06-30": "30.00000", "2006-03-31": "30.30000", "2005-12-31": "33.70000", "2005-09-30": "30.00500", "2005-06-30": "23.49300", "2005-03-31": "23.57000"}, "Income After Taxes": {"2020-12-31": "69.80000", "2020-09-30": "100.90000", "2020-06-30": "80.40000", "2020-03-31": "68.80000", "2019-12-31": "76.20000", "2019-09-30": "150.20000", "2019-06-30": "192.20000", "2019-03-31": "128.90000", "2018-12-31": "108.10000", "2018-09-30": "151.50000", "2018-06-30": "152.50000", "2018-03-31": "110.90000", "2017-12-31": "55.90000", "2017-09-30": "93.30000", "2017-06-30": "128.50000", "2017-03-31": "43.90000", "2016-12-31": "18.40000", "2016-09-30": "61.20000", "2016-06-30": "83.90000", "2016-03-31": "55.00000", "2015-12-31": "14.50000", "2015-09-30": "50.00000", "2015-06-30": "89.00000", "2015-03-31": "53.30000", "2014-12-31": "34.60000", "2014-09-30": "76.60000", "2014-06-30": "105.40000", "2014-03-31": "70.50000", "2013-12-31": "54.40000", "2013-09-30": "34.90000", "2013-06-30": "147.50000", "2013-03-31": "85.20000", "2012-12-31": "45.70000", "2012-09-30": "85.80000", "2012-06-30": "75.90000", "2012-03-31": "43.60000", "2011-12-31": "38.70000", "2011-09-30": "55.50000", "2011-06-30": "68.50000", "2011-03-31": "67.90000", "2010-12-31": "98.60000", "2010-09-30": "143.99990", "2010-06-30": "210.80000", "2010-03-31": "292.70000", "2009-12-31": "172.80000", "2009-09-30": "46.60000", "2009-06-30": "-20.30000", "2009-03-31": "-1179.70000", "2008-12-31": "-12.20000", "2008-09-30": "77.30000", "2008-06-30": "99.70000", "2008-03-31": "70.40000", "2007-12-31": "35.20000", "2007-09-30": "101.20000", "2007-06-30": "88.30000", "2007-03-31": "47.80000", "2006-12-31": "40.40000", "2006-09-30": "48.90000", "2006-06-30": "52.60000", "2006-03-31": "49.40000", "2005-12-31": "52.80000", "2005-09-30": "42.57500", "2005-06-30": "37.85500", "2005-03-31": "37.46800"}, "Other Income": {"2020-12-31": "", "2020-09-30": "", "2020-06-30": "", "2020-03-31": "", "2019-12-31": "", "2019-09-30": "", "2019-06-30": "", "2019-03-31": "", "2018-12-31": "", "2018-09-30": "", "2018-06-30": "", "2018-03-31": "", "2017-12-31": "", "2017-09-30": "", "2017-06-30": "", "2017-03-31": "", "2016-12-31": "", "2016-09-30": "", "2016-06-30": "", "2016-03-31": "", "2015-12-31": "", "2015-09-30": "", "2015-06-30": "", "2015-03-31": "", "2014-12-31": "", "2014-09-30": "", "2014-06-30": "", "2014-03-31": "", "2013-12-31": "", "2013-09-30": "", "2013-06-30": "", "2013-03-31": "", "2012-12-31": "", "2012-09-30": "", "2012-06-30": "", "2012-03-31": "", "2011-12-31": "", "2011-09-30": "", "2011-06-30": "", "2011-03-31": "", "2010-12-31": "", "2010-09-30": "", "2010-06-30": "", "2010-03-31": "", "2009-12-31": "", "2009-09-30": "", "2009-06-30": "", "2009-03-31": "", "2008-12-31": "", "2008-09-30": "", "2008-06-30": "", "2008-03-31": "", "2007-12-31": "", "2007-09-30": "", "2007-06-30": "", "2007-03-31": "", "2006-12-31": "", "2006-09-30": "", "2006-06-30": "", "2006-03-31": "", "2005-12-31": "", "2005-09-30": "", "2005-06-30": "", "2005-03-31": ""}, "Income From Continuous Operations": {"2020-12-31": "69.50000", "2020-09-30": "100.00000", "2020-06-30": "80.20000", "2020-03-31": "68.60000", "2019-12-31": "75.70000", "2019-09-30": "150.00000", "2019-06-30": "191.90000", "2019-03-31": "128.50000", "2018-12-31": "109.00000", "2018-09-30": "151.30000", "2018-06-30": "153.40000", "2018-03-31": "110.80000", "2017-12-31": "56.40000", "2017-09-30": "93.50000", "2017-06-30": "128.60000", "2017-03-31": "44.30000", "2016-12-31": "19.20000", "2016-09-30": "61.50000", "2016-06-30": "84.20000", "2016-03-31": "56.10000", "2015-12-31": "14.60000", "2015-09-30": "50.30000", "2015-06-30": "89.90000", "2015-03-31": "54.60000", "2014-12-31": "34.70000", "2014-09-30": "77.80000", "2014-06-30": "105.10000", "2014-03-31": "71.50000", "2013-12-31": "54.90000", "2013-09-30": "35.70000", "2013-06-30": "148.40000", "2013-03-31": "85.90000", "2012-12-31": "46.30000", "2012-09-30": "86.20000", "2012-06-30": "77.10000", "2012-03-31": "43.60000", "2011-12-31": "39.40000", "2011-09-30": "55.70000", "2011-06-30": "68.60000", "2011-03-31": "67.70000", "2010-12-31": "99.00000", "2010-09-30": "139.70000", "2010-06-30": "211.20000", "2010-03-31": "292.60000", "2009-12-31": "172.50000", "2009-09-30": "45.59990", "2009-06-30": "-21.20000", "2009-03-31": "-1179.70000", "2008-12-31": "-11.70000", "2008-09-30": "77.00000", "2008-06-30": "102.00000", "2008-03-31": "72.60000", "2007-12-31": "37.30000", "2007-09-30": "102.60000", "2007-06-30": "90.60000", "2007-03-31": "50.90000", "2006-12-31": "41.20000", "2006-09-30": "49.20000", "2006-06-30": "53.40000", "2006-03-31": "49.80000", "2005-12-31": "53.10000", "2005-09-30": "42.74700", "2005-06-30": "38.68900", "2005-03-31": "38.19000"}, "Income From Discontinued Operations": {"2020-12-31": "", "2020-09-30": "", "2020-06-30": "", "2020-03-31": "", "2019-12-31": "", "2019-09-30": "", "2019-06-30": "", "2019-03-31": "", "2018-12-31": "", "2018-09-30": "", "2018-06-30": "", "2018-03-31": "", "2017-12-31": "", "2017-09-30": "", "2017-06-30": "", "2017-03-31": "", "2016-12-31": "", "2016-09-30": "", "2016-06-30": "", "2016-03-31": "", "2015-12-31": "", "2015-09-30": "", "2015-06-30": "", "2015-03-31": "", "2014-12-31": "", "2014-09-30": "", "2014-06-30": "", "2014-03-31": "", "2013-12-31": "", "2013-09-30": "0.60000", "2013-06-30": "0.30000", "2013-03-31": "0.60000", "2012-12-31": "0.20000", "2012-09-30": "-7.30000", "2012-06-30": "-1.40000", "2012-03-31": "-5.60000", "2011-12-31": "-0.10000", "2011-09-30": "", "2011-06-30": "", "2011-03-31": "", "2010-12-31": "", "2010-09-30": "-23.10000", "2010-06-30": "", "2010-03-31": "", "2009-12-31": "-2.90000", "2009-09-30": "94.40000", "2009-06-30": "-5.60000", "2009-03-31": "-12.40000", "2008-12-31": "-9.10000", "2008-09-30": "-24.00000", "2008-06-30": "-186.30000", "2008-03-31": "", "2007-12-31": "", "2007-09-30": "", "2007-06-30": "", "2007-03-31": "", "2006-12-31": "", "2006-09-30": "", "2006-06-30": "", "2006-03-31": "", "2005-12-31": "", "2005-09-30": "", "2005-06-30": "", "2005-03-31": ""}, "Net Income": {"2020-12-31": "69.50000", "2020-09-30": "100.00000", "2020-06-30": "80.20000", "2020-03-31": "68.60000", "2019-12-31": "75.70000", "2019-09-30": "150.00000", "2019-06-30": "191.90000", "2019-03-31": "128.50000", "2018-12-31": "109.00000", "2018-09-30": "151.30000", "2018-06-30": "153.40000", "2018-03-31": "110.80000", "2017-12-31": "56.40000", "2017-09-30": "93.50000", "2017-06-30": "128.60000", "2017-03-31": "44.30000", "2016-12-31": "19.20000", "2016-09-30": "61.50000", "2016-06-30": "84.20000", "2016-03-31": "56.10000", "2015-12-31": "14.60000", "2015-09-30": "49.90000", "2015-06-30": "89.90000", "2015-03-31": "54.60000", "2014-12-31": "34.60000", "2014-09-30": "77.50000", "2014-06-30": "104.70000", "2014-03-31": "71.20000", "2013-12-31": "54.70000", "2013-09-30": "35.50000", "2013-06-30": "147.80000", "2013-03-31": "86.50000", "2012-12-31": "46.20000", "2012-09-30": "78.60000", "2012-06-30": "75.50000", "2012-03-31": "37.30000", "2011-12-31": "38.80000", "2011-09-30": "37.10000", "2011-06-30": "68.40000", "2011-03-31": "67.90000", "2010-12-31": "99.60000", "2010-09-30": "116.60000", "2010-06-30": "211.20000", "2010-03-31": "292.60000", "2009-12-31": "169.60000", "2009-09-30": "140.30000", "2009-06-30": "-26.60000", "2009-03-31": "-1191.90000", "2008-12-31": "-20.60000", "2008-09-30": "53.70000", "2008-06-30": "-84.30000", "2008-03-31": "72.60000", "2007-12-31": "37.30000", "2007-09-30": "85.40000", "2007-06-30": "90.60000", "2007-03-31": "50.90000", "2006-12-31": "41.20000", "2006-09-30": "49.20000", "2006-06-30": "53.40000", "2006-03-31": "49.80000", "2005-12-31": "53.10000", "2005-09-30": "42.74700", "2005-06-30": "38.68900", "2005-03-31": "38.19000"}, "EBITDA": {"2020-12-31": "122.49990", "2020-09-30": "158.20030", "2020-06-30": "141.40000", "2020-03-31": "156.19990", "2019-12-31": "137.10000", "2019-09-30": "232.49960", "2019-06-30": "286.50010", "2019-03-31": "203.99980", "2018-12-31": "189.20010", "2018-09-30": "231.30090", "2018-06-30": "253.00010", "2018-03-31": "186.30000", "2017-12-31": "105.90000", "2017-09-30": "174.80020", "2017-06-30": "244.80000", "2017-03-31": "112.70000", "2016-12-31": "68.30010", "2016-09-30": "128.40000", "2016-06-30": "179.00000", "2016-03-31": "124.10010", "2015-12-31": "61.30010", "2015-09-30": "117.00000", "2015-06-30": "166.70010", "2015-03-31": "143.19980", "2014-12-31": "96.20010", "2014-09-30": "144.70060", "2014-06-30": "206.00000", "2014-03-31": "152.10000", "2013-12-31": "127.30000", "2013-09-30": "105.80080", "2013-06-30": "257.49980", "2013-03-31": "166.50000", "2012-12-31": "111.69990", "2012-09-30": "137.09940", "2012-06-30": "157.70010", "2012-03-31": "114.70010", "2011-12-31": "109.10000", "2011-09-30": "143.10000", "2011-06-30": "161.20000", "2011-03-31": "167.30000", "2010-12-31": "203.70000", "2010-09-30": "344.09950", "2010-06-30": "378.40000", "2010-03-31": "537.70010", "2009-12-31": "363.09990", "2009-09-30": "1357.10100", "2009-06-30": "76.10010", "2009-03-31": "-1124.50000", "2008-12-31": "63.60000", "2008-09-30": "188.59970", "2008-06-30": "193.00000", "2008-03-31": "168.20010", "2007-12-31": "109.90000", "2007-09-30": "198.00020", "2007-06-30": "192.70000", "2007-03-31": "134.79990", "2006-12-31": "83.60000", "2006-09-30": "76.60020", "2006-06-30": "82.60000", "2006-03-31": "79.70000", "2005-12-31": "86.99990", "2005-09-30": "73.97190", "2005-06-30": "62.97100", "2005-03-31": "62.62500"}, "EBIT": {"2020-12-31": "95.89990", "2020-09-30": "127.39990", "2020-06-30": "118.60000", "2020-03-31": "133.59990", "2019-12-31": "109.10000", "2019-09-30": "203.10000", "2019-06-30": "257.80000", "2019-03-31": "175.59990", "2018-12-31": "160.50010", "2018-09-30": "201.90040", "2018-06-30": "223.20010", "2018-03-31": "156.40000", "2017-12-31": "74.50000", "2017-09-30": "141.80020", "2017-06-30": "211.90000", "2017-03-31": "80.40000", "2016-12-31": "36.20010", "2016-09-30": "95.50020", "2016-06-30": "146.80000", "2016-03-31": "91.40020", "2015-12-31": "30.30010", "2015-09-30": "86.60010", "2015-06-30": "136.60010", "2015-03-31": "109.69980", "2014-12-31": "65.70010", "2014-09-30": "113.10020", "2014-06-30": "174.30000", "2014-03-31": "119.40000", "2013-12-31": "96.50000", "2013-09-30": "65.20040", "2013-06-30": "225.59990", "2013-03-31": "134.60000", "2012-12-31": "80.29990", "2012-09-30": "101.99950", "2012-06-30": "126.20010", "2012-03-31": "84.10010", "2011-12-31": "75.40000", "2011-09-30": "99.00010", "2011-06-30": "126.00000", "2011-03-31": "132.40000", "2010-12-31": "168.70000", "2010-09-30": "264.29980", "2010-06-30": "340.50000", "2010-03-31": "494.30000", "2009-12-31": "325.70000", "2009-09-30": "118.20030", "2009-06-30": "39.30010", "2009-03-31": "-1162.60000", "2008-12-31": "25.60000", "2008-09-30": "146.29980", "2008-06-30": "193.00000", "2008-03-31": "168.20010", "2007-12-31": "109.90000", "2007-09-30": "198.00020", "2007-06-30": "192.70000", "2007-03-31": "134.79990", "2006-12-31": "83.60000", "2006-09-30": "76.60000", "2006-06-30": "82.60000", "2006-03-31": "79.70000", "2005-12-31": "86.99990", "2005-09-30": "73.97200", "2005-06-30": "62.97100", "2005-03-31": "62.62500"}, "Basic Shares Outstanding": {"2020-12-31": "68.24000", "2020-09-30": "68.14900", "2020-06-30": "68.08700", "2020-03-31": "68.28100", "2019-12-31": "68.10000", "2019-09-30": "69.82000", "2019-06-30": "69.57800", "2019-03-31": "70.04300", "2018-12-31": "71.46400", "2018-09-30": "74.00100", "2018-06-30": "73.76800", "2018-03-31": "74.52000", "2017-12-31": "74.84700", "2017-09-30": "74.67400", "2017-06-30": "74.80700", "2017-03-31": "74.69700", "2016-12-31": "74.28000", "2016-09-30": "73.57000", "2016-06-30": "73.39100", "2016-03-31": "73.11800", "2015-12-31": "74.06300", "2015-09-30": "77.99000", "2015-06-30": "78.11800", "2015-03-31": "78.00700", "2014-12-31": "78.84900", "2014-09-30": "84.12400", "2014-06-30": "84.63600", "2014-03-31": "84.03600", "2013-12-31": "85.31200", "2013-09-30": "87.72700", "2013-06-30": "87.11100", "2013-03-31": "87.11200", "2012-12-31": "90.30300", "2012-09-30": "91.33100", "2012-06-30": "91.41800", "2012-03-31": "91.36000", "2011-12-31": "91.18600", "2011-09-30": "90.88800", "2011-06-30": "91.03100", "2011-03-31": "90.84000", "2010-12-31": "90.59500", "2010-09-30": "89.94800", "2010-06-30": "90.17400", "2010-03-31": "89.59700", "2009-12-31": "89.47800", "2009-09-30": "76.47400", "2009-06-30": "74.42500", "2009-03-31": "74.40600", "2008-12-31": "74.37600", "2008-09-30": "74.00800", "2008-06-30": "74.13600", "2008-03-31": "73.89900", "2007-12-31": "73.81400", "2007-09-30": "73.56200", "2007-06-30": "73.62900", "2007-03-31": "73.53600", "2006-12-31": "73.35500", "2006-09-30": "73.16000", "2006-06-30": "73.18100", "2006-03-31": "73.17400", "2005-12-31": "73.04900", "2005-09-30": "71.29400", "2005-06-30": "72.01900", "2005-03-31": "70.61600"}, "Shares Outstanding": {"2020-12-31": "68.80900", "2020-09-30": "68.78800", "2020-06-30": "68.58000", "2020-03-31": "68.87200", "2019-12-31": "68.94100", "2019-09-30": "70.55800", "2019-06-30": "70.37900", "2019-03-31": "70.75700", "2018-12-31": "72.10200", "2018-09-30": "74.98200", "2018-06-30": "74.66000", "2018-03-31": "75.49800", "2017-12-31": "76.02400", "2017-09-30": "75.79000", "2017-06-30": "75.89300", "2017-03-31": "75.78300", "2016-12-31": "75.38500", "2016-09-30": "74.43300", "2016-06-30": "74.26700", "2016-03-31": "73.86100", "2015-12-31": "74.85300", "2015-09-30": "78.98100", "2015-06-30": "79.18400", "2015-03-31": "78.99500", "2014-12-31": "79.84500", "2014-09-30": "85.45800", "2014-06-30": "85.90900", "2014-03-31": "85.50700", "2013-12-31": "86.72700", "2013-09-30": "88.95400", "2013-06-30": "88.24600", "2013-03-31": "88.34900", "2012-12-31": "91.05900", "2012-09-30": "91.80900", "2012-06-30": "91.81600", "2012-03-31": "91.94400", "2011-12-31": "91.77200", "2011-09-30": "91.53400", "2011-06-30": "91.69000", "2011-03-31": "91.80400", "2010-12-31": "91.43900", "2010-09-30": "90.95500", "2010-06-30": "91.27300", "2010-03-31": "90.91900", "2009-12-31": "90.81300", "2009-09-30": "76.47400", "2009-06-30": "74.42500", "2009-03-31": "74.40600", "2008-12-31": "74.37600", "2008-09-30": "74.83600", "2008-06-30": "74.95800", "2008-03-31": "74.88100", "2007-12-31": "74.98200", "2007-09-30": "74.83100", "2007-06-30": "74.96200", "2007-03-31": "74.77200", "2006-12-31": "74.54800", "2006-09-30": "74.40000", "2006-06-30": "74.49100", "2006-03-31": "74.40700", "2005-12-31": "74.13700", "2005-09-30": "73.62200", "2005-06-30": "73.88300", "2005-03-31": "73.63700"}, "Basic EPS": {"2020-12-31": "1.02000", "2020-09-30": "1.47000", "2020-06-30": "1.18000", "2020-03-31": "1.00000", "2019-12-31": "1.11000", "2019-09-30": "2.19000", "2019-06-30": "2.74000", "2019-03-31": "1.84000", "2018-12-31": "1.53000", "2018-09-30": "2.06000", "2018-06-30": "2.08000", "2018-03-31": "1.49000", "2017-12-31": "0.75000", "2017-09-30": "1.25000", "2017-06-30": "1.72000", "2017-03-31": "0.59000", "2016-12-31": "0.26000", "2016-09-30": "0.82000", "2016-06-30": "1.15000", "2016-03-31": "0.77000", "2015-12-31": "0.20000", "2015-09-30": "0.65000", "2015-06-30": "1.15000", "2015-03-31": "0.70000", "2014-12-31": "0.44000", "2014-09-30": "0.94000", "2014-06-30": "1.24000", "2014-03-31": "0.84000", "2013-12-31": "0.64000", "2013-09-30": "0.41000", "2013-06-30": "1.69000", "2013-03-31": "0.99000", "2012-12-31": "0.51000", "2012-09-30": "0.86000", "2012-06-30": "0.83000", "2012-03-31": "0.41000", "2011-12-31": "0.42000", "2011-09-30": "0.41000", "2011-06-30": "0.75000", "2011-03-31": "0.75000", "2010-12-31": "1.10000", "2010-09-30": "1.27000", "2010-06-30": "2.34000", "2010-03-31": "3.27000", "2009-12-31": "1.90000", "2009-09-30": "2.29000", "2009-06-30": "-0.36000", "2009-03-31": "-16.02000", "2008-12-31": "-0.28000", "2008-09-30": "0.72000", "2008-06-30": "-1.14000", "2008-03-31": "0.98000", "2007-12-31": "0.51000", "2007-09-30": "1.16000", "2007-06-30": "1.23000", "2007-03-31": "0.69000", "2006-12-31": "0.56000", "2006-09-30": "0.67000", "2006-06-30": "0.73000", "2006-03-31": "0.68000", "2005-12-31": "0.73000", "2005-09-30": "0.58000", "2005-06-30": "0.53000", "2005-03-31": "0.53000"}, "EPS - Earnings Per Share": {"2020-12-31": "1.01000", "2020-09-30": "1.46000", "2020-06-30": "1.17000", "2020-03-31": "0.99000", "2019-12-31": "1.10000", "2019-09-30": "2.16000", "2019-06-30": "2.72000", "2019-03-31": "1.82000", "2018-12-31": "1.51000", "2018-09-30": "2.03000", "2018-06-30": "2.05000", "2018-03-31": "1.47000", "2017-12-31": "0.74000", "2017-09-30": "1.24000", "2017-06-30": "1.69000", "2017-03-31": "0.58000", "2016-12-31": "0.26000", "2016-09-30": "0.83000", "2016-06-30": "1.13000", "2016-03-31": "0.76000", "2015-12-31": "0.19000", "2015-09-30": "0.65000", "2015-06-30": "1.13000", "2015-03-31": "0.69000", "2014-12-31": "0.43000", "2014-09-30": "0.93000", "2014-06-30": "1.22000", "2014-03-31": "0.83000", "2013-12-31": "0.63000", "2013-09-30": "0.40000", "2013-06-30": "1.67000", "2013-03-31": "0.97000", "2012-12-31": "0.51000", "2012-09-30": "0.86000", "2012-06-30": "0.82000", "2012-03-31": "0.41000", "2011-12-31": "0.42000", "2011-09-30": "0.41000", "2011-06-30": "0.75000", "2011-03-31": "0.74000", "2010-12-31": "1.09000", "2010-09-30": "1.29000", "2010-06-30": "2.31000", "2010-03-31": "3.22000", "2009-12-31": "1.87000", "2009-09-30": "2.29000", "2009-06-30": "-0.36000", "2009-03-31": "-16.02000", "2008-12-31": "-0.28000", "2008-09-30": "0.71000", "2008-06-30": "-1.12000", "2008-03-31": "0.97000", "2007-12-31": "0.50000", "2007-09-30": "1.14000", "2007-06-30": "1.21000", "2007-03-31": "0.68000", "2006-12-31": "0.55000", "2006-09-30": "0.65000", "2006-06-30": "0.72000", "2006-03-31": "0.67000", "2005-12-31": "0.72000", "2005-09-30": "0.58000", "2005-06-30": "0.52000", "2005-03-31": "0.52000"}}, "balance sheet": {"Cash On Hand": {"2020-09-30": "582.90000", "2019-09-30": "448.40000", "2018-09-30": "454.60000", "2017-09-30": "447.00000", "2016-09-30": "321.90000", "2015-09-30": "42.90000", "2014-09-30": "313.80000", "2013-09-30": "733.50000", "2012-09-30": "540.70000", "2011-09-30": "428.50000", "2010-09-30": "339.00000", "2009-09-30": "530.40000", "2008-09-30": "88.20000", "2007-09-30": "75.20000", "2006-09-30": "22.00000", "2005-09-30": "127.50700"}, "Receivables": {"2020-09-30": "1341.20000", "2019-09-30": "1631.80000", "2018-09-30": "1521.60000", "2017-09-30": "1306.30000", "2016-09-30": "1021.90000", "2015-09-30": "964.60000", "2014-09-30": "974.90000", "2013-09-30": "794.30000", "2012-09-30": "1018.60000", "2011-09-30": "1089.10000", "2010-09-30": "889.50000", "2009-09-30": "563.80000", "2008-09-30": "997.80000", "2007-09-30": "1076.20000", "2006-09-30": "317.90000", "2005-09-30": "280.24700"}, "Inventory": {"2020-09-30": "1505.40000", "2019-09-30": "1249.20000", "2018-09-30": "1227.70000", "2017-09-30": "1198.40000", "2016-09-30": "979.80000", "2015-09-30": "1301.70000", "2014-09-30": "960.90000", "2013-09-30": "822.00000", "2012-09-30": "937.50000", "2011-09-30": "786.80000", "2010-09-30": "848.60000", "2009-09-30": "789.70000", "2008-09-30": "941.60000", "2007-09-30": "909.50000", "2006-09-30": "589.80000", "2005-09-30": "489.99700"}, "Pre-Paid Expenses": {"2020-09-30": "", "2019-09-30": "", "2018-09-30": "", "2017-09-30": "", "2016-09-30": "", "2015-09-30": "", "2014-09-30": "22.70000", "2013-09-30": "100.40000", "2012-09-30": "98.00000", "2011-09-30": "49.00000", "2010-09-30": "", "2009-09-30": "", "2008-09-30": "", "2007-09-30": "", "2006-09-30": "", "2005-09-30": ""}, "Other Current Assets": {"2020-09-30": "106.30000", "2019-09-30": "78.90000", "2018-09-30": "66.00000", "2017-09-30": "88.10000", "2016-09-30": "93.90000", "2015-09-30": "67.90000", "2014-09-30": "45.70000", "2013-09-30": "35.60000", "2012-09-30": "29.80000", "2011-09-30": "28.30000", "2010-09-30": "52.10000", "2009-09-30": "183.80000", "2008-09-30": "58.20000", "2007-09-30": "56.50000", "2006-09-30": "20.50000", "2005-09-30": "20.01500"}, "Total Current Assets": {"2020-09-30": "3535.80000", "2019-09-30": "3408.30000", "2018-09-30": "3269.90000", "2017-09-30": "3039.80000", "2016-09-30": "2417.50000", "2015-09-30": "2377.10000", "2014-09-30": "2384.30000", "2013-09-30": "2553.40000", "2012-09-30": "2694.50000", "2011-09-30": "2454.60000", "2010-09-30": "2215.90000", "2009-09-30": "2143.20000", "2008-09-30": "2152.40000", "2007-09-30": "2194.90000", "2006-09-30": "1003.40000", "2005-09-30": "954.38400"}, "Property, Plant, And Equipment": {"2020-09-30": "565.90000", "2019-09-30": "573.60000", "2018-09-30": "481.10000", "2017-09-30": "469.90000", "2016-09-30": "452.10000", "2015-09-30": "475.80000", "2014-09-30": "405.50000", "2013-09-30": "362.20000", "2012-09-30": "369.90000", "2011-09-30": "388.70000", "2010-09-30": "403.60000", "2009-09-30": "410.20000", "2008-09-30": "453.30000", "2007-09-30": "429.60000", "2006-09-30": "231.90000", "2005-09-30": "193.02600"}, "Long-Term Investments": {"2020-09-30": "", "2019-09-30": "", "2018-09-30": "", "2017-09-30": "", "2016-09-30": "", "2015-09-30": "", "2014-09-30": "21.10000", "2013-09-30": "20.90000", "2012-09-30": "18.80000", "2011-09-30": "31.80000", "2010-09-30": "30.40000", "2009-09-30": "37.30000", "2008-09-30": "38.10000", "2007-09-30": "35.10000", "2006-09-30": "19.30000", "2005-09-30": "20.28000"}, "Goodwill And Intangible Assets": {"2020-09-30": "1427.70000", "2019-09-30": "1428.00000", "2018-09-30": "1477.30000", "2017-09-30": "1520.80000", "2016-09-30": "1557.00000", "2015-09-30": "1607.80000", "2014-09-30": "1683.40000", "2013-09-30": "1755.70000", "2012-09-30": "1809.20000", "2011-09-30": "1880.20000", "2010-09-30": "1945.90000", "2009-09-30": "2045.10000", "2008-09-30": "3334.00000", "2007-09-30": "3597.50000", "2006-09-30": "777.90000", "2005-09-30": "528.40000"}, "Other Long-Term Assets": {"2020-09-30": "286.50000", "2019-09-30": "156.40000", "2018-09-30": "65.90000", "2017-09-30": "68.40000", "2016-09-30": "87.20000", "2015-09-30": "92.00000", "2014-09-30": "92.40000", "2013-09-30": "73.50000", "2012-09-30": "55.40000", "2011-09-30": "71.60000", "2010-09-30": "112.80000", "2009-09-30": "132.20000", "2008-09-30": "103.70000", "2007-09-30": "142.70000", "2006-09-30": "78.40000", "2005-09-30": "22.21300"}, "Total Long-Term Assets": {"2020-09-30": "2280.10000", "2019-09-30": "2158.00000", "2018-09-30": "2024.30000", "2017-09-30": "2059.10000", "2016-09-30": "2096.30000", "2015-09-30": "2175.60000", "2014-09-30": "2202.40000", "2013-09-30": "2212.30000", "2012-09-30": "2253.30000", "2011-09-30": "2372.30000", "2010-09-30": "2492.70000", "2009-09-30": "2624.80000", "2008-09-30": "3929.10000", "2007-09-30": "4204.90000", "2006-09-30": "1107.50000", "2005-09-30": "763.91910"}, "Total Assets": {"2020-09-30": "5815.90000", "2019-09-30": "5566.30000", "2018-09-30": "5294.20000", "2017-09-30": "5098.90000", "2016-09-30": "4513.80000", "2015-09-30": "4552.70000", "2014-09-30": "4586.70000", "2013-09-30": "4765.70000", "2012-09-30": "4947.80000", "2011-09-30": "4826.90000", "2010-09-30": "4708.60000", "2009-09-30": "4768.00000", "2008-09-30": "6081.50000", "2007-09-30": "6399.80000", "2006-09-30": "2110.90000", "2005-09-30": "1718.30300"}, "Total Current Liabilities": {"2020-09-30": "1585.10000", "2019-09-30": "1741.90000", "2018-09-30": "1690.10000", "2017-09-30": "1683.10000", "2016-09-30": "1367.60000", "2015-09-30": "1458.10000", "2014-09-30": "1311.60000", "2013-09-30": "1380.70000", "2012-09-30": "1704.50000", "2011-09-30": "1691.80000", "2010-09-30": "1812.00000", "2009-09-30": "1658.60000", "2008-09-30": "1463.20000", "2007-09-30": "1548.00000", "2006-09-30": "882.00000", "2005-09-30": "775.53900"}, "Long Term Debt": {"2020-09-30": "817.90000", "2019-09-30": "819.00000", "2018-09-30": "818.00000", "2017-09-30": "807.90000", "2016-09-30": "826.20000", "2015-09-30": "844.30000", "2014-09-30": "875.00000", "2013-09-30": "890.00000", "2012-09-30": "955.00000", "2011-09-30": "1020.00000", "2010-09-30": "1086.40000", "2009-09-30": "2023.20000", "2008-09-30": "2680.50000", "2007-09-30": "2975.60000", "2006-09-30": "2.20000", "2005-09-30": "2.58900"}, "Other Non-Current Liabilities": {"2020-09-30": "562.20000", "2019-09-30": "405.60000", "2018-09-30": "272.60000", "2017-09-30": "300.50000", "2016-09-30": "343.50000", "2015-09-30": "297.10000", "2014-09-30": "290.10000", "2013-09-30": "244.20000", "2012-09-30": "305.20000", "2011-09-30": "347.20000", "2010-09-30": "293.80000", "2009-09-30": "330.30000", "2008-09-30": "237.00000", "2007-09-30": "138.70000", "2006-09-30": "61.00000", "2005-09-30": "62.91700"}, "Total Long Term Liabilities": {"2020-09-30": "1380.10000", "2019-09-30": "1224.60000", "2018-09-30": "1090.60000", "2017-09-30": "1108.40000", "2016-09-30": "1169.70000", "2015-09-30": "1183.50000", "2014-09-30": "1290.10000", "2013-09-30": "1277.20000", "2012-09-30": "1389.80000", "2011-09-30": "1538.50000", "2010-09-30": "1569.80000", "2009-09-30": "2593.10000", "2008-09-30": "3229.70000", "2007-09-30": "3458.20000", "2006-09-30": "167.00000", "2005-09-30": "124.09400"}, "Total Liabilities": {"2020-09-30": "2965.20000", "2019-09-30": "2966.50000", "2018-09-30": "2780.70000", "2017-09-30": "2791.50000", "2016-09-30": "2537.30000", "2015-09-30": "2641.60000", "2014-09-30": "2601.70000", "2013-09-30": "2657.90000", "2012-09-30": "3094.30000", "2011-09-30": "3230.30000", "2010-09-30": "3381.80000", "2009-09-30": "4251.70000", "2008-09-30": "4692.90000", "2007-09-30": "5006.20000", "2006-09-30": "1049.00000", "2005-09-30": "899.63300"}, "Common Stock Net": {"2020-09-30": "0.70000", "2019-09-30": "0.70000", "2018-09-30": "0.70000", "2017-09-30": "0.90000", "2016-09-30": "0.90000", "2015-09-30": "0.90000", "2014-09-30": "0.90000", "2013-09-30": "0.90000", "2012-09-30": "0.90000", "2011-09-30": "0.90000", "2010-09-30": "0.90000", "2009-09-30": "0.90000", "2008-09-30": "0.70000", "2007-09-30": "0.70000", "2006-09-30": "0.70000", "2005-09-30": "0.73300"}, "Retained Earnings (Accumulated Deficit)": {"2020-09-30": "2747.70000", "2019-09-30": "2505.00000", "2018-09-30": "2007.90000", "2017-09-30": "2399.80000", "2016-09-30": "2177.00000", "2015-09-30": "2016.50000", "2014-09-30": "1840.10000", "2013-09-30": "1581.50000", "2012-09-30": "1263.50000", "2011-09-30": "1032.70000", "2010-09-30": "759.20000", "2009-09-30": "-30.80000", "2008-09-30": "1082.90000", "2007-09-30": "1036.30000", "2006-09-30": "797.80000", "2005-09-30": "619.29000"}, "Comprehensive Income": {"2020-09-30": "-198.40000", "2019-09-30": "-201.60000", "2018-09-30": "-106.80000", "2017-09-30": "-125.00000", "2016-09-30": "-175.00000", "2015-09-30": "-144.40000", "2014-09-30": "-69.20000", "2013-09-30": "-14.60000", "2012-09-30": "-101.40000", "2011-09-30": "-122.60000", "2010-09-30": "-93.20000", "2009-09-30": "-74.70000", "2008-09-30": "55.70000", "2007-09-30": "129.00000", "2006-09-30": "59.20000", "2005-09-30": "12.55000"}, "Other Share Holders Equity": {"2020-09-30": "", "2019-09-30": "", "2018-09-30": "", "2017-09-30": "", "2016-09-30": "", "2015-09-30": "", "2014-09-30": "", "2013-09-30": "", "2012-09-30": "", "2011-09-30": "", "2010-09-30": "", "2009-09-30": "", "2008-09-30": "", "2007-09-30": "", "2006-09-30": "", "2005-09-30": ""}, "Share Holder Equity": {"2020-09-30": "2850.70000", "2019-09-30": "2599.80000", "2018-09-30": "2513.50000", "2017-09-30": "2307.40000", "2016-09-30": "1976.50000", "2015-09-30": "1911.10000", "2014-09-30": "1985.00000", "2013-09-30": "2107.80000", "2012-09-30": "1853.50000", "2011-09-30": "1596.60000", "2010-09-30": "1326.80000", "2009-09-30": "516.30000", "2008-09-30": "1388.60000", "2007-09-30": "1393.60000", "2006-09-30": "1061.90000", "2005-09-30": "818.67000"}, "Total Liabilities And Share Holders Equity": {"2020-09-30": "5815.90000", "2019-09-30": "5566.30000", "2018-09-30": "5294.20000", "2017-09-30": "5098.90000", "2016-09-30": "4513.80000", "2015-09-30": "4552.70000", "2014-09-30": "4586.70000", "2013-09-30": "4765.70000", "2012-09-30": "4947.80000", "2011-09-30": "4826.90000", "2010-09-30": "4708.60000", "2009-09-30": "4768.00000", "2008-09-30": "6081.50000", "2007-09-30": "6399.80000", "2006-09-30": "2110.90000", "2005-09-30": "1718.30300"}}, "balance sheet, quarterly": {"Cash On Hand": {"2020-12-31": "898.60000", "2020-09-30": "582.90000", "2020-06-30": "331.60000", "2020-03-31": "403.90000", "2019-12-31": "264.00000", "2019-09-30": "448.40000", "2019-06-30": "152.20000", "2019-03-31": "321.90000", "2018-12-31": "159.90000", "2018-09-30": "454.60000", "2018-06-30": "371.90000", "2018-03-31": "287.90000", "2017-12-31": "379.10000", "2017-09-30": "447.00000", "2017-06-30": "373.20000", "2017-03-31": "413.40000", "2016-12-31": "369.60000", "2016-09-30": "321.90000", "2016-06-30": "45.50000", "2016-03-31": "38.40000", "2015-12-31": "33.70000", "2015-09-30": "42.90000", "2015-06-30": "46.20000", "2015-03-31": "53.40000", "2014-12-31": "111.00000", "2014-09-30": "313.80000", "2014-06-30": "525.70000", "2014-03-31": "420.00000", "2013-12-31": "558.70000", "2013-09-30": "733.50000", "2013-06-30": "585.80000", "2013-03-31": "452.30000", "2012-12-31": "455.70000", "2012-09-30": "540.70000", "2012-06-30": "390.70000", "2012-03-31": "388.40000", "2011-12-31": "440.30000", "2011-09-30": "428.50000", "2011-06-30": "393.80000", "2011-03-31": "416.70000", "2010-12-31": "398.80000", "2010-09-30": "339.00000", "2010-06-30": "424.50000", "2010-03-31": "844.90000", "2009-12-31": "858.10000", "2009-09-30": "530.40000", "2009-06-30": "159.30000", "2009-03-31": "107.70000", "2008-12-31": "260.80000", "2008-09-30": "88.20000", "2008-06-30": "49.90000", "2008-03-31": "52.00000", "2007-12-31": "133.00000", "2007-09-30": "75.20000", "2007-06-30": "60.00000", "2007-03-31": "46.80000", "2006-12-31": "39.30000", "2006-09-30": "22.00000", "2006-06-30": "221.70300", "2006-03-31": "98.80600", "2005-12-31": "80.99200", "2005-09-30": "127.50700", "2005-06-30": "43.06200", "2005-03-31": "23.17800"}, "Receivables": {"2020-12-31": "1230.60000", "2020-09-30": "1341.20000", "2020-06-30": "1314.30000", "2020-03-31": "1379.90000", "2019-12-31": "1455.60000", "2019-09-30": "1631.80000", "2019-06-30": "1765.00000", "2019-03-31": "1462.30000", "2018-12-31": "1415.00000", "2018-09-30": "1521.60000", "2018-06-30": "1567.20000", "2018-03-31": "1457.30000", "2017-12-31": "1229.40000", "2017-09-30": "1306.30000", "2017-06-30": "1182.30000", "2017-03-31": "945.10000", "2016-12-31": "699.00000", "2016-09-30": "1021.90000", "2016-06-30": "1198.40000", "2016-03-31": "1046.00000", "2015-12-31": "788.70000", "2015-09-30": "964.60000", "2015-06-30": "1012.00000", "2015-03-31": "993.80000", "2014-12-31": "799.50000", "2014-09-30": "974.90000", "2014-06-30": "1034.30000", "2014-03-31": "986.30000", "2013-12-31": "693.50000", "2013-09-30": "794.30000", "2013-06-30": "934.00000", "2013-03-31": "970.30000", "2012-12-31": "646.20000", "2012-09-30": "1018.60000", "2012-06-30": "1268.60000", "2012-03-31": "1115.30000", "2011-12-31": "929.70000", "2011-09-30": "1089.10000", "2011-06-30": "982.90000", "2011-03-31": "773.90000", "2010-12-31": "700.60000", "2010-09-30": "889.50000", "2010-06-30": "830.40000", "2010-03-31": "788.40000", "2009-12-31": "607.90000", "2009-09-30": "563.80000", "2009-06-30": "500.40000", "2009-03-31": "639.40000", "2008-12-31": "711.00000", "2008-09-30": "997.80000", "2008-06-30": "1113.60000", "2008-03-31": "1034.80000", "2007-12-31": "750.30000", "2007-09-30": "1076.20000", "2007-06-30": "1026.10000", "2007-03-31": "831.80000", "2006-12-31": "627.20000", "2006-09-30": "317.90000", "2006-06-30": "287.71800", "2006-03-31": "297.48500", "2005-12-31": "299.68300", "2005-09-30": "280.24700", "2005-06-30": "290.43700", "2005-03-31": "287.15100"}, "Inventory": {"2020-12-31": "1502.80000", "2020-09-30": "1505.40000", "2020-06-30": "1714.40000", "2020-03-31": "1655.90000", "2019-12-31": "1430.70000", "2019-09-30": "1249.20000", "2019-06-30": "1361.40000", "2019-03-31": "1503.50000", "2018-12-31": "1291.60000", "2018-09-30": "1227.70000", "2018-06-30": "1246.80000", "2018-03-31": "1321.80000", "2017-12-31": "1219.90000", "2017-09-30": "1198.40000", "2017-06-30": "1410.70000", "2017-03-31": "1455.10000", "2016-12-31": "1208.70000", "2016-09-30": "979.80000", "2016-06-30": "1254.90000", "2016-03-31": "1373.40000", "2015-12-31": "1295.40000", "2015-09-30": "1301.70000", "2015-06-30": "1352.20000", "2015-03-31": "1196.50000", "2014-12-31": "1114.50000", "2014-09-30": "960.90000", "2014-06-30": "929.20000", "2014-03-31": "913.10000", "2013-12-31": "823.50000", "2013-09-30": "822.00000", "2013-06-30": "878.70000", "2013-03-31": "1060.70000", "2012-12-31": "1056.90000", "2012-09-30": "937.50000", "2012-06-30": "901.60000", "2012-03-31": "849.30000", "2011-12-31": "763.60000", "2011-09-30": "786.80000", "2011-06-30": "810.10000", "2011-03-31": "773.60000", "2010-12-31": "787.60000", "2010-09-30": "848.60000", "2010-06-30": "862.60000", "2010-03-31": "851.70000", "2009-12-31": "806.30000", "2009-09-30": "789.70000", "2009-06-30": "864.10000", "2009-03-31": "915.50000", "2008-12-31": "991.20000", "2008-09-30": "941.60000", "2008-06-30": "1183.20000", "2008-03-31": "1168.30000", "2007-12-31": "1052.60000", "2007-09-30": "909.50000", "2007-06-30": "967.90000", "2007-03-31": "1041.50000", "2006-12-31": "1060.80000", "2006-09-30": "589.80000", "2006-06-30": "543.56900", "2006-03-31": "567.99400", "2005-12-31": "495.44600", "2005-09-30": "489.99700", "2005-06-30": "546.46600", "2005-03-31": "556.03100"}, "Pre-Paid Expenses": {"2020-12-31": "", "2020-09-30": "", "2020-06-30": "", "2020-03-31": "", "2019-12-31": "", "2019-09-30": "", "2019-06-30": "", "2019-03-31": "", "2018-12-31": "", "2018-09-30": "", "2018-06-30": "", "2018-03-31": "", "2017-12-31": "", "2017-09-30": "", "2017-06-30": "", "2017-03-31": "", "2016-12-31": "", "2016-09-30": "", "2016-06-30": "23.40000", "2016-03-31": "23.90000", "2015-12-31": "25.00000", "2015-09-30": "", "2015-06-30": "20.20000", "2015-03-31": "22.00000", "2014-12-31": "24.40000", "2014-09-30": "22.70000", "2014-06-30": "18.00000", "2014-03-31": "61.50000", "2013-12-31": "90.10000", "2013-09-30": "100.40000", "2013-06-30": "22.80000", "2013-03-31": "77.90000", "2012-12-31": "122.30000", "2012-09-30": "98.00000", "2012-06-30": "", "2012-03-31": "", "2011-12-31": "", "2011-09-30": "49.00000", "2011-06-30": "", "2011-03-31": "", "2010-12-31": "", "2010-09-30": "", "2010-06-30": "", "2010-03-31": "", "2009-12-31": "", "2009-09-30": "", "2009-06-30": "", "2009-03-31": "", "2008-12-31": "", "2008-09-30": "", "2008-06-30": "", "2008-03-31": "", "2007-12-31": "", "2007-09-30": "", "2007-06-30": "", "2007-03-31": "", "2006-12-31": "", "2006-09-30": "", "2006-06-30": "", "2006-03-31": "", "2005-12-31": "", "2005-09-30": "", "2005-06-30": "", "2005-03-31": "21.51500"}, "Other Current Assets": {"2020-12-31": "117.40000", "2020-09-30": "106.30000", "2020-06-30": "93.10000", "2020-03-31": "93.90000", "2019-12-31": "80.30000", "2019-09-30": "78.90000", "2019-06-30": "82.60000", "2019-03-31": "82.00000", "2018-12-31": "77.70000", "2018-09-30": "66.00000", "2018-06-30": "79.80000", "2018-03-31": "86.60000", "2017-12-31": "88.20000", "2017-09-30": "88.10000", "2017-06-30": "84.00000", "2017-03-31": "90.10000", "2016-12-31": "118.70000", "2016-09-30": "93.90000", "2016-06-30": "67.10000", "2016-03-31": "54.00000", "2015-12-31": "52.50000", "2015-09-30": "67.90000", "2015-06-30": "43.80000", "2015-03-31": "43.90000", "2014-12-31": "43.70000", "2014-09-30": "45.70000", "2014-06-30": "34.70000", "2014-03-31": "31.60000", "2013-12-31": "33.00000", "2013-09-30": "35.60000", "2013-06-30": "33.60000", "2013-03-31": "31.10000", "2012-12-31": "28.60000", "2012-09-30": "29.80000", "2012-06-30": "45.00000", "2012-03-31": "60.40000", "2011-12-31": "72.20000", "2011-09-30": "28.30000", "2011-06-30": "60.00000", "2011-03-31": "65.40000", "2010-12-31": "56.70000", "2010-09-30": "52.10000", "2010-06-30": "56.10000", "2010-03-31": "52.60000", "2009-12-31": "194.00000", "2009-09-30": "183.80000", "2009-06-30": "147.90000", "2009-03-31": "71.60000", "2008-12-31": "63.40000", "2008-09-30": "58.20000", "2008-06-30": "64.90000", "2008-03-31": "37.80000", "2007-12-31": "58.90000", "2007-09-30": "56.50000", "2007-06-30": "38.30000", "2007-03-31": "56.90000", "2006-12-31": "76.20000", "2006-09-30": "20.50000", "2006-06-30": "20.43300", "2006-03-31": "18.51900", "2005-12-31": "17.88100", "2005-09-30": "20.01500", "2005-06-30": "25.11800", "2005-03-31": ""}, "Total Current Assets": {"2020-12-31": "3749.40000", "2020-09-30": "3535.80000", "2020-06-30": "3453.40000", "2020-03-31": "3533.60000", "2019-12-31": "3230.60000", "2019-09-30": "3408.30000", "2019-06-30": "3361.20000", "2019-03-31": "3369.70000", "2018-12-31": "2944.20000", "2018-09-30": "3269.90000", "2018-06-30": "3265.70000", "2018-03-31": "3153.60000", "2017-12-31": "2916.60000", "2017-09-30": "3039.80000", "2017-06-30": "3050.20000", "2017-03-31": "2903.70000", "2016-12-31": "2396.00000", "2016-09-30": "2417.50000", "2016-06-30": "2644.40000", "2016-03-31": "2590.20000", "2015-12-31": "2248.60000", "2015-09-30": "2377.10000", "2015-06-30": "2544.00000", "2015-03-31": "2376.40000", "2014-12-31": "2159.90000", "2014-09-30": "2384.30000", "2014-06-30": "2613.90000", "2014-03-31": "2477.70000", "2013-12-31": "2265.90000", "2013-09-30": "2553.40000", "2013-06-30": "2520.90000", "2013-03-31": "2659.00000", "2012-12-31": "2370.20000", "2012-09-30": "2694.50000", "2012-06-30": "2679.70000", "2012-03-31": "2480.40000", "2011-12-31": "2267.00000", "2011-09-30": "2454.60000", "2011-06-30": "2302.60000", "2011-03-31": "2102.00000", "2010-12-31": "2019.40000", "2010-09-30": "2215.90000", "2010-06-30": "2261.80000", "2010-03-31": "2623.90000", "2009-12-31": "2545.50000", "2009-09-30": "2143.20000", "2009-06-30": "1752.40000", "2009-03-31": "1809.00000", "2008-12-31": "2100.10000", "2008-09-30": "2152.40000", "2008-06-30": "2487.40000", "2008-03-31": "2373.30000", "2007-12-31": "2065.60000", "2007-09-30": "2194.90000", "2007-06-30": "2167.60000", "2007-03-31": "2053.00000", "2006-12-31": "1886.70000", "2006-09-30": "1003.40000", "2006-06-30": "1114.71400", "2006-03-31": "1019.82100", "2005-12-31": "930.48200", "2005-09-30": "954.38400", "2005-06-30": "942.99500", "2005-03-31": "923.90000"}, "Property, Plant, And Equipment": {"2020-12-31": "555.20000", "2020-09-30": "565.90000", "2020-06-30": "548.70000", "2020-03-31": "551.70000", "2019-12-31": "558.80000", "2019-09-30": "573.60000", "2019-06-30": "515.50000", "2019-03-31": "504.00000", "2018-12-31": "487.10000", "2018-09-30": "481.10000", "2018-06-30": "453.00000", "2018-03-31": "458.70000", "2017-12-31": "458.00000", "2017-09-30": "469.90000", "2017-06-30": "443.40000", "2017-03-31": "445.70000", "2016-12-31": "446.90000", "2016-09-30": "452.10000", "2016-06-30": "479.10000", "2016-03-31": "478.30000", "2015-12-31": "476.10000", "2015-09-30": "475.80000", "2015-06-30": "455.70000", "2015-03-31": "444.90000", "2014-12-31": "437.50000", "2014-09-30": "405.50000", "2014-06-30": "373.40000", "2014-03-31": "369.40000", "2013-12-31": "364.70000", "2013-09-30": "362.20000", "2013-06-30": "347.90000", "2013-03-31": "357.20000", "2012-12-31": "358.00000", "2012-09-30": "369.90000", "2012-06-30": "359.10000", "2012-03-31": "365.90000", "2011-12-31": "376.70000", "2011-09-30": "388.70000", "2011-06-30": "386.30000", "2011-03-31": "388.40000", "2010-12-31": "391.40000", "2010-09-30": "403.60000", "2010-06-30": "391.30000", "2010-03-31": "394.40000", "2009-12-31": "394.60000", "2009-09-30": "410.20000", "2009-06-30": "394.00000", "2009-03-31": "413.90000", "2008-12-31": "441.90000", "2008-09-30": "453.30000", "2008-06-30": "440.30000", "2008-03-31": "441.40000", "2007-12-31": "430.80000", "2007-09-30": "429.60000", "2007-06-30": "419.00000", "2007-03-31": "423.50000", "2006-12-31": "399.20000", "2006-09-30": "231.90000", "2006-06-30": "213.37100", "2006-03-31": "209.80800", "2005-12-31": "198.89500", "2005-09-30": "193.02600", "2005-06-30": "180.31100", "2005-03-31": "174.75900"}, "Long-Term Investments": {"2020-12-31": "", "2020-09-30": "", "2020-06-30": "", "2020-03-31": "", "2019-12-31": "", "2019-09-30": "", "2019-06-30": "", "2019-03-31": "", "2018-12-31": "", "2018-09-30": "", "2018-06-30": "", "2018-03-31": "", "2017-12-31": "", "2017-09-30": "", "2017-06-30": "", "2017-03-31": "", "2016-12-31": "", "2016-09-30": "", "2016-06-30": "15.20000", "2016-03-31": "16.80000", "2015-12-31": "15.40000", "2015-09-30": "", "2015-06-30": "16.60000", "2015-03-31": "18.20000", "2014-12-31": "18.80000", "2014-09-30": "21.10000", "2014-06-30": "22.20000", "2014-03-31": "22.70000", "2013-12-31": "21.60000", "2013-09-30": "20.90000", "2013-06-30": "21.10000", "2013-03-31": "20.10000", "2012-12-31": "19.70000", "2012-09-30": "18.80000", "2012-06-30": "18.40000", "2012-03-31": "32.70000", "2011-12-31": "32.40000", "2011-09-30": "31.80000", "2011-06-30": "32.50000", "2011-03-31": "32.10000", "2010-12-31": "31.70000", "2010-09-30": "30.40000", "2010-06-30": "33.90000", "2010-03-31": "34.40000", "2009-12-31": "35.60000", "2009-09-30": "37.30000", "2009-06-30": "38.30000", "2009-03-31": "38.30000", "2008-12-31": "38.90000", "2008-09-30": "38.10000", "2008-06-30": "38.80000", "2008-03-31": "39.80000", "2007-12-31": "36.40000", "2007-09-30": "35.10000", "2007-06-30": "30.90000", "2007-03-31": "27.10000", "2006-12-31": "26.60000", "2006-09-30": "19.30000", "2006-06-30": "18.56900", "2006-03-31": "17.62200", "2005-12-31": "18.94400", "2005-09-30": "20.28000", "2005-06-30": "20.06500", "2005-03-31": "19.89300"}, "Goodwill And Intangible Assets": {"2020-12-31": "1435.90000", "2020-09-30": "1427.70000", "2020-06-30": "1423.80000", "2020-03-31": "1419.80000", "2019-12-31": "1426.90000", "2019-09-30": "1428.00000", "2019-06-30": "1445.30000", "2019-03-31": "1452.50000", "2018-12-31": "1465.20000", "2018-09-30": "1477.30000", "2018-06-30": "1486.10000", "2018-03-31": "1510.80000", "2017-12-31": "1513.10000", "2017-09-30": "1520.80000", "2017-06-30": "1525.30000", "2017-03-31": "1524.10000", "2016-12-31": "1531.70000", "2016-09-30": "1557.00000", "2016-06-30": "1567.70000", "2016-03-31": "1586.20000", "2015-12-31": "1590.00000", "2015-09-30": "1607.80000", "2015-06-30": "1621.60000", "2015-03-31": "1621.50000", "2014-12-31": "1659.20000", "2014-09-30": "1683.40000", "2014-06-30": "1717.20000", "2014-03-31": "1731.70000", "2013-12-31": "1744.40000", "2013-09-30": "1755.70000", "2013-06-30": "1768.80000", "2013-03-31": "1783.40000", "2012-12-31": "1800.90000", "2012-09-30": "1809.20000", "2012-06-30": "1820.90000", "2012-03-31": "1852.80000", "2011-12-31": "1859.60000", "2011-09-30": "1880.20000", "2011-06-30": "1925.10000", "2011-03-31": "1930.30000", "2010-12-31": "1928.30000", "2010-09-30": "1945.90000", "2010-06-30": "1927.40000", "2010-03-31": "1969.30000", "2009-12-31": "2000.40000", "2009-09-30": "2045.10000", "2009-06-30": "2058.00000", "2009-03-31": "2055.90000", "2008-12-31": "3305.20000", "2008-09-30": "3334.00000", "2008-06-30": "3448.50000", "2008-03-31": "3642.30000", "2007-12-31": "3595.10000", "2007-09-30": "3597.50000", "2007-06-30": "3602.50000", "2007-03-31": "3601.90000", "2006-12-31": "3612.80000", "2006-09-30": "777.90000", "2006-06-30": "528.96200", "2006-03-31": "524.77700", "2005-12-31": "523.81100", "2005-09-30": "528.40000", "2005-06-30": "528.55900", "2005-03-31": "540.57800"}, "Other Long-Term Assets": {"2020-12-31": "275.90000", "2020-09-30": "286.50000", "2020-06-30": "334.40000", "2020-03-31": "356.80000", "2019-12-31": "339.90000", "2019-09-30": "156.40000", "2019-06-30": "124.40000", "2019-03-31": "143.20000", "2018-12-31": "133.60000", "2018-09-30": "65.90000", "2018-06-30": "69.10000", "2018-03-31": "71.40000", "2017-12-31": "74.40000", "2017-09-30": "68.40000", "2017-06-30": "73.70000", "2017-03-31": "115.30000", "2016-12-31": "116.40000", "2016-09-30": "87.20000", "2016-06-30": "86.30000", "2016-03-31": "79.70000", "2015-12-31": "79.80000", "2015-09-30": "92.00000", "2015-06-30": "91.30000", "2015-03-31": "94.90000", "2014-12-31": "89.30000", "2014-09-30": "92.40000", "2014-06-30": "84.60000", "2014-03-31": "82.50000", "2013-12-31": "73.10000", "2013-09-30": "73.50000", "2013-06-30": "71.90000", "2013-03-31": "54.90000", "2012-12-31": "55.10000", "2012-09-30": "55.40000", "2012-06-30": "59.40000", "2012-03-31": "61.40000", "2011-12-31": "61.40000", "2011-09-30": "71.60000", "2011-06-30": "86.10000", "2011-03-31": "94.40000", "2010-12-31": "89.40000", "2010-09-30": "112.80000", "2010-06-30": "125.70000", "2010-03-31": "144.30000", "2009-12-31": "133.10000", "2009-09-30": "132.20000", "2009-06-30": "163.80000", "2009-03-31": "128.20000", "2008-12-31": "100.90000", "2008-09-30": "103.70000", "2008-06-30": "149.80000", "2008-03-31": "161.20000", "2007-12-31": "156.50000", "2007-09-30": "142.70000", "2007-06-30": "174.20000", "2007-03-31": "157.60000", "2006-12-31": "171.90000", "2006-09-30": "78.40000", "2006-06-30": "26.49900", "2006-03-31": "28.07300", "2005-12-31": "21.92400", "2005-09-30": "22.21300", "2005-06-30": "36.59300", "2005-03-31": "34.54900"}, "Total Long-Term Assets": {"2020-12-31": "2267.00000", "2020-09-30": "2280.10000", "2020-06-30": "2306.90000", "2020-03-31": "2328.30000", "2019-12-31": "2325.60000", "2019-09-30": "2158.00000", "2019-06-30": "2085.20000", "2019-03-31": "2099.70000", "2018-12-31": "2085.90000", "2018-09-30": "2024.30000", "2018-06-30": "2008.20000", "2018-03-31": "2040.90000", "2017-12-31": "2045.50000", "2017-09-30": "2059.10000", "2017-06-30": "2042.40000", "2017-03-31": "2085.10000", "2016-12-31": "2095.00000", "2016-09-30": "2096.30000", "2016-06-30": "2148.30000", "2016-03-31": "2161.00000", "2015-12-31": "2161.30000", "2015-09-30": "2175.60000", "2015-06-30": "2185.20000", "2015-03-31": "2179.50000", "2014-12-31": "2204.80000", "2014-09-30": "2202.40000", "2014-06-30": "2197.40000", "2014-03-31": "2206.30000", "2013-12-31": "2203.80000", "2013-09-30": "2212.30000", "2013-06-30": "2209.70000", "2013-03-31": "2215.60000", "2012-12-31": "2233.70000", "2012-09-30": "2253.30000", "2012-06-30": "2257.80000", "2012-03-31": "2312.80000", "2011-12-31": "2330.10000", "2011-09-30": "2372.30000", "2011-06-30": "2430.00000", "2011-03-31": "2445.20000", "2010-12-31": "2440.80000", "2010-09-30": "2492.70000", "2010-06-30": "2478.30000", "2010-03-31": "2542.40000", "2009-12-31": "2563.70000", "2009-09-30": "2624.80000", "2009-06-30": "2654.10000", "2009-03-31": "2636.30000", "2008-12-31": "3886.90000", "2008-09-30": "3929.10000", "2008-06-30": "4077.40000", "2008-03-31": "4284.70000", "2007-12-31": "4218.80000", "2007-09-30": "4204.90000", "2007-06-30": "4226.60000", "2007-03-31": "4210.10000", "2006-12-31": "4210.50000", "2006-09-30": "1107.50000", "2006-06-30": "787.40110", "2006-03-31": "780.28000", "2005-12-31": "763.57400", "2005-09-30": "763.91910", "2005-06-30": "765.52810", "2005-03-31": "769.77900"}, "Total Assets": {"2020-12-31": "6016.40000", "2020-09-30": "5815.90000", "2020-06-30": "5760.30000", "2020-03-31": "5861.90000", "2019-12-31": "5556.20000", "2019-09-30": "5566.30000", "2019-06-30": "5446.40000", "2019-03-31": "5469.40000", "2018-12-31": "5030.10000", "2018-09-30": "5294.20000", "2018-06-30": "5273.90000", "2018-03-31": "5194.50000", "2017-12-31": "4962.10000", "2017-09-30": "5098.90000", "2017-06-30": "5092.60000", "2017-03-31": "4988.80000", "2016-12-31": "4491.00000", "2016-09-30": "4513.80000", "2016-06-30": "4792.70000", "2016-03-31": "4751.20000", "2015-12-31": "4409.90000", "2015-09-30": "4552.70000", "2015-06-30": "4729.20000", "2015-03-31": "4555.90000", "2014-12-31": "4364.70000", "2014-09-30": "4586.70000", "2014-06-30": "4811.30000", "2014-03-31": "4684.00000", "2013-12-31": "4469.70000", "2013-09-30": "4765.70000", "2013-06-30": "4730.60000", "2013-03-31": "4874.60000", "2012-12-31": "4603.90000", "2012-09-30": "4947.80000", "2012-06-30": "4937.50000", "2012-03-31": "4793.20000", "2011-12-31": "4597.10000", "2011-09-30": "4826.90000", "2011-06-30": "4732.60000", "2011-03-31": "4547.20000", "2010-12-31": "4460.20000", "2010-09-30": "4708.60000", "2010-06-30": "4740.10000", "2010-03-31": "5166.30000", "2009-12-31": "5109.20000", "2009-09-30": "4768.00000", "2009-06-30": "4406.50000", "2009-03-31": "4445.30000", "2008-12-31": "5987.00000", "2008-09-30": "6081.50000", "2008-06-30": "6564.80000", "2008-03-31": "6658.00000", "2007-12-31": "6284.40000", "2007-09-30": "6399.80000", "2007-06-30": "6394.20000", "2007-03-31": "6263.10000", "2006-12-31": "6097.20000", "2006-09-30": "2110.90000", "2006-06-30": "1902.11500", "2006-03-31": "1800.10100", "2005-12-31": "1694.05600", "2005-09-30": "1718.30300", "2005-06-30": "1708.52300", "2005-03-31": "1693.67900"}, "Total Current Liabilities": {"2020-12-31": "1711.50000", "2020-09-30": "1585.10000", "2020-06-30": "1629.30000", "2020-03-31": "1805.00000", "2019-12-31": "1509.20000", "2019-09-30": "1741.90000", "2019-06-30": "1687.50000", "2019-03-31": "1810.10000", "2018-12-31": "1478.20000", "2018-09-30": "1690.10000", "2018-06-30": "1737.40000", "2018-03-31": "1739.80000", "2017-12-31": "1565.40000", "2017-09-30": "1683.10000", "2017-06-30": "1773.10000", "2017-03-31": "1793.30000", "2016-12-31": "1338.00000", "2016-09-30": "1367.60000", "2016-06-30": "1617.40000", "2016-03-31": "1644.50000", "2015-12-31": "1364.90000", "2015-09-30": "1458.10000", "2015-06-30": "1465.40000", "2015-03-31": "1381.70000", "2014-12-31": "1180.90000", "2014-09-30": "1311.60000", "2014-06-30": "1337.90000", "2014-03-31": "1314.40000", "2013-12-31": "1178.50000", "2013-09-30": "1380.70000", "2013-06-30": "1380.10000", "2013-03-31": "1614.60000", "2012-12-31": "1436.90000", "2012-09-30": "1704.50000", "2012-06-30": "1724.70000", "2012-03-31": "1588.20000", "2011-12-31": "1444.10000", "2011-09-30": "1691.80000", "2011-06-30": "1576.10000", "2011-03-31": "1463.80000", "2010-12-31": "1470.00000", "2010-09-30": "1812.00000", "2010-06-30": "1628.70000", "2010-03-31": "2035.70000", "2009-12-31": "2015.00000", "2009-09-30": "1658.60000", "2009-06-30": "1266.60000", "2009-03-31": "1310.80000", "2008-12-31": "1450.60000", "2008-09-30": "1463.20000", "2008-06-30": "1585.10000", "2008-03-31": "1581.00000", "2007-12-31": "1343.60000", "2007-09-30": "1548.00000", "2007-06-30": "1556.40000", "2007-03-31": "1525.40000", "2006-12-31": "1395.20000", "2006-09-30": "882.00000", "2006-06-30": "800.46200", "2006-03-31": "754.74900", "2005-12-31": "698.75600", "2005-09-30": "775.53900", "2005-06-30": "779.97900", "2005-03-31": "804.15300"}, "Long Term Debt": {"2020-12-31": "818.10000", "2020-09-30": "817.90000", "2020-06-30": "817.60000", "2020-03-31": "817.40000", "2019-12-31": "819.20000", "2019-09-30": "819.00000", "2019-06-30": "818.70000", "2019-03-31": "818.50000", "2018-12-31": "818.30000", "2018-09-30": "818.00000", "2018-06-30": "817.80000", "2018-03-31": "818.80000", "2017-12-31": "803.40000", "2017-09-30": "807.90000", "2017-06-30": "812.50000", "2017-03-31": "817.10000", "2016-12-31": "821.60000", "2016-09-30": "826.20000", "2016-06-30": "840.00000", "2016-03-31": "845.00000", "2015-12-31": "850.00000", "2015-09-30": "844.30000", "2015-06-30": "860.00000", "2015-03-31": "865.00000", "2014-12-31": "870.00000", "2014-09-30": "875.00000", "2014-06-30": "880.00000", "2014-03-31": "885.00000", "2013-12-31": "873.80000", "2013-09-30": "890.00000", "2013-06-30": "906.20000", "2013-03-31": "922.50000", "2012-12-31": "938.70000", "2012-09-30": "955.00000", "2012-06-30": "955.00000", "2012-03-31": "987.70000", "2011-12-31": "1003.80000", "2011-09-30": "1020.00000", "2011-06-30": "1037.40000", "2011-03-31": "1053.80000", "2010-12-31": "1070.10000", "2010-09-30": "1086.40000", "2010-06-30": "1440.30000", "2010-03-31": "1615.40000", "2009-12-31": "1854.60000", "2009-09-30": "2023.20000", "2009-06-30": "2441.60000", "2009-03-31": "2491.90000", "2008-12-31": "2642.80000", "2008-09-30": "2680.50000", "2008-06-30": "2914.10000", "2008-03-31": "2937.50000", "2007-12-31": "2956.30000", "2007-09-30": "2975.60000", "2007-06-30": "2994.60000", "2007-03-31": "3014.20000", "2006-12-31": "3031.60000", "2006-09-30": "2.20000", "2006-06-30": "2.08300", "2006-03-31": "2.30800", "2005-12-31": "2.33000", "2005-09-30": "2.58900", "2005-06-30": "2.65200", "2005-03-31": "3.04800"}, "Other Non-Current Liabilities": {"2020-12-31": "554.20000", "2020-09-30": "562.20000", "2020-06-30": "544.50000", "2020-03-31": "550.50000", "2019-12-31": "546.70000", "2019-09-30": "405.60000", "2019-06-30": "343.30000", "2019-03-31": "341.10000", "2018-12-31": "322.40000", "2018-09-30": "272.60000", "2018-06-30": "298.30000", "2018-03-31": "286.30000", "2017-12-31": "299.90000", "2017-09-30": "300.50000", "2017-06-30": "327.90000", "2017-03-31": "345.10000", "2016-12-31": "330.80000", "2016-09-30": "343.50000", "2016-06-30": "298.00000", "2016-03-31": "298.70000", "2015-12-31": "296.30000", "2015-09-30": "297.10000", "2015-06-30": "285.00000", "2015-03-31": "291.60000", "2014-12-31": "288.40000", "2014-09-30": "290.10000", "2014-06-30": "266.40000", "2014-03-31": "253.30000", "2013-12-31": "244.80000", "2013-09-30": "244.20000", "2013-06-30": "333.70000", "2013-03-31": "334.50000", "2012-12-31": "320.50000", "2012-09-30": "305.20000", "2012-06-30": "369.60000", "2012-03-31": "369.80000", "2011-12-31": "353.90000", "2011-09-30": "347.20000", "2011-06-30": "311.00000", "2011-03-31": "304.50000", "2010-12-31": "299.50000", "2010-09-30": "293.80000", "2010-06-30": "287.00000", "2010-03-31": "321.30000", "2009-12-31": "322.20000", "2009-09-30": "330.30000", "2009-06-30": "303.00000", "2009-03-31": "288.20000", "2008-12-31": "273.30000", "2008-09-30": "237.00000", "2008-06-30": "230.80000", "2008-03-31": "246.50000", "2007-12-31": "215.40000", "2007-09-30": "138.70000", "2007-06-30": "108.90000", "2007-03-31": "118.60000", "2006-12-31": "120.70000", "2006-09-30": "61.00000", "2006-06-30": "63.59200", "2006-03-31": "61.37600", "2005-12-31": "61.16500", "2005-09-30": "62.91700", "2005-06-30": "66.90200", "2005-03-31": "69.14700"}, "Total Long Term Liabilities": {"2020-12-31": "1372.30000", "2020-09-30": "1380.10000", "2020-06-30": "1362.10000", "2020-03-31": "1367.90000", "2019-12-31": "1365.90000", "2019-09-30": "1224.60000", "2019-06-30": "1162.00000", "2019-03-31": "1159.60000", "2018-12-31": "1140.70000", "2018-09-30": "1090.60000", "2018-06-30": "1116.10000", "2018-03-31": "1105.10000", "2017-12-31": "1103.30000", "2017-09-30": "1108.40000", "2017-06-30": "1140.40000", "2017-03-31": "1162.20000", "2016-12-31": "1172.70000", "2016-09-30": "1169.70000", "2016-06-30": "1230.90000", "2016-03-31": "1232.30000", "2015-12-31": "1238.60000", "2015-09-30": "1183.50000", "2015-06-30": "1266.20000", "2015-03-31": "1276.20000", "2014-12-31": "1282.10000", "2014-09-30": "1290.10000", "2014-06-30": "1252.40000", "2014-03-31": "1256.80000", "2013-12-31": "1258.40000", "2013-09-30": "1277.20000", "2013-06-30": "1351.80000", "2013-03-31": "1372.30000", "2012-12-31": "1379.10000", "2012-09-30": "1389.80000", "2012-06-30": "1465.10000", "2012-03-31": "1513.70000", "2011-12-31": "1519.70000", "2011-09-30": "1538.50000", "2011-06-30": "1525.30000", "2011-03-31": "1541.20000", "2010-12-31": "1557.80000", "2010-09-30": "1569.80000", "2010-06-30": "1952.30000", "2010-03-31": "2165.90000", "2009-12-31": "2407.80000", "2009-09-30": "2593.10000", "2009-06-30": "3042.60000", "2009-03-31": "3061.90000", "2008-12-31": "3220.80000", "2008-09-30": "3229.70000", "2008-06-30": "3477.80000", "2008-03-31": "3508.80000", "2007-12-31": "3510.30000", "2007-09-30": "3458.20000", "2007-06-30": "3544.00000", "2007-03-31": "3567.80000", "2006-12-31": "3593.60000", "2006-09-30": "167.00000", "2006-06-30": "120.37600", "2006-03-31": "119.91100", "2005-12-31": "120.56700", "2005-09-30": "124.09400", "2005-06-30": "137.14300", "2005-03-31": "138.93100"}, "Total Liabilities": {"2020-12-31": "3083.80000", "2020-09-30": "2965.20000", "2020-06-30": "2991.40000", "2020-03-31": "3172.90000", "2019-12-31": "2875.10000", "2019-09-30": "2966.50000", "2019-06-30": "2849.50000", "2019-03-31": "2969.70000", "2018-12-31": "2618.90000", "2018-09-30": "2780.70000", "2018-06-30": "2853.50000", "2018-03-31": "2844.90000", "2017-12-31": "2668.70000", "2017-09-30": "2791.50000", "2017-06-30": "2913.50000", "2017-03-31": "2955.50000", "2016-12-31": "2510.70000", "2016-09-30": "2537.30000", "2016-06-30": "2848.30000", "2016-03-31": "2876.80000", "2015-12-31": "2603.50000", "2015-09-30": "2641.60000", "2015-06-30": "2731.60000", "2015-03-31": "2657.90000", "2014-12-31": "2463.00000", "2014-09-30": "2601.70000", "2014-06-30": "2590.30000", "2014-03-31": "2571.20000", "2013-12-31": "2436.90000", "2013-09-30": "2657.90000", "2013-06-30": "2731.90000", "2013-03-31": "2986.90000", "2012-12-31": "2816.00000", "2012-09-30": "3094.30000", "2012-06-30": "3189.80000", "2012-03-31": "3101.90000", "2011-12-31": "2963.80000", "2011-09-30": "3230.30000", "2011-06-30": "3101.40000", "2011-03-31": "3005.00000", "2010-12-31": "3027.80000", "2010-09-30": "3381.80000", "2010-06-30": "3581.00000", "2010-03-31": "4201.60000", "2009-12-31": "4422.80000", "2009-09-30": "4251.70000", "2009-06-30": "4309.20000", "2009-03-31": "4372.70000", "2008-12-31": "4671.40000", "2008-09-30": "4692.90000", "2008-06-30": "5062.90000", "2008-03-31": "5089.80000", "2007-12-31": "4853.90000", "2007-09-30": "5006.20000", "2007-06-30": "5100.40000", "2007-03-31": "5093.20000", "2006-12-31": "4988.80000", "2006-09-30": "1049.00000", "2006-06-30": "920.83800", "2006-03-31": "874.66000", "2005-12-31": "819.32300", "2005-09-30": "899.63300", "2005-06-30": "917.12200", "2005-03-31": "943.08400"}, "Common Stock Net": {"2020-12-31": "0.70000", "2020-09-30": "0.70000", "2020-06-30": "0.70000", "2020-03-31": "0.70000", "2019-12-31": "0.70000", "2019-09-30": "0.70000", "2019-06-30": "0.70000", "2019-03-31": "0.70000", "2018-12-31": "0.70000", "2018-09-30": "0.70000", "2018-06-30": "0.90000", "2018-03-31": "0.90000", "2017-12-31": "0.90000", "2017-09-30": "0.90000", "2017-06-30": "0.90000", "2017-03-31": "0.90000", "2016-12-31": "0.90000", "2016-09-30": "0.90000", "2016-06-30": "0.90000", "2016-03-31": "0.90000", "2015-12-31": "0.90000", "2015-09-30": "0.90000", "2015-06-30": "0.90000", "2015-03-31": "0.90000", "2014-12-31": "0.90000", "2014-09-30": "0.90000", "2014-06-30": "0.90000", "2014-03-31": "0.90000", "2013-12-31": "0.90000", "2013-09-30": "0.90000", "2013-06-30": "0.90000", "2013-03-31": "0.90000", "2012-12-31": "0.90000", "2012-09-30": "0.90000", "2012-06-30": "0.90000", "2012-03-31": "0.90000", "2011-12-31": "0.90000", "2011-09-30": "0.90000", "2011-06-30": "0.90000", "2011-03-31": "0.90000", "2010-12-31": "0.90000", "2010-09-30": "0.90000", "2010-06-30": "0.90000", "2010-03-31": "0.90000", "2009-12-31": "0.90000", "2009-09-30": "0.90000", "2009-06-30": "0.70000", "2009-03-31": "0.70000", "2008-12-31": "0.70000", "2008-09-30": "0.70000", "2008-06-30": "0.70000", "2008-03-31": "0.70000", "2007-12-31": "0.70000", "2007-09-30": "0.70000", "2007-06-30": "0.70000", "2007-03-31": "0.70000", "2006-12-31": "0.70000", "2006-09-30": "0.70000", "2006-06-30": "0.73600", "2006-03-31": "0.73600", "2005-12-31": "0.73600", "2005-09-30": "0.73300", "2005-06-30": "0.36700", "2005-03-31": "0.36300"}, "Retained Earnings (Accumulated Deficit)": {"2020-12-31": "2793.50000", "2020-09-30": "2747.70000", "2020-06-30": "2668.10000", "2020-03-31": "2608.40000", "2019-12-31": "2560.30000", "2019-09-30": "2505.00000", "2019-06-30": "2373.40000", "2019-03-31": "2200.30000", "2018-12-31": "2090.80000", "2018-09-30": "2007.90000", "2018-06-30": "2666.80000", "2018-03-31": "2531.10000", "2017-12-31": "2438.20000", "2017-09-30": "2399.80000", "2017-06-30": "2322.00000", "2017-03-31": "2209.20000", "2016-12-31": "2180.60000", "2016-09-30": "2177.00000", "2016-06-30": "2129.50000", "2016-03-31": "2059.20000", "2015-12-31": "2017.00000", "2015-09-30": "2016.50000", "2015-06-30": "1979.30000", "2015-03-31": "1902.70000", "2014-12-31": "1861.40000", "2014-09-30": "1840.10000", "2014-06-30": "1774.90000", "2014-03-31": "1682.50000", "2013-12-31": "1623.60000", "2013-09-30": "1581.50000", "2013-06-30": "1545.20000", "2013-03-31": "1396.60000", "2012-12-31": "1310.00000", "2012-09-30": "1263.50000", "2012-06-30": "1184.70000", "2012-03-31": "1108.90000", "2011-12-31": "1071.70000", "2011-09-30": "1032.70000", "2011-06-30": "995.20000", "2011-03-31": "926.70000", "2010-12-31": "858.80000", "2010-09-30": "759.20000", "2010-06-30": "642.60000", "2010-03-31": "431.40000", "2009-12-31": "138.80000", "2009-09-30": "-30.80000", "2009-06-30": "-171.10000", "2009-03-31": "-144.60000", "2008-12-31": "1054.90000", "2008-09-30": "1082.90000", "2008-06-30": "1036.70000", "2008-03-31": "1128.50000", "2007-12-31": "1063.30000", "2007-09-30": "1036.30000", "2007-06-30": "958.30000", "2007-03-31": "875.10000", "2006-12-31": "831.60000", "2006-09-30": "797.80000", "2006-06-30": "755.92700", "2006-03-31": "709.87400", "2005-12-31": "667.39200", "2005-09-30": "619.29000", "2005-06-30": "581.48700", "2005-03-31": "547.61600"}, "Comprehensive Income": {"2020-12-31": "-165.50000", "2020-09-30": "-198.40000", "2020-06-30": "-194.50000", "2020-03-31": "-208.90000", "2019-12-31": "-181.90000", "2019-09-30": "-201.60000", "2019-06-30": "-131.40000", "2019-03-31": "-135.60000", "2018-12-31": "-124.70000", "2018-09-30": "-106.80000", "2018-06-30": "-139.70000", "2018-03-31": "-105.10000", "2017-12-31": "-122.40000", "2017-09-30": "-125.00000", "2017-06-30": "-165.50000", "2017-03-31": "-193.10000", "2016-12-31": "-204.60000", "2016-09-30": "-175.00000", "2016-06-30": "-147.90000", "2016-03-31": "-135.80000", "2015-12-31": "-154.90000", "2015-09-30": "-144.40000", "2015-06-30": "-131.10000", "2015-03-31": "-144.90000", "2014-12-31": "-92.30000", "2014-09-30": "-69.20000", "2014-06-30": "-12.60000", "2014-03-31": "-7.90000", "2013-12-31": "-10.70000", "2013-09-30": "-14.60000", "2013-06-30": "-103.00000", "2013-03-31": "-100.80000", "2012-12-31": "-91.80000", "2012-09-30": "-101.40000", "2012-06-30": "-135.20000", "2012-03-31": "-114.50000", "2011-12-31": "-127.80000", "2011-09-30": "-122.60000", "2011-06-30": "-46.00000", "2011-03-31": "-62.20000", "2010-12-31": "-92.30000", "2010-09-30": "-93.20000", "2010-06-30": "-138.70000", "2010-03-31": "-98.20000", "2009-12-31": "-76.30000", "2009-09-30": "-74.70000", "2009-06-30": "14.20000", "2009-03-31": "-35.80000", "2008-12-31": "9.40000", "2008-09-30": "55.70000", "2008-06-30": "218.10000", "2008-03-31": "195.30000", "2007-12-31": "134.00000", "2007-09-30": "129.00000", "2007-06-30": "111.20000", "2007-03-31": "76.40000", "2006-12-31": "66.10000", "2006-09-30": "59.20000", "2006-06-30": "25.74600", "2006-03-31": "17.87700", "2005-12-31": "13.04300", "2005-09-30": "12.55000", "2005-06-30": "24.04900", "2005-03-31": "31.43300"}, "Other Share Holders Equity": {"2020-12-31": "", "2020-09-30": "", "2020-06-30": "", "2020-03-31": "", "2019-12-31": "", "2019-09-30": "", "2019-06-30": "", "2019-03-31": "", "2018-12-31": "", "2018-09-30": "", "2018-06-30": "", "2018-03-31": "", "2017-12-31": "", "2017-09-30": "", "2017-06-30": "", "2017-03-31": "", "2016-12-31": "", "2016-09-30": "", "2016-06-30": "", "2016-03-31": "", "2015-12-31": "", "2015-09-30": "", "2015-06-30": "", "2015-03-31": "", "2014-12-31": "", "2014-09-30": "", "2014-06-30": "", "2014-03-31": "", "2013-12-31": "", "2013-09-30": "", "2013-06-30": "", "2013-03-31": "", "2012-12-31": "", "2012-09-30": "", "2012-06-30": "", "2012-03-31": "", "2011-12-31": "", "2011-09-30": "", "2011-06-30": "", "2011-03-31": "", "2010-12-31": "", "2010-09-30": "", "2010-06-30": "", "2010-03-31": "", "2009-12-31": "", "2009-09-30": "", "2009-06-30": "", "2009-03-31": "", "2008-12-31": "", "2008-09-30": "", "2008-06-30": "", "2008-03-31": "", "2007-12-31": "", "2007-09-30": "", "2007-06-30": "", "2007-03-31": "", "2006-12-31": "", "2006-09-30": "", "2006-06-30": "", "2006-03-31": "", "2005-12-31": "", "2005-09-30": "", "2005-06-30": "", "2005-03-31": ""}, "Share Holder Equity": {"2020-12-31": "2932.60000", "2020-09-30": "2850.70000", "2020-06-30": "2768.90000", "2020-03-31": "2689.00000", "2019-12-31": "2681.10000", "2019-09-30": "2599.80000", "2019-06-30": "2596.90000", "2019-03-31": "2499.70000", "2018-12-31": "2411.20000", "2018-09-30": "2513.50000", "2018-06-30": "2420.40000", "2018-03-31": "2349.60000", "2017-12-31": "2293.40000", "2017-09-30": "2307.40000", "2017-06-30": "2179.10000", "2017-03-31": "2033.30000", "2016-12-31": "1980.30000", "2016-09-30": "1976.50000", "2016-06-30": "1944.40000", "2016-03-31": "1874.40000", "2015-12-31": "1806.40000", "2015-09-30": "1911.10000", "2015-06-30": "1997.60000", "2015-03-31": "1898.00000", "2014-12-31": "1901.70000", "2014-09-30": "1985.00000", "2014-06-30": "2221.00000", "2014-03-31": "2112.80000", "2013-12-31": "2032.80000", "2013-09-30": "2107.80000", "2013-06-30": "1998.70000", "2013-03-31": "1887.70000", "2012-12-31": "1787.90000", "2012-09-30": "1853.50000", "2012-06-30": "1747.70000", "2012-03-31": "1691.30000", "2011-12-31": "1633.30000", "2011-09-30": "1596.60000", "2011-06-30": "1631.20000", "2011-03-31": "1542.20000", "2010-12-31": "1432.40000", "2010-09-30": "1326.80000", "2010-06-30": "1159.10000", "2010-03-31": "964.70000", "2009-12-31": "686.40000", "2009-09-30": "516.30000", "2009-06-30": "97.30000", "2009-03-31": "72.60000", "2008-12-31": "1315.60000", "2008-09-30": "1388.60000", "2008-06-30": "1501.90000", "2008-03-31": "1568.20000", "2007-12-31": "1430.50000", "2007-09-30": "1393.60000", "2007-06-30": "1293.80000", "2007-03-31": "1169.90000", "2006-12-31": "1108.40000", "2006-09-30": "1061.90000", "2006-06-30": "981.27700", "2006-03-31": "925.44100", "2005-12-31": "874.73300", "2005-09-30": "818.67000", "2005-06-30": "791.40100", "2005-03-31": "750.59500"}, "Total Liabilities And Share Holders Equity": {"2020-12-31": "6016.40000", "2020-09-30": "5815.90000", "2020-06-30": "5760.30000", "2020-03-31": "5861.90000", "2019-12-31": "5556.20000", "2019-09-30": "5566.30000", "2019-06-30": "5446.40000", "2019-03-31": "5469.40000", "2018-12-31": "5030.10000", "2018-09-30": "5294.20000", "2018-06-30": "5273.90000", "2018-03-31": "5194.50000", "2017-12-31": "4962.10000", "2017-09-30": "5098.90000", "2017-06-30": "5092.60000", "2017-03-31": "4988.80000", "2016-12-31": "4491.00000", "2016-09-30": "4513.80000", "2016-06-30": "4792.70000", "2016-03-31": "4751.20000", "2015-12-31": "4409.90000", "2015-09-30": "4552.70000", "2015-06-30": "4729.20000", "2015-03-31": "4555.90000", "2014-12-31": "4364.70000", "2014-09-30": "4586.70000", "2014-06-30": "4811.30000", "2014-03-31": "4684.00000", "2013-12-31": "4469.70000", "2013-09-30": "4765.70000", "2013-06-30": "4730.60000", "2013-03-31": "4874.60000", "2012-12-31": "4603.90000", "2012-09-30": "4947.80000", "2012-06-30": "4937.50000", "2012-03-31": "4793.20000", "2011-12-31": "4597.10000", "2011-09-30": "4826.90000", "2011-06-30": "4732.60000", "2011-03-31": "4547.20000", "2010-12-31": "4460.20000", "2010-09-30": "4708.60000", "2010-06-30": "4740.10000", "2010-03-31": "5166.30000", "2009-12-31": "5109.20000", "2009-09-30": "4768.00000", "2009-06-30": "4406.50000", "2009-03-31": "4445.30000", "2008-12-31": "5987.00000", "2008-09-30": "6081.50000", "2008-06-30": "6564.80000", "2008-03-31": "6658.00000", "2007-12-31": "6284.40000", "2007-09-30": "6399.80000", "2007-06-30": "6394.20000", "2007-03-31": "6263.10000", "2006-12-31": "6097.20000", "2006-09-30": "2110.90000", "2006-06-30": "1902.11500", "2006-03-31": "1800.10100", "2005-12-31": "1694.05600", "2005-09-30": "1718.30300", "2005-06-30": "1708.52300", "2005-03-31": "1693.67900"}}, "cash flow statement": {"Net Income/Loss": {"2020-09-30": "324.50000", "2019-09-30": "579.40000", "2018-09-30": "471.90000", "2017-09-30": "285.60000", "2016-09-30": "216.40000", "2015-09-30": "229.50000", "2014-09-30": "309.30000", "2013-09-30": "318.00000", "2012-09-30": "231.90000", "2011-09-30": "273.40000", "2010-09-30": "790.00000", "2009-09-30": "-1099.70000", "2008-09-30": "78.60000", "2007-09-30": "268.10000", "2006-09-30": "205.50000", "2005-09-30": "160.20000"}, "Total Depreciation And Amortization - Cash Flow": {"2020-09-30": "104.20000", "2019-09-30": "115.20000", "2018-09-30": "120.50000", "2017-09-30": "130.30000", "2016-09-30": "128.80000", "2015-09-30": "124.50000", "2014-09-30": "126.80000", "2013-09-30": "135.80000", "2012-09-30": "130.90000", "2011-09-30": "149.20000", "2010-09-30": "198.50000", "2009-09-30": "1351.80000", "2008-09-30": "328.10000", "2007-09-30": "129.00000", "2006-09-30": "37.50000", "2005-09-30": "31.70000"}, "Other Non-Cash Items": {"2020-09-30": "47.20000", "2019-09-30": "37.20000", "2018-09-30": "38.70000", "2017-09-30": "25.30000", "2016-09-30": "8.70000", "2015-09-30": "24.40000", "2014-09-30": "7.20000", "2013-09-30": "-9.10000", "2012-09-30": "-35.80000", "2011-09-30": "27.80000", "2010-09-30": "-38.20000", "2009-09-30": "-73.30000", "2008-09-30": "5.00000", "2007-09-30": "7.40000", "2006-09-30": "-9.10000", "2005-09-30": "4.90000"}, "Total Non-Cash Items": {"2020-09-30": "151.40000", "2019-09-30": "152.40000", "2018-09-30": "159.20000", "2017-09-30": "155.60000", "2016-09-30": "137.50000", "2015-09-30": "148.90000", "2014-09-30": "134.00000", "2013-09-30": "126.70000", "2012-09-30": "95.10000", "2011-09-30": "177.00000", "2010-09-30": "160.30000", "2009-09-30": "1278.50000", "2008-09-30": "333.10000", "2007-09-30": "136.40000", "2006-09-30": "28.40000", "2005-09-30": "36.60000"}, "Change In Accounts Receivable": {"2020-09-30": "332.50000", "2019-09-30": "-66.60000", "2018-09-30": "-227.00000", "2017-09-30": "-295.90000", "2016-09-30": "-39.60000", "2015-09-30": "-13.90000", "2014-09-30": "-195.60000", "2013-09-30": "236.50000", "2012-09-30": "63.20000", "2011-09-30": "-210.00000", "2010-09-30": "-339.60000", "2009-09-30": "377.20000", "2008-09-30": "65.60000", "2007-09-30": "-408.90000", "2006-09-30": "-8.80000", "2005-09-30": "-20.70000"}, "Change In Inventories": {"2020-09-30": "-246.70000", "2019-09-30": "-111.00000", "2018-09-30": "-38.60000", "2017-09-30": "-202.30000", "2016-09-30": "327.20000", "2015-09-30": "-378.80000", "2014-09-30": "-153.40000", "2013-09-30": "113.10000", "2012-09-30": "-161.90000", "2011-09-30": "58.80000", "2010-09-30": "-82.70000", "2009-09-30": "112.60000", "2008-09-30": "-38.70000", "2007-09-30": "116.00000", "2006-09-30": "-48.90000", "2005-09-30": "-110.90000"}, "Change In Accounts Payable": {"2020-09-30": "-222.50000", "2019-09-30": "12.80000", "2018-09-30": "124.30000", "2017-09-30": "177.20000", "2016-09-30": "-87.60000", "2015-09-30": "-28.70000", "2014-09-30": "62.40000", "2013-09-30": "-156.00000", "2012-09-30": "-72.20000", "2011-09-30": "54.20000", "2010-09-30": "169.40000", "2009-09-30": "-55.80000", "2008-09-30": "15.60000", "2007-09-30": "137.80000", "2006-09-30": "-8.30000", "2005-09-30": "21.80000"}, "Change In Assets/Liabilities": {"2020-09-30": "40.20000", "2019-09-30": "-34.90000", "2018-09-30": "-79.70000", "2017-09-30": "141.10000", "2016-09-30": "44.00000", "2015-09-30": "116.80000", "2014-09-30": "-60.60000", "2013-09-30": "-201.70000", "2012-09-30": "184.20000", "2011-09-30": "42.70000", "2010-09-30": "-98.50000", "2009-09-30": "312.50000", "2008-09-30": "-41.70000", "2007-09-30": "121.90000", "2006-09-30": "7.90000", "2005-09-30": "102.50000"}, "Total Change In Assets/Liabilities": {"2020-09-30": "-148.60000", "2019-09-30": "-163.50000", "2018-09-30": "-194.80000", "2017-09-30": "-194.70000", "2016-09-30": "230.00000", "2015-09-30": "-287.00000", "2014-09-30": "-272.90000", "2013-09-30": "-6.70000", "2012-09-30": "-58.70000", "2011-09-30": "-62.70000", "2010-09-30": "-330.60000", "2009-09-30": "720.10000", "2008-09-30": "-21.30000", "2007-09-30": "1.50000", "2006-09-30": "-56.50000", "2005-09-30": "15.50000"}, "Cash Flow From Operating Activities": {"2020-09-30": "327.30000", "2019-09-30": "568.30000", "2018-09-30": "436.30000", "2017-09-30": "246.50000", "2016-09-30": "583.90000", "2015-09-30": "91.40000", "2014-09-30": "170.40000", "2013-09-30": "438.00000", "2012-09-30": "268.30000", "2011-09-30": "387.70000", "2010-09-30": "619.70000", "2009-09-30": "898.90000", "2008-09-30": "390.40000", "2007-09-30": "406.00000", "2006-09-30": "177.40000", "2005-09-30": "212.30000"}, "Net Change In Property, Plant, And Equipment": {"2020-09-30": "-89.00000", "2019-09-30": "-159.10000", "2018-09-30": "-88.60000", "2017-09-30": "-62.90000", "2016-09-30": "-87.00000", "2015-09-30": "-131.20000", "2014-09-30": "-112.10000", "2013-09-30": "-52.40000", "2012-09-30": "-53.00000", "2011-09-30": "-64.50000", "2010-09-30": "-78.40000", "2009-09-30": "-51.60000", "2008-09-30": "-101.30000", "2007-09-30": "-87.40000", "2006-09-30": "-55.20000", "2005-09-30": "-43.00000"}, "Net Change In Intangible Assets": {"2020-09-30": "", "2019-09-30": "", "2018-09-30": "", "2017-09-30": "", "2016-09-30": "", "2015-09-30": "", "2014-09-30": "", "2013-09-30": "", "2012-09-30": "", "2011-09-30": "", "2010-09-30": "", "2009-09-30": "", "2008-09-30": "", "2007-09-30": "", "2006-09-30": "", "2005-09-30": ""}, "Net Acquisitions/Divestitures": {"2020-09-30": "", "2019-09-30": "", "2018-09-30": "", "2017-09-30": "", "2016-09-30": "", "2015-09-30": "-10.00000", "2014-09-30": "", "2013-09-30": "", "2012-09-30": "", "2011-09-30": "", "2010-09-30": "", "2009-09-30": "", "2008-09-30": "", "2007-09-30": "-3140.50000", "2006-09-30": "-272.80000", "2005-09-30": "-31.30000"}, "Net Change In Short-term Investments": {"2020-09-30": "", "2019-09-30": "", "2018-09-30": "", "2017-09-30": "", "2016-09-30": "", "2015-09-30": "", "2014-09-30": "", "2013-09-30": "", "2012-09-30": "", "2011-09-30": "", "2010-09-30": "", "2009-09-30": "", "2008-09-30": "", "2007-09-30": "", "2006-09-30": "", "2005-09-30": ""}, "Net Change In Long-Term Investments": {"2020-09-30": "", "2019-09-30": "", "2018-09-30": "", "2017-09-30": "", "2016-09-30": "", "2015-09-30": "", "2014-09-30": "", "2013-09-30": "", "2012-09-30": "8.70000", "2011-09-30": "", "2010-09-30": "", "2009-09-30": "", "2008-09-30": "", "2007-09-30": "", "2006-09-30": "", "2005-09-30": ""}, "Net Change In Investments - Total": {"2020-09-30": "", "2019-09-30": "", "2018-09-30": "", "2017-09-30": "", "2016-09-30": "", "2015-09-30": "", "2014-09-30": "", "2013-09-30": "", "2012-09-30": "8.70000", "2011-09-30": "", "2010-09-30": "", "2009-09-30": "", "2008-09-30": "", "2007-09-30": "", "2006-09-30": "", "2005-09-30": ""}, "Investing Activities - Other": {"2020-09-30": "11.40000", "2019-09-30": "6.10000", "2018-09-30": "-1.80000", "2017-09-30": "-2.30000", "2016-09-30": "-2.20000", "2015-09-30": "1.10000", "2014-09-30": "-2.70000", "2013-09-30": "-22.40000", "2012-09-30": "2.50000", "2011-09-30": "-3.80000", "2010-09-30": "-5.50000", "2009-09-30": "-4.50000", "2008-09-30": "1.10000", "2007-09-30": "1.30000", "2006-09-30": "0.70000", "2005-09-30": "5.80000"}, "Cash Flow From Investing Activities": {"2020-09-30": "-77.60000", "2019-09-30": "-153.00000", "2018-09-30": "-90.40000", "2017-09-30": "-65.20000", "2016-09-30": "-89.20000", "2015-09-30": "-140.10000", "2014-09-30": "-114.80000", "2013-09-30": "-74.80000", "2012-09-30": "-41.80000", "2011-09-30": "-68.30000", "2010-09-30": "-83.90000", "2009-09-30": "-56.10000", "2008-09-30": "-100.20000", "2007-09-30": "-3226.60000", "2006-09-30": "-327.30000", "2005-09-30": "-68.50000"}, "Net Long-Term Debt": {"2020-09-30": "3.90000", "2019-09-30": "", "2018-09-30": "-14.40000", "2017-09-30": "-17.10000", "2016-09-30": "-50.00000", "2015-09-30": "10.00000", "2014-09-30": "-60.00000", "2013-09-30": "", "2012-09-30": "-105.10000", "2011-09-30": "-91.40000", "2010-09-30": "-720.90000", "2009-09-30": "-682.20000", "2008-09-30": "-304.70000", "2007-09-30": "3003.20000", "2006-09-30": "-0.60000", "2005-09-30": "-0.70000"}, "Net Current Debt": {"2020-09-30": "", "2019-09-30": "", "2018-09-30": "", "2017-09-30": "", "2016-09-30": "-33.50000", "2015-09-30": "33.50000", "2014-09-30": "", "2013-09-30": "", "2012-09-30": "", "2011-09-30": "-150.00000", "2010-09-30": "", "2009-09-30": "-49.40000", "2008-09-30": "54.70000", "2007-09-30": "-79.90000", "2006-09-30": "64.40000", "2005-09-30": "-51.60000"}, "Debt Issuance/Retirement Net - Total": {"2020-09-30": "3.90000", "2019-09-30": "", "2018-09-30": "-14.40000", "2017-09-30": "-17.10000", "2016-09-30": "-83.50000", "2015-09-30": "43.50000", "2014-09-30": "-60.00000", "2013-09-30": "", "2012-09-30": "-105.10000", "2011-09-30": "-241.40000", "2010-09-30": "-720.90000", "2009-09-30": "-731.60000", "2008-09-30": "-250.00000", "2007-09-30": "2923.30000", "2006-09-30": "63.80000", "2005-09-30": "-52.30000"}, "Net Common Equity Issued/Repurchased": {"2020-09-30": "-25.40000", "2019-09-30": "-346.10000", "2018-09-30": "-240.40000", "2017-09-30": "35.10000", "2016-09-30": "-84.60000", "2015-09-30": "-200.70000", "2014-09-30": "-352.40000", "2013-09-30": "-170.40000", "2012-09-30": "-9.70000", "2011-09-30": "8.00000", "2010-09-30": "19.00000", "2009-09-30": "358.70000", "2008-09-30": "4.50000", "2007-09-30": "4.90000", "2006-09-30": "2.40000", "2005-09-30": "23.60000"}, "Net Total Equity Issued/Repurchased": {"2020-09-30": "-25.40000", "2019-09-30": "-346.10000", "2018-09-30": "-240.40000", "2017-09-30": "35.10000", "2016-09-30": "-84.60000", "2015-09-30": "-200.70000", "2014-09-30": "-352.40000", "2013-09-30": "-170.40000", "2012-09-30": "-9.70000", "2011-09-30": "8.00000", "2010-09-30": "19.00000", "2009-09-30": "358.70000", "2008-09-30": "4.50000", "2007-09-30": "4.90000", "2006-09-30": "2.40000", "2005-09-30": "23.60000"}, "Total Common And Preferred Stock Dividends Paid": {"2020-09-30": "-81.80000", "2019-09-30": "-75.50000", "2018-09-30": "-71.20000", "2017-09-30": "-62.80000", "2016-09-30": "-55.90000", "2015-09-30": "-53.10000", "2014-09-30": "-50.70000", "2013-09-30": "", "2012-09-30": "", "2011-09-30": "", "2010-09-30": "", "2009-09-30": "-14.90000", "2008-09-30": "-29.80000", "2007-09-30": "-29.60000", "2006-09-30": "-27.10000", "2005-09-30": "-16.00000"}, "Financial Activities - Other": {"2020-09-30": "-12.20000", "2019-09-30": "", "2018-09-30": "-12.90000", "2017-09-30": "", "2016-09-30": "2.00000", "2015-09-30": "-11.50000", "2014-09-30": "-12.90000", "2013-09-30": "0.40000", "2012-09-30": "-2.50000", "2011-09-30": "1.90000", "2010-09-30": "-20.60000", "2009-09-30": "-20.30000", "2008-09-30": "1.70000", "2007-09-30": "-28.90000", "2006-09-30": "4.10000", "2005-09-30": ""}, "Cash Flow From Financial Activities": {"2020-09-30": "-115.50000", "2019-09-30": "-421.60000", "2018-09-30": "-338.90000", "2017-09-30": "-44.80000", "2016-09-30": "-222.00000", "2015-09-30": "-221.80000", "2014-09-30": "-476.00000", "2013-09-30": "-170.00000", "2012-09-30": "-117.30000", "2011-09-30": "-231.50000", "2010-09-30": "-722.50000", "2009-09-30": "-408.10000", "2008-09-30": "-273.60000", "2007-09-30": "2869.70000", "2006-09-30": "43.20000", "2005-09-30": "-44.70000"}, "Net Cash Flow": {"2020-09-30": "134.50000", "2019-09-30": "-6.20000", "2018-09-30": "7.60000", "2017-09-30": "125.10000", "2016-09-30": "279.00000", "2015-09-30": "-270.90000", "2014-09-30": "-419.70000", "2013-09-30": "192.80000", "2012-09-30": "112.20000", "2011-09-30": "89.50000", "2010-09-30": "-191.40000", "2009-09-30": "442.20000", "2008-09-30": "13.00000", "2007-09-30": "53.20000", "2006-09-30": "-105.50000", "2005-09-30": "97.40000"}, "Stock-Based Compensation": {"2020-09-30": "29.30000", "2019-09-30": "29.00000", "2018-09-30": "26.70000", "2017-09-30": "22.40000", "2016-09-30": "18.70000", "2015-09-30": "21.40000", "2014-09-30": "25.00000", "2013-09-30": "24.40000", "2012-09-30": "18.50000", "2011-09-30": "15.50000", "2010-09-30": "14.70000", "2009-09-30": "10.90000", "2008-09-30": "15.00000", "2007-09-30": "11.70000", "2006-09-30": "11.10000", "2005-09-30": "3.00000"}, "Common Stock Dividends Paid": {"2020-09-30": "-81.80000", "2019-09-30": "-75.50000", "2018-09-30": "-71.20000", "2017-09-30": "-62.80000", "2016-09-30": "-55.90000", "2015-09-30": "-53.10000", "2014-09-30": "-50.70000", "2013-09-30": "0.00000", "2012-09-30": "", "2011-09-30": "", "2010-09-30": "", "2009-09-30": "-14.90000", "2008-09-30": "-29.80000", "2007-09-30": "-29.60000", "2006-09-30": "-27.10000", "2005-09-30": "-16.00000"}}, "cash flow statement, quarterly": {"Net Income/Loss": {"2020-12-31": "69.50000", "2020-09-30": 100, "2020-06-30": 80.2, "2020-03-31": 68.6, "2019-12-31": "75.70000", "2019-09-30": 150, "2019-06-30": 191.9, "2019-03-31": 128.5, "2018-12-31": "109.00000", "2018-09-30": 151.3, "2018-06-30": 153.4, "2018-03-31": 110.8, "2017-12-31": "56.40000", "2017-09-30": 93.5, "2017-06-30": 128.6, "2017-03-31": 44.3, "2016-12-31": "19.20000", "2016-09-30": 61.5, "2016-06-30": 84.2, "2016-03-31": 56.1, "2015-12-31": "14.60000", "2015-09-30": 50.3, "2015-06-30": 89.9, "2015-03-31": 54.6, "2014-12-31": "34.70000", "2014-09-30": 77.8, "2014-06-30": 105.1, "2014-03-31": 71.5, "2013-12-31": "54.90000", "2013-09-30": 36.3, "2013-06-30": 148.7, "2013-03-31": 86.5, "2012-12-31": "46.50000", "2012-09-30": 78.9, "2012-06-30": 75.7, "2012-03-31": 38, "2011-12-31": "39.30000", "2011-09-30": 38, "2011-06-30": 68.6, "2011-03-31": 67.8, "2010-12-31": "99.00000", "2010-09-30": 116.6, "2010-06-30": 211.2, "2010-03-31": 292.6, "2009-12-31": "169.60000", "2009-09-30": 140.1, "2009-06-30": -26.8, "2009-03-31": -1192.2, "2008-12-31": "-20.80000", "2008-09-30": 53, "2008-06-30": -84.3, "2008-03-31": 72.6, "2007-12-31": "37.30000", "2007-09-30": 85.4, "2007-06-30": 90.6, "2007-03-31": 50.9, "2006-12-31": "41.20000", "2006-09-30": 49.2, "2006-06-30": 53.4, "2006-03-31": 49.8, "2005-12-31": "53.10000", "2005-09-30": 42.747, "2005-06-30": 38.689, "2005-03-31": 78.764}, "Total Depreciation And Amortization - Cash Flow": {"2020-12-31": "26.60000", "2020-09-30": 30.8, "2020-06-30": 22.8, "2020-03-31": 22.6, "2019-12-31": "28.00000", "2019-09-30": 29.4, "2019-06-30": 28.7, "2019-03-31": 28.4, "2018-12-31": "28.70000", "2018-09-30": 29.4, "2018-06-30": 29.8, "2018-03-31": 29.9, "2017-12-31": "31.40000", "2017-09-30": 33, "2017-06-30": 32.9, "2017-03-31": 32.3, "2016-12-31": "32.10000", "2016-09-30": 32.9, "2016-06-30": 32.2, "2016-03-31": 32.7, "2015-12-31": "31.00000", "2015-09-30": 30.4, "2015-06-30": 30.1, "2015-03-31": 33.5, "2014-12-31": "30.50000", "2014-09-30": 31.6, "2014-06-30": 31.7, "2014-03-31": 32.7, "2013-12-31": "30.80000", "2013-09-30": 40.6, "2013-06-30": 31.9, "2013-03-31": 31.9, "2012-12-31": "31.40000", "2012-09-30": 35.1, "2012-06-30": 31.5, "2012-03-31": 30.6, "2011-12-31": "33.70000", "2011-09-30": 44.1, "2011-06-30": 35.2, "2011-03-31": 34.9, "2010-12-31": "35.00000", "2010-09-30": 79.8, "2010-06-30": 37.9, "2010-03-31": 43.4, "2009-12-31": "37.40000", "2009-09-30": 1238.9, "2009-06-30": 36.8, "2009-03-31": 38.1, "2008-12-31": "38.00000", "2008-09-30": 42.3, "2008-06-30": 285.8, "2008-03-31": 0, "2007-12-31": "", "2007-09-30": 129, "2007-06-30": 0, "2007-03-31": 0, "2006-12-31": "", "2006-09-30": 37.5, "2006-06-30": 0, "2006-03-31": 0, "2005-12-31": "", "2005-09-30": 31.7, "2005-06-30": 0, "2005-03-31": 0}, "Other Non-Cash Items": {"2020-12-31": "12.60000", "2020-09-30": 9, "2020-06-30": 11.1, "2020-03-31": 26.4, "2019-12-31": "0.70000", "2019-09-30": -1.2, "2019-06-30": 17.8, "2019-03-31": 15.6, "2018-12-31": "5.00000", "2018-09-30": 13.6, "2018-06-30": 33.3, "2018-03-31": 12.6, "2017-12-31": "-20.80000", "2017-09-30": 7.4, "2017-06-30": 8.2, "2017-03-31": -6.1, "2016-12-31": "15.80000", "2016-09-30": 4, "2016-06-30": 6.5, "2016-03-31": 3.4, "2015-12-31": "-5.20000", "2015-09-30": 1.3, "2015-06-30": -2.1, "2015-03-31": 16.1, "2014-12-31": "9.10000", "2014-09-30": 28.1, "2014-06-30": -13.8, "2014-03-31": -8.8, "2013-12-31": "1.70000", "2013-09-30": -4.5, "2013-06-30": 5.1, "2013-03-31": -7.6, "2012-12-31": "-2.10000", "2012-09-30": -16.9, "2012-06-30": -11.5, "2012-03-31": -10.2, "2011-12-31": "2.80000", "2011-09-30": 8.4, "2011-06-30": 12, "2011-03-31": -4.7, "2010-12-31": "12.10000", "2010-09-30": -53.1, "2010-06-30": 4.1, "2010-03-31": -1.8, "2009-12-31": "12.60000", "2009-09-30": -1250.1, "2009-06-30": -5.4, "2009-03-31": 1171.3, "2008-12-31": "10.90000", "2008-09-30": -3, "2008-06-30": -58.2, "2008-03-31": 24.3, "2007-12-31": "41.90000", "2007-09-30": -71.6, "2007-06-30": 26.8, "2007-03-31": 34.6, "2006-12-31": "17.60000", "2006-09-30": -33.1, "2006-06-30": 4.3, "2006-03-31": 11.1, "2005-12-31": "8.60000", "2005-09-30": -21.546, "2005-06-30": 5.108, "2005-03-31": 21.338}, "Total Non-Cash Items": {"2020-12-31": "39.20000", "2020-09-30": 39.8, "2020-06-30": 33.9, "2020-03-31": 49, "2019-12-31": "28.70000", "2019-09-30": 28.2, "2019-06-30": 46.5, "2019-03-31": 44, "2018-12-31": "33.70000", "2018-09-30": 43, "2018-06-30": 63.1, "2018-03-31": 42.5, "2017-12-31": "10.60000", "2017-09-30": 40.4, "2017-06-30": 41.1, "2017-03-31": 26.2, "2016-12-31": "47.90000", "2016-09-30": 36.9, "2016-06-30": 38.7, "2016-03-31": 36.1, "2015-12-31": "25.80000", "2015-09-30": 31.7, "2015-06-30": 28, "2015-03-31": 49.6, "2014-12-31": "39.60000", "2014-09-30": 59.7, "2014-06-30": 17.9, "2014-03-31": 23.9, "2013-12-31": "32.50000", "2013-09-30": 36.1, "2013-06-30": 37, "2013-03-31": 24.3, "2012-12-31": "29.30000", "2012-09-30": 18.2, "2012-06-30": 20, "2012-03-31": 20.4, "2011-12-31": "36.50000", "2011-09-30": 52.5, "2011-06-30": 47.2, "2011-03-31": 30.2, "2010-12-31": "47.10000", "2010-09-30": 26.7, "2010-06-30": 42, "2010-03-31": 41.6, "2009-12-31": "50.00000", "2009-09-30": -11.2, "2009-06-30": 31.4, "2009-03-31": 1209.4, "2008-12-31": "48.90000", "2008-09-30": 39.3, "2008-06-30": 227.6, "2008-03-31": 24.3, "2007-12-31": "41.90000", "2007-09-30": 57.4, "2007-06-30": 26.8, "2007-03-31": 34.6, "2006-12-31": "17.60000", "2006-09-30": 4.4, "2006-06-30": 4.3, "2006-03-31": 11.1, "2005-12-31": "8.60000", "2005-09-30": 10.154, "2005-06-30": 5.108, "2005-03-31": 21.338}, "Change In Accounts Receivable": {"2020-12-31": "", "2020-09-30": 332.5, "2020-06-30": 0, "2020-03-31": 0, "2019-12-31": "", "2019-09-30": -66.6, "2019-06-30": 0, "2019-03-31": 0, "2018-12-31": "", "2018-09-30": -227, "2018-06-30": 0, "2018-03-31": 0, "2017-12-31": "", "2017-09-30": -295.9, "2017-06-30": 0, "2017-03-31": 0, "2016-12-31": "", "2016-09-30": -39.6, "2016-06-30": 0, "2016-03-31": 0, "2015-12-31": "", "2015-09-30": -13.9, "2015-06-30": 0, "2015-03-31": 0, "2014-12-31": "", "2014-09-30": -195.6, "2014-06-30": 0, "2014-03-31": 0, "2013-12-31": "", "2013-09-30": 236.5, "2013-06-30": 0, "2013-03-31": 0, "2012-12-31": "", "2012-09-30": 63.2, "2012-06-30": 0, "2012-03-31": 0, "2011-12-31": "", "2011-09-30": -210, "2011-06-30": 0, "2011-03-31": 0, "2010-12-31": "", "2010-09-30": -339.6, "2010-06-30": 0, "2010-03-31": 0, "2009-12-31": "", "2009-09-30": 377.2, "2009-06-30": 0, "2009-03-31": 0, "2008-12-31": "", "2008-09-30": 65.6, "2008-06-30": 0, "2008-03-31": 0, "2007-12-31": "", "2007-09-30": -408.9, "2007-06-30": 0, "2007-03-31": 0, "2006-12-31": "", "2006-09-30": -8.8, "2006-06-30": 0, "2006-03-31": 0, "2005-12-31": "", "2005-09-30": -20.7, "2005-06-30": 0, "2005-03-31": 0}, "Change In Inventories": {"2020-12-31": "", "2020-09-30": -246.7, "2020-06-30": 0, "2020-03-31": 0, "2019-12-31": "", "2019-09-30": -111, "2019-06-30": 0, "2019-03-31": 0, "2018-12-31": "", "2018-09-30": -38.6, "2018-06-30": 0, "2018-03-31": 0, "2017-12-31": "", "2017-09-30": -202.3, "2017-06-30": 0, "2017-03-31": 0, "2016-12-31": "", "2016-09-30": 327.2, "2016-06-30": 0, "2016-03-31": 0, "2015-12-31": "", "2015-09-30": -378.8, "2015-06-30": 0, "2015-03-31": 0, "2014-12-31": "", "2014-09-30": -153.4, "2014-06-30": 0, "2014-03-31": 0, "2013-12-31": "", "2013-09-30": 113.1, "2013-06-30": 0, "2013-03-31": 0, "2012-12-31": "", "2012-09-30": -161.9, "2012-06-30": 0, "2012-03-31": 0, "2011-12-31": "", "2011-09-30": 58.8, "2011-06-30": 0, "2011-03-31": 0, "2010-12-31": "", "2010-09-30": -82.7, "2010-06-30": 0, "2010-03-31": 0, "2009-12-31": "", "2009-09-30": 112.6, "2009-06-30": 0, "2009-03-31": 0, "2008-12-31": "", "2008-09-30": -38.7, "2008-06-30": 0, "2008-03-31": 0, "2007-12-31": "", "2007-09-30": 116, "2007-06-30": 0, "2007-03-31": 0, "2006-12-31": "", "2006-09-30": -48.9, "2006-06-30": 0, "2006-03-31": 0, "2005-12-31": "", "2005-09-30": -110.9, "2005-06-30": 0, "2005-03-31": 0}, "Change In Accounts Payable": {"2020-12-31": "", "2020-09-30": -222.5, "2020-06-30": 0, "2020-03-31": 0, "2019-12-31": "", "2019-09-30": 12.8, "2019-06-30": 0, "2019-03-31": 0, "2018-12-31": "", "2018-09-30": 124.3, "2018-06-30": 0, "2018-03-31": 0, "2017-12-31": "", "2017-09-30": 177.2, "2017-06-30": 0, "2017-03-31": 0, "2016-12-31": "", "2016-09-30": -87.6, "2016-06-30": 0, "2016-03-31": 0, "2015-12-31": "", "2015-09-30": -28.7, "2015-06-30": 0, "2015-03-31": 0, "2014-12-31": "", "2014-09-30": 62.4, "2014-06-30": 0, "2014-03-31": 0, "2013-12-31": "", "2013-09-30": -156, "2013-06-30": 0, "2013-03-31": 0, "2012-12-31": "", "2012-09-30": -72.2, "2012-06-30": 0, "2012-03-31": 0, "2011-12-31": "", "2011-09-30": 54.2, "2011-06-30": 0, "2011-03-31": 0, "2010-12-31": "", "2010-09-30": 169.4, "2010-06-30": 0, "2010-03-31": 0, "2009-12-31": "", "2009-09-30": -55.8, "2009-06-30": 0, "2009-03-31": 0, "2008-12-31": "", "2008-09-30": 15.6, "2008-06-30": 0, "2008-03-31": 0, "2007-12-31": "", "2007-09-30": 137.8, "2007-06-30": 0, "2007-03-31": 0, "2006-12-31": "", "2006-09-30": -8.3, "2006-06-30": 0, "2006-03-31": 0, "2005-12-31": "", "2005-09-30": 21.8, "2005-06-30": 0, "2005-03-31": 0}, "Change In Assets/Liabilities": {"2020-12-31": "259.40000", "2020-09-30": 339.9, "2020-06-30": -142.5, "2020-03-31": 97.1, "2019-12-31": "-254.30000", "2019-09-30": 412.9, "2019-06-30": -285.6, "2019-03-31": 66.4, "2018-12-31": "-228.60000", "2018-09-30": 136.9, "2018-06-30": -40.2, "2018-03-31": -138.6, "2017-12-31": "-37.80000", "2017-09-30": 324.5, "2017-06-30": -193.9, "2017-03-31": -6.2, "2016-12-31": "16.70000", "2016-09-30": 136, "2016-06-30": -55.4, "2016-03-31": -69.4, "2015-12-31": "32.80000", "2015-09-30": 449.8, "2015-06-30": -83.8, "2015-03-31": -122.6, "2014-12-31": "-126.60000", "2014-09-30": 175.8, "2014-06-30": 0.7, "2014-03-31": -154.4, "2013-12-31": "-82.70000", "2013-09-30": -76.9, "2013-06-30": 17.4, "2013-03-31": -111.5, "2012-12-31": "-30.70000", "2012-09-30": 339.8, "2012-06-30": -68.3, "2012-03-31": -73.4, "2011-12-31": "-13.90000", "2011-09-30": 123.9, "2011-06-30": -93.7, "2011-03-31": -34.8, "2010-12-31": "47.30000", "2010-09-30": 177.8, "2010-06-30": -487.8, "2010-03-31": -74.9, "2009-12-31": "286.40000", "2009-09-30": -81.6, "2009-06-30": 115, "2009-03-31": 27, "2008-12-31": "252.10000", "2008-09-30": 158.8, "2008-06-30": -51.3, "2008-03-31": -158.7, "2007-12-31": "9.50000", "2007-09-30": 69.3, "2007-06-30": -48.5, "2007-03-31": 189.2, "2006-12-31": "-88.10000", "2006-09-30": 42.6, "2006-06-30": 78.8, "2006-03-31": -19.1, "2005-12-31": "-94.40000", "2005-09-30": 144.706, "2005-06-30": 34.113, "2005-03-31": -76.319}, "Total Change In Assets/Liabilities": {"2020-12-31": "259.40000", "2020-09-30": 151.1, "2020-06-30": -142.5, "2020-03-31": 97.1, "2019-12-31": "-254.30000", "2019-09-30": 284.3, "2019-06-30": -285.6, "2019-03-31": 66.4, "2018-12-31": "-228.60000", "2018-09-30": 21.8, "2018-06-30": -40.2, "2018-03-31": -138.6, "2017-12-31": "-37.80000", "2017-09-30": -11.3, "2017-06-30": -193.9, "2017-03-31": -6.2, "2016-12-31": "16.70000", "2016-09-30": 322, "2016-06-30": -55.4, "2016-03-31": -69.4, "2015-12-31": "32.80000", "2015-09-30": 46, "2015-06-30": -83.8, "2015-03-31": -122.6, "2014-12-31": "-126.60000", "2014-09-30": -36.5, "2014-06-30": 0.7, "2014-03-31": -154.4, "2013-12-31": "-82.70000", "2013-09-30": 118.1, "2013-06-30": 17.4, "2013-03-31": -111.5, "2012-12-31": "-30.70000", "2012-09-30": 96.9, "2012-06-30": -68.3, "2012-03-31": -73.4, "2011-12-31": "-13.90000", "2011-09-30": 18.5, "2011-06-30": -93.7, "2011-03-31": -34.8, "2010-12-31": "47.30000", "2010-09-30": -54.3, "2010-06-30": -487.8, "2010-03-31": -74.9, "2009-12-31": "286.40000", "2009-09-30": 326, "2009-06-30": 115, "2009-03-31": 27, "2008-12-31": "252.10000", "2008-09-30": 179.2, "2008-06-30": -51.3, "2008-03-31": -158.7, "2007-12-31": "9.50000", "2007-09-30": -51.1, "2007-06-30": -48.5, "2007-03-31": 189.2, "2006-12-31": "-88.10000", "2006-09-30": -21.8, "2006-06-30": 78.8, "2006-03-31": -19.1, "2005-12-31": "-94.40000", "2005-09-30": 57.706, "2005-06-30": 34.113, "2005-03-31": -76.319}, "Cash Flow From Operating Activities": {"2020-12-31": "368.10000", "2020-09-30": 290.9, "2020-06-30": -28.4, "2020-03-31": 214.7, "2019-12-31": "-149.90000", "2019-09-30": 462.5, "2019-06-30": -47.2, "2019-03-31": 238.9, "2018-12-31": "-85.90000", "2018-09-30": 216.1, "2018-06-30": 176.3, "2018-03-31": 14.7, "2017-12-31": "29.20000", "2017-09-30": 122.6, "2017-06-30": -24.2, "2017-03-31": 64.3, "2016-12-31": "83.80000", "2016-09-30": 420.4, "2016-06-30": 67.5, "2016-03-31": 22.8, "2015-12-31": "73.20000", "2015-09-30": 128, "2015-06-30": 34.1, "2015-03-31": -18.4, "2014-12-31": "-52.30000", "2014-09-30": 101, "2014-06-30": 123.7, "2014-03-31": -59, "2013-12-31": "4.70000", "2013-09-30": 190.5, "2013-06-30": 203.1, "2013-03-31": -0.7, "2012-12-31": "45.10000", "2012-09-30": 194, "2012-06-30": 27.4, "2012-03-31": -15, "2011-12-31": "61.90000", "2011-09-30": 109, "2011-06-30": 22.1, "2011-03-31": 63.2, "2010-12-31": "193.40000", "2010-09-30": 89, "2010-06-30": -234.6, "2010-03-31": 259.3, "2009-12-31": "506.00000", "2009-09-30": 454.9, "2009-06-30": 119.6, "2009-03-31": 44.2, "2008-12-31": "280.20000", "2008-09-30": 271.5, "2008-06-30": 92, "2008-03-31": -61.8, "2007-12-31": "88.70000", "2007-09-30": 91.7, "2007-06-30": 68.9, "2007-03-31": 274.7, "2006-12-31": "-29.30000", "2006-09-30": 31.8, "2006-06-30": 136.5, "2006-03-31": 41.8, "2005-12-31": "-32.70000", "2005-09-30": 110.607, "2005-06-30": 77.91, "2005-03-31": 23.783}, "Net Change In Property, Plant, And Equipment": {"2020-12-31": "-20.80000", "2020-09-30": -1.1, "2020-06-30": -19.5, "2020-03-31": -56.2, "2019-12-31": "-12.20000", "2019-09-30": -67.4, "2019-06-30": -28.9, "2019-03-31": -46, "2018-12-31": "-16.80000", "2018-09-30": -33.9, "2018-06-30": -18.3, "2018-03-31": -19, "2017-12-31": "-17.40000", "2017-09-30": -33.7, "2017-06-30": 3.6, "2017-03-31": -11, "2016-12-31": "-21.80000", "2016-09-30": -27.5, "2016-06-30": -22.6, "2016-03-31": -19.3, "2015-12-31": "-17.60000", "2015-09-30": -36.9, "2015-06-30": -22.4, "2015-03-31": -22.3, "2014-12-31": "-49.60000", "2014-09-30": -47.1, "2014-06-30": -20.3, "2014-03-31": -21.2, "2013-12-31": "-23.50000", "2013-09-30": -21, "2013-06-30": -9.8, "2013-03-31": -15.7, "2012-12-31": "-5.90000", "2012-09-30": -23.9, "2012-06-30": -10.4, "2012-03-31": -4.8, "2011-12-31": "-13.90000", "2011-09-30": -21.6, "2011-06-30": -17.3, "2011-03-31": -8.6, "2010-12-31": "-17.00000", "2010-09-30": -23.3, "2010-06-30": -23.7, "2010-03-31": -22.3, "2009-12-31": "-9.10000", "2009-09-30": -31.1, "2009-06-30": -11, "2009-03-31": 5.1, "2008-12-31": "-14.60000", "2008-09-30": -44.6, "2008-06-30": -12.6, "2008-03-31": -26.1, "2007-12-31": "-18.00000", "2007-09-30": -20.1, "2007-06-30": -28.8, "2007-03-31": -27, "2006-12-31": "-11.50000", "2006-09-30": -15.1, "2006-06-30": -9.6, "2006-03-31": -17.6, "2005-12-31": "-12.90000", "2005-09-30": -21.478, "2005-06-30": -13.986, "2005-03-31": -7.536}, "Net Change In Intangible Assets": {"2020-12-31": "", "2020-09-30": 0, "2020-06-30": 0, "2020-03-31": 0, "2019-12-31": "", "2019-09-30": 0, "2019-06-30": 0, "2019-03-31": 0, "2018-12-31": "", "2018-09-30": 0, "2018-06-30": 0, "2018-03-31": 0, "2017-12-31": "", "2017-09-30": 0, "2017-06-30": 0, "2017-03-31": 0, "2016-12-31": "", "2016-09-30": 0, "2016-06-30": 0, "2016-03-31": 0, "2015-12-31": "", "2015-09-30": 0, "2015-06-30": 0, "2015-03-31": 0, "2014-12-31": "", "2014-09-30": 0, "2014-06-30": 0, "2014-03-31": 0, "2013-12-31": "", "2013-09-30": 0, "2013-06-30": 0, "2013-03-31": 0, "2012-12-31": "", "2012-09-30": 0, "2012-06-30": 0, "2012-03-31": 0, "2011-12-31": "", "2011-09-30": 0, "2011-06-30": 0, "2011-03-31": 0, "2010-12-31": "", "2010-09-30": 0, "2010-06-30": 0, "2010-03-31": 0, "2009-12-31": "", "2009-09-30": 0, "2009-06-30": 0, "2009-03-31": 0, "2008-12-31": "", "2008-09-30": 0, "2008-06-30": 0, "2008-03-31": 0, "2007-12-31": "", "2007-09-30": 0, "2007-06-30": 0, "2007-03-31": 0, "2006-12-31": "", "2006-09-30": 0, "2006-06-30": 0, "2006-03-31": 0, "2005-12-31": "", "2005-09-30": 0, "2005-06-30": 0, "2005-03-31": 0}, "Net Acquisitions/Divestitures": {"2020-12-31": "", "2020-09-30": 0, "2020-06-30": 0, "2020-03-31": 0, "2019-12-31": "", "2019-09-30": 0, "2019-06-30": 0, "2019-03-31": 0, "2018-12-31": "", "2018-09-30": 0, "2018-06-30": 0, "2018-03-31": 0, "2017-12-31": "", "2017-09-30": 0, "2017-06-30": 0, "2017-03-31": 0, "2016-12-31": "", "2016-09-30": 0, "2016-06-30": 0, "2016-03-31": 0, "2015-12-31": "", "2015-09-30": -1.2, "2015-06-30": -8.8, "2015-03-31": 0, "2014-12-31": "", "2014-09-30": 0, "2014-06-30": 0, "2014-03-31": 0, "2013-12-31": "", "2013-09-30": 0, "2013-06-30": 0, "2013-03-31": 0, "2012-12-31": "", "2012-09-30": 0, "2012-06-30": 0, "2012-03-31": 0, "2011-12-31": "", "2011-09-30": 0, "2011-06-30": 0, "2011-03-31": 0, "2010-12-31": "", "2010-09-30": 0, "2010-06-30": 0, "2010-03-31": 0, "2009-12-31": "", "2009-09-30": 0, "2009-06-30": 0, "2009-03-31": 0, "2008-12-31": "", "2008-09-30": 0, "2008-06-30": 0, "2008-03-31": 0, "2007-12-31": "", "2007-09-30": 0, "2007-06-30": -0.1, "2007-03-31": -15.6, "2006-12-31": "-3124.80000", "2006-09-30": -272.8, "2006-06-30": 0, "2006-03-31": 0, "2005-12-31": "", "2005-09-30": 0.002, "2005-06-30": -1.406, "2005-03-31": -29.896}, "Net Change In Short-term Investments": {"2020-12-31": "", "2020-09-30": 0, "2020-06-30": 0, "2020-03-31": 0, "2019-12-31": "", "2019-09-30": 0, "2019-06-30": 0, "2019-03-31": 0, "2018-12-31": "", "2018-09-30": 0, "2018-06-30": 0, "2018-03-31": 0, "2017-12-31": "", "2017-09-30": 0, "2017-06-30": 0, "2017-03-31": 0, "2016-12-31": "", "2016-09-30": 0, "2016-06-30": 0, "2016-03-31": 0, "2015-12-31": "", "2015-09-30": 0, "2015-06-30": 0, "2015-03-31": 0, "2014-12-31": "", "2014-09-30": 0, "2014-06-30": 0, "2014-03-31": 0, "2013-12-31": "", "2013-09-30": 0, "2013-06-30": 0, "2013-03-31": 0, "2012-12-31": "", "2012-09-30": 0, "2012-06-30": 0, "2012-03-31": 0, "2011-12-31": "", "2011-09-30": 0, "2011-06-30": 0, "2011-03-31": 0, "2010-12-31": "", "2010-09-30": 0, "2010-06-30": 0, "2010-03-31": 0, "2009-12-31": "", "2009-09-30": 0, "2009-06-30": 0, "2009-03-31": 0, "2008-12-31": "", "2008-09-30": 0, "2008-06-30": 0, "2008-03-31": 0, "2007-12-31": "", "2007-09-30": 0, "2007-06-30": 0, "2007-03-31": 0, "2006-12-31": "", "2006-09-30": 0, "2006-06-30": 0, "2006-03-31": 0, "2005-12-31": "", "2005-09-30": 0, "2005-06-30": 0, "2005-03-31": 0}, "Net Change In Long-Term Investments": {"2020-12-31": "", "2020-09-30": -34.3, "2020-06-30": 1.8, "2020-03-31": 32.5, "2019-12-31": "", "2019-09-30": -9.3, "2019-06-30": 2.7, "2019-03-31": 6.6, "2018-12-31": "", "2018-09-30": 0, "2018-06-30": 0, "2018-03-31": 0, "2017-12-31": "", "2017-09-30": 0, "2017-06-30": 0, "2017-03-31": 0, "2016-12-31": "", "2016-09-30": 0, "2016-06-30": 0, "2016-03-31": 0, "2015-12-31": "", "2015-09-30": 0, "2015-06-30": 0, "2015-03-31": 0, "2014-12-31": "", "2014-09-30": 0, "2014-06-30": 0, "2014-03-31": 0, "2013-12-31": "", "2013-09-30": 0, "2013-06-30": 0, "2013-03-31": 0, "2012-12-31": "", "2012-09-30": 0, "2012-06-30": 8.7, "2012-03-31": 0, "2011-12-31": "", "2011-09-30": 0, "2011-06-30": 0, "2011-03-31": 0, "2010-12-31": "", "2010-09-30": 0, "2010-06-30": 0, "2010-03-31": 0, "2009-12-31": "", "2009-09-30": 0, "2009-06-30": 0, "2009-03-31": 0, "2008-12-31": "", "2008-09-30": 0, "2008-06-30": 0, "2008-03-31": 0, "2007-12-31": "", "2007-09-30": 0, "2007-06-30": 0, "2007-03-31": 0, "2006-12-31": "", "2006-09-30": 0, "2006-06-30": 0, "2006-03-31": 0, "2005-12-31": "", "2005-09-30": 0, "2005-06-30": 0, "2005-03-31": 0}, "Net Change In Investments - Total": {"2020-12-31": "", "2020-09-30": -34.3, "2020-06-30": 1.8, "2020-03-31": 32.5, "2019-12-31": "", "2019-09-30": -9.3, "2019-06-30": 2.7, "2019-03-31": 6.6, "2018-12-31": "", "2018-09-30": 0, "2018-06-30": 0, "2018-03-31": 0, "2017-12-31": "", "2017-09-30": 0, "2017-06-30": 0, "2017-03-31": 0, "2016-12-31": "", "2016-09-30": 0, "2016-06-30": 0, "2016-03-31": 0, "2015-12-31": "", "2015-09-30": 0, "2015-06-30": 0, "2015-03-31": 0, "2014-12-31": "", "2014-09-30": 0, "2014-06-30": 0, "2014-03-31": 0, "2013-12-31": "", "2013-09-30": 0, "2013-06-30": 0, "2013-03-31": 0, "2012-12-31": "", "2012-09-30": 0, "2012-06-30": 8.7, "2012-03-31": 0, "2011-12-31": "", "2011-09-30": 0, "2011-06-30": 0, "2011-03-31": 0, "2010-12-31": "", "2010-09-30": 0, "2010-06-30": 0, "2010-03-31": 0, "2009-12-31": "", "2009-09-30": 0, "2009-06-30": 0, "2009-03-31": 0, "2008-12-31": "", "2008-09-30": 0, "2008-06-30": 0, "2008-03-31": 0, "2007-12-31": "", "2007-09-30": 0, "2007-06-30": 0, "2007-03-31": 0, "2006-12-31": "", "2006-09-30": 0, "2006-06-30": 0, "2006-03-31": 0, "2005-12-31": "", "2005-09-30": 0, "2005-06-30": 0, "2005-03-31": 0}, "Investing Activities - Other": {"2020-12-31": "-2.50000", "2020-09-30": 16.3, "2020-06-30": -3.7, "2020-03-31": -0.2, "2019-12-31": "-1.00000", "2019-09-30": -4.8, "2019-06-30": 11, "2019-03-31": -1.8, "2018-12-31": "1.70000", "2018-09-30": -1.2, "2018-06-30": -0.1, "2018-03-31": 0.3, "2017-12-31": "-0.80000", "2017-09-30": -0.9, "2017-06-30": -0.5, "2017-03-31": -0.7, "2016-12-31": "-0.20000", "2016-09-30": -0.7, "2016-06-30": -0.5, "2016-03-31": -0.4, "2015-12-31": "-0.60000", "2015-09-30": 1.8, "2015-06-30": 0.8, "2015-03-31": -0.9, "2014-12-31": "-0.60000", "2014-09-30": 0.2, "2014-06-30": -0.6, "2014-03-31": -0.1, "2013-12-31": "-2.20000", "2013-09-30": 0, "2013-06-30": -19.1, "2013-03-31": -3.3, "2012-12-31": "", "2012-09-30": -4.7, "2012-06-30": 7.9, "2012-03-31": -0.4, "2011-12-31": "-0.30000", "2011-09-30": 0.4, "2011-06-30": -3.1, "2011-03-31": 1, "2010-12-31": "-2.10000", "2010-09-30": -7.6, "2010-06-30": 1.3, "2010-03-31": 0.9, "2009-12-31": "-0.10000", "2009-09-30": -3.2, "2009-06-30": -0.1, "2009-03-31": -0.5, "2008-12-31": "-0.70000", "2008-09-30": -0.3, "2008-06-30": 1.3, "2008-03-31": -0.3, "2007-12-31": "0.40000", "2007-09-30": 2.6, "2007-06-30": -3.2, "2007-03-31": 1.2, "2006-12-31": "0.70000", "2006-09-30": 1.7, "2006-06-30": -1, "2006-03-31": 0, "2005-12-31": "", "2005-09-30": 0.814, "2005-06-30": 1.399, "2005-03-31": 3.587}, "Cash Flow From Investing Activities": {"2020-12-31": "-23.30000", "2020-09-30": -19.1, "2020-06-30": -21.4, "2020-03-31": -23.9, "2019-12-31": "-13.20000", "2019-09-30": -81.5, "2019-06-30": -15.2, "2019-03-31": -41.2, "2018-12-31": "-15.10000", "2018-09-30": -35.1, "2018-06-30": -18.4, "2018-03-31": -18.7, "2017-12-31": "-18.20000", "2017-09-30": -34.6, "2017-06-30": 3.1, "2017-03-31": -11.7, "2016-12-31": "-22.00000", "2016-09-30": -28.2, "2016-06-30": -23.1, "2016-03-31": -19.7, "2015-12-31": "-18.20000", "2015-09-30": -36.3, "2015-06-30": -30.4, "2015-03-31": -23.2, "2014-12-31": "-50.20000", "2014-09-30": -46.9, "2014-06-30": -20.9, "2014-03-31": -21.3, "2013-12-31": "-25.70000", "2013-09-30": -21, "2013-06-30": -28.9, "2013-03-31": -19, "2012-12-31": "-5.90000", "2012-09-30": -28.6, "2012-06-30": 6.2, "2012-03-31": -5.2, "2011-12-31": "-14.20000", "2011-09-30": -21.2, "2011-06-30": -20.4, "2011-03-31": -7.6, "2010-12-31": "-19.10000", "2010-09-30": -30.9, "2010-06-30": -22.4, "2010-03-31": -21.4, "2009-12-31": "-9.20000", "2009-09-30": -34.3, "2009-06-30": -11.1, "2009-03-31": 4.6, "2008-12-31": "-15.30000", "2008-09-30": -44.9, "2008-06-30": -11.3, "2008-03-31": -26.4, "2007-12-31": "-17.60000", "2007-09-30": -17.5, "2007-06-30": -32.1, "2007-03-31": -41.4, "2006-12-31": "-3135.60000", "2006-09-30": -286.2, "2006-06-30": -10.6, "2006-03-31": -17.6, "2005-12-31": "-12.90000", "2005-09-30": -20.662, "2005-06-30": -13.993, "2005-03-31": -33.845}, "Net Long-Term Debt": {"2020-12-31": "-5.20000", "2020-09-30": 0, "2020-06-30": 0, "2020-03-31": 3.9, "2019-12-31": "", "2019-09-30": 0, "2019-06-30": 0, "2019-03-31": 0, "2018-12-31": "", "2018-09-30": 0, "2018-06-30": -9.6, "2018-03-31": -6.3, "2017-12-31": "1.50000", "2017-09-30": 2.9, "2017-06-30": 0, "2017-03-31": 0, "2016-12-31": "-20.00000", "2016-09-30": -95, "2016-06-30": -38.5, "2016-03-31": 64.9, "2015-12-31": "18.60000", "2015-09-30": 5, "2015-06-30": 15, "2015-03-31": -5, "2014-12-31": "-5.00000", "2014-09-30": -5, "2014-06-30": 0, "2014-03-31": -38.8, "2013-12-31": "-16.20000", "2013-09-30": 0, "2013-06-30": 0, "2013-03-31": 0, "2012-12-31": "", "2012-09-30": -0.1, "2012-06-30": -32.5, "2012-03-31": -32.5, "2011-12-31": "-40.00000", "2011-09-30": 99, "2011-06-30": -125.1, "2011-03-31": -0.2, "2010-12-31": "-65.10000", "2010-09-30": -138.7, "2010-06-30": -175.2, "2010-03-31": -239.1, "2009-12-31": "-167.90000", "2009-09-30": -418.3, "2009-06-30": -50.4, "2009-03-31": -188.3, "2008-12-31": "-25.20000", "2008-09-30": -227.7, "2008-06-30": -76.4, "2008-03-31": -0.2, "2007-12-31": "-0.40000", "2007-09-30": -57.3, "2007-06-30": -20, "2007-03-31": -19.2, "2006-12-31": "3099.70000", "2006-09-30": -0.1, "2006-06-30": -0.3, "2006-03-31": 0, "2005-12-31": "-0.20000", "2005-09-30": -0.097, "2005-06-30": -0.225, "2005-03-31": -0.378}, "Net Current Debt": {"2020-12-31": "", "2020-09-30": 0, "2020-06-30": 0, "2020-03-31": 0, "2019-12-31": "", "2019-09-30": 0, "2019-06-30": 0, "2019-03-31": 0, "2018-12-31": "", "2018-09-30": 0, "2018-06-30": 0, "2018-03-31": 0, "2017-12-31": "", "2017-09-30": -3, "2017-06-30": 3, "2017-03-31": 0, "2016-12-31": "", "2016-09-30": -17, "2016-06-30": 4.8, "2016-03-31": -49.5, "2015-12-31": "28.20000", "2015-09-30": 33.5, "2015-06-30": -13.7, "2015-03-31": 13.7, "2014-12-31": "", "2014-09-30": 0, "2014-06-30": 0, "2014-03-31": 0, "2013-12-31": "", "2013-09-30": 0, "2013-06-30": 0, "2013-03-31": 0, "2012-12-31": "", "2012-09-30": 0, "2012-06-30": 0, "2012-03-31": 0, "2011-12-31": "", "2011-09-30": -150, "2011-06-30": 100, "2011-03-31": -50, "2010-12-31": "-50.00000", "2010-09-30": 0, "2010-06-30": 0, "2010-03-31": 0, "2009-12-31": "", "2009-09-30": 4.8, "2009-06-30": -13.9, "2009-03-31": 14.8, "2008-12-31": "-55.10000", "2008-09-30": 55.2, "2008-06-30": 0.8, "2008-03-31": 5.4, "2007-12-31": "-6.70000", "2007-09-30": 2.5, "2007-06-30": -0.6, "2007-03-31": -201.5, "2006-12-31": "119.70000", "2006-09-30": 60.6, "2006-06-30": 3.5, "2006-03-31": 0.9, "2005-12-31": "-0.60000", "2005-09-30": 0.663, "2005-06-30": -44.033, "2005-03-31": -8.23}, "Debt Issuance/Retirement Net - Total": {"2020-12-31": "-5.20000", "2020-09-30": 0, "2020-06-30": 0, "2020-03-31": 3.9, "2019-12-31": "", "2019-09-30": 0, "2019-06-30": 0, "2019-03-31": 0, "2018-12-31": "", "2018-09-30": 0, "2018-06-30": -9.6, "2018-03-31": -6.3, "2017-12-31": "1.50000", "2017-09-30": -0.1, "2017-06-30": 3, "2017-03-31": 0, "2016-12-31": "-20.00000", "2016-09-30": -112, "2016-06-30": -33.7, "2016-03-31": 15.4, "2015-12-31": "46.80000", "2015-09-30": 38.5, "2015-06-30": 1.3, "2015-03-31": 8.7, "2014-12-31": "-5.00000", "2014-09-30": -5, "2014-06-30": 0, "2014-03-31": -38.8, "2013-12-31": "-16.20000", "2013-09-30": 0, "2013-06-30": 0, "2013-03-31": 0, "2012-12-31": "", "2012-09-30": -0.1, "2012-06-30": -32.5, "2012-03-31": -32.5, "2011-12-31": "-40.00000", "2011-09-30": -51, "2011-06-30": -25.1, "2011-03-31": -50.2, "2010-12-31": "-115.10000", "2010-09-30": -138.7, "2010-06-30": -175.2, "2010-03-31": -239.1, "2009-12-31": "-167.90000", "2009-09-30": -413.5, "2009-06-30": -64.3, "2009-03-31": -173.5, "2008-12-31": "-80.30000", "2008-09-30": -172.5, "2008-06-30": -75.6, "2008-03-31": 5.2, "2007-12-31": "-7.10000", "2007-09-30": -54.8, "2007-06-30": -20.6, "2007-03-31": -220.7, "2006-12-31": "3219.40000", "2006-09-30": 60.5, "2006-06-30": 3.2, "2006-03-31": 0.9, "2005-12-31": "-0.80000", "2005-09-30": 0.566, "2005-06-30": -44.258, "2005-03-31": -8.608}, "Net Common Equity Issued/Repurchased": {"2020-12-31": "-3.40000", "2020-09-30": 1.1, "2020-06-30": -0.8, "2020-03-31": -22.6, "2019-12-31": "-3.10000", "2019-09-30": -65.7, "2019-06-30": -86.7, "2019-03-31": -18.5, "2018-12-31": "-175.20000", "2018-09-30": -79.3, "2018-06-30": -37.4, "2018-03-31": -61.2, "2017-12-31": "-62.50000", "2017-09-30": 3.9, "2017-06-30": 1, "2017-03-31": 7, "2016-12-31": "23.20000", "2016-09-30": 8.3, "2016-06-30": 6.8, "2016-03-31": 0.4, "2015-12-31": "-100.10000", "2015-09-30": -119.9, "2015-06-30": 3.9, "2015-03-31": 1.2, "2014-12-31": "-85.90000", "2014-09-30": -250, "2014-06-30": 16.8, "2014-03-31": 10.2, "2013-12-31": "-129.40000", "2013-09-30": -21.3, "2013-06-30": -39.7, "2013-03-31": 15, "2012-12-31": "-124.40000", "2012-09-30": -12.8, "2012-06-30": 0.2, "2012-03-31": 2.2, "2011-12-31": "0.70000", "2011-09-30": 0.1, "2011-06-30": 0.9, "2011-03-31": 6.1, "2010-12-31": "0.90000", "2010-09-30": 0.5, "2010-06-30": 15.4, "2010-03-31": 2.2, "2009-12-31": "0.90000", "2009-09-30": 358.6, "2009-06-30": 0.1, "2009-03-31": 0, "2008-12-31": "", "2008-09-30": 0.1, "2008-06-30": 0.1, "2008-03-31": 4.2, "2007-12-31": "0.10000", "2007-09-30": -0.6, "2007-06-30": 1.5, "2007-03-31": 2.5, "2006-12-31": "1.50000", "2006-09-30": -0.2, "2006-06-30": 0.1, "2006-03-31": 0, "2005-12-31": "2.50000", "2005-09-30": -0.549, "2005-06-30": 6.033, "2005-03-31": 18.116}, "Net Total Equity Issued/Repurchased": {"2020-12-31": "-3.40000", "2020-09-30": 1.1, "2020-06-30": -0.8, "2020-03-31": -22.6, "2019-12-31": "-3.10000", "2019-09-30": -65.7, "2019-06-30": -86.7, "2019-03-31": -18.5, "2018-12-31": "-175.20000", "2018-09-30": -79.3, "2018-06-30": -37.4, "2018-03-31": -61.2, "2017-12-31": "-62.50000", "2017-09-30": 3.9, "2017-06-30": 1, "2017-03-31": 7, "2016-12-31": "23.20000", "2016-09-30": 8.3, "2016-06-30": 6.8, "2016-03-31": 0.4, "2015-12-31": "-100.10000", "2015-09-30": -119.9, "2015-06-30": 3.9, "2015-03-31": 1.2, "2014-12-31": "-85.90000", "2014-09-30": -250, "2014-06-30": 16.8, "2014-03-31": 10.2, "2013-12-31": "-129.40000", "2013-09-30": -21.3, "2013-06-30": -39.7, "2013-03-31": 15, "2012-12-31": "-124.40000", "2012-09-30": -12.8, "2012-06-30": 0.2, "2012-03-31": 2.2, "2011-12-31": "0.70000", "2011-09-30": 0.1, "2011-06-30": 0.9, "2011-03-31": 6.1, "2010-12-31": "0.90000", "2010-09-30": 0.5, "2010-06-30": 15.4, "2010-03-31": 2.2, "2009-12-31": "0.90000", "2009-09-30": 358.6, "2009-06-30": 0.1, "2009-03-31": 0, "2008-12-31": "", "2008-09-30": 0.1, "2008-06-30": 0.1, "2008-03-31": 4.2, "2007-12-31": "0.10000", "2007-09-30": -0.6, "2007-06-30": 1.5, "2007-03-31": 2.5, "2006-12-31": "1.50000", "2006-09-30": -0.2, "2006-06-30": 0.1, "2006-03-31": 0, "2005-12-31": "2.50000", "2005-09-30": -0.549, "2005-06-30": 6.033, "2005-03-31": 18.116}, "Total Common And Preferred Stock Dividends Paid": {"2020-12-31": "-22.50000", "2020-09-30": -20.4, "2020-06-30": -20.5, "2020-03-31": -20.5, "2019-12-31": "-20.40000", "2019-09-30": -18.4, "2019-06-30": -18.8, "2019-03-31": -19, "2018-12-31": "-19.30000", "2018-09-30": -17.6, "2018-06-30": -17.7, "2018-03-31": -17.9, "2017-12-31": "-18.00000", "2017-09-30": -15.7, "2017-06-30": -15.8, "2017-03-31": -15.7, "2016-12-31": "-15.60000", "2016-09-30": -14, "2016-06-30": -13.9, "2016-03-31": -13.9, "2015-12-31": "-14.10000", "2015-09-30": -13.1, "2015-06-30": -13.3, "2015-03-31": -13.3, "2014-12-31": "-13.40000", "2014-09-30": -12.6, "2014-06-30": -12.7, "2014-03-31": -12.6, "2013-12-31": "-12.80000", "2013-09-30": 0, "2013-06-30": 0, "2013-03-31": 0, "2012-12-31": "", "2012-09-30": 0, "2012-06-30": 0, "2012-03-31": 0, "2011-12-31": "", "2011-09-30": 0, "2011-06-30": 0, "2011-03-31": 0, "2010-12-31": "", "2010-09-30": 0, "2010-06-30": 0, "2010-03-31": 0, "2009-12-31": "", "2009-09-30": 0, "2009-06-30": 0, "2009-03-31": -7.5, "2008-12-31": "-7.40000", "2008-09-30": -7.5, "2008-06-30": -7.5, "2008-03-31": -7.4, "2007-12-31": "-7.40000", "2007-09-30": -7.4, "2007-06-30": -7.4, "2007-03-31": -7.4, "2006-12-31": "-7.40000", "2006-09-30": -7.4, "2006-06-30": -7.4, "2006-03-31": -7.3, "2005-12-31": "-5.00000", "2005-09-30": -4.927, "2005-06-30": -4.818, "2005-03-31": -6.255}, "Financial Activities - Other": {"2020-12-31": "-1.20000", "2020-09-30": -1.1, "2020-06-30": -0.7, "2020-03-31": -10.1, "2019-12-31": "-0.30000", "2019-09-30": 0, "2019-06-30": 0, "2019-03-31": 0, "2018-12-31": "", "2018-09-30": 0, "2018-06-30": -12.9, "2018-03-31": 0, "2017-12-31": "", "2017-09-30": 0, "2017-06-30": 0, "2017-03-31": 0, "2016-12-31": "", "2016-09-30": 0.7, "2016-06-30": 0.4, "2016-03-31": 0.1, "2015-12-31": "0.80000", "2015-09-30": -0.3, "2015-06-30": 0.1, "2015-03-31": -15.3, "2014-12-31": "4.00000", "2014-09-30": 0.1, "2014-06-30": -0.7, "2014-03-31": -17.2, "2013-12-31": "4.90000", "2013-09-30": -0.2, "2013-06-30": -0.2, "2013-03-31": 0.8, "2012-12-31": "", "2012-09-30": -2.3, "2012-06-30": 0, "2012-03-31": 0.4, "2011-12-31": "-0.60000", "2011-09-30": 0, "2011-06-30": 0.1, "2011-03-31": 1.6, "2010-12-31": "0.20000", "2010-09-30": -15.1, "2010-06-30": 4.2, "2010-03-31": -9.7, "2009-12-31": "", "2009-09-30": -0.2, "2009-06-30": -0.1, "2009-03-31": -20, "2008-12-31": "", "2008-09-30": -1.3, "2008-06-30": 0.2, "2008-03-31": 2.2, "2007-12-31": "0.60000", "2007-09-30": 0.8, "2007-06-30": 1.8, "2007-03-31": 0.1, "2006-12-31": "-31.60000", "2006-09-30": 1.4, "2006-06-30": 0, "2006-03-31": -0.2, "2005-12-31": "2.90000", "2005-09-30": 0, "2005-06-30": 0, "2005-03-31": 0}, "Cash Flow From Financial Activities": {"2020-12-31": "-32.30000", "2020-09-30": -20.4, "2020-06-30": -22, "2020-03-31": -49.3, "2019-12-31": "-23.80000", "2019-09-30": -84.1, "2019-06-30": -105.5, "2019-03-31": -37.5, "2018-12-31": "-194.50000", "2018-09-30": -96.9, "2018-06-30": -77.6, "2018-03-31": -85.4, "2017-12-31": "-79.00000", "2017-09-30": -11.9, "2017-06-30": -11.8, "2017-03-31": -8.7, "2016-12-31": "-12.40000", "2016-09-30": -117, "2016-06-30": -40.4, "2016-03-31": 2, "2015-12-31": "-66.60000", "2015-09-30": -94.8, "2015-06-30": -8, "2015-03-31": -18.7, "2014-12-31": "-100.30000", "2014-09-30": -267.5, "2014-06-30": 3.4, "2014-03-31": -58.4, "2013-12-31": "-153.50000", "2013-09-30": -21.5, "2013-06-30": -39.9, "2013-03-31": 15.8, "2012-12-31": "-124.40000", "2012-09-30": -15.2, "2012-06-30": -32.3, "2012-03-31": -29.9, "2011-12-31": "-39.90000", "2011-09-30": -50.9, "2011-06-30": -24.1, "2011-03-31": -42.5, "2010-12-31": "-114.00000", "2010-09-30": -153.3, "2010-06-30": -155.6, "2010-03-31": -246.6, "2009-12-31": "-167.00000", "2009-09-30": -55.1, "2009-06-30": -64.3, "2009-03-31": -201, "2008-12-31": "-87.70000", "2008-09-30": -181.2, "2008-06-30": -82.8, "2008-03-31": 4.2, "2007-12-31": "-13.80000", "2007-09-30": -62, "2007-06-30": -24.7, "2007-03-31": -225.5, "2006-12-31": "3181.90000", "2006-09-30": 54.3, "2006-06-30": -4.1, "2006-03-31": -6.6, "2005-12-31": "-0.40000", "2005-09-30": -4.91, "2005-06-30": -43.043, "2005-03-31": 3.253}, "Net Cash Flow": {"2020-12-31": "315.70000", "2020-09-30": 251.3, "2020-06-30": -72.3, "2020-03-31": 139.9, "2019-12-31": "-184.40000", "2019-09-30": 296.2, "2019-06-30": -169.7, "2019-03-31": 162, "2018-12-31": "-294.70000", "2018-09-30": 82.7, "2018-06-30": 84, "2018-03-31": -91.2, "2017-12-31": "-67.90000", "2017-09-30": 73.8, "2017-06-30": -40.2, "2017-03-31": 43.8, "2016-12-31": "47.70000", "2016-09-30": 276.4, "2016-06-30": 7.1, "2016-03-31": 4.7, "2015-12-31": "-9.20000", "2015-09-30": -3.3, "2015-06-30": -7.2, "2015-03-31": -57.6, "2014-12-31": "-202.80000", "2014-09-30": -211.9, "2014-06-30": 105.7, "2014-03-31": -138.7, "2013-12-31": "-174.80000", "2013-09-30": 147.7, "2013-06-30": 133.5, "2013-03-31": -3.4, "2012-12-31": "-85.00000", "2012-09-30": 150, "2012-06-30": 2.3, "2012-03-31": -51.9, "2011-12-31": "11.80000", "2011-09-30": 34.7, "2011-06-30": -22.9, "2011-03-31": 17.9, "2010-12-31": "59.80000", "2010-09-30": -85.5, "2010-06-30": -420.4, "2010-03-31": -13.2, "2009-12-31": "327.70000", "2009-09-30": 371.1, "2009-06-30": 51.6, "2009-03-31": -153.1, "2008-12-31": "172.60000", "2008-09-30": 38.3, "2008-06-30": -2.1, "2008-03-31": -81, "2007-12-31": "57.80000", "2007-09-30": 15.2, "2007-06-30": 13.2, "2007-03-31": 7.5, "2006-12-31": "17.30000", "2006-09-30": -199.7, "2006-06-30": 122.9, "2006-03-31": 17.8, "2005-12-31": "-46.50000", "2005-09-30": 84.419, "2005-06-30": 19.884, "2005-03-31": -6.903}, "Stock-Based Compensation": {"2020-12-31": "6.60000", "2020-09-30": 5, "2020-06-30": 6.6, "2020-03-31": 8.3, "2019-12-31": "9.40000", "2019-09-30": 7.1, "2019-06-30": 6.6, "2019-03-31": 7.4, "2018-12-31": "7.90000", "2018-09-30": 5.8, "2018-06-30": 7.1, "2018-03-31": 6.3, "2017-12-31": "7.50000", "2017-09-30": 5.6, "2017-06-30": 4.6, "2017-03-31": 5.7, "2016-12-31": "6.50000", "2016-09-30": 2.7, "2016-06-30": 4.6, "2016-03-31": 6.1, "2015-12-31": "5.30000", "2015-09-30": 5, "2015-06-30": 5, "2015-03-31": 6.4, "2014-12-31": "5.00000", "2014-09-30": 9.2, "2014-06-30": 4.8, "2014-03-31": 6.1, "2013-12-31": "4.90000", "2013-09-30": 9.1, "2013-06-30": 4.5, "2013-03-31": 6.1, "2012-12-31": "4.70000", "2012-09-30": 9.5, "2012-06-30": 9, "2012-03-31": 0, "2011-12-31": "", "2011-09-30": 4, "2011-06-30": 11.5, "2011-03-31": 0, "2010-12-31": "", "2010-09-30": 4.8, "2010-06-30": 9.9, "2010-03-31": 0, "2009-12-31": "", "2009-09-30": 10.9, "2009-06-30": 0, "2009-03-31": 0, "2008-12-31": "", "2008-09-30": 15, "2008-06-30": 0, "2008-03-31": 0, "2007-12-31": "", "2007-09-30": 11.7, "2007-06-30": 0, "2007-03-31": 0, "2006-12-31": "", "2006-09-30": 11.1, "2006-06-30": 0, "2006-03-31": 0, "2005-12-31": "", "2005-09-30": 3, "2005-06-30": 0, "2005-03-31": 0}, "Common Stock Dividends Paid": {"2020-12-31": "-22.50000", "2020-09-30": -20.4, "2020-06-30": -20.5, "2020-03-31": -20.5, "2019-12-31": "-20.40000", "2019-09-30": -18.4, "2019-06-30": -18.8, "2019-03-31": -19, "2018-12-31": "-19.30000", "2018-09-30": -17.6, "2018-06-30": -17.7, "2018-03-31": -17.9, "2017-12-31": "-18.00000", "2017-09-30": -15.7, "2017-06-30": -15.8, "2017-03-31": -15.7, "2016-12-31": "-15.60000", "2016-09-30": -14, "2016-06-30": -13.9, "2016-03-31": -13.9, "2015-12-31": "-14.10000", "2015-09-30": -13.1, "2015-06-30": -13.3, "2015-03-31": -13.3, "2014-12-31": "-13.40000", "2014-09-30": -12.6, "2014-06-30": -12.7, "2014-03-31": -12.6, "2013-12-31": "-12.80000", "2013-09-30": 0, "2013-06-30": 0, "2013-03-31": 0, "2012-12-31": "", "2012-09-30": 0, "2012-06-30": 0, "2012-03-31": 0, "2011-12-31": "", "2011-09-30": 0, "2011-06-30": 0, "2011-03-31": 0, "2010-12-31": "", "2010-09-30": 0, "2010-06-30": 0, "2010-03-31": 0, "2009-12-31": "", "2009-09-30": 0, "2009-06-30": 0, "2009-03-31": -7.5, "2008-12-31": "-7.40000", "2008-09-30": -7.5, "2008-06-30": -7.5, "2008-03-31": -7.4, "2007-12-31": "-7.40000", "2007-09-30": -7.4, "2007-06-30": -7.4, "2007-03-31": -7.4, "2006-12-31": "-7.40000", "2006-09-30": -7.4, "2006-06-30": -7.4, "2006-03-31": -7.3, "2005-12-31": "-5.00000", "2005-09-30": -4.927, "2005-06-30": -4.818, "2005-03-31": -6.255}}, "financial ratios": {"Current Ratio": {"2020-09-30": "2.23060", "2019-09-30": "1.95670", "2018-09-30": "1.93470", "2017-09-30": "1.80610", "2016-09-30": "1.76770", "2015-09-30": "1.63030", "2014-09-30": "1.81790", "2013-09-30": "1.84940", "2012-09-30": "1.58080", "2011-09-30": "1.45090", "2010-09-30": "1.22290", "2009-09-30": "1.29220", "2008-09-30": "1.47100", "2007-09-30": "1.41790", "2006-09-30": "1.13760", "2005-09-30": "1.23060"}, "Long-term Debt / Capital": {"2020-09-30": "0.22290", "2019-09-30": "0.23960", "2018-09-30": "0.24550", "2017-09-30": "0.25930", "2016-09-30": "0.29480", "2015-09-30": "0.30640", "2014-09-30": "0.30590", "2013-09-30": "0.29690", "2012-09-30": "0.34000", "2011-09-30": "0.38980", "2010-09-30": "0.45020", "2009-09-30": "0.79670", "2008-09-30": "0.65870", "2007-09-30": "0.68100", "2006-09-30": "0.00210", "2005-09-30": "0.00320"}, "Debt/Equity Ratio": {"2020-09-30": "0.28870", "2019-09-30": "0.31500", "2018-09-30": "0.32540", "2017-09-30": "0.36010", "2016-09-30": "0.42810", "2015-09-30": "0.48550", "2014-09-30": "0.45090", "2013-09-30": "0.45310", "2012-09-30": "0.51520", "2011-09-30": "0.66400", "2010-09-30": "0.98150", "2009-09-30": "3.94770", "2008-09-30": "1.99770", "2007-09-30": "2.19370", "2006-09-30": "0.08450", "2005-09-30": "0.05550"}, "Gross Margin": {"2020-09-30": "16.33850", "2019-09-30": "18.10310", "2018-09-30": "17.63160", "2017-09-30": "17.28950", "2016-09-30": "16.81420", "2015-09-30": "17.04140", "2014-09-30": "17.37170", "2013-09-30": "15.54840", "2012-09-30": "12.36810", "2011-09-30": "14.47640", "2010-09-30": "20.05990", "2009-09-30": "13.38830", "2008-09-30": "17.01150", "2007-09-30": "17.69750", "2006-09-30": "17.74820", "2005-09-30": "16.71680"}, "Operating Margin": {"2020-09-30": "7.12720", "2019-09-30": "9.50850", "2018-09-30": "8.51340", "2017-09-30": "6.88620", "2016-09-30": "5.79690", "2015-09-30": "6.53650", "2014-09-30": "7.39260", "2013-09-30": "6.59740", "2012-09-30": "4.76230", "2011-09-30": "6.97880", "2010-09-30": "14.50830", "2009-09-30": "-18.64610", "2008-09-30": "8.97680", "2007-09-30": "9.92130", "2006-09-30": "9.50870", "2005-09-30": "9.02730"}, "EBIT Margin": {"2020-09-30": "7.12720", "2019-09-30": "9.50850", "2018-09-30": "8.51340", "2017-09-30": "6.88620", "2016-09-30": "5.79690", "2015-09-30": "6.53650", "2014-09-30": "7.39260", "2013-09-30": "6.59740", "2012-09-30": "4.76230", "2011-09-30": "6.97880", "2010-09-30": "14.50830", "2009-09-30": "-18.64610", "2008-09-30": "8.97680", "2007-09-30": "9.92130", "2006-09-30": "9.50870", "2005-09-30": "9.02730"}, "EBITDA Margin": {"2020-09-30": "8.64690", "2019-09-30": "10.88280", "2018-09-30": "10.07720", "2017-09-30": "8.79410", "2016-09-30": "7.84810", "2015-09-30": "8.57810", "2014-09-30": "9.25500", "2013-09-30": "8.36910", "2012-09-30": "6.37010", "2011-09-30": "8.95800", "2010-09-30": "16.52950", "2009-09-30": "7.08730", "2008-09-30": "13.74730", "2007-09-30": "12.02250", "2006-09-30": "10.60280", "2005-09-30": "10.09830"}, "Pre-Tax Profit Margin": {"2020-09-30": "6.40390", "2019-09-30": "8.95610", "2018-09-30": "7.71660", "2017-09-30": "6.02230", "2016-09-30": "4.88920", "2015-09-30": "5.34760", "2014-09-30": "6.34380", "2013-09-30": "5.80550", "2012-09-30": "3.79800", "2011-09-30": "5.86460", "2010-09-30": "12.64380", "2009-09-30": "-22.42870", "2008-09-30": "5.87110", "2007-09-30": "6.76620", "2006-09-30": "9.47950", "2005-09-30": "8.78750"}, "Net Profit Margin": {"2020-09-30": "4.73250", "2019-09-30": "6.91240", "2018-09-30": "6.12420", "2017-09-30": "4.18180", "2016-09-30": "3.44630", "2015-09-30": "3.75530", "2014-09-30": "4.52540", "2013-09-30": "4.12260", "2012-09-30": "2.82760", "2011-09-30": "3.62140", "2010-09-30": "8.04430", "2009-09-30": "-20.91720", "2008-09-30": "1.15300", "2007-09-30": "4.36690", "2006-09-30": "5.99580", "2005-09-30": "5.41230"}, "Asset Turnover": {"2020-09-30": "1.17900", "2019-09-30": "1.50580", "2018-09-30": "1.45550", "2017-09-30": "1.33940", "2016-09-30": "1.39110", "2015-09-30": "1.33940", "2014-09-30": "1.48430", "2013-09-30": "1.60840", "2012-09-30": "1.64540", "2011-09-30": "1.56180", "2010-09-30": "2.08570", "2009-09-30": "1.10170", "2008-09-30": "1.13090", "2007-09-30": "0.95930", "2006-09-30": "1.62370", "2005-09-30": "1.72260"}, "Inventory Turnover Ratio": {"2020-09-30": "3.81060", "2019-09-30": "5.49520", "2018-09-30": "5.16970", "2017-09-30": "4.71360", "2016-09-30": "5.33110", "2015-09-30": "3.88640", "2014-09-30": "5.85440", "2013-09-30": "7.87510", "2012-09-30": "7.60980", "2011-09-30": "8.19420", "2010-09-30": "9.25120", "2009-09-30": "5.76140", "2008-09-30": "6.06170", "2007-09-30": "5.55560", "2006-09-30": "4.77980", "2005-09-30": "5.03080"}, "Receiveable Turnover": {"2020-09-30": "5.11240", "2019-09-30": "5.13670", "2018-09-30": "5.06410", "2017-09-30": "5.22820", "2016-09-30": "6.14460", "2015-09-30": "6.32190", "2014-09-30": "6.98350", "2013-09-30": "9.65010", "2012-09-30": "7.99240", "2011-09-30": "6.92180", "2010-09-30": "11.04060", "2009-09-30": "9.31730", "2008-09-30": "6.89290", "2007-09-30": "5.70460", "2006-09-30": "10.78140", "2005-09-30": "10.56180"}, "Days Sales In Receivables": {"2020-09-30": "71.39450", "2019-09-30": "71.05790", "2018-09-30": "72.07630", "2017-09-30": "69.81370", "2016-09-30": "59.40140", "2015-09-30": "57.73590", "2014-09-30": "52.26620", "2013-09-30": "37.82330", "2012-09-30": "45.66820", "2011-09-30": "52.73220", "2010-09-30": "33.05980", "2009-09-30": "39.17440", "2008-09-30": "52.95330", "2007-09-30": "63.98340", "2006-09-30": "33.85470", "2005-09-30": "34.55870"}, "ROE - Return On Equity": {"2020-09-30": "11.38320", "2019-09-30": "22.28630", "2018-09-30": "18.77460", "2017-09-30": "12.37760", "2016-09-30": "10.94870", "2015-09-30": "12.00880", "2014-09-30": "15.58190", "2013-09-30": "15.00620", "2012-09-30": "13.28840", "2011-09-30": "18.22620", "2010-09-30": "61.50140", "2009-09-30": "-226.03140", "2008-09-30": "20.80510", "2007-09-30": "20.47220", "2006-09-30": "19.35210", "2005-09-30": "19.56830"}, "Return On Tangible Equity": {"2020-09-30": "22.80390", "2019-09-30": "49.44530", "2018-09-30": "45.54140", "2017-09-30": "36.30820", "2016-09-30": "51.58530", "2015-09-30": "75.66770", "2014-09-30": "102.55300", "2013-09-30": "89.83230", "2012-09-30": "555.98590", "2011-09-30": "-102.60930", "2010-09-30": "-131.80430", "2009-09-30": "76.33440", "2008-09-30": "-14.85040", "2007-09-30": "-12.94520", "2006-09-30": "72.35920", "2005-09-30": "55.19000"}, "ROA - Return On Assets": {"2020-09-30": "5.57950", "2019-09-30": "10.40910", "2018-09-30": "8.91350", "2017-09-30": "5.60120", "2016-09-30": "4.79420", "2015-09-30": "5.04100", "2014-09-30": "6.74340", "2013-09-30": "6.63700", "2012-09-30": "4.97800", "2011-09-30": "6.02870", "2010-09-30": "17.33000", "2009-09-30": "-24.47570", "2008-09-30": "4.75050", "2007-09-30": "4.45800", "2006-09-30": "9.73520", "2005-09-30": "9.32320"}, "ROI - Return On Investment": {"2020-09-30": "8.84530", "2019-09-30": "16.94750", "2018-09-30": "14.16480", "2017-09-30": "9.16770", "2016-09-30": "7.72110", "2015-09-30": "8.32910", "2014-09-30": "10.81470", "2013-09-30": "10.55110", "2012-09-30": "8.76980", "2011-09-30": "11.12130", "2010-09-30": "33.81400", "2009-09-30": "-45.95390", "2008-09-30": "7.09990", "2007-09-30": "6.52980", "2006-09-30": "19.31210", "2005-09-30": "19.50660"}, "Book Value Per Share": {"2020-09-30": "41.82920", "2019-09-30": "38.23970", "2018-09-30": "34.73080", "2017-09-30": "30.76000", "2016-09-30": "26.73620", "2015-09-30": "25.32800", "2014-09-30": "24.86070", "2013-09-30": "24.35780", "2012-09-30": "20.24400", "2011-09-30": "17.48300", "2010-09-30": "14.63570", "2009-09-30": "5.77320", "2008-09-30": "18.65670", "2007-09-30": "18.77970", "2006-09-30": "14.39840", "2005-09-30": "11.16020"}, "Operating Cash Flow Per Share": {"2020-09-30": -3.2963, "2019-09-30": 2.2357, "2018-09-30": 2.5663, "2017-09-30": -4.5922, "2016-09-30": 6.6874, "2015-09-30": -0.8368, "2014-09-30": -2.9299, "2013-09-30": 2.0015, "2012-09-30": -1.3132, "2011-09-30": -2.5777, "2010-09-30": -4.941, "2009-09-30": 6.5376, "2008-09-30": -0.2089, "2007-09-30": 3.0412, "2006-09-30": -0.4992, "2005-09-30": 2.8836}, "Free Cash Flow Per Share": {"2020-09-30": -2.3352, "2019-09-30": 1.1624, "2018-09-30": 2.2146, "2017-09-30": -4.2533, "2016-09-30": 7.1797, "2015-09-30": -1.1861, "2014-09-30": -3.6526, "2013-09-30": 1.9897, "2012-09-30": -1.1858, "2011-09-30": -2.4204, "2010-09-30": -5.1283, "2009-09-30": 7.2165, "2008-09-30": -0.3945, "2007-09-30": 2.6151, "2006-09-30": -0.6571, "2005-09-30": 2.2996}}, "financial ratios, quarterly": {"Current Ratio": {"2020-12-31": "2.19070", "2020-09-30": "2.23060", "2020-06-30": "2.11960", "2020-03-31": "1.95770", "2019-12-31": "2.14060", "2019-09-30": "1.95670", "2019-06-30": "1.99180", "2019-03-31": "1.86160", "2018-12-31": "1.99170", "2018-09-30": "1.93470", "2018-06-30": "1.87960", "2018-03-31": "1.81260", "2017-12-31": "1.86320", "2017-09-30": "1.80610", "2017-06-30": "1.72030", "2017-03-31": "1.61920", "2016-12-31": "1.79070", "2016-09-30": "1.76770", "2016-06-30": "1.63500", "2016-03-31": "1.57510", "2015-12-31": "1.64740", "2015-09-30": "1.63030", "2015-06-30": "1.73600", "2015-03-31": "1.71990", "2014-12-31": "1.82900", "2014-09-30": "1.81790", "2014-06-30": "1.95370", "2014-03-31": "1.88500", "2013-12-31": "1.92270", "2013-09-30": "1.84940", "2013-06-30": "1.82660", "2013-03-31": "1.64680", "2012-12-31": "1.64950", "2012-09-30": "1.58080", "2012-06-30": "1.55370", "2012-03-31": "1.56180", "2011-12-31": "1.56980", "2011-09-30": "1.45090", "2011-06-30": "1.46090", "2011-03-31": "1.43600", "2010-12-31": "1.37370", "2010-09-30": "1.22290", "2010-06-30": "1.38870", "2010-03-31": "1.28890", "2009-12-31": "1.26330", "2009-09-30": "1.29220", "2009-06-30": "1.38350", "2009-03-31": "1.38010", "2008-12-31": "1.44770", "2008-09-30": "1.47100", "2008-06-30": "1.56920", "2008-03-31": "1.50110", "2007-12-31": "1.53740", "2007-09-30": "1.41790", "2007-06-30": "1.39270", "2007-03-31": "1.34590", "2006-12-31": "1.35230", "2006-09-30": "1.13760", "2006-06-30": "1.39260", "2006-03-31": "1.35120", "2005-12-31": "1.33160", "2005-09-30": "1.23060", "2005-06-30": "1.20900", "2005-03-31": "1.14890"}, "Long-term Debt / Capital": {"2020-12-31": "0.21810", "2020-09-30": "0.22290", "2020-06-30": "0.22800", "2020-03-31": "0.23310", "2019-12-31": "0.23400", "2019-09-30": "0.23960", "2019-06-30": "0.23970", "2019-03-31": "0.24670", "2018-12-31": "0.25340", "2018-09-30": "0.24550", "2018-06-30": "0.25250", "2018-03-31": "0.25840", "2017-12-31": "0.25940", "2017-09-30": "0.25930", "2017-06-30": "0.27160", "2017-03-31": "0.28670", "2016-12-31": "0.29320", "2016-09-30": "0.29480", "2016-06-30": "0.30170", "2016-03-31": "0.31070", "2015-12-31": "0.32000", "2015-09-30": "0.30640", "2015-06-30": "0.30100", "2015-03-31": "0.31310", "2014-12-31": "0.31390", "2014-09-30": "0.30590", "2014-06-30": "0.28380", "2014-03-31": "0.29520", "2013-12-31": "0.30060", "2013-09-30": "0.29690", "2013-06-30": "0.31200", "2013-03-31": "0.32830", "2012-12-31": "0.34430", "2012-09-30": "0.34000", "2012-06-30": "0.35340", "2012-03-31": "0.36870", "2011-12-31": "0.38060", "2011-09-30": "0.38980", "2011-06-30": "0.38870", "2011-03-31": "0.40590", "2010-12-31": "0.42760", "2010-09-30": "0.45020", "2010-06-30": "0.55410", "2010-03-31": "0.62610", "2009-12-31": "0.72990", "2009-09-30": "0.79670", "2009-06-30": "0.96170", "2009-03-31": "0.97170", "2008-12-31": "0.66760", "2008-09-30": "0.65870", "2008-06-30": "0.65990", "2008-03-31": "0.65200", "2007-12-31": "0.67390", "2007-09-30": "0.68100", "2007-06-30": "0.69830", "2007-03-31": "0.72040", "2006-12-31": "0.73230", "2006-09-30": "0.00210", "2006-06-30": "0.00210", "2006-03-31": "0.00250", "2005-12-31": "0.00270", "2005-09-30": "0.00320", "2005-06-30": "0.00330", "2005-03-31": "0.00400"}, "Debt/Equity Ratio": {"2020-12-31": "0.27900", "2020-09-30": "0.28870", "2020-06-30": "0.29700", "2020-03-31": "0.30580", "2019-12-31": "0.30550", "2019-09-30": "0.31500", "2019-06-30": "0.31530", "2019-03-31": "0.32740", "2018-12-31": "0.33940", "2018-09-30": "0.32540", "2018-06-30": "0.33790", "2018-03-31": "0.35220", "2017-12-31": "0.36330", "2017-09-30": "0.36010", "2017-06-30": "0.38110", "2017-03-31": "0.40680", "2016-12-31": "0.41740", "2016-09-30": "0.42810", "2016-06-30": "0.49730", "2016-03-31": "0.53390", "2015-12-31": "0.54540", "2015-09-30": "0.48550", "2015-06-30": "0.45050", "2015-03-31": "0.47350", "2014-12-31": "0.46800", "2014-09-30": "0.45090", "2014-06-30": "0.40520", "2014-03-31": "0.42600", "2013-12-31": "0.46180", "2013-09-30": "0.45310", "2013-06-30": "0.47780", "2013-03-31": "0.50590", "2012-12-31": "0.53410", "2012-09-30": "0.51520", "2012-06-30": "0.54640", "2012-03-31": "0.58400", "2011-12-31": "0.62460", "2011-09-30": "0.66400", "2011-06-30": "0.68150", "2011-03-31": "0.73720", "2010-12-31": "0.82870", "2010-09-30": "0.98150", "2010-06-30": "1.24330", "2010-03-31": "1.67540", "2009-12-31": "2.70350", "2009-09-30": "3.94770", "2009-06-30": "25.19010", "2009-03-31": "34.68460", "2008-12-31": "2.04660", "2008-09-30": "1.99770", "2008-06-30": "1.98180", "2008-03-31": "1.94820", "2007-12-31": "2.13160", "2007-09-30": "2.19370", "2007-06-30": "2.39970", "2007-03-31": "2.70760", "2006-12-31": "3.05080", "2006-09-30": "0.08450", "2006-06-30": "0.06050", "2006-03-31": "0.07040", "2005-12-31": "0.05650", "2005-09-30": "0.05550", "2005-06-30": "0.07680", "2005-03-31": "0.15490"}, "Gross Margin": {"2020-12-31": "15.38850", "2020-09-30": "15.74380", "2020-06-30": "16.28920", "2020-03-31": "16.27430", "2019-12-31": "17.07860", "2019-09-30": "18.09450", "2019-06-30": "18.13430", "2019-03-31": "17.98310", "2018-12-31": "18.20450", "2018-09-30": "18.27420", "2018-06-30": "18.55410", "2018-03-31": "17.81170", "2017-12-31": "15.31870", "2017-09-30": "16.95870", "2017-06-30": "18.99460", "2017-03-31": "16.14660", "2016-12-31": "16.48510", "2016-09-30": "17.03890", "2016-06-30": "18.00290", "2016-03-31": "17.01110", "2015-12-31": "14.60060", "2015-09-30": "15.82080", "2015-06-30": "17.61460", "2015-03-31": "17.74550", "2014-12-31": "16.97330", "2014-09-30": "17.35920", "2014-06-30": "17.95180", "2014-03-31": "17.35500", "2013-12-31": "16.67100", "2013-09-30": "14.87980", "2013-06-30": "17.48780", "2013-03-31": "15.28930", "2012-12-31": "14.05880", "2012-09-30": "13.05240", "2012-06-30": "12.71410", "2012-03-31": "11.83630", "2011-12-31": "11.80890", "2011-09-30": "11.07680", "2011-06-30": "13.44600", "2011-03-31": "16.10340", "2010-12-31": "18.16790", "2010-09-30": "18.30750", "2010-06-30": "19.74580", "2010-03-31": "21.91890", "2009-12-31": "19.68700", "2009-09-30": "16.35760", "2009-06-30": "14.47740", "2009-03-31": "11.07250", "2008-12-31": "11.25910", "2008-09-30": "15.83880", "2008-06-30": "17.08240", "2008-03-31": "18.22750", "2007-12-31": "16.80110", "2007-09-30": "19.15050", "2007-06-30": "17.77730", "2007-03-31": "16.51710", "2006-12-31": "17.15340", "2006-09-30": "17.10530", "2006-06-30": "17.49070", "2006-03-31": "17.68470", "2005-12-31": "18.84100", "2005-09-30": "16.44650", "2005-06-30": "15.12300", "2005-03-31": "17.83180"}, "Operating Margin": {"2020-12-31": "6.08310", "2020-09-30": "7.14050", "2020-06-30": "7.50250", "2020-03-31": "7.43580", "2019-12-31": "6.43620", "2019-09-30": "9.24990", "2019-06-30": "10.77440", "2019-03-31": "8.82320", "2018-12-31": "8.89990", "2018-09-30": "9.81530", "2018-06-30": "10.25830", "2018-03-31": "8.29090", "2017-12-31": "4.69650", "2017-09-30": "7.22360", "2017-06-30": "10.40310", "2017-03-31": "4.96820", "2016-12-31": "2.98830", "2016-09-30": "5.44040", "2016-06-30": "8.40060", "2016-03-31": "5.99620", "2015-12-31": "2.42010", "2015-09-30": "5.48690", "2015-06-30": "8.47240", "2015-03-31": "7.05830", "2014-12-31": "4.85480", "2014-09-30": "6.78180", "2014-06-30": "9.01990", "2014-03-31": "7.11600", "2013-12-31": "6.30640", "2013-09-30": "3.77650", "2013-06-30": "10.23410", "2013-03-31": "6.78290", "2012-12-31": "4.58910", "2012-09-30": "4.99190", "2012-06-30": "5.84310", "2012-03-31": "4.07800", "2011-12-31": "4.01980", "2011-09-30": "4.78450", "2011-06-30": "6.22870", "2011-03-31": "7.58480", "2010-12-31": "9.91890", "2010-09-30": "12.68660", "2010-06-30": "13.96060", "2010-03-31": "17.25790", "2009-12-31": "13.38070", "2009-09-30": "8.02940", "2009-06-30": "3.23460", "2009-03-31": "-93.96270", "2008-12-31": "1.92670", "2008-09-30": "8.68200", "2008-06-30": "10.05160", "2008-03-31": "9.48890", "2007-12-31": "7.32720", "2007-09-30": "12.18840", "2007-06-30": "10.43140", "2007-03-31": "8.11710", "2006-12-31": "8.30350", "2006-09-30": "8.46970", "2006-06-30": "9.30290", "2006-03-31": "9.43420", "2005-12-31": "11.00850", "2005-09-30": "8.98030", "2005-06-30": "7.68960", "2005-03-31": "9.31430"}, "EBIT Margin": {"2020-12-31": "6.08310", "2020-09-30": "7.14050", "2020-06-30": "7.50250", "2020-03-31": "7.43580", "2019-12-31": "6.43620", "2019-09-30": "9.24990", "2019-06-30": "10.77440", "2019-03-31": "8.82320", "2018-12-31": "8.89990", "2018-09-30": "9.81530", "2018-06-30": "10.25830", "2018-03-31": "8.29090", "2017-12-31": "4.69650", "2017-09-30": "7.22360", "2017-06-30": "10.40310", "2017-03-31": "4.96820", "2016-12-31": "2.98830", "2016-09-30": "5.44040", "2016-06-30": "8.40060", "2016-03-31": "5.99620", "2015-12-31": "2.42010", "2015-09-30": "5.48690", "2015-06-30": "8.47240", "2015-03-31": "7.05830", "2014-12-31": "4.85480", "2014-09-30": "6.78180", "2014-06-30": "9.01990", "2014-03-31": "7.11600", "2013-12-31": "6.30640", "2013-09-30": "3.77650", "2013-06-30": "10.23410", "2013-03-31": "6.78290", "2012-12-31": "4.58910", "2012-09-30": "4.99190", "2012-06-30": "5.84310", "2012-03-31": "4.07800", "2011-12-31": "4.01980", "2011-09-30": "4.78450", "2011-06-30": "6.22870", "2011-03-31": "7.58480", "2010-12-31": "9.91890", "2010-09-30": "12.68660", "2010-06-30": "13.96060", "2010-03-31": "17.25790", "2009-12-31": "13.38070", "2009-09-30": "8.02940", "2009-06-30": "3.23460", "2009-03-31": "-93.96270", "2008-12-31": "1.92670", "2008-09-30": "8.68200", "2008-06-30": "10.05160", "2008-03-31": "9.48890", "2007-12-31": "7.32720", "2007-09-30": "12.18840", "2007-06-30": "10.43140", "2007-03-31": "8.11710", "2006-12-31": "8.30350", "2006-09-30": "8.46970", "2006-06-30": "9.30290", "2006-03-31": "9.43420", "2005-12-31": "11.00850", "2005-09-30": "8.98030", "2005-06-30": "7.68960", "2005-03-31": "9.31430"}, "EBITDA Margin": {"2020-12-31": "", "2020-09-30": "", "2020-06-30": "", "2020-03-31": "", "2019-12-31": "", "2019-09-30": "", "2019-06-30": "", "2019-03-31": "", "2018-12-31": "", "2018-09-30": "", "2018-06-30": "", "2018-03-31": "", "2017-12-31": "", "2017-09-30": "", "2017-06-30": "", "2017-03-31": "", "2016-12-31": "", "2016-09-30": "", "2016-06-30": "", "2016-03-31": "", "2015-12-31": "", "2015-09-30": "", "2015-06-30": "", "2015-03-31": "", "2014-12-31": "", "2014-09-30": "", "2014-06-30": "", "2014-03-31": "", "2013-12-31": "", "2013-09-30": "", "2013-06-30": "", "2013-03-31": "", "2012-12-31": "", "2012-09-30": "", "2012-06-30": "", "2012-03-31": "", "2011-12-31": "", "2011-09-30": "", "2011-06-30": "", "2011-03-31": "", "2010-12-31": "", "2010-09-30": "", "2010-06-30": "", "2010-03-31": "", "2009-12-31": "", "2009-09-30": "", "2009-06-30": "", "2009-03-31": "", "2008-12-31": "", "2008-09-30": "", "2008-06-30": "", "2008-03-31": "", "2007-12-31": "", "2007-09-30": "", "2007-06-30": "", "2007-03-31": "", "2006-12-31": "", "2006-09-30": "", "2006-06-30": "", "2006-03-31": "", "2005-12-31": "", "2005-09-30": "", "2005-06-30": "", "2005-03-31": ""}, "Pre-Tax Profit Margin": {"2020-12-31": "5.26480", "2020-09-30": "7.10120", "2020-06-30": "6.85730", "2020-03-31": "5.96090", "2019-12-31": "5.71650", "2019-09-30": "8.73980", "2019-06-30": "10.27710", "2019-03-31": "8.29570", "2018-12-31": "8.19560", "2018-09-30": "9.22700", "2018-06-30": "9.05870", "2018-03-31": "7.79790", "2017-12-31": "3.82020", "2017-09-30": "6.19460", "2017-06-30": "9.75010", "2017-03-31": "4.17100", "2016-12-31": "1.94820", "2016-09-30": "4.73970", "2016-06-30": "7.57080", "2016-03-31": "4.94000", "2015-12-31": "1.29390", "2015-09-30": "4.35280", "2015-06-30": "7.67850", "2015-03-31": "5.32750", "2014-12-31": "3.75380", "2014-09-30": "5.87640", "2014-06-30": "8.35230", "2014-03-31": "5.56650", "2013-12-31": "5.16930", "2013-09-30": "2.94820", "2013-06-30": "9.40850", "2013-03-31": "6.04720", "2012-12-31": "3.81190", "2012-09-30": "4.10610", "2012-06-30": "4.97730", "2012-03-31": "3.29730", "2011-12-31": "2.65500", "2011-09-30": "3.97740", "2011-06-30": "5.19550", "2011-03-31": "6.42190", "2010-12-31": "8.38430", "2010-09-30": "10.43540", "2010-06-30": "12.22630", "2010-03-31": "15.71470", "2009-12-31": "11.33890", "2009-09-30": "4.19130", "2009-06-30": "-1.59670", "2009-03-31": "-97.51070", "2008-12-31": "-1.05370", "2008-09-30": "5.86320", "2008-06-30": "7.31730", "2008-03-31": "6.27330", "2007-12-31": "3.55360", "2007-09-30": "8.60570", "2007-06-30": "7.46490", "2007-03-31": "4.49210", "2006-12-31": "6.26740", "2006-09-30": "8.41440", "2006-06-30": "9.30290", "2006-03-31": "9.43420", "2005-12-31": "10.94520", "2005-09-30": "8.81130", "2005-06-30": "7.49140", "2005-03-31": "9.07820"}, "Net Profit Margin": {"2020-12-31": "4.40850", "2020-09-30": "5.60480", "2020-06-30": "5.07340", "2020-03-31": "3.81810", "2019-12-31": "4.46580", "2019-09-30": "6.83150", "2019-06-30": "8.02020", "2019-03-31": "6.45660", "2018-12-31": "6.04410", "2018-09-30": "7.35540", "2018-06-30": "7.05030", "2018-03-31": "5.87360", "2017-12-31": "3.55540", "2017-09-30": "4.76310", "2017-06-30": "6.31350", "2017-03-31": "2.73740", "2016-12-31": "1.58490", "2016-09-30": "3.50350", "2016-06-30": "4.81830", "2016-03-31": "3.68040", "2015-12-31": "1.16610", "2015-09-30": "3.16160", "2015-06-30": "5.57590", "2015-03-31": "3.51310", "2014-12-31": "2.55670", "2014-09-30": "4.64710", "2014-06-30": "5.41810", "2014-03-31": "4.24340", "2013-12-31": "3.57470", "2013-09-30": "2.05620", "2013-06-30": "6.70480", "2013-03-31": "4.35900", "2012-12-31": "2.64030", "2012-09-30": "3.84670", "2012-06-30": "3.49570", "2012-03-31": "1.80870", "2011-12-31": "2.06860", "2011-09-30": "1.79300", "2011-06-30": "3.38130", "2011-03-31": "3.88980", "2010-12-31": "5.85610", "2010-09-30": "5.59690", "2010-06-30": "8.65930", "2010-03-31": "10.21580", "2009-12-31": "6.96770", "2009-09-30": "9.53060", "2009-06-30": "-2.18930", "2009-03-31": "-96.33070", "2008-12-31": "-1.55040", "2008-09-30": "3.18680", "2008-06-30": "-4.39040", "2008-03-31": "4.09570", "2007-12-31": "2.48680", "2007-09-30": "5.25700", "2007-06-30": "4.90450", "2007-03-31": "3.06500", "2006-12-31": "4.09220", "2006-09-30": "5.44010", "2006-06-30": "6.01420", "2006-03-31": "5.89490", "2005-12-31": "6.71900", "2005-09-30": "5.18950", "2005-06-30": "4.72440", "2005-03-31": "5.68000"}, "Asset Turnover": {"2020-12-31": "0.26200", "2020-09-30": "0.30680", "2020-06-30": "0.27440", "2020-03-31": "0.30650", "2019-12-31": "0.30510", "2019-09-30": "0.39450", "2019-06-30": "0.43930", "2019-03-31": "0.36390", "2018-12-31": "0.35850", "2018-09-30": "0.38850", "2018-06-30": "0.41260", "2018-03-31": "0.36320", "2017-12-31": "0.31970", "2017-09-30": "0.38500", "2017-06-30": "0.40000", "2017-03-31": "0.32440", "2016-12-31": "0.26970", "2016-09-30": "0.38890", "2016-06-30": "0.36460", "2016-03-31": "0.32080", "2015-12-31": "0.28390", "2015-09-30": "0.34670", "2015-06-30": "0.34090", "2015-03-31": "0.34110", "2014-12-31": "0.31010", "2014-09-30": "0.36360", "2014-06-30": "0.40160", "2014-03-31": "0.35820", "2013-12-31": "0.34230", "2013-09-30": "0.36230", "2013-06-30": "0.46600", "2013-03-31": "0.40710", "2012-12-31": "0.38010", "2012-09-30": "0.41300", "2012-06-30": "0.43740", "2012-03-31": "0.43030", "2011-12-31": "0.40800", "2011-09-30": "0.42870", "2011-06-30": "0.42740", "2011-03-31": "0.38390", "2010-12-31": "0.38130", "2010-09-30": "0.44240", "2010-06-30": "0.51450", "2010-03-31": "0.55440", "2009-12-31": "0.47640", "2009-09-30": "0.30870", "2009-06-30": "0.27570", "2009-03-31": "0.27830", "2008-12-31": "0.22190", "2008-09-30": "0.27710", "2008-06-30": "0.29250", "2008-03-31": "0.26620", "2007-12-31": "0.23870", "2007-09-30": "0.25380", "2007-06-30": "0.28890", "2007-03-31": "0.26520", "2006-12-31": "0.16510", "2006-09-30": "0.42840", "2006-06-30": "0.46680", "2006-03-31": "0.46930", "2005-12-31": "0.46650", "2005-09-30": "0.47940", "2005-06-30": "0.47930", "2005-03-31": "0.39700"}, "Inventory Turnover Ratio": {"2020-12-31": "0.88760", "2020-09-30": "0.99860", "2020-06-30": "0.77190", "2020-03-31": "0.90840", "2019-12-31": "0.98250", "2019-09-30": "1.43960", "2019-06-30": "1.43880", "2019-03-31": "1.08570", "2018-12-31": "1.14210", "2018-09-30": "1.36930", "2018-06-30": "1.42130", "2018-03-31": "1.17290", "2017-12-31": "1.10120", "2017-09-30": "1.36020", "2017-06-30": "1.16960", "2017-03-31": "0.93260", "2016-12-31": "0.83700", "2016-09-30": "1.48630", "2016-06-30": "1.14180", "2016-03-31": "0.92110", "2015-12-31": "0.82540", "2015-09-30": "1.02070", "2015-06-30": "0.98230", "2015-03-31": "1.06850", "2014-12-31": "1.00820", "2014-09-30": "1.43430", "2014-06-30": "1.70630", "2014-03-31": "1.51870", "2013-12-31": "1.54840", "2013-09-30": "1.78780", "2013-06-30": "2.07000", "2013-03-31": "1.58480", "2012-12-31": "1.42280", "2012-09-30": "1.89500", "2012-06-30": "2.09100", "2012-03-31": "2.14080", "2011-12-31": "2.16630", "2011-09-30": "2.33860", "2011-06-30": "2.16130", "2011-03-31": "1.89310", "2010-12-31": "1.76710", "2010-09-30": "2.00550", "2010-06-30": "2.26920", "2010-03-31": "2.62580", "2009-12-31": "2.42450", "2009-09-30": "1.55920", "2009-06-30": "1.20250", "2009-03-31": "1.20190", "2008-12-31": "1.18960", "2008-09-30": "1.50620", "2008-06-30": "1.34560", "2008-03-31": "1.24070", "2007-12-31": "1.18550", "2007-09-30": "1.44410", "2007-06-30": "1.56930", "2007-03-31": "1.33120", "2006-12-31": "0.78630", "2006-09-30": "1.27110", "2006-06-30": "1.34780", "2006-03-31": "1.22430", "2005-12-31": "1.29460", "2005-09-30": "1.40460", "2005-06-30": "1.27190", "2005-03-31": "0.99360"}, "Receiveable Turnover": {"2020-12-31": "1.28110", "2020-09-30": "1.33030", "2020-06-30": "1.20280", "2020-03-31": "1.30210", "2019-12-31": "1.16450", "2019-09-30": "1.34560", "2019-06-30": "1.35560", "2019-03-31": "1.36100", "2018-12-31": "1.27450", "2018-09-30": "1.35190", "2018-06-30": "1.38830", "2018-03-31": "1.29440", "2017-12-31": "1.29030", "2017-09-30": "1.50270", "2017-06-30": "1.72280", "2017-03-31": "1.71230", "2016-12-31": "1.73300", "2016-09-30": "1.71780", "2016-06-30": "1.45820", "2016-03-31": "1.45730", "2015-12-31": "1.58740", "2015-09-30": "1.63620", "2015-06-30": "1.59320", "2015-03-31": "1.56390", "2014-12-31": "1.69270", "2014-09-30": "1.71060", "2014-06-30": "1.86830", "2014-03-31": "1.70120", "2013-12-31": "2.20650", "2013-09-30": "2.17360", "2013-06-30": "2.36020", "2013-03-31": "2.04510", "2012-12-31": "2.70780", "2012-09-30": "2.00600", "2012-06-30": "1.70250", "2012-03-31": "1.84910", "2011-12-31": "2.01750", "2011-09-30": "1.89990", "2011-06-30": "2.05810", "2011-03-31": "2.25560", "2010-12-31": "2.42760", "2010-09-30": "2.34210", "2010-06-30": "2.93710", "2010-03-31": "3.63290", "2009-12-31": "4.00410", "2009-09-30": "2.61100", "2009-06-30": "2.42810", "2009-03-31": "1.93510", "2008-12-31": "1.86880", "2008-09-30": "1.68880", "2008-06-30": "1.72420", "2008-03-31": "1.71300", "2007-12-31": "1.99910", "2007-09-30": "1.50950", "2007-06-30": "1.80030", "2007-03-31": "1.99650", "2006-12-31": "1.60520", "2006-09-30": "2.84490", "2006-06-30": "3.08600", "2006-03-31": "2.83980", "2005-12-31": "2.63710", "2005-09-30": "2.93920", "2005-06-30": "2.81960", "2005-03-31": "2.34150"}, "Days Sales In Receivables": {"2020-12-31": "70.25310", "2020-09-30": "67.65390", "2020-06-30": "74.82730", "2020-03-31": "69.12170", "2019-12-31": "77.28390", "2019-09-30": "66.88620", "2019-06-30": "66.38940", "2019-03-31": "66.12750", "2018-12-31": "70.61660", "2018-09-30": "66.57460", "2018-06-30": "64.82580", "2018-03-31": "69.52770", "2017-12-31": "69.75100", "2017-09-30": "59.89150", "2017-06-30": "52.23970", "2017-03-31": "52.56070", "2016-12-31": "51.93170", "2016-09-30": "52.39320", "2016-06-30": "61.72020", "2016-03-31": "61.75950", "2015-12-31": "56.69570", "2015-09-30": "55.00480", "2015-06-30": "56.49070", "2015-03-31": "57.54860", "2014-12-31": "53.17000", "2014-09-30": "52.61200", "2014-06-30": "48.17170", "2014-03-31": "52.90360", "2013-12-31": "40.78880", "2013-09-30": "41.40570", "2013-06-30": "38.13280", "2013-03-31": "44.00680", "2012-12-31": "33.23690", "2012-09-30": "44.86570", "2012-06-30": "52.86320", "2012-03-31": "48.67240", "2011-12-31": "44.60900", "2011-09-30": "47.37050", "2011-06-30": "43.72980", "2011-03-31": "39.90090", "2010-12-31": "37.07310", "2010-09-30": "38.42700", "2010-06-30": "30.64210", "2010-03-31": "24.77340", "2009-12-31": "22.47690", "2009-09-30": "34.46910", "2009-06-30": "37.06670", "2009-03-31": "46.50930", "2008-12-31": "48.15990", "2008-09-30": "53.29180", "2008-06-30": "52.19730", "2008-03-31": "52.53980", "2007-12-31": "45.02100", "2007-09-30": "59.62330", "2007-06-30": "49.99130", "2007-03-31": "45.07860", "2006-12-31": "56.06680", "2006-09-30": "31.63530", "2006-06-30": "29.16390", "2006-03-31": "31.69230", "2005-12-31": "34.12810", "2005-09-30": "30.62010", "2005-06-30": "31.91960", "2005-03-31": "38.43740"}, "ROE - Return On Equity": {"2020-12-31": "2.36990", "2020-09-30": "3.50790", "2020-06-30": "2.89650", "2020-03-31": "2.55110", "2019-12-31": "2.82350", "2019-09-30": "5.76970", "2019-06-30": "7.38960", "2019-03-31": "5.14060", "2018-12-31": "4.52060", "2018-09-30": "6.01950", "2018-06-30": "6.33780", "2018-03-31": "4.71570", "2017-12-31": "2.45920", "2017-09-30": "4.05220", "2017-06-30": "5.90150", "2017-03-31": "2.17870", "2016-12-31": "0.96960", "2016-09-30": "3.11160", "2016-06-30": "4.33040", "2016-03-31": "2.99300", "2015-12-31": "0.80820", "2015-09-30": "2.63200", "2015-06-30": "4.50040", "2015-03-31": "2.87670", "2014-12-31": "1.82470", "2014-09-30": "3.91940", "2014-06-30": "4.73210", "2014-03-31": "3.38410", "2013-12-31": "2.70070", "2013-09-30": "1.69370", "2013-06-30": "7.42480", "2013-03-31": "4.55050", "2012-12-31": "2.58960", "2012-09-30": "4.65070", "2012-06-30": "4.41150", "2012-03-31": "2.57790", "2011-12-31": "2.41230", "2011-09-30": "3.48870", "2011-06-30": "4.20550", "2011-03-31": "4.38980", "2010-12-31": "6.91150", "2010-09-30": "10.52910", "2010-06-30": "18.22100", "2010-03-31": "30.33070", "2009-12-31": "25.13110", "2009-09-30": "8.83210", "2009-06-30": "-21.78830", "2009-03-31": "-1624.93100", "2008-12-31": "-0.88930", "2008-09-30": "5.54520", "2008-06-30": "6.79140", "2008-03-31": "4.62950", "2007-12-31": "2.60750", "2007-09-30": "7.36220", "2007-06-30": "7.00260", "2007-03-31": "4.35080", "2006-12-31": "3.71710", "2006-09-30": "4.63320", "2006-06-30": "5.44190", "2006-03-31": "5.38120", "2005-12-31": "6.07040", "2005-09-30": "5.22150", "2005-06-30": "4.88870", "2005-03-31": "5.08800"}, "Return On Tangible Equity": {"2020-12-31": "4.64360", "2020-09-30": "7.02740", "2020-06-30": "5.96240", "2020-03-31": "5.40500", "2019-12-31": "6.03570", "2019-09-30": "12.80080", "2019-06-30": "16.66380", "2019-03-31": "12.27080", "2018-12-31": "11.52220", "2018-09-30": "14.60140", "2018-06-30": "16.41870", "2018-03-31": "13.20940", "2017-12-31": "7.22800", "2017-09-30": "11.88660", "2017-06-30": "19.66960", "2017-03-31": "8.69990", "2016-12-31": "4.28000", "2016-09-30": "14.66030", "2016-06-30": "22.35200", "2016-03-31": "19.46560", "2015-12-31": "6.74680", "2015-09-30": "16.58420", "2015-06-30": "23.90960", "2015-03-31": "19.74680", "2014-12-31": "14.30930", "2014-09-30": "25.79570", "2014-06-30": "20.86150", "2014-03-31": "18.76150", "2013-12-31": "19.03600", "2013-09-30": "10.13920", "2013-06-30": "64.54980", "2013-03-31": "82.35840", "2012-12-31": "-356.15050", "2012-09-30": "194.58380", "2012-06-30": "-105.32780", "2012-03-31": "-26.99690", "2011-12-31": "-17.41050", "2011-09-30": "-19.64030", "2011-06-30": "-23.34130", "2011-03-31": "-17.44400", "2010-12-31": "-19.96370", "2010-09-30": "-22.56500", "2010-06-30": "-27.48930", "2010-03-31": "-29.12600", "2009-12-31": "-13.12790", "2009-09-30": "-2.98270", "2009-06-30": "1.08120", "2009-03-31": "59.48170", "2008-12-31": "0.58810", "2008-09-30": "-3.95810", "2008-06-30": "-5.23990", "2008-03-31": "-3.50030", "2007-12-31": "-1.72320", "2007-09-30": "-4.65540", "2007-06-30": "-3.92430", "2007-03-31": "-2.09290", "2006-12-31": "-1.64510", "2006-09-30": "17.32400", "2006-06-30": "11.80590", "2006-03-31": "12.42940", "2005-12-31": "15.13160", "2005-09-30": "14.72660", "2005-06-30": "14.71950", "2005-03-31": "18.18420"}, "ROA - Return On Assets": {"2020-12-31": "1.15520", "2020-09-30": "1.71940", "2020-06-30": "1.39230", "2020-03-31": "1.17030", "2019-12-31": "1.36240", "2019-09-30": "2.69480", "2019-06-30": "3.52340", "2019-03-31": "2.34940", "2018-12-31": "2.16700", "2018-09-30": "2.85780", "2018-06-30": "2.90870", "2018-03-31": "2.13300", "2017-12-31": "1.13660", "2017-09-30": "1.83370", "2017-06-30": "2.52520", "2017-03-31": "0.88800", "2016-12-31": "0.42750", "2016-09-30": "1.36250", "2016-06-30": "1.75680", "2016-03-31": "1.18080", "2015-12-31": "0.33110", "2015-09-30": "1.10480", "2015-06-30": "1.90100", "2015-03-31": "1.19840", "2014-12-31": "0.79500", "2014-09-30": "1.69620", "2014-06-30": "2.18440", "2014-03-31": "1.52650", "2013-12-31": "1.22830", "2013-09-30": "0.74910", "2013-06-30": "3.13700", "2013-03-31": "1.76220", "2012-12-31": "1.00570", "2012-09-30": "1.74220", "2012-06-30": "1.56150", "2012-03-31": "0.90960", "2011-12-31": "0.85710", "2011-09-30": "1.15390", "2011-06-30": "1.44950", "2011-03-31": "1.48880", "2010-12-31": "2.21960", "2010-09-30": "2.96690", "2010-06-30": "4.45560", "2010-03-31": "5.66360", "2009-12-31": "3.37630", "2009-09-30": "0.95640", "2009-06-30": "-0.48110", "2009-03-31": "-26.53810", "2008-12-31": "-0.19540", "2008-09-30": "1.26610", "2008-06-30": "1.55370", "2008-03-31": "1.09040", "2007-12-31": "0.59350", "2007-09-30": "1.60320", "2007-06-30": "1.41690", "2007-03-31": "0.81270", "2006-12-31": "0.67570", "2006-09-30": "2.33080", "2006-06-30": "2.80740", "2006-03-31": "2.76650", "2005-12-31": "3.13450", "2005-09-30": "2.48770", "2005-06-30": "2.26450", "2005-03-31": "2.25490"}, "ROI - Return On Investment": {"2020-12-31": "1.85300", "2020-09-30": "2.72580", "2020-06-30": "2.23620", "2020-03-31": "1.95640", "2019-12-31": "2.16270", "2019-09-30": "4.38750", "2019-06-30": "5.61830", "2019-03-31": "3.87260", "2018-12-31": "3.37510", "2018-09-30": "4.54150", "2018-06-30": "4.73720", "2018-03-31": "3.49700", "2017-12-31": "1.82120", "2017-09-30": "3.00130", "2017-06-30": "4.29870", "2017-03-31": "1.55420", "2016-12-31": "0.68520", "2016-09-30": "2.19430", "2016-06-30": "3.02400", "2016-03-31": "2.06300", "2015-12-31": "0.54960", "2015-09-30": "1.82550", "2015-06-30": "3.14600", "2015-03-31": "1.97610", "2014-12-31": "1.25190", "2014-09-30": "2.72030", "2014-06-30": "3.38920", "2014-03-31": "2.38510", "2013-12-31": "1.88880", "2013-09-30": "1.19090", "2013-06-30": "5.10860", "2013-03-31": "3.05670", "2012-12-31": "1.69810", "2012-09-30": "3.06930", "2012-06-30": "2.85270", "2012-03-31": "1.62750", "2011-12-31": "1.49410", "2011-09-30": "2.12870", "2011-06-30": "2.57060", "2011-03-31": "2.60790", "2010-12-31": "3.95600", "2010-09-30": "5.78900", "2010-06-30": "8.12500", "2010-03-31": "11.34070", "2009-12-31": "6.78870", "2009-09-30": "1.79560", "2009-06-30": "-0.83500", "2009-03-31": "-46.00120", "2008-12-31": "-0.29560", "2008-09-30": "1.89230", "2008-06-30": "2.30980", "2008-03-31": "1.61130", "2007-12-31": "0.85030", "2007-09-30": "2.34830", "2007-06-30": "2.11270", "2007-03-31": "1.21650", "2006-12-31": "0.99520", "2006-09-30": "4.62360", "2006-06-30": "5.43040", "2006-03-31": "5.36780", "2005-12-31": "6.05430", "2005-09-30": "5.20510", "2005-06-30": "4.87230", "2005-03-31": "5.06740"}, "Book Value Per Share": {"2020-12-31": "42.90880", "2020-09-30": "41.82920", "2020-06-30": "40.65570", "2020-03-31": "39.50290", "2019-12-31": "39.27890", "2019-09-30": "38.23970", "2019-06-30": "37.75170", "2019-03-31": "35.76160", "2018-12-31": "34.43290", "2018-09-30": "34.73080", "2018-06-30": "32.97190", "2018-03-31": "31.78740", "2017-12-31": "30.73270", "2017-09-30": "30.76000", "2017-06-30": "29.12420", "2017-03-31": "27.18530", "2016-12-31": "26.55660", "2016-09-30": "26.73620", "2016-06-30": "26.47680", "2016-03-31": "25.62410", "2015-12-31": "24.71200", "2015-09-30": "25.32800", "2015-06-30": "25.50660", "2015-03-31": "24.27230", "2014-12-31": "24.33930", "2014-09-30": "24.86070", "2014-06-30": "26.12850", "2014-03-31": "24.95950", "2013-12-31": "24.12880", "2013-09-30": "24.35780", "2013-06-30": "22.97960", "2013-03-31": "21.45630", "2012-12-31": "20.46890", "2012-09-30": "20.24400", "2012-06-30": "19.06970", "2012-03-31": "18.45670", "2011-12-31": "17.86770", "2011-09-30": "17.48300", "2011-06-30": "17.89340", "2011-03-31": "16.93010", "2010-12-31": "15.78540", "2010-09-30": "14.63570", "2010-06-30": "12.80350", "2010-03-31": "10.75770", "2009-12-31": "7.66830", "2009-09-30": "5.77320", "2009-06-30": "1.30700", "2009-03-31": "0.97520", "2008-12-31": "17.67590", "2008-09-30": "18.65670", "2008-06-30": "20.15080", "2008-03-31": "21.04430", "2007-12-31": "19.27380", "2007-09-30": "18.77970", "2007-06-30": "17.44350", "2007-03-31": "15.79730", "2006-12-31": "15.00700", "2006-09-30": "14.39840", "2006-06-30": "13.32900", "2006-03-31": "12.57050", "2005-12-31": "11.88420", "2005-09-30": "11.16020", "2005-06-30": "10.79440", "2005-03-31": "10.55450"}, "Operating Cash Flow Per Share": {"2020-12-31": "5.34960", "2020-09-30": 4.2273, "2020-06-30": -0.4101, "2020-03-31": 3.1152, "2019-12-31": "-2.17430", "2019-09-30": 6.5511, "2019-06-30": -0.659, "2019-03-31": 3.3537, "2018-12-31": "-1.19140", "2018-09-30": 2.8693, "2018-06-30": 2.3679, "2018-03-31": 0.1974, "2017-12-31": "0.38410", "2017-09-30": 1.6198, "2017-06-30": -0.3217, "2017-03-31": 0.8427, "2016-12-31": "1.11160", "2016-09-30": 5.6431, "2016-06-30": 0.9018, "2016-03-31": 0.3218, "2015-12-31": "0.97790", "2015-09-30": 1.6194, "2015-06-30": 0.4328, "2015-03-31": -0.24, "2014-12-31": "-0.65500", "2014-09-30": 1.1862, "2014-06-30": 1.4428, "2014-03-31": -0.6892, "2013-12-31": "0.05420", "2013-09-30": 2.1192, "2013-06-30": 2.3021, "2013-03-31": 0.0073, "2012-12-31": "0.49530", "2012-09-30": 2.1132, "2012-06-30": 0.2991, "2012-03-31": -0.1644, "2011-12-31": "0.67450", "2011-09-30": 1.196, "2011-06-30": 0.2445, "2011-03-31": 0.68, "2010-12-31": "2.11510", "2010-09-30": 0.9989, "2010-06-30": -2.603, "2010-03-31": 2.8455, "2009-12-31": "5.57190", "2009-09-30": 5.7886, "2009-06-30": 1.6058, "2009-03-31": 0.5926, "2008-12-31": "3.76730", "2008-09-30": 3.6305, "2008-06-30": 1.227, "2008-03-31": -0.8238, "2007-12-31": "1.18300", "2007-09-30": 1.2328, "2007-06-30": 0.9108, "2007-03-31": 3.675, "2006-12-31": "-0.39300", "2006-09-30": 0.4298, "2006-06-30": 1.8323, "2006-03-31": 0.5634, "2005-12-31": "-0.44110", "2005-09-30": 1.5072, "2005-06-30": 1.0534, "2005-03-31": 0.323}, "Free Cash Flow Per Share": {"2020-12-31": "5.04730", "2020-09-30": 4.2152, "2020-06-30": -0.6986, "2020-03-31": 2.299, "2019-12-31": "-2.35130", "2019-09-30": 5.5992, "2019-06-30": -1.0745, "2019-03-31": 2.6992, "2018-12-31": "-1.42440", "2018-09-30": 2.4204, "2018-06-30": 2.1174, "2018-03-31": -0.0559, "2017-12-31": "0.15520", "2017-09-30": 1.1747, "2017-06-30": -0.2736, "2017-03-31": 0.699, "2016-12-31": "0.82240", "2016-09-30": 5.2754, "2016-06-30": 0.6002, "2016-03-31": 0.0574, "2015-12-31": "0.74280", "2015-09-30": 1.1492, "2015-06-30": 0.1521, "2015-03-31": -0.529, "2014-12-31": "-1.27620", "2014-09-30": 0.631, "2014-06-30": 1.209, "2014-03-31": -0.941, "2013-12-31": "-0.21680", "2013-09-30": 1.886, "2013-06-30": 2.1907, "2013-03-31": -0.1724, "2012-12-31": "0.43050", "2012-09-30": 1.8528, "2012-06-30": 0.1856, "2012-03-31": -0.2163, "2011-12-31": "0.52300", "2011-09-30": 0.9592, "2011-06-30": 0.0555, "2011-03-31": 0.587, "2010-12-31": "1.92920", "2010-09-30": 0.7406, "2010-06-30": -2.8613, "2010-03-31": 2.6003, "2009-12-31": "5.47170", "2009-09-30": 5.3893, "2009-06-30": 1.4581, "2009-03-31": 0.6612, "2008-12-31": "3.57100", "2008-09-30": 3.0333, "2008-06-30": 1.0595, "2008-03-31": -1.1726, "2007-12-31": "0.94290", "2007-09-30": 0.9626, "2007-06-30": 0.5279, "2007-03-31": 3.3144, "2006-12-31": "-0.54730", "2006-09-30": 0.2262, "2006-06-30": 1.7039, "2006-03-31": 0.3275, "2005-12-31": "-0.61510", "2005-09-30": 1.2145, "2005-06-30": 0.8645, "2005-03-31": 0.2206}}, "revenue": {"Oshkosh Annual Revenue (Millions of US $)": {"2020": "$6,857", "2019": "$8,382", "2018": "$7,706", "2017": "$6,830", "2016": "$6,279", "2015": "$6,098", "2014": "$6,808", "2013": "$7,665", "2012": "$8,141", "2011": "$7,539", "2010": "$9,821", "2009": "$5,253", "2008": "$6,878", "2007": "$6,139", "2006": "$3,427", "2005": "$2,960"}, "Oshkosh Quarterly Revenue (Millions of US $)": {"2020-12-31": "$1,577", "2020-09-30": "$1,784", "2020-06-30": "$1,581", "2020-03-31": "$1,797", "2019-12-31": "$1,695", "2019-09-30": "$2,196", "2019-06-30": "$2,393", "2019-03-31": "$1,990", "2018-12-31": "$1,803", "2018-09-30": "$2,057", "2018-06-30": "$2,176", "2018-03-31": "$1,886", "2017-12-31": "$1,586", "2017-09-30": "$1,963", "2017-06-30": "$2,037", "2017-03-31": "$1,618", "2016-12-31": "$1,211", "2016-09-30": "$1,755", "2016-06-30": "$1,748", "2016-03-31": "$1,524", "2015-12-31": "$1,252", "2015-09-30": "$1,578", "2015-06-30": "$1,612", "2015-03-31": "$1,554", "2014-12-31": "$1,353", "2014-09-30": "$1,668", "2014-06-30": "$1,932", "2014-03-31": "$1,678", "2013-12-31": "$1,530", "2013-09-30": "$1,727", "2013-06-30": "$2,204", "2013-03-31": "$1,984", "2012-12-31": "$1,750", "2012-09-30": "$2,043", "2012-06-30": "$2,160", "2012-03-31": "$2,062", "2011-12-31": "$1,876", "2011-09-30": "$2,069", "2011-06-30": "$2,023", "2011-03-31": "$1,746", "2010-12-31": "$1,701", "2010-09-30": "$2,083", "2010-06-30": "$2,439", "2010-03-31": "$2,864", "2009-12-31": "$2,434", "2009-09-30": "$1,472", "2009-06-30": "$1,215", "2009-03-31": "$1,237", "2008-12-31": "$1,329", "2008-09-30": "$1,685", "2008-06-30": "$1,920", "2008-03-31": "$1,773", "2007-12-31": "$1,500", "2007-09-30": "$1,625", "2007-06-30": "$1,847", "2007-03-31": "$1,661", "2006-12-31": "$1,007", "2006-09-30": "$904", "2006-06-30": "$888", "2006-03-31": "$845", "2005-12-31": "$790", "2005-09-30": "$824", "2005-06-30": "$819", "2005-03-31": "$672"}}, "gross-profit": {"Oshkosh Annual Gross Profit (Millions of US $)": {"2020": "$1,120", "2019": "$1,517", "2018": "$1,359", "2017": "$1,181", "2016": "$1,056", "2015": "$1,039", "2014": "$1,183", "2013": "$1,192", "2012": "$1,007", "2011": "$1,091", "2010": "$1,970", "2009": "$703", "2008": "$1,170", "2007": "$1,087", "2006": "$608", "2005": "$495"}, "Oshkosh Quarterly Gross Profit (Millions of US $)": {"2020-12-31": "$243", "2020-09-30": "$281", "2020-06-30": "$258", "2020-03-31": "$292", "2019-12-31": "$290", "2019-09-30": "$397", "2019-06-30": "$434", "2019-03-31": "$358", "2018-12-31": "$328", "2018-09-30": "$376", "2018-06-30": "$404", "2018-03-31": "$336", "2017-12-31": "$243", "2017-09-30": "$333", "2017-06-30": "$387", "2017-03-31": "$261", "2016-12-31": "$200", "2016-09-30": "$299", "2016-06-30": "$315", "2016-03-31": "$259", "2015-12-31": "$183", "2015-09-30": "$250", "2015-06-30": "$284", "2015-03-31": "$276", "2014-12-31": "$230", "2014-09-30": "$290", "2014-06-30": "$347", "2014-03-31": "$291", "2013-12-31": "$255", "2013-09-30": "$257", "2013-06-30": "$386", "2013-03-31": "$303", "2012-12-31": "$246", "2012-09-30": "$267", "2012-06-30": "$275", "2012-03-31": "$244", "2011-12-31": "$222", "2011-09-30": "$229", "2011-06-30": "$272", "2011-03-31": "$281", "2010-12-31": "$309", "2010-09-30": "$381", "2010-06-30": "$482", "2010-03-31": "$628", "2009-12-31": "$479", "2009-09-30": "$241", "2009-06-30": "$176", "2009-03-31": "$137", "2008-12-31": "$150", "2008-09-30": "$267", "2008-06-30": "$328", "2008-03-31": "$323", "2007-12-31": "$252", "2007-09-30": "$311", "2007-06-30": "$328", "2007-03-31": "$274", "2006-12-31": "$173", "2006-09-30": "$155", "2006-06-30": "$155", "2006-03-31": "$149", "2005-12-31": "$149", "2005-09-30": "$135", "2005-06-30": "$124", "2005-03-31": "$120"}}, "operating-income": {"Oshkosh Annual Operating Income (Millions of US $)": {"2020": "$489", "2019": "$797", "2018": "$656", "2017": "$470", "2016": "$364", "2015": "$399", "2014": "$503", "2013": "$506", "2012": "$388", "2011": "$526", "2010": "$1,425", "2009": "$-980", "2008": "$617", "2007": "$609", "2006": "$326", "2005": "$267"}, "Oshkosh Quarterly Operating Income (Millions of US $)": {"2020-12-31": "$96", "2020-09-30": "$127", "2020-06-30": "$119", "2020-03-31": "$134", "2019-12-31": "$109", "2019-09-30": "$203", "2019-06-30": "$258", "2019-03-31": "$176", "2018-12-31": "$161", "2018-09-30": "$202", "2018-06-30": "$223", "2018-03-31": "$156", "2017-12-31": "$75", "2017-09-30": "$142", "2017-06-30": "$212", "2017-03-31": "$80", "2016-12-31": "$36", "2016-09-30": "$96", "2016-06-30": "$147", "2016-03-31": "$91", "2015-12-31": "$30", "2015-09-30": "$87", "2015-06-30": "$137", "2015-03-31": "$110", "2014-12-31": "$66", "2014-09-30": "$113", "2014-06-30": "$174", "2014-03-31": "$119", "2013-12-31": "$97", "2013-09-30": "$65", "2013-06-30": "$226", "2013-03-31": "$135", "2012-12-31": "$80", "2012-09-30": "$102", "2012-06-30": "$126", "2012-03-31": "$84", "2011-12-31": "$75", "2011-09-30": "$99", "2011-06-30": "$126", "2011-03-31": "$132", "2010-12-31": "$169", "2010-09-30": "$264", "2010-06-30": "$341", "2010-03-31": "$494", "2009-12-31": "$326", "2009-09-30": "$118", "2009-06-30": "$39", "2009-03-31": "$-1,163", "2008-12-31": "$26", "2008-09-30": "$146", "2008-06-30": "$193", "2008-03-31": "$168", "2007-12-31": "$110", "2007-09-30": "$198", "2007-06-30": "$193", "2007-03-31": "$135", "2006-12-31": "$84", "2006-09-30": "$77", "2006-06-30": "$83", "2006-03-31": "$80", "2005-12-31": "$87", "2005-09-30": "$74", "2005-06-30": "$63", "2005-03-31": "$63"}}, "ebitda": {"Oshkosh Annual EBITDA (Millions of US $)": {"2020": "$593", "2019": "$912", "2018": "$777", "2017": "$601", "2016": "$493", "2015": "$523", "2014": "$630", "2013": "$642", "2012": "$519", "2011": "$675", "2010": "$1,623", "2009": "$372", "2008": "$946", "2007": "$738", "2006": "$363", "2005": "$299"}, "Oshkosh Quarterly EBITDA (Millions of US $)": {"2020-12-31": "$123", "2020-09-30": "$158", "2020-06-30": "$141", "2020-03-31": "$156", "2019-12-31": "$137", "2019-09-30": "$233", "2019-06-30": "$287", "2019-03-31": "$204", "2018-12-31": "$189", "2018-09-30": "$231", "2018-06-30": "$253", "2018-03-31": "$186", "2017-12-31": "$106", "2017-09-30": "$175", "2017-06-30": "$245", "2017-03-31": "$113", "2016-12-31": "$68", "2016-09-30": "$128", "2016-06-30": "$179", "2016-03-31": "$124", "2015-12-31": "$61", "2015-09-30": "$117", "2015-06-30": "$167", "2015-03-31": "$143", "2014-12-31": "$96", "2014-09-30": "$145", "2014-06-30": "$206", "2014-03-31": "$152", "2013-12-31": "$127", "2013-09-30": "$106", "2013-06-30": "$258", "2013-03-31": "$167", "2012-12-31": "$112", "2012-09-30": "$137", "2012-06-30": "$158", "2012-03-31": "$115", "2011-12-31": "$109", "2011-09-30": "$143", "2011-06-30": "$161", "2011-03-31": "$167", "2010-12-31": "$204", "2010-09-30": "$344", "2010-06-30": "$378", "2010-03-31": "$538", "2009-12-31": "$363", "2009-09-30": "$1,357", "2009-06-30": "$76", "2009-03-31": "$-1,125", "2008-12-31": "$64", "2008-09-30": "$189", "2008-06-30": "$193", "2008-03-31": "$168", "2007-12-31": "$110", "2007-09-30": "$198", "2007-06-30": "$193", "2007-03-31": "$135", "2006-12-31": "$84", "2006-09-30": "$77", "2006-06-30": "$83", "2006-03-31": "$80", "2005-12-31": "$87", "2005-09-30": "$74", "2005-06-30": "$63", "2005-03-31": "$63"}}, "net-income": {"Oshkosh Annual Net Income (Millions of US $)": {"2020": "$325", "2019": "$579", "2018": "$472", "2017": "$286", "2016": "$216", "2015": "$229", "2014": "$308", "2013": "$316", "2012": "$230", "2011": "$273", "2010": "$790", "2009": "$-1,099", "2008": "$79", "2007": "$268", "2006": "$206", "2005": "$160"}, "Oshkosh Quarterly Net Income (Millions of US $)": {"2020-12-31": "$70", "2020-09-30": "$100", "2020-06-30": "$80", "2020-03-31": "$69", "2019-12-31": "$76", "2019-09-30": "$150", "2019-06-30": "$192", "2019-03-31": "$129", "2018-12-31": "$109", "2018-09-30": "$151", "2018-06-30": "$153", "2018-03-31": "$111", "2017-12-31": "$56", "2017-09-30": "$94", "2017-06-30": "$129", "2017-03-31": "$44", "2016-12-31": "$19", "2016-09-30": "$62", "2016-06-30": "$84", "2016-03-31": "$56", "2015-12-31": "$15", "2015-09-30": "$50", "2015-06-30": "$90", "2015-03-31": "$55", "2014-12-31": "$35", "2014-09-30": "$78", "2014-06-30": "$105", "2014-03-31": "$71", "2013-12-31": "$55", "2013-09-30": "$36", "2013-06-30": "$148", "2013-03-31": "$87", "2012-12-31": "$46", "2012-09-30": "$79", "2012-06-30": "$76", "2012-03-31": "$37", "2011-12-31": "$39", "2011-09-30": "$37", "2011-06-30": "$68", "2011-03-31": "$68", "2010-12-31": "$100", "2010-09-30": "$117", "2010-06-30": "$211", "2010-03-31": "$293", "2009-12-31": "$170", "2009-09-30": "$140", "2009-06-30": "$-27", "2009-03-31": "$-1,192", "2008-12-31": "$-21", "2008-09-30": "$54", "2008-06-30": "$-84", "2008-03-31": "$73", "2007-12-31": "$37", "2007-09-30": "$85", "2007-06-30": "$91", "2007-03-31": "$51", "2006-12-31": "$41", "2006-09-30": "$49", "2006-06-30": "$53", "2006-03-31": "$50", "2005-12-31": "$53", "2005-09-30": "$43", "2005-06-30": "$39", "2005-03-31": "$38"}}, "eps-earnings-per-share-diluted": {"Oshkosh Annual EPS": {"2020": "$4.72", "2019": "$8.21", "2018": "$6.29", "2017": "$3.77", "2016": "$2.91", "2015": "$2.90", "2014": "$3.61", "2013": "$3.55", "2012": "$2.51", "2011": "$2.99", "2010": "$8.69", "2009": "$-14.37", "2008": "$1.06", "2007": "$3.58", "2006": "$2.76", "2005": "$2.18"}, "Oshkosh Quarterly EPS": {"2020-12-31": "$1.01", "2020-09-30": "$1.46", "2020-06-30": "$1.17", "2020-03-31": "$0.99", "2019-12-31": "$1.10", "2019-09-30": "$2.16", "2019-06-30": "$2.72", "2019-03-31": "$1.82", "2018-12-31": "$1.51", "2018-09-30": "$2.03", "2018-06-30": "$2.05", "2018-03-31": "$1.47", "2017-12-31": "$0.74", "2017-09-30": "$1.24", "2017-06-30": "$1.69", "2017-03-31": "$0.58", "2016-12-31": "$0.26", "2016-09-30": "$0.83", "2016-06-30": "$1.13", "2016-03-31": "$0.76", "2015-12-31": "$0.19", "2015-09-30": "$0.65", "2015-06-30": "$1.13", "2015-03-31": "$0.69", "2014-12-31": "$0.43", "2014-09-30": "$0.93", "2014-06-30": "$1.22", "2014-03-31": "$0.83", "2013-12-31": "$0.63", "2013-09-30": "$0.40", "2013-06-30": "$1.67", "2013-03-31": "$0.97", "2012-12-31": "$0.51", "2012-09-30": "$0.86", "2012-06-30": "$0.82", "2012-03-31": "$0.41", "2011-12-31": "$0.42", "2011-09-30": "$0.41", "2011-06-30": "$0.75", "2011-03-31": "$0.74", "2010-12-31": "$1.09", "2010-09-30": "$1.29", "2010-06-30": "$2.31", "2010-03-31": "$3.22", "2009-12-31": "$1.87", "2009-09-30": "$2.29", "2009-06-30": "$-0.36", "2009-03-31": "$-16.02", "2008-12-31": "$-0.28", "2008-09-30": "$0.71", "2008-06-30": "$-1.12", "2008-03-31": "$0.97", "2007-12-31": "$0.50", "2007-09-30": "$1.14", "2007-06-30": "$1.21", "2007-03-31": "$0.68", "2006-12-31": "$0.55", "2006-09-30": "$0.65", "2006-06-30": "$0.72", "2006-03-31": "$0.67", "2005-12-31": "$0.72", "2005-09-30": "$0.58", "2005-06-30": "$0.52", "2005-03-31": "$0.52"}}, "shares-outstanding": {"Oshkosh Annual Shares Outstanding (Millions of Shares)": {"2020": "69", "2019": "71", "2018": "75", "2017": "76", "2016": "74", "2015": "79", "2014": "85", "2013": "89", "2012": "92", "2011": "92", "2010": "91", "2009": "76", "2008": "75", "2007": "75", "2006": "74", "2005": "74"}, "Oshkosh Quarterly Shares Outstanding (Millions of Shares)": {"2020-12-31": "69", "2020-09-30": "69", "2020-06-30": "69", "2020-03-31": "69", "2019-12-31": "69", "2019-09-30": "71", "2019-06-30": "70", "2019-03-31": "71", "2018-12-31": "72", "2018-09-30": "75", "2018-06-30": "75", "2018-03-31": "75", "2017-12-31": "76", "2017-09-30": "76", "2017-06-30": "76", "2017-03-31": "76", "2016-12-31": "75", "2016-09-30": "74", "2016-06-30": "74", "2016-03-31": "74", "2015-12-31": "75", "2015-09-30": "79", "2015-06-30": "79", "2015-03-31": "79", "2014-12-31": "80", "2014-09-30": "85", "2014-06-30": "86", "2014-03-31": "86", "2013-12-31": "87", "2013-09-30": "89", "2013-06-30": "88", "2013-03-31": "88", "2012-12-31": "91", "2012-09-30": "92", "2012-06-30": "92", "2012-03-31": "92", "2011-12-31": "92", "2011-09-30": "92", "2011-06-30": "92", "2011-03-31": "92", "2010-12-31": "91", "2010-09-30": "91", "2010-06-30": "91", "2010-03-31": "91", "2009-12-31": "91", "2009-09-30": "76", "2009-06-30": "74", "2009-03-31": "74", "2008-12-31": "74", "2008-09-30": "75", "2008-06-30": "75", "2008-03-31": "75", "2007-12-31": "75", "2007-09-30": "75", "2007-06-30": "75", "2007-03-31": "75", "2006-12-31": "75", "2006-09-30": "74", "2006-06-30": "74", "2006-03-31": "74", "2005-12-31": "74", "2005-09-30": "74", "2005-06-30": "74", "2005-03-31": "74"}}, "total-assets": {"Oshkosh Annual Total Assets (Millions of US $)": {"2020": "$5,816", "2019": "$5,566", "2018": "$5,294", "2017": "$5,099", "2016": "$4,514", "2015": "$4,553", "2014": "$4,587", "2013": "$4,766", "2012": "$4,948", "2011": "$4,827", "2010": "$4,709", "2009": "$4,768", "2008": "$6,082", "2007": "$6,400", "2006": "$2,111", "2005": "$1,718"}, "Oshkosh Quarterly Total Assets (Millions of US $)": {"2020-12-31": "$6,016", "2020-09-30": "$5,816", "2020-06-30": "$5,760", "2020-03-31": "$5,862", "2019-12-31": "$5,556", "2019-09-30": "$5,566", "2019-06-30": "$5,446", "2019-03-31": "$5,469", "2018-12-31": "$5,030", "2018-09-30": "$5,294", "2018-06-30": "$5,274", "2018-03-31": "$5,195", "2017-12-31": "$4,962", "2017-09-30": "$5,099", "2017-06-30": "$5,093", "2017-03-31": "$4,989", "2016-12-31": "$4,491", "2016-09-30": "$4,514", "2016-06-30": "$4,793", "2016-03-31": "$4,751", "2015-12-31": "$4,410", "2015-09-30": "$4,553", "2015-06-30": "$4,729", "2015-03-31": "$4,556", "2014-12-31": "$4,365", "2014-09-30": "$4,587", "2014-06-30": "$4,811", "2014-03-31": "$4,684", "2013-12-31": "$4,470", "2013-09-30": "$4,766", "2013-06-30": "$4,731", "2013-03-31": "$4,875", "2012-12-31": "$4,604", "2012-09-30": "$4,948", "2012-06-30": "$4,938", "2012-03-31": "$4,793", "2011-12-31": "$4,597", "2011-09-30": "$4,827", "2011-06-30": "$4,733", "2011-03-31": "$4,547", "2010-12-31": "$4,460", "2010-09-30": "$4,709", "2010-06-30": "$4,740", "2010-03-31": "$5,166", "2009-12-31": "$5,109", "2009-09-30": "$4,768", "2009-06-30": "$4,407", "2009-03-31": "$4,445", "2008-12-31": "$5,987", "2008-09-30": "$6,082", "2008-06-30": "$6,565", "2008-03-31": "$6,658", "2007-12-31": "$6,284", "2007-09-30": "$6,400", "2007-06-30": "$6,394", "2007-03-31": "$6,263", "2006-12-31": "$6,097", "2006-09-30": "$2,111", "2006-06-30": "$1,902", "2006-03-31": "$1,800", "2005-12-31": "$1,694", "2005-09-30": "$1,718", "2005-06-30": "$1,709", "2005-03-31": "$1,694"}}, "cash-on-hand": {"Oshkosh Annual Cash on Hand (Millions of US $)": {"2020": "$583", "2019": "$448", "2018": "$455", "2017": "$447", "2016": "$322", "2015": "$43", "2014": "$314", "2013": "$734", "2012": "$541", "2011": "$429", "2010": "$339", "2009": "$530", "2008": "$88", "2007": "$75", "2006": "$22", "2005": "$128"}, "Oshkosh Quarterly Cash on Hand (Millions of US $)": {"2020-12-31": "$899", "2020-09-30": "$583", "2020-06-30": "$332", "2020-03-31": "$404", "2019-12-31": "$264", "2019-09-30": "$448", "2019-06-30": "$152", "2019-03-31": "$322", "2018-12-31": "$160", "2018-09-30": "$455", "2018-06-30": "$372", "2018-03-31": "$288", "2017-12-31": "$379", "2017-09-30": "$447", "2017-06-30": "$373", "2017-03-31": "$413", "2016-12-31": "$370", "2016-09-30": "$322", "2016-06-30": "$46", "2016-03-31": "$38", "2015-12-31": "$34", "2015-09-30": "$43", "2015-06-30": "$46", "2015-03-31": "$53", "2014-12-31": "$111", "2014-09-30": "$314", "2014-06-30": "$526", "2014-03-31": "$420", "2013-12-31": "$559", "2013-09-30": "$734", "2013-06-30": "$586", "2013-03-31": "$452", "2012-12-31": "$456", "2012-09-30": "$541", "2012-06-30": "$391", "2012-03-31": "$388", "2011-12-31": "$440", "2011-09-30": "$429", "2011-06-30": "$394", "2011-03-31": "$417", "2010-12-31": "$399", "2010-09-30": "$339", "2010-06-30": "$425", "2010-03-31": "$845", "2009-12-31": "$858", "2009-09-30": "$530", "2009-06-30": "$159", "2009-03-31": "$108", "2008-12-31": "$261", "2008-09-30": "$88", "2008-06-30": "$50", "2008-03-31": "$52", "2007-12-31": "$133", "2007-09-30": "$75", "2007-06-30": "$60", "2007-03-31": "$47", "2006-12-31": "$39", "2006-09-30": "$22", "2006-06-30": "$222", "2006-03-31": "$99", "2005-12-31": "$81", "2005-09-30": "$128", "2005-06-30": "$43", "2005-03-31": "$23"}}, "long-term-debt": {"Oshkosh Annual Long Term Debt (Millions of US $)": {"2020": "$818", "2019": "$819", "2018": "$818", "2017": "$808", "2016": "$826", "2015": "$844", "2014": "$875", "2013": "$890", "2012": "$955", "2011": "$1,020", "2010": "$1,086", "2009": "$2,023", "2008": "$2,681", "2007": "$2,976", "2006": "$2", "2005": "$3"}, "Oshkosh Quarterly Long Term Debt (Millions of US $)": {"2020-12-31": "$818", "2020-09-30": "$818", "2020-06-30": "$818", "2020-03-31": "$817", "2019-12-31": "$819", "2019-09-30": "$819", "2019-06-30": "$819", "2019-03-31": "$819", "2018-12-31": "$818", "2018-09-30": "$818", "2018-06-30": "$818", "2018-03-31": "$819", "2017-12-31": "$803", "2017-09-30": "$808", "2017-06-30": "$813", "2017-03-31": "$817", "2016-12-31": "$822", "2016-09-30": "$826", "2016-06-30": "$840", "2016-03-31": "$845", "2015-12-31": "$850", "2015-09-30": "$844", "2015-06-30": "$860", "2015-03-31": "$865", "2014-12-31": "$870", "2014-09-30": "$875", "2014-06-30": "$880", "2014-03-31": "$885", "2013-12-31": "$874", "2013-09-30": "$890", "2013-06-30": "$906", "2013-03-31": "$923", "2012-12-31": "$939", "2012-09-30": "$955", "2012-06-30": "$955", "2012-03-31": "$988", "2011-12-31": "$1,004", "2011-09-30": "$1,020", "2011-06-30": "$1,037", "2011-03-31": "$1,054", "2010-12-31": "$1,070", "2010-09-30": "$1,086", "2010-06-30": "$1,440", "2010-03-31": "$1,615", "2009-12-31": "$1,855", "2009-09-30": "$2,023", "2009-06-30": "$2,442", "2009-03-31": "$2,492", "2008-12-31": "$2,643", "2008-09-30": "$2,681", "2008-06-30": "$2,914", "2008-03-31": "$2,938", "2007-12-31": "$2,956", "2007-09-30": "$2,976", "2007-06-30": "$2,995", "2007-03-31": "$3,014", "2006-12-31": "$3,032", "2006-09-30": "$2", "2006-06-30": "$2", "2006-03-31": "$2", "2005-12-31": "$2", "2005-09-30": "$3", "2005-06-30": "$3", "2005-03-31": "$3"}}, "total-liabilities": {"Oshkosh Annual Total Liabilities (Millions of US $)": {"2020": "$2,965", "2019": "$2,967", "2018": "$2,781", "2017": "$2,792", "2016": "$2,537", "2015": "$2,642", "2014": "$2,602", "2013": "$2,658", "2012": "$3,094", "2011": "$3,230", "2010": "$3,382", "2009": "$4,252", "2008": "$4,693", "2007": "$5,006", "2006": "$1,049", "2005": "$900"}, "Oshkosh Quarterly Total Liabilities (Millions of US $)": {"2020-12-31": "$3,084", "2020-09-30": "$2,965", "2020-06-30": "$2,991", "2020-03-31": "$3,173", "2019-12-31": "$2,875", "2019-09-30": "$2,967", "2019-06-30": "$2,850", "2019-03-31": "$2,970", "2018-12-31": "$2,619", "2018-09-30": "$2,781", "2018-06-30": "$2,854", "2018-03-31": "$2,845", "2017-12-31": "$2,669", "2017-09-30": "$2,792", "2017-06-30": "$2,914", "2017-03-31": "$2,956", "2016-12-31": "$2,511", "2016-09-30": "$2,537", "2016-06-30": "$2,848", "2016-03-31": "$2,877", "2015-12-31": "$2,604", "2015-09-30": "$2,642", "2015-06-30": "$2,732", "2015-03-31": "$2,658", "2014-12-31": "$2,463", "2014-09-30": "$2,602", "2014-06-30": "$2,590", "2014-03-31": "$2,571", "2013-12-31": "$2,437", "2013-09-30": "$2,658", "2013-06-30": "$2,732", "2013-03-31": "$2,987", "2012-12-31": "$2,816", "2012-09-30": "$3,094", "2012-06-30": "$3,190", "2012-03-31": "$3,102", "2011-12-31": "$2,964", "2011-09-30": "$3,230", "2011-06-30": "$3,101", "2011-03-31": "$3,005", "2010-12-31": "$3,028", "2010-09-30": "$3,382", "2010-06-30": "$3,581", "2010-03-31": "$4,202", "2009-12-31": "$4,423", "2009-09-30": "$4,252", "2009-06-30": "$4,309", "2009-03-31": "$4,373", "2008-12-31": "$4,671", "2008-09-30": "$4,693", "2008-06-30": "$5,063", "2008-03-31": "$5,090", "2007-12-31": "$4,854", "2007-09-30": "$5,006", "2007-06-30": "$5,100", "2007-03-31": "$5,093", "2006-12-31": "$4,989", "2006-09-30": "$1,049", "2006-06-30": "$921", "2006-03-31": "$875", "2005-12-31": "$819", "2005-09-30": "$900", "2005-06-30": "$917", "2005-03-31": "$943"}}, "total-share-holder-equity": {"Oshkosh Annual Share Holder Equity (Millions of US $)": {"2020": "$2,851", "2019": "$2,600", "2018": "$2,514", "2017": "$2,307", "2016": "$1,977", "2015": "$1,911", "2014": "$1,985", "2013": "$2,108", "2012": "$1,854", "2011": "$1,597", "2010": "$1,327", "2009": "$516", "2008": "$1,389", "2007": "$1,394", "2006": "$1,062", "2005": "$819"}, "Oshkosh Quarterly Share Holder Equity (Millions of US $)": {"2020-12-31": "$2,933", "2020-09-30": "$2,851", "2020-06-30": "$2,769", "2020-03-31": "$2,689", "2019-12-31": "$2,681", "2019-09-30": "$2,600", "2019-06-30": "$2,597", "2019-03-31": "$2,500", "2018-12-31": "$2,411", "2018-09-30": "$2,514", "2018-06-30": "$2,420", "2018-03-31": "$2,350", "2017-12-31": "$2,293", "2017-09-30": "$2,307", "2017-06-30": "$2,179", "2017-03-31": "$2,033", "2016-12-31": "$1,980", "2016-09-30": "$1,977", "2016-06-30": "$1,944", "2016-03-31": "$1,874", "2015-12-31": "$1,806", "2015-09-30": "$1,911", "2015-06-30": "$1,998", "2015-03-31": "$1,898", "2014-12-31": "$1,902", "2014-09-30": "$1,985", "2014-06-30": "$2,221", "2014-03-31": "$2,113", "2013-12-31": "$2,033", "2013-09-30": "$2,108", "2013-06-30": "$1,999", "2013-03-31": "$1,888", "2012-12-31": "$1,788", "2012-09-30": "$1,854", "2012-06-30": "$1,748", "2012-03-31": "$1,691", "2011-12-31": "$1,633", "2011-09-30": "$1,597", "2011-06-30": "$1,631", "2011-03-31": "$1,542", "2010-12-31": "$1,432", "2010-09-30": "$1,327", "2010-06-30": "$1,159", "2010-03-31": "$965", "2009-12-31": "$686", "2009-09-30": "$516", "2009-06-30": "$97", "2009-03-31": "$73", "2008-12-31": "$1,316", "2008-09-30": "$1,389", "2008-06-30": "$1,502", "2008-03-31": "$1,568", "2007-12-31": "$1,431", "2007-09-30": "$1,394", "2007-06-30": "$1,294", "2007-03-31": "$1,170", "2006-12-31": "$1,108", "2006-09-30": "$1,062", "2006-06-30": "$981", "2006-03-31": "$925", "2005-12-31": "$875", "2005-09-30": "$819", "2005-06-30": "$791", "2005-03-31": "$751"}}, "profit-margins": {"current": "4.72%"}, "gross margin": {"2020-12-31": "15.94%", "2020-09-30": "16.35%", "2020-06-30": "17.02%", "2020-03-31": "17.49%", "2019-12-31": "17.88%", "2019-09-30": "18.10%", "2019-06-30": "18.15%", "2019-03-31": "18.27%", "2018-12-31": "18.23%", "2018-09-30": "17.64%", "2018-06-30": "17.29%", "2018-03-31": "17.38%", "2017-12-31": "16.99%", "2017-09-30": "17.29%", "2017-06-30": "17.32%", "2017-03-31": "16.98%", "2016-12-31": "17.20%", "2016-09-30": "16.82%", "2016-06-30": "16.50%", "2016-03-31": "16.36%", "2015-12-31": "16.56%", "2015-09-30": "17.06%", "2015-06-30": "17.46%", "2015-03-31": "17.57%", "2014-12-31": "17.46%", "2014-09-30": "17.38%", "2014-06-30": "16.75%", "2014-03-31": "16.64%", "2013-12-31": "16.12%", "2013-09-30": "15.54%", "2013-06-30": "15.05%", "2013-03-31": "13.75%", "2012-12-31": "12.88%", "2012-09-30": "12.38%", "2012-06-30": "11.88%", "2012-03-31": "12.04%", "2011-12-31": "13.02%", "2011-09-30": "14.47%", "2011-06-30": "16.46%", "2011-03-31": "18.23%", "2010-12-31": "19.81%", "2010-09-30": "20.06%", "2010-06-30": "19.87%", "2010-03-31": "19.09%", "2009-12-31": "16.25%", "2009-09-30": "13.40%", "2009-06-30": "13.36%", "2009-03-31": "14.29%", "2008-12-31": "15.92%", "2008-09-30": "17.01%", "2008-06-30": "17.81%", "2008-03-31": "18.00%", "2007-12-31": "17.56%", "2007-09-30": "17.69%", "2007-06-30": "17.16%", "2007-03-31": "16.97%", "2006-12-31": "17.34%", "2006-09-30": "17.74%", "2006-06-30": "17.57%", "2006-03-31": "16.99%", "2005-12-31": "17.00%"}, "operating margin": {"2020-12-31": "7.06%", "2020-09-30": "7.13%", "2020-06-30": "7.77%", "2020-03-31": "8.71%", "2019-12-31": "9.02%", "2019-09-30": "9.52%", "2019-06-30": "9.67%", "2019-03-31": "9.49%", "2018-12-31": "9.37%", "2018-09-30": "8.51%", "2018-06-30": "7.83%", "2018-03-31": "7.83%", "2017-12-31": "7.07%", "2017-09-30": "6.88%", "2017-06-30": "6.40%", "2017-03-31": "5.67%", "2016-12-31": "5.93%", "2016-09-30": "5.80%", "2016-06-30": "5.82%", "2016-03-31": "5.78%", "2015-12-31": "6.07%", "2015-09-30": "6.56%", "2015-06-30": "6.89%", "2015-03-31": "7.12%", "2014-12-31": "7.12%", "2014-09-30": "7.39%", "2014-06-30": "6.63%", "2014-03-31": "7.10%", "2013-12-31": "7.02%", "2013-09-30": "6.60%", "2013-06-30": "6.80%", "2013-03-31": "5.58%", "2012-12-31": "4.89%", "2012-09-30": "4.75%", "2012-06-30": "4.70%", "2012-03-31": "4.78%", "2011-12-31": "5.60%", "2011-09-30": "6.98%", "2011-06-30": "9.15%", "2011-03-31": "11.37%", "2010-12-31": "13.95%", "2010-09-30": "14.51%", "2010-06-30": "13.89%", "2010-03-31": "12.24%", "2009-12-31": "-10.70%", "2009-09-30": "-18.66%", "2009-06-30": "-17.42%", "2009-03-31": "-12.93%", "2008-12-31": "7.95%", "2008-09-30": "8.97%", "2008-06-30": "9.81%", "2008-03-31": "9.92%", "2007-12-31": "9.59%", "2007-09-30": "9.93%", "2007-06-30": "9.02%", "2007-03-31": "8.50%", "2006-12-31": "8.89%", "2006-09-30": "9.54%", "2006-06-30": "9.68%", "2006-03-31": "9.27%", "2005-12-31": "9.24%"}, "ebitda margin": {"2020-12-31": "8.56%", "2020-09-30": "8.63%", "2020-06-30": "9.16%", "2020-03-31": "10.05%", "2019-12-31": "10.39%", "2019-09-30": "10.88%", "2019-06-30": "11.05%", "2019-03-31": "10.93%", "2018-12-31": "10.84%", "2018-09-30": "10.07%", "2018-06-30": "9.46%", "2018-03-31": "9.53%", "2017-12-31": "8.87%", "2017-09-30": "8.80%", "2017-06-30": "8.37%", "2017-03-31": "7.71%", "2016-12-31": "8.00%", "2016-09-30": "7.84%", "2016-06-30": "7.88%", "2016-03-31": "7.86%", "2015-12-31": "8.14%", "2015-09-30": "8.58%", "2015-06-30": "8.91%", "2015-03-31": "9.07%", "2014-12-31": "9.03%", "2014-09-30": "9.25%", "2014-06-30": "8.61%", "2014-03-31": "8.99%", "2013-12-31": "8.82%", "2013-09-30": "8.38%", "2013-06-30": "8.43%", "2013-03-31": "7.23%", "2012-12-31": "6.51%", "2012-09-30": "6.38%", "2012-06-30": "6.43%", "2012-03-31": "6.58%", "2011-12-31": "7.52%", "2011-09-30": "8.95%", "2011-06-30": "11.60%", "2011-03-31": "13.72%", "2010-12-31": "16.11%", "2010-09-30": "16.53%", "2010-06-30": "28.62%", "2010-03-31": "29.23%", "2009-12-31": "10.55%", "2009-09-30": "7.08%", "2009-06-30": "-14.56%", "2009-03-31": "-11.00%", "2008-12-31": "9.15%", "2008-09-30": "9.60%", "2008-06-30": "9.81%", "2008-03-31": "9.92%", "2007-12-31": "9.59%", "2007-09-30": "9.93%", "2007-06-30": "9.02%", "2007-03-31": "8.50%", "2006-12-31": "8.89%", "2006-09-30": "9.54%", "2006-06-30": "9.68%", "2006-03-31": "9.27%", "2005-12-31": "9.24%"}, "pre tax profit margin": {"2020-12-31": "6.31%", "2020-09-30": "6.40%", "2020-06-30": "6.93%", "2020-03-31": "7.94%", "2019-12-31": "8.46%", "2019-09-30": "8.96%", "2019-06-30": "9.09%", "2019-03-31": "8.72%", "2018-12-31": "8.61%", "2018-09-30": "7.72%", "2018-06-30": "6.92%", "2018-03-31": "7.08%", "2017-12-31": "6.25%", "2017-09-30": "6.05%", "2017-06-30": "5.65%", "2017-03-31": "4.85%", "2016-12-31": "5.03%", "2016-09-30": "4.87%", "2016-06-30": "4.79%", "2016-03-31": "4.76%", "2015-12-31": "4.87%", "2015-09-30": "5.36%", "2015-06-30": "5.75%", "2015-03-31": "6.04%", "2014-12-31": "6.08%", "2014-09-30": "6.33%", "2014-06-30": "5.59%", "2014-03-31": "6.02%", "2013-12-31": "6.14%", "2013-09-30": "5.81%", "2013-06-30": "5.99%", "2013-03-31": "4.78%", "2012-12-31": "4.08%", "2012-09-30": "3.81%", "2012-06-30": "3.77%", "2012-03-31": "3.80%", "2011-12-31": "4.52%", "2011-09-30": "5.86%", "2011-06-30": "7.64%", "2011-03-31": "9.66%", "2010-12-31": "12.19%", "2010-09-30": "12.64%", "2010-06-30": "11.79%", "2010-03-31": "9.63%", "2009-12-31": "-13.97%", "2009-09-30": "-22.43%", "2009-06-30": "-20.87%", "2009-03-31": "-15.90%", "2008-12-31": "5.02%", "2008-09-30": "5.87%", "2008-06-30": "6.53%", "2008-03-31": "6.55%", "2007-12-31": "6.12%", "2007-09-30": "6.78%", "2007-06-30": "6.50%", "2007-03-31": "6.66%", "2006-12-31": "8.29%", "2006-09-30": "9.51%", "2006-06-30": "9.65%", "2006-03-31": "9.18%", "2005-12-31": "9.08%"}, "net profit margin": {"2020-12-31": "4.73%", "2020-09-30": "4.74%", "2020-06-30": "5.16%", "2020-03-31": "6.03%", "2019-12-31": "6.61%", "2019-09-30": "6.92%", "2019-06-30": "7.05%", "2019-03-31": "6.75%", "2018-12-31": "6.61%", "2018-09-30": "6.11%", "2018-06-30": "5.44%", "2018-03-31": "5.22%", "2017-12-31": "4.48%", "2017-09-30": "4.19%", "2017-06-30": "3.84%", "2017-03-31": "3.30%", "2016-12-31": "3.54%", "2016-09-30": "3.46%", "2016-06-30": "3.36%", "2016-03-31": "3.54%", "2015-12-31": "3.50%", "2015-09-30": "3.77%", "2015-06-30": "4.17%", "2015-03-31": "4.20%", "2014-12-31": "4.36%", "2014-09-30": "4.54%", "2014-06-30": "3.89%", "2014-03-31": "4.34%", "2013-12-31": "4.38%", "2013-09-30": "4.14%", "2013-06-30": "4.51%", "2013-03-31": "3.63%", "2012-12-31": "2.97%", "2012-09-30": "2.84%", "2012-06-30": "2.31%", "2012-03-31": "2.25%", "2011-12-31": "2.75%", "2011-09-30": "3.62%", "2011-06-30": "4.67%", "2011-03-31": "6.22%", "2010-12-31": "7.93%", "2010-09-30": "8.05%", "2010-06-30": "8.84%", "2010-03-31": "7.21%", "2009-12-31": "-14.30%", "2009-09-30": "-20.94%", "2009-06-30": "-21.70%", "2009-03-31": "-20.14%", "2008-12-31": "0.33%", "2008-09-30": "1.16%", "2008-06-30": "1.63%", "2008-03-31": "4.24%", "2007-12-31": "3.98%", "2007-09-30": "4.36%", "2007-06-30": "4.28%", "2007-03-31": "4.35%", "2006-12-31": "5.30%", "2006-09-30": "5.98%", "2006-06-30": "5.95%", "2006-03-31": "5.64%", "2005-12-31": "5.57%"}, "pe ratio": {"current": "19.40", "2021-02-05": "26.64", "2020-12-31": "23.78", "2020-09-30": "15.50", "2020-06-30": "13.08", "2020-03-31": "9.10", "2019-12-31": "11.92", "2019-09-30": "9.04", "2019-06-30": "10.07", "2019-03-31": "9.84", "2018-12-31": "8.40", "2018-09-30": "10.90", "2018-06-30": "12.33", "2018-03-31": "14.45", "2017-12-31": "20.51", "2017-09-30": "20.94", "2017-06-30": "19.56", "2017-03-31": "23.31", "2016-12-31": "20.56", "2016-09-30": "18.20", "2016-06-30": "16.47", "2016-03-31": "14.05", "2015-12-31": "13.69", "2015-09-30": "11.63", "2015-06-30": "12.27", "2015-03-31": "13.70", "2014-12-31": "13.05", "2014-09-30": "11.15", "2014-06-30": "16.32", "2014-03-31": "15.07", "2013-12-31": "12.37", "2013-09-30": "12.39", "2013-06-30": "8.53", "2013-03-31": "12.11", "2012-12-31": "10.27", "2012-09-30": "9.84", "2012-06-30": "9.16", "2012-03-31": "10.49", "2011-12-31": "8.30", "2011-09-30": "4.74", "2011-06-30": "6.75", "2011-03-31": "5.88", "2010-12-31": "4.02", "2010-09-30": "2.85", "2010-06-30": "3.09", "2010-03-31": "5.67", "2009-12-31": "0.00", "2009-09-30": "0.00", "2009-06-30": "0.00", "2009-03-31": "0.00", "2008-12-31": "29.34", "2008-09-30": "10.99", "2008-06-30": "12.26", "2008-03-31": "8.25", "2007-12-31": "11.61", "2007-09-30": "14.98", "2007-06-30": "17.53", "2007-03-31": "17.51", "2006-12-31": "15.97"}, "price sales": {"2021-02-05": "0.98", "2020-12-31": "0.88", "2020-09-30": "0.73", "2020-06-30": "0.68", "2020-03-31": "0.55", "2019-12-31": "0.79", "2019-09-30": "0.63", "2019-06-30": "0.71", "2019-03-31": "0.67", "2018-12-31": "0.56", "2018-09-30": "0.67", "2018-06-30": "0.67", "2018-03-31": "0.75", "2017-12-31": "0.92", "2017-09-30": "0.87", "2017-06-30": "0.75", "2017-03-31": "0.77", "2016-12-31": "0.73", "2016-09-30": "0.62", "2016-06-30": "0.55", "2016-03-31": "0.49", "2015-12-31": "0.47", "2015-09-30": "0.44", "2015-06-30": "0.51", "2015-03-31": "0.57", "2014-12-31": "0.57", "2014-09-30": "0.51", "2014-06-30": "0.64", "2014-03-31": "0.65", "2013-12-31": "0.54", "2013-09-30": "0.51", "2013-06-30": "0.38", "2013-03-31": "0.44", "2012-12-31": "0.31", "2012-09-30": "0.28", "2012-06-30": "0.21", "2012-03-31": "0.24", "2011-12-31": "0.23", "2011-09-30": "0.17", "2011-06-30": "0.32", "2011-03-31": "0.37", "2010-12-31": "0.32", "2010-09-30": "0.23", "2010-06-30": "0.27", "2010-03-31": "0.39", "2009-12-31": "0.42", "2009-09-30": "0.40", "2009-06-30": "0.18", "2009-03-31": "0.07", "2008-12-31": "0.09", "2008-09-30": "0.13", "2008-06-30": "0.20", "2008-03-31": "0.35", "2007-12-31": "0.46", "2007-09-30": "0.65", "2007-06-30": "0.75", "2007-03-31": "0.76", "2006-12-31": "0.85"}, "price book": {"current": "2.25", "2021-02-05": "2.25", "2020-12-31": "2.01", "2020-09-30": "1.75", "2020-06-30": "1.75", "2020-03-31": "1.61", "2019-12-31": "2.37", "2019-09-30": "1.94", "2019-06-30": "2.16", "2019-03-31": "2.04", "2018-12-31": "1.73", "2018-09-30": "1.98", "2018-06-30": "2.05", "2018-03-31": "2.33", "2017-12-31": "2.83", "2017-09-30": "2.56", "2017-06-30": "2.25", "2017-03-31": "2.39", "2016-12-31": "2.30", "2016-09-30": "1.97", "2016-06-30": "1.69", "2016-03-31": "1.49", "2015-12-31": "1.47", "2015-09-30": "1.33", "2015-06-30": "1.53", "2015-03-31": "1.85", "2014-12-31": "1.83", "2014-09-30": "1.62", "2014-06-30": "1.93", "2014-03-31": "2.14", "2013-12-31": "1.89", "2013-09-30": "1.81", "2013-06-30": "1.49", "2013-03-31": "1.78", "2012-12-31": "1.30", "2012-09-30": "1.22", "2012-06-30": "0.99", "2012-03-31": "1.13", "2011-12-31": "1.08", "2011-09-30": "0.81", "2011-06-30": "1.46", "2011-03-31": "1.88", "2010-12-31": "2.01", "2010-09-30": "1.69", "2010-06-30": "2.19", "2010-03-31": "3.38", "2009-12-31": "4.35", "2009-09-30": "4.83", "2009-06-30": "10.02", "2009-03-31": "6.22", "2008-12-31": "0.45", "2008-09-30": "0.62", "2008-06-30": "0.89", "2008-03-31": "1.50", "2007-12-31": "2.13", "2007-09-30": "2.86", "2007-06-30": "3.12", "2007-03-31": "2.89", "2006-12-31": "2.78", "2006-09-30": "3.01", "2006-06-30": "3.06", "2006-03-31": "4.24"}, "price fcf": {"2021-02-05": "", "2020-12-31": "$10.86", "2020-09-30": "$3.46", "2020-06-30": "$4.85", "2020-03-31": "$4.47", "2019-12-31": "$4.87", "2019-09-30": "$5.80", "2019-06-30": "$2.62", "2019-03-31": "$5.81", "2018-12-31": "$3.06", "2018-09-30": "$4.64", "2018-06-30": "$3.39", "2018-03-31": "$1.00", "2017-12-31": "$1.76", "2017-09-30": "$2.42", "2017-06-30": "$6.52", "2017-03-31": "$7.40", "2016-12-31": "$6.76", "2016-09-30": "$6.68", "2016-06-30": "$2.55", "2016-03-31": "$2.10", "2015-12-31": "$1.52", "2015-09-30": "$-0.50", "2015-06-30": "$-1.02", "2015-03-31": "$0.03", "2014-12-31": "$-0.38", "2014-09-30": "$0.68", "2014-06-30": "$1.94", "2014-03-31": "$2.92", "2013-12-31": "$3.69", "2013-09-30": "$4.33", "2013-06-30": "$4.30", "2013-03-31": "$2.30", "2012-12-31": "$2.25", "2012-09-30": "$2.35", "2012-06-30": "$1.45", "2012-03-31": "$1.32", "2011-12-31": "$2.12", "2011-09-30": "$3.53", "2011-06-30": "$3.31", "2011-03-31": "$0.40", "2010-12-31": "$2.41", "2010-09-30": "$5.95", "2010-06-30": "$10.60", "2010-03-31": "$14.92", "2009-12-31": "$12.98", "2009-09-30": "$11.08", "2009-06-30": "$8.72", "2009-03-31": "$8.33", "2008-12-31": "$6.49", "2008-09-30": "$3.86", "2008-06-30": "$1.79", "2008-03-31": "$1.26", "2007-12-31": "$5.75", "2007-09-30": "$4.26", "2007-06-30": "$3.52", "2007-03-31": "$4.70", "2006-12-31": "$1.10"}, "net worth": {"value": "$6.59B"}, "current ratio": {"current": "2.19", "2020-12-31": "2.19", "2020-09-30": "2.23", "2020-06-30": "2.12", "2020-03-31": "1.96", "2019-12-31": "2.14", "2019-09-30": "1.96", "2019-06-30": "1.99", "2019-03-31": "1.86", "2018-12-31": "1.99", "2018-09-30": "1.94", "2018-06-30": "1.88", "2018-03-31": "1.81", "2017-12-31": "1.86", "2017-09-30": "1.81", "2017-06-30": "1.72", "2017-03-31": "1.62", "2016-12-31": "1.79", "2016-09-30": "1.77", "2016-06-30": "1.64", "2016-03-31": "1.58", "2015-12-31": "1.65", "2015-09-30": "1.63", "2015-06-30": "1.74", "2015-03-31": "1.72", "2014-12-31": "1.83", "2014-09-30": "1.82", "2014-06-30": "1.95", "2014-03-31": "1.89", "2013-12-31": "1.92", "2013-09-30": "1.85", "2013-06-30": "1.83", "2013-03-31": "1.65", "2012-12-31": "1.65", "2012-09-30": "1.58", "2012-06-30": "1.55", "2012-03-31": "1.56", "2011-12-31": "1.57", "2011-09-30": "1.45", "2011-06-30": "1.46", "2011-03-31": "1.44", "2010-12-31": "1.37", "2010-09-30": "1.22", "2010-06-30": "1.39", "2010-03-31": "1.29", "2009-12-31": "1.26", "2009-09-30": "1.29", "2009-06-30": "1.38", "2009-03-31": "1.38", "2008-12-31": "1.45", "2008-09-30": "1.47", "2008-06-30": "1.57", "2008-03-31": "1.50", "2007-12-31": "1.54", "2007-09-30": "1.42", "2007-06-30": "1.39", "2007-03-31": "1.35", "2006-12-31": "1.35", "2006-09-30": "1.14", "2006-06-30": "1.39", "2006-03-31": "1.35", "2005-12-31": "1.33", "2005-09-30": "1.23", "2005-06-30": "1.21", "2005-03-31": "1.15"}, "quick ratio": {"2020-12-31": "1.31", "2020-09-30": "1.28", "2020-06-30": "1.07", "2020-03-31": "1.04", "2019-12-31": "1.19", "2019-09-30": "1.24", "2019-06-30": "1.19", "2019-03-31": "1.03", "2018-12-31": "1.12", "2018-09-30": "1.21", "2018-06-30": "1.16", "2018-03-31": "1.05", "2017-12-31": "1.08", "2017-09-30": "1.09", "2017-06-30": "0.93", "2017-03-31": "0.81", "2016-12-31": "0.89", "2016-09-30": "1.05", "2016-06-30": "0.86", "2016-03-31": "0.74", "2015-12-31": "0.70", "2015-09-30": "0.74", "2015-06-30": "0.81", "2015-03-31": "0.85", "2014-12-31": "0.89", "2014-09-30": "1.09", "2014-06-30": "1.26", "2014-03-31": "1.19", "2013-12-31": "1.22", "2013-09-30": "1.25", "2013-06-30": "1.19", "2013-03-31": "0.99", "2012-12-31": "0.91", "2012-09-30": "1.03", "2012-06-30": "1.03", "2012-03-31": "1.03", "2011-12-31": "1.04", "2011-09-30": "0.99", "2011-06-30": "0.95", "2011-03-31": "0.91", "2010-12-31": "0.84", "2010-09-30": "0.76", "2010-06-30": "0.86", "2010-03-31": "0.87", "2009-12-31": "0.86", "2009-09-30": "0.82", "2009-06-30": "0.70", "2009-03-31": "0.68", "2008-12-31": "0.76", "2008-09-30": "0.83", "2008-06-30": "0.82", "2008-03-31": "0.76", "2007-12-31": "0.75", "2007-09-30": "0.83", "2007-06-30": "0.77", "2007-03-31": "0.66", "2006-12-31": "0.59", "2006-09-30": "0.47", "2006-06-30": "0.71", "2006-03-31": "0.60", "2005-12-31": "0.62", "2005-09-30": "0.60", "2005-06-30": "0.51", "2005-03-31": "0.46"}, "debt equity ratio": {"current": "0.28", "2020-12-31": "1.05", "2020-09-30": "1.04", "2020-06-30": "1.08", "2020-03-31": "1.18", "2019-12-31": "1.07", "2019-09-30": "1.14", "2019-06-30": "1.10", "2019-03-31": "1.19", "2018-12-31": "1.09", "2018-09-30": "1.11", "2018-06-30": "1.18", "2018-03-31": "1.21", "2017-12-31": "1.16", "2017-09-30": "1.21", "2017-06-30": "1.34", "2017-03-31": "1.45", "2016-12-31": "1.27", "2016-09-30": "1.28", "2016-06-30": "1.47", "2016-03-31": "1.54", "2015-12-31": "1.44", "2015-09-30": "1.38", "2015-06-30": "1.37", "2015-03-31": "1.40", "2014-12-31": "1.30", "2014-09-30": "1.31", "2014-06-30": "1.17", "2014-03-31": "1.22", "2013-12-31": "1.20", "2013-09-30": "1.26", "2013-06-30": "1.37", "2013-03-31": "1.58", "2012-12-31": "1.58", "2012-09-30": "1.67", "2012-06-30": "1.83", "2012-03-31": "1.83", "2011-12-31": "1.82", "2011-09-30": "2.02", "2011-06-30": "1.90", "2011-03-31": "1.95", "2010-12-31": "2.11", "2010-09-30": "2.55", "2010-06-30": "3.09", "2010-03-31": "4.36", "2009-12-31": "6.44", "2009-09-30": "8.24", "2009-06-30": "44.29", "2009-03-31": "60.23", "2008-12-31": "3.55", "2008-09-30": "3.38", "2008-06-30": "3.37", "2008-03-31": "3.25", "2007-12-31": "3.39", "2007-09-30": "3.59", "2007-06-30": "3.94", "2007-03-31": "4.35", "2006-12-31": "4.50", "2006-09-30": "0.99", "2006-06-30": "0.94", "2006-03-31": "0.95", "2005-12-31": "0.94", "2005-09-30": "1.10", "2005-06-30": "1.16", "2005-03-31": "1.26"}, "return on equity": {"2020-12-31": "11.35%", "2020-09-30": "11.83%", "2020-06-30": "13.97%", "2020-03-31": "18.43%", "2019-12-31": "21.08%", "2019-09-30": "22.95%", "2019-06-30": "23.19%", "2019-03-31": "22.02%", "2018-12-31": "21.62%", "2018-09-30": "19.67%", "2018-06-30": "17.67%", "2018-03-31": "17.09%", "2017-12-31": "14.66%", "2017-09-30": "13.46%", "2017-06-30": "12.44%", "2017-03-31": "10.54%", "2016-12-31": "11.37%", "2016-09-30": "11.42%", "2016-06-30": "10.88%", "2016-03-31": "11.12%", "2015-12-31": "11.03%", "2015-09-30": "11.93%", "2015-06-30": "13.26%", "2015-03-31": "13.64%", "2014-12-31": "14.06%", "2014-09-30": "14.80%", "2014-06-30": "12.60%", "2014-03-31": "15.02%", "2013-12-31": "16.24%", "2013-09-30": "16.29%", "2013-06-30": "19.13%", "2013-03-31": "15.83%", "2012-12-31": "13.44%", "2012-09-30": "13.34%", "2012-06-30": "11.34%", "2012-03-31": "11.05%", "2011-12-31": "13.24%", "2011-09-30": "17.61%", "2011-06-30": "23.80%", "2011-03-31": "36.34%", "2010-12-31": "59.06%", "2010-09-30": "76.48%", "2010-06-30": "97.90%", "2010-03-31": "101.77%", "2009-12-31": "-265.01%", "2009-09-30": "-219.78%", "2009-06-30": "-165.01%", "2009-03-31": "-116.17%", "2008-12-31": "1.52%", "2008-09-30": "5.43%", "2008-06-30": "7.53%", "2008-03-31": "20.12%", "2007-12-31": "19.97%", "2007-09-30": "21.59%", "2007-06-30": "20.03%", "2007-03-31": "17.96%", "2006-12-31": "18.94%", "2006-09-30": "21.34%", "2006-06-30": "22.11%", "2006-03-31": "21.70%", "2005-12-31": "21.38%"}, "return on assets": {"2020-12-31": "5.44%", "2020-09-30": "5.65%", "2020-06-30": "6.60%", "2020-03-31": "8.68%", "2019-12-31": "9.93%", "2019-09-30": "10.79%", "2019-06-30": "10.94%", "2019-03-31": "10.29%", "2018-12-31": "10.08%", "2018-09-30": "9.09%", "2018-06-30": "8.07%", "2018-03-31": "7.67%", "2017-12-31": "6.41%", "2017-09-30": "5.82%", "2017-06-30": "5.32%", "2017-03-31": "4.45%", "2016-12-31": "4.77%", "2016-09-30": "4.70%", "2016-06-30": "4.43%", "2016-03-31": "4.58%", "2015-12-31": "4.60%", "2015-09-30": "5.05%", "2015-06-30": "5.66%", "2015-03-31": "5.96%", "2014-12-31": "6.27%", "2014-09-30": "6.66%", "2014-06-30": "5.70%", "2014-03-31": "6.65%", "2013-12-31": "6.92%", "2013-09-30": "6.68%", "2013-06-30": "7.52%", "2013-03-31": "5.95%", "2012-12-31": "4.94%", "2012-09-30": "4.79%", "2012-06-30": "3.95%", "2012-03-31": "3.82%", "2011-12-31": "4.53%", "2011-09-30": "5.88%", "2011-06-30": "7.65%", "2011-03-31": "10.75%", "2010-12-31": "15.12%", "2010-09-30": "16.04%", "2010-06-30": "16.46%", "2010-03-31": "11.85%", "2009-12-31": "-19.41%", "2009-09-30": "-22.44%", "2009-06-30": "-22.68%", "2009-03-31": "-21.54%", "2008-12-31": "0.35%", "2008-09-30": "1.25%", "2008-06-30": "1.71%", "2008-03-31": "4.45%", "2007-12-31": "4.17%", "2007-09-30": "4.26%", "2007-06-30": "4.45%", "2007-03-31": "4.74%", "2006-12-31": "6.48%", "2006-09-30": "10.92%", "2006-06-30": "11.19%", "2006-03-31": "10.69%", "2005-12-31": "10.15%"}, "return on investments": {"2020-12-31": "13.12%", "2020-09-30": "13.71%", "2020-06-30": "16.13%", "2020-03-31": "20.35%", "2019-12-31": "21.86%", "2019-09-30": "23.85%", "2019-06-30": "23.98%", "2019-03-31": "23.24%", "2018-12-31": "22.89%", "2018-09-30": "20.44%", "2018-06-30": "18.89%", "2018-03-31": "18.91%", "2017-12-31": "16.89%", "2017-09-30": "15.99%", "2017-06-30": "14.82%", "2017-03-31": "12.78%", "2016-12-31": "13.32%", "2016-09-30": "13.28%", "2016-06-30": "13.01%", "2016-03-31": "12.56%", "2015-12-31": "13.20%", "2015-09-30": "14.35%", "2015-06-30": "15.14%", "2015-03-31": "16.11%", "2014-12-31": "16.09%", "2014-09-30": "16.96%", "2014-06-30": "15.16%", "2014-03-31": "17.17%", "2013-12-31": "18.00%", "2013-09-30": "17.69%", "2013-06-30": "19.30%", "2013-03-31": "16.04%", "2012-12-31": "14.36%", "2012-09-30": "14.30%", "2012-06-30": "14.44%", "2012-03-31": "14.49%", "2011-12-31": "16.43%", "2011-09-30": "20.26%", "2011-06-30": "27.15%", "2011-03-31": "35.84%", "2010-12-31": "50.24%", "2010-09-30": "56.25%", "2010-06-30": "49.86%", "2010-03-31": "38.31%", "2009-12-31": "-26.71%", "2009-09-30": "-33.79%", "2009-06-30": "-29.00%", "2009-03-31": "-21.27%", "2008-12-31": "12.58%", "2008-09-30": "14.20%", "2008-06-30": "15.14%", "2008-03-31": "15.25%", "2007-12-31": "14.77%", "2007-09-30": "14.37%", "2007-06-30": "14.30%", "2007-03-31": "14.62%", "2006-12-31": "18.22%", "2006-09-30": "33.96%", "2006-06-30": "35.91%", "2006-03-31": "35.56%", "2005-12-31": "35.37%"}, "return on tangible equity": {"2020-12-31": "23.06%", "2020-09-30": "24.57%", "2020-06-30": "29.76%", "2020-03-31": "40.19%", "2019-12-31": "47.31%", "2019-09-30": "53.74%", "2019-06-30": "55.58%", "2019-03-31": "54.71%", "2018-12-31": "55.82%", "2018-09-30": "52.49%", "2018-06-30": "49.58%", "2018-03-31": "50.98%", "2017-12-31": "47.33%", "2017-09-30": "47.69%", "2017-06-30": "50.02%", "2017-03-31": "47.66%", "2016-12-31": "57.66%", "2016-09-30": "66.77%", "2016-06-30": "69.26%", "2016-03-31": "71.34%", "2015-12-31": "71.67%", "2015-09-30": "76.73%", "2015-06-30": "86.14%", "2015-03-31": "82.35%", "2014-12-31": "80.84%", "2014-09-30": "83.80%", "2014-06-30": "70.03%", "2014-03-31": "99.12%", "2013-12-31": "133.88%", "2013-09-30": "188.41%", "2013-06-30": "394.52%", "2013-03-31": "1858.06%", "2012-12-31": "-468.97%", "2012-09-30": "-222.12%", "2012-06-30": "-101.61%", "2012-03-31": "-75.03%", "2011-12-31": "-71.14%", "2011-09-30": "-74.69%", "2011-06-30": "-78.58%", "2011-03-31": "-87.36%", "2010-12-31": "-99.86%", "2010-09-30": "-85.38%", "2010-06-30": "-70.54%", "2010-03-31": "-39.66%", "2009-12-31": "53.57%", "2009-09-30": "58.96%", "2009-06-30": "60.21%", "2009-03-31": "63.22%", "2008-12-31": "-1.11%", "2008-09-30": "-3.94%", "2008-06-30": "-5.29%", "2008-03-31": "-13.07%", "2007-12-31": "-11.59%", "2007-09-30": "-11.35%", "2007-06-30": "-13.33%", "2007-03-31": "-18.48%", "2006-12-31": "-56.47%", "2006-09-30": "55.11%", "2006-06-30": "53.28%", "2006-03-31": "56.70%", "2005-12-31": "62.12%"}, "dividend yield history": {"last payout": "$1.32", "last yield": "1.37%"}}