{"ticker": "OUT", "price": {"title": "OUTFRONT Media Historical Annual Stock Price Data", "value": 20.11, "historical": {"2020": {"Average Stock Price": "17.8213", "Year Open": "26.7700", "Year High": "30.9600", "Year Low": "7.9900", "Year Close": "19.5600", "Annual % Change": "-27.07%"}, "2019": {"Average Stock Price": "24.8640", "Year Open": "18.1300", "Year High": "28.3200", "Year Low": "18.1300", "Year Close": "26.8200", "Annual % Change": "48.01%"}, "2018": {"Average Stock Price": "19.9586", "Year Open": "23.1600", "Year High": "23.1600", "Year Low": "16.8200", "Year Close": "18.1200", "Annual % Change": "-21.90%"}, "2017": {"Average Stock Price": "24.1974", "Year Open": "25.2000", "Year High": "27.6500", "Year Low": "20.8800", "Year Close": "23.2000", "Annual % Change": "-6.71%"}, "2016": {"Average Stock Price": "22.2823", "Year Open": "21.8000", "Year High": "25.3700", "Year Low": "18.1800", "Year Close": "24.8700", "Annual % Change": "13.93%"}, "2015": {"Average Stock Price": "25.8315", "Year Open": "26.8000", "Year High": "30.8200", "Year Low": "20.7100", "Year Close": "21.8300", "Annual % Change": "-18.67%"}, "2014": {"Average Stock Price": "28.0141", "Year Open": "26.3017", "Year High": "31.3392", "Year Low": "24.9019", "Year Close": "26.8400", "Annual % Change": "0.00%"}}}, "market cap": {"value": "$2.9B"}, "income statement": {"Revenue": {"2019-12-31": "1782.20000", "2018-12-31": "1606.20000", "2017-12-31": "1520.50000", "2016-12-31": "1513.90000", "2015-12-31": "1513.80000", "2014-12-31": "1353.80000", "2013-12-31": "1294.00000", "2012-12-31": "1284.60000", "2011-12-31": "1277.10000"}, "Cost Of Goods Sold": {"2019-12-31": "958.60000", "2018-12-31": "859.90000", "2017-12-31": "835.20000", "2016-12-31": "818.10000", "2015-12-31": "833.10000", "2014-12-31": "726.50000", "2013-12-31": "686.90000", "2012-12-31": "700.10000", "2011-12-31": "689.40000"}, "Gross Profit": {"2019-12-31": "823.60000", "2018-12-31": "746.29990", "2017-12-31": "685.30000", "2016-12-31": "695.80000", "2015-12-31": "680.70010", "2014-12-31": "627.30000", "2013-12-31": "607.10000", "2012-12-31": "584.50000", "2011-12-31": "587.70000"}, "Research And Development Expenses": {"2019-12-31": "", "2018-12-31": "", "2017-12-31": "", "2016-12-31": "", "2015-12-31": "", "2014-12-31": "", "2013-12-31": "", "2012-12-31": "", "2011-12-31": ""}, "SG&A Expenses": {"2019-12-31": "323.50000", "2018-12-31": "287.00000", "2017-12-31": "261.70000", "2016-12-31": "264.80000", "2015-12-31": "258.30000", "2014-12-31": "224.30000", "2013-12-31": "199.80000", "2012-12-31": "181.80000", "2011-12-31": "178.40000"}, "Other Operating Income Or Expenses": {"2019-12-31": "3.80000", "2018-12-31": "-37.40000", "2017-12-31": "14.30000", "2016-12-31": "0.60000", "2015-12-31": "-104.30000", "2014-12-31": "2.50000", "2013-12-31": "27.30000", "2012-12-31": "-2.20000", "2011-12-31": "-2.00000"}, "Operating Expenses": {"2019-12-31": "1473.10000", "2018-12-31": "1371.40000", "2017-12-31": "1278.80000", "2016-12-31": "1309.00000", "2015-12-31": "1427.40000", "2014-12-31": "1170.70000", "2013-12-31": "1055.20000", "2012-12-31": "1083.40000", "2011-12-31": "1084.70000"}, "Operating Income": {"2019-12-31": "309.10000", "2018-12-31": "234.79990", "2017-12-31": "241.70010", "2016-12-31": "204.89990", "2015-12-31": "86.40000", "2014-12-31": "183.10010", "2013-12-31": "238.80000", "2012-12-31": "201.20010", "2011-12-31": "192.39990"}, "Total Non-Operating Income/Expense": {"2019-12-31": "-163.30000", "2018-12-31": "-126.10000", "2017-12-31": "-116.60000", "2016-12-31": "-113.90000", "2015-12-31": "-115.20000", "2014-12-31": "-85.10000", "2013-12-31": "-1.20000", "2012-12-31": "-1.00000", "2011-12-31": "0.80000"}, "Pre-Tax Income": {"2019-12-31": "145.80000", "2018-12-31": "108.70000", "2017-12-31": "125.10000", "2016-12-31": "91.00000", "2015-12-31": "-28.80000", "2014-12-31": "98.00000", "2013-12-31": "237.60000", "2012-12-31": "200.20000", "2011-12-31": "193.20000"}, "Income Taxes": {"2019-12-31": "10.90000", "2018-12-31": "4.90000", "2017-12-31": "4.10000", "2016-12-31": "5.40000", "2015-12-31": "5.40000", "2014-12-31": "-206.00000", "2013-12-31": "96.60000", "2012-12-31": "89.00000", "2011-12-31": "87.80000"}, "Income After Taxes": {"2019-12-31": "134.90000", "2018-12-31": "103.80000", "2017-12-31": "121.00000", "2016-12-31": "85.60000", "2015-12-31": "-34.20000", "2014-12-31": "304.00000", "2013-12-31": "141.00000", "2012-12-31": "111.20000", "2011-12-31": "105.40000"}, "Other Income": {"2019-12-31": "", "2018-12-31": "", "2017-12-31": "", "2016-12-31": "", "2015-12-31": "", "2014-12-31": "", "2013-12-31": "", "2012-12-31": "", "2011-12-31": ""}, "Income From Continuous Operations": {"2019-12-31": "140.60000", "2018-12-31": "107.90000", "2017-12-31": "125.80000", "2016-12-31": "90.90000", "2015-12-31": "-29.40000", "2014-12-31": "306.90000", "2013-12-31": "143.50000", "2012-12-31": "113.40000", "2011-12-31": "107.10000"}, "Income From Discontinued Operations": {"2019-12-31": "", "2018-12-31": "", "2017-12-31": "", "2016-12-31": "", "2015-12-31": "", "2014-12-31": "", "2013-12-31": "", "2012-12-31": "", "2011-12-31": ""}, "Net Income": {"2019-12-31": "140.10000", "2018-12-31": "107.90000", "2017-12-31": "125.80000", "2016-12-31": "90.90000", "2015-12-31": "-29.40000", "2014-12-31": "306.90000", "2013-12-31": "143.50000", "2012-12-31": "113.40000", "2011-12-31": "107.10000"}, "EBITDA": {"2019-12-31": "511.50000", "2018-12-31": "425.49990", "2017-12-31": "437.60010", "2016-12-31": "435.49990", "2015-12-31": "321.80000", "2014-12-31": "397.40010", "2013-12-31": "434.60000", "2012-12-31": "398.00010", "2011-12-31": "404.29990"}, "EBIT": {"2019-12-31": "309.10000", "2018-12-31": "234.79990", "2017-12-31": "241.70010", "2016-12-31": "204.89990", "2015-12-31": "86.40000", "2014-12-31": "183.10010", "2013-12-31": "238.80000", "2012-12-31": "201.20010", "2011-12-31": "192.39990"}, "Basic Shares Outstanding": {"2019-12-31": "142.50000", "2018-12-31": "139.30000", "2017-12-31": "138.50000", "2016-12-31": "137.90000", "2015-12-31": "137.30000", "2014-12-31": "114.30000", "2013-12-31": "114.30000", "2012-12-31": "114.30000", "2011-12-31": "97.00000"}, "Shares Outstanding": {"2019-12-31": "143.20000", "2018-12-31": "139.60000", "2017-12-31": "138.90000", "2016-12-31": "138.40000", "2015-12-31": "137.30000", "2014-12-31": "114.80000", "2013-12-31": "114.80000", "2012-12-31": "114.80000", "2011-12-31": "97.00000"}, "Basic EPS": {"2019-12-31": "0.97000", "2018-12-31": "0.76000", "2017-12-31": "0.90000", "2016-12-31": "0.66000", "2015-12-31": "-0.21000", "2014-12-31": "2.69000", "2013-12-31": "1.26000", "2012-12-31": "0.99000", "2011-12-31": "1.10000"}, "EPS - Earnings Per Share": {"2019-12-31": "0.97000", "2018-12-31": "0.75000", "2017-12-31": "0.90000", "2016-12-31": "0.66000", "2015-12-31": "-0.21000", "2014-12-31": "2.67000", "2013-12-31": "1.25000", "2012-12-31": "0.99000", "2011-12-31": "1.10000"}}, "income statement, quarterly": {"Revenue": {"2020-09-30": "282.30000", "2020-06-30": "232.90000", "2020-03-31": "385.30000", "2019-12-31": "488.09990", "2019-09-30": "462.50000", "2019-06-30": "459.90000", "2019-03-31": "371.70000", "2018-12-31": "452.40000", "2018-09-30": "414.20000", "2018-06-30": "401.70000", "2018-03-31": "337.90000", "2017-12-31": "401.30000", "2017-09-30": "392.40000", "2017-06-30": "396.20000", "2017-03-31": "330.60000", "2016-12-31": "397.40010", "2016-09-30": "382.80000", "2016-06-30": "385.30000", "2016-03-31": "348.40000", "2015-12-31": "398.50010", "2015-09-30": "386.70000", "2015-06-30": "384.70000", "2015-03-31": "343.90000", "2014-12-31": "395.00000", "2014-09-30": "336.50000", "2014-06-30": "334.40000", "2014-03-31": "287.90000", "2013-12-31": "343.90000", "2013-09-30": "338.20000", "2013-06-30": "332.70000", "2013-03-31": "279.20000", "2012-12-31": "", "2011-12-31": ""}, "Cost Of Goods Sold": {"2020-09-30": "155.80000", "2020-06-30": "154.00000", "2020-03-31": "224.80000", "2019-12-31": "255.90000", "2019-09-30": "245.50000", "2019-06-30": "240.30000", "2019-03-31": "216.90000", "2018-12-31": "235.50000", "2018-09-30": "215.30000", "2018-06-30": "212.00000", "2018-03-31": "197.10000", "2017-12-31": "217.40000", "2017-09-30": "212.60000", "2017-06-30": "213.30000", "2017-03-31": "191.90000", "2016-12-31": "215.20000", "2016-09-30": "201.50000", "2016-06-30": "201.60000", "2016-03-31": "199.80000", "2015-12-31": "218.60000", "2015-09-30": "209.30000", "2015-06-30": "206.40000", "2015-03-31": "198.80000", "2014-12-31": "214.20000", "2014-09-30": "177.20000", "2014-06-30": "171.60000", "2014-03-31": "163.50000", "2013-12-31": "182.40000", "2013-09-30": "170.90000", "2013-06-30": "171.40000", "2013-03-31": "162.20000", "2012-12-31": "", "2011-12-31": ""}, "Gross Profit": {"2020-09-30": "126.50000", "2020-06-30": "78.90000", "2020-03-31": "160.50000", "2019-12-31": "232.19990", "2019-09-30": "217.00000", "2019-06-30": "219.60000", "2019-03-31": "154.80000", "2018-12-31": "216.90000", "2018-09-30": "198.90000", "2018-06-30": "189.70000", "2018-03-31": "140.80000", "2017-12-31": "183.90000", "2017-09-30": "179.80000", "2017-06-30": "182.90000", "2017-03-31": "138.70000", "2016-12-31": "182.20010", "2016-09-30": "181.30000", "2016-06-30": "183.70000", "2016-03-31": "148.60000", "2015-12-31": "179.90010", "2015-09-30": "177.40000", "2015-06-30": "178.30000", "2015-03-31": "145.10000", "2014-12-31": "180.80000", "2014-09-30": "159.30000", "2014-06-30": "162.80000", "2014-03-31": "124.40000", "2013-12-31": "161.50000", "2013-09-30": "167.30000", "2013-06-30": "161.30000", "2013-03-31": "117.00000", "2012-12-31": "", "2011-12-31": ""}, "Research And Development Expenses": {"2020-09-30": "", "2020-06-30": "", "2020-03-31": "", "2019-12-31": "", "2019-09-30": "", "2019-06-30": "", "2019-03-31": "", "2018-12-31": "", "2018-09-30": "", "2018-06-30": "", "2018-03-31": "", "2017-12-31": "", "2017-09-30": "", "2017-06-30": "", "2017-03-31": "", "2016-12-31": "", "2016-09-30": "", "2016-06-30": "", "2016-03-31": "", "2015-12-31": "", "2015-09-30": "", "2015-06-30": "", "2015-03-31": "", "2014-12-31": "", "2014-09-30": "", "2014-06-30": "", "2014-03-31": "", "2013-12-31": "0.00000", "2013-09-30": "", "2013-06-30": "", "2013-03-31": "", "2012-12-31": "", "2011-12-31": ""}, "SG&A Expenses": {"2020-09-30": "63.40000", "2020-06-30": "62.40000", "2020-03-31": "79.50000", "2019-12-31": "86.40000", "2019-09-30": "82.30000", "2019-06-30": "81.50000", "2019-03-31": "73.30000", "2018-12-31": "77.90000", "2018-09-30": "74.40000", "2018-06-30": "70.10000", "2018-03-31": "64.60000", "2017-12-31": "67.20000", "2017-09-30": "64.20000", "2017-06-30": "66.40000", "2017-03-31": "63.90000", "2016-12-31": "69.20000", "2016-09-30": "65.10000", "2016-06-30": "65.20000", "2016-03-31": "65.30000", "2015-12-31": "65.80000", "2015-09-30": "67.20000", "2015-06-30": "63.60000", "2015-03-31": "61.70000", "2014-12-31": "63.20000", "2014-09-30": "55.10000", "2014-06-30": "55.40000", "2014-03-31": "50.60000", "2013-12-31": "35.50000", "2013-09-30": "53.80000", "2013-06-30": "49.80000", "2013-03-31": "43.20000", "2012-12-31": "", "2011-12-31": ""}, "Other Operating Income Or Expenses": {"2020-09-30": "8.00000", "2020-06-30": "5.20000", "2020-03-31": "0.10000", "2019-12-31": "0.80000", "2019-09-30": "1.90000", "2019-06-30": "-0.40000", "2019-03-31": "1.50000", "2018-12-31": "1.30000", "2018-09-30": "1.30000", "2018-06-30": "-40.20000", "2018-03-31": "0.20000", "2017-12-31": "0.70000", "2017-09-30": "14.10000", "2017-06-30": "-0.10000", "2017-03-31": "-0.40000", "2016-12-31": "0.20000", "2016-09-30": "2.30000", "2016-06-30": "-0.20000", "2016-03-31": "-1.70000", "2015-12-31": "-103.70000", "2015-09-30": "0.00000", "2015-06-30": "-0.90000", "2015-03-31": "0.30000", "2014-12-31": "1.10000", "2014-09-30": "0.50000", "2014-06-30": "", "2014-03-31": "0.90000", "2013-12-31": "17.50000", "2013-09-30": "0.10000", "2013-06-30": "-0.10000", "2013-03-31": "9.80000", "2012-12-31": "", "2011-12-31": ""}, "Operating Expenses": {"2020-09-30": "257.20000", "2020-06-30": "258.80000", "2020-03-31": "351.50000", "2019-12-31": "390.10000", "2019-09-30": "377.00000", "2019-06-30": "371.20000", "2019-03-31": "334.80000", "2018-12-31": "361.09990", "2018-09-30": "335.30000", "2018-06-30": "368.80000", "2018-03-31": "306.20000", "2017-12-31": "330.90000", "2017-09-30": "312.10000", "2017-06-30": "331.20000", "2017-03-31": "304.60000", "2016-12-31": "339.20000", "2016-09-30": "319.30000", "2016-06-30": "326.30000", "2016-03-31": "324.20000", "2015-12-31": "446.00000", "2015-09-30": "334.00000", "2015-06-30": "330.10000", "2015-03-31": "317.30000", "2014-12-31": "344.49990", "2014-09-30": "288.90000", "2014-06-30": "276.10000", "2014-03-31": "261.20000", "2013-12-31": "267.20000", "2013-09-30": "273.60000", "2013-06-30": "269.90000", "2013-03-31": "244.50000", "2012-12-31": "", "2011-12-31": ""}, "Operating Income": {"2020-09-30": "25.10000", "2020-06-30": "-25.90000", "2020-03-31": "33.80000", "2019-12-31": "97.99990", "2019-09-30": "85.50000", "2019-06-30": "88.70000", "2019-03-31": "36.90000", "2018-12-31": "91.30010", "2018-09-30": "78.90000", "2018-06-30": "32.90000", "2018-03-31": "31.70000", "2017-12-31": "70.39990", "2017-09-30": "80.30000", "2017-06-30": "65.00000", "2017-03-31": "26.00000", "2016-12-31": "58.20010", "2016-09-30": "63.50000", "2016-06-30": "59.00000", "2016-03-31": "24.20000", "2015-12-31": "-47.49990", "2015-09-30": "52.70000", "2015-06-30": "54.60000", "2015-03-31": "26.60000", "2014-12-31": "50.50010", "2014-09-30": "47.60000", "2014-06-30": "58.30000", "2014-03-31": "26.70000", "2013-12-31": "76.70000", "2013-09-30": "64.60000", "2013-06-30": "62.80000", "2013-03-31": "34.70000", "2012-12-31": "", "2011-12-31": ""}, "Total Non-Operating Income/Expense": {"2020-09-30": "-34.30000", "2020-06-30": "-33.30000", "2020-03-31": "-29.60000", "2019-12-31": "-51.90000", "2019-09-30": "-44.90000", "2019-06-30": "-33.90000", "2019-03-31": "-32.60000", "2018-12-31": "-33.00000", "2018-09-30": "-31.80000", "2018-06-30": "-31.20000", "2018-03-31": "-30.10000", "2017-12-31": "-31.00000", "2017-09-30": "-29.00000", "2017-06-30": "-28.50000", "2017-03-31": "-28.10000", "2016-12-31": "-28.30000", "2016-09-30": "-28.30000", "2016-06-30": "-28.50000", "2016-03-31": "-28.80000", "2015-12-31": "-29.20000", "2015-09-30": "-29.30000", "2015-06-30": "-29.00000", "2015-03-31": "-27.70000", "2014-12-31": "-27.30000", "2014-09-30": "-26.30000", "2014-06-30": "-18.50000", "2014-03-31": "-13.00000", "2013-12-31": "-1.20000", "2013-09-30": "0.30000", "2013-06-30": "-0.10000", "2013-03-31": "-0.20000", "2012-12-31": "", "2011-12-31": ""}, "Pre-Tax Income": {"2020-09-30": "-9.20000", "2020-06-30": "-59.20000", "2020-03-31": "4.20000", "2019-12-31": "46.10000", "2019-09-30": "40.60000", "2019-06-30": "54.80000", "2019-03-31": "4.30000", "2018-12-31": "58.30000", "2018-09-30": "47.10000", "2018-06-30": "1.70000", "2018-03-31": "1.60000", "2017-12-31": "39.40000", "2017-09-30": "51.30000", "2017-06-30": "36.50000", "2017-03-31": "-2.10000", "2016-12-31": "29.90000", "2016-09-30": "35.20000", "2016-06-30": "30.50000", "2016-03-31": "-4.60000", "2015-12-31": "-76.70000", "2015-09-30": "23.40000", "2015-06-30": "25.60000", "2015-03-31": "-1.10000", "2014-12-31": "23.20000", "2014-09-30": "21.30000", "2014-06-30": "39.80000", "2014-03-31": "13.70000", "2013-12-31": "75.50000", "2013-09-30": "64.90000", "2013-06-30": "62.70000", "2013-03-31": "34.50000", "2012-12-31": "", "2011-12-31": ""}, "Income Taxes": {"2020-09-30": "3.50000", "2020-06-30": "-1.50000", "2020-03-31": "-1.70000", "2019-12-31": "2.40000", "2019-09-30": "3.30000", "2019-06-30": "6.20000", "2019-03-31": "-1.00000", "2018-12-31": "2.50000", "2018-09-30": "1.00000", "2018-06-30": "8.10000", "2018-03-31": "-6.70000", "2017-12-31": "4.90000", "2017-09-30": "2.00000", "2017-06-30": "0.90000", "2017-03-31": "-3.70000", "2016-12-31": "4.80000", "2016-09-30": "-1.50000", "2016-06-30": "3.40000", "2016-03-31": "-1.30000", "2015-12-31": "-1.60000", "2015-09-30": "3.90000", "2015-06-30": "4.50000", "2015-03-31": "-1.40000", "2014-12-31": "-3.10000", "2014-09-30": "-226.40000", "2014-06-30": "17.60000", "2014-03-31": "5.90000", "2013-12-31": "26.10000", "2013-09-30": "28.50000", "2013-06-30": "27.10000", "2013-03-31": "14.90000", "2012-12-31": "", "2011-12-31": ""}, "Income After Taxes": {"2020-09-30": "-12.70000", "2020-06-30": "-57.70000", "2020-03-31": "5.90000", "2019-12-31": "43.70000", "2019-09-30": "37.30000", "2019-06-30": "48.60000", "2019-03-31": "5.30000", "2018-12-31": "55.80000", "2018-09-30": "46.10000", "2018-06-30": "-6.40000", "2018-03-31": "8.30000", "2017-12-31": "34.50000", "2017-09-30": "49.30000", "2017-06-30": "35.60000", "2017-03-31": "1.60000", "2016-12-31": "25.10000", "2016-09-30": "36.70000", "2016-06-30": "27.10000", "2016-03-31": "-3.30000", "2015-12-31": "-75.10000", "2015-09-30": "19.50000", "2015-06-30": "21.10000", "2015-03-31": "0.30000", "2014-12-31": "26.30000", "2014-09-30": "247.70000", "2014-06-30": "22.20000", "2014-03-31": "7.80000", "2013-12-31": "49.40000", "2013-09-30": "36.40000", "2013-06-30": "35.60000", "2013-03-31": "19.60000", "2012-12-31": "", "2011-12-31": ""}, "Other Income": {"2020-09-30": "", "2020-06-30": "", "2020-03-31": "", "2019-12-31": "", "2019-09-30": "", "2019-06-30": "", "2019-03-31": "", "2018-12-31": "", "2018-09-30": "", "2018-06-30": "", "2018-03-31": "", "2017-12-31": "", "2017-09-30": "", "2017-06-30": "", "2017-03-31": "", "2016-12-31": "", "2016-09-30": "", "2016-06-30": "", "2016-03-31": "", "2015-12-31": "", "2015-09-30": "", "2015-06-30": "", "2015-03-31": "", "2014-12-31": "", "2014-09-30": "", "2014-06-30": "", "2014-03-31": "", "2013-12-31": "0.00000", "2013-09-30": "", "2013-06-30": "", "2013-03-31": "", "2012-12-31": "", "2011-12-31": ""}, "Income From Continuous Operations": {"2020-09-30": "-13.30000", "2020-06-30": "-58.00000", "2020-03-31": "6.30000", "2019-12-31": "45.50000", "2019-09-30": "38.70000", "2019-06-30": "50.30000", "2019-03-31": "6.10000", "2018-12-31": "57.20000", "2018-09-30": "46.80000", "2018-06-30": "-5.20000", "2018-03-31": "9.10000", "2017-12-31": "35.50000", "2017-09-30": "50.70000", "2017-06-30": "37.10000", "2017-03-31": "2.50000", "2016-12-31": "26.60000", "2016-09-30": "38.10000", "2016-06-30": "28.50000", "2016-03-31": "-2.30000", "2015-12-31": "-73.90000", "2015-09-30": "21.20000", "2015-06-30": "22.20000", "2015-03-31": "1.10000", "2014-12-31": "27.80000", "2014-09-30": "248.30000", "2014-06-30": "22.40000", "2014-03-31": "8.40000", "2013-12-31": "50.00000", "2013-09-30": "37.20000", "2013-06-30": "36.40000", "2013-03-31": "19.90000", "2012-12-31": "", "2011-12-31": ""}, "Income From Discontinued Operations": {"2020-09-30": "", "2020-06-30": "", "2020-03-31": "", "2019-12-31": "", "2019-09-30": "", "2019-06-30": "", "2019-03-31": "", "2018-12-31": "", "2018-09-30": "", "2018-06-30": "", "2018-03-31": "", "2017-12-31": "", "2017-09-30": "", "2017-06-30": "", "2017-03-31": "", "2016-12-31": "", "2016-09-30": "", "2016-06-30": "", "2016-03-31": "", "2015-12-31": "", "2015-09-30": "", "2015-06-30": "", "2015-03-31": "", "2014-12-31": "", "2014-09-30": "", "2014-06-30": "", "2014-03-31": "", "2013-12-31": "0.00000", "2013-09-30": "", "2013-06-30": "", "2013-03-31": "", "2012-12-31": "", "2011-12-31": ""}, "Net Income": {"2020-09-30": "-13.50000", "2020-06-30": "-57.90000", "2020-03-31": "6.10000", "2019-12-31": "45.00000", "2019-09-30": "38.70000", "2019-06-30": "50.30000", "2019-03-31": "6.10000", "2018-12-31": "57.20000", "2018-09-30": "46.80000", "2018-06-30": "-5.20000", "2018-03-31": "9.10000", "2017-12-31": "35.50000", "2017-09-30": "50.70000", "2017-06-30": "37.10000", "2017-03-31": "2.50000", "2016-12-31": "26.60000", "2016-09-30": "38.10000", "2016-06-30": "28.50000", "2016-03-31": "-2.30000", "2015-12-31": "-73.90000", "2015-09-30": "21.20000", "2015-06-30": "22.20000", "2015-03-31": "1.10000", "2014-12-31": "27.80000", "2014-09-30": "248.30000", "2014-06-30": "22.40000", "2014-03-31": "8.40000", "2013-12-31": "50.00000", "2013-09-30": "37.20000", "2013-06-30": "36.40000", "2013-03-31": "19.90000", "2012-12-31": "", "2011-12-31": ""}, "EBITDA": {"2020-09-30": "72.30000", "2020-06-30": "18.70000", "2020-03-31": "82.40000", "2019-12-31": "149.59990", "2019-09-30": "138.50000", "2019-06-30": "139.30000", "2019-03-31": "84.10000", "2018-12-31": "141.10010", "2018-09-30": "127.10000", "2018-06-30": "80.60000", "2018-03-31": "76.70000", "2017-12-31": "118.79990", "2017-09-30": "129.50000", "2017-06-30": "114.80000", "2017-03-31": "74.50000", "2016-12-31": "112.70010", "2016-09-30": "120.10000", "2016-06-30": "119.70000", "2016-03-31": "83.00000", "2015-12-31": "12.30010", "2015-09-30": "111.70000", "2015-06-30": "113.20000", "2015-03-31": "84.60000", "2014-12-31": "107.50010", "2014-09-30": "105.90000", "2014-06-30": "108.60000", "2014-03-31": "75.40000", "2013-12-31": "126.00000", "2013-09-30": "113.60000", "2013-06-30": "111.40000", "2013-03-31": "83.60000", "2012-12-31": "", "2011-12-31": ""}, "EBIT": {"2020-09-30": "25.10000", "2020-06-30": "-25.90000", "2020-03-31": "33.80000", "2019-12-31": "98.00000", "2019-09-30": "85.50000", "2019-06-30": "88.70000", "2019-03-31": "36.90000", "2018-12-31": "91.30000", "2018-09-30": "78.90000", "2018-06-30": "32.90000", "2018-03-31": "31.70000", "2017-12-31": "70.40000", "2017-09-30": "80.30000", "2017-06-30": "65.00000", "2017-03-31": "26.00000", "2016-12-31": "58.20000", "2016-09-30": "63.50000", "2016-06-30": "59.00000", "2016-03-31": "24.20000", "2015-12-31": "-47.50000", "2015-09-30": "52.70000", "2015-06-30": "54.60000", "2015-03-31": "26.60000", "2014-12-31": "50.50010", "2014-09-30": "47.60000", "2014-06-30": "58.30000", "2014-03-31": "26.70000", "2013-12-31": "76.70000", "2013-09-30": "64.60000", "2013-06-30": "62.80000", "2013-03-31": "34.70000", "2012-12-31": "", "2011-12-31": ""}, "Basic Shares Outstanding": {"2020-09-30": "144.40000", "2020-06-30": "144.40000", "2020-03-31": "143.90000", "2019-12-31": "142.50000", "2019-09-30": "143.40000", "2019-06-30": "142.30000", "2019-03-31": "140.70000", "2018-12-31": "139.30000", "2018-09-30": "139.30000", "2018-06-30": "139.20000", "2018-03-31": "138.80000", "2017-12-31": "138.50000", "2017-09-30": "138.60000", "2017-06-30": "138.60000", "2017-03-31": "138.30000", "2016-12-31": "137.90000", "2016-09-30": "138.00000", "2016-06-30": "137.90000", "2016-03-31": "137.60000", "2015-12-31": "137.30000", "2015-09-30": "137.50000", "2015-06-30": "137.40000", "2015-03-31": "136.90000", "2014-12-31": "114.30000", "2014-09-30": "120.00000", "2014-06-30": "119.70000", "2014-03-31": "97.00000", "2013-12-31": "120.20000", "2013-09-30": "120.00000", "2013-06-30": "119.70000", "2013-03-31": "97.00000", "2012-12-31": "", "2011-12-31": ""}, "Shares Outstanding": {"2020-09-30": "144.40000", "2020-06-30": "144.40000", "2020-03-31": "144.70000", "2019-12-31": "143.20000", "2019-09-30": "144.20000", "2019-06-30": "142.90000", "2019-03-31": "141.10000", "2018-12-31": "139.60000", "2018-09-30": "141.50000", "2018-06-30": "139.20000", "2018-03-31": "139.10000", "2017-12-31": "138.90000", "2017-09-30": "140.90000", "2017-06-30": "139.30000", "2017-03-31": "138.90000", "2016-12-31": "138.40000", "2016-09-30": "138.50000", "2016-06-30": "138.30000", "2016-03-31": "137.60000", "2015-12-31": "137.30000", "2015-09-30": "137.90000", "2015-06-30": "137.80000", "2015-03-31": "137.60000", "2014-12-31": "114.80000", "2014-09-30": "120.70000", "2014-06-30": "119.90000", "2014-03-31": "97.00000", "2013-12-31": "120.70000", "2013-09-30": "120.70000", "2013-06-30": "119.90000", "2013-03-31": "97.00000", "2012-12-31": "", "2011-12-31": ""}, "Basic EPS": {"2020-09-30": "-0.14000", "2020-06-30": "-0.44000", "2020-03-31": "0.04000", "2019-12-31": "0.31000", "2019-09-30": "0.27000", "2019-06-30": "0.35000", "2019-03-31": "0.04000", "2018-12-31": "0.41000", "2018-09-30": "0.33000", "2018-06-30": "-0.04000", "2018-03-31": "0.06000", "2017-12-31": "0.25000", "2017-09-30": "0.36000", "2017-06-30": "0.27000", "2017-03-31": "0.02000", "2016-12-31": "0.19000", "2016-09-30": "0.28000", "2016-06-30": "0.21000", "2016-03-31": "-0.02000", "2015-12-31": "-0.53000", "2015-09-30": "0.15000", "2015-06-30": "0.16000", "2015-03-31": "0.01000", "2014-12-31": "0.34000", "2014-09-30": "2.07000", "2014-06-30": "0.19000", "2014-03-31": "0.09000", "2013-12-31": "0.42000", "2013-09-30": "0.31000", "2013-06-30": "0.30000", "2013-03-31": "0.21000", "2012-12-31": "", "2011-12-31": ""}, "EPS - Earnings Per Share": {"2020-09-30": "-0.14000", "2020-06-30": "-0.44000", "2020-03-31": "0.04000", "2019-12-31": "0.31000", "2019-09-30": "0.27000", "2019-06-30": "0.35000", "2019-03-31": "0.04000", "2018-12-31": "0.40000", "2018-09-30": "0.33000", "2018-06-30": "-0.04000", "2018-03-31": "0.06000", "2017-12-31": "0.25000", "2017-09-30": "0.36000", "2017-06-30": "0.27000", "2017-03-31": "0.02000", "2016-12-31": "0.19000", "2016-09-30": "0.28000", "2016-06-30": "0.21000", "2016-03-31": "-0.02000", "2015-12-31": "-0.53000", "2015-09-30": "0.15000", "2015-06-30": "0.16000", "2015-03-31": "0.01000", "2014-12-31": "0.33000", "2014-09-30": "2.06000", "2014-06-30": "0.19000", "2014-03-31": "0.09000", "2013-12-31": "0.41000", "2013-09-30": "0.31000", "2013-06-30": "0.30000", "2013-03-31": "0.21000", "2012-12-31": "0.00000", "2011-12-31": "0.00000"}}, "balance sheet": {"Cash On Hand": {"2019-12-31": "60.90000", "2018-12-31": "54.10000", "2017-12-31": "48.30000", "2016-12-31": "65.20000", "2015-12-31": "101.60000", "2014-12-31": "28.50000", "2013-12-31": "29.80000", "2012-12-31": "20.20000", "2011-12-31": ""}, "Receivables": {"2019-12-31": "290.00000", "2018-12-31": "264.90000", "2017-12-31": "231.10000", "2016-12-31": "222.00000", "2015-12-31": "209.50000", "2014-12-31": "217.50000", "2013-12-31": "178.80000", "2012-12-31": "175.10000", "2011-12-31": ""}, "Inventory": {"2019-12-31": "", "2018-12-31": "", "2017-12-31": "", "2016-12-31": "", "2015-12-31": "", "2014-12-31": "", "2013-12-31": "", "2012-12-31": "", "2011-12-31": ""}, "Pre-Paid Expenses": {"2019-12-31": "79.80000", "2018-12-31": "102.10000", "2017-12-31": "86.80000", "2016-12-31": "83.20000", "2015-12-31": "83.40000", "2014-12-31": "94.30000", "2013-12-31": "78.20000", "2012-12-31": "87.60000", "2011-12-31": ""}, "Other Current Assets": {"2019-12-31": "5.10000", "2018-12-31": "8.40000", "2017-12-31": "9.80000", "2016-12-31": "7.80000", "2015-12-31": "17.70000", "2014-12-31": "12.70000", "2013-12-31": "5.90000", "2012-12-31": "6.00000", "2011-12-31": ""}, "Total Current Assets": {"2019-12-31": "435.80000", "2018-12-31": "429.50000", "2017-12-31": "376.00000", "2016-12-31": "378.20000", "2015-12-31": "412.20000", "2014-12-31": "355.30000", "2013-12-31": "317.20000", "2012-12-31": "315.00000", "2011-12-31": ""}, "Property, Plant, And Equipment": {"2019-12-31": "666.20000", "2018-12-31": "652.90000", "2017-12-31": "662.10000", "2016-12-31": "665.00000", "2015-12-31": "701.70000", "2014-12-31": "782.90000", "2013-12-31": "755.40000", "2012-12-31": "807.90000", "2011-12-31": ""}, "Long-Term Investments": {"2019-12-31": "", "2018-12-31": "", "2017-12-31": "", "2016-12-31": "", "2015-12-31": "", "2014-12-31": "", "2013-12-31": "", "2012-12-31": "", "2011-12-31": ""}, "Goodwill And Intangible Assets": {"2019-12-31": "2634.00000", "2018-12-31": "2616.90000", "2017-12-31": "2708.90000", "2016-12-31": "2634.70000", "2015-12-31": "2645.20000", "2014-12-31": "2787.40000", "2013-12-31": "2230.10000", "2012-12-31": "2297.20000", "2011-12-31": "0.00000"}, "Other Long-Term Assets": {"2019-12-31": "189.29990", "2018-12-31": "129.40000", "2017-12-31": "61.20000", "2016-12-31": "60.60000", "2015-12-31": "56.40000", "2014-12-31": "98.00000", "2013-12-31": "52.80000", "2012-12-31": "44.80000", "2011-12-31": ""}, "Total Long-Term Assets": {"2019-12-31": "4946.50000", "2018-12-31": "3399.20000", "2017-12-31": "3432.20000", "2016-12-31": "3360.30000", "2015-12-31": "3403.30000", "2014-12-31": "3668.30000", "2013-12-31": "3038.30000", "2012-12-31": "3149.90000", "2011-12-31": ""}, "Total Assets": {"2019-12-31": "5382.30000", "2018-12-31": "3828.70000", "2017-12-31": "3808.20000", "2016-12-31": "3738.50000", "2015-12-31": "3815.50000", "2014-12-31": "4023.60000", "2013-12-31": "3355.50000", "2012-12-31": "3464.90000", "2011-12-31": "0.00000"}, "Total Current Liabilities": {"2019-12-31": "650.00000", "2018-12-31": "402.60000", "2017-12-31": "299.60000", "2016-12-31": "251.50000", "2015-12-31": "265.60000", "2014-12-31": "255.20000", "2013-12-31": "212.20000", "2012-12-31": "205.60000", "2011-12-31": ""}, "Long Term Debt": {"2019-12-31": "2222.10000", "2018-12-31": "2149.60000", "2017-12-31": "2145.30000", "2016-12-31": "2136.80000", "2015-12-31": "2222.00000", "2014-12-31": "2198.30000", "2013-12-31": "", "2012-12-31": "", "2011-12-31": ""}, "Other Non-Current Liabilities": {"2019-12-31": "45.60000", "2018-12-31": "80.00000", "2017-12-31": "82.40000", "2016-12-31": "74.60000", "2015-12-31": "71.20000", "2014-12-31": "70.80000", "2013-12-31": "68.70000", "2012-12-31": "71.00000", "2011-12-31": ""}, "Total Long Term Liabilities": {"2019-12-31": "3605.90000", "2018-12-31": "2280.80000", "2017-12-31": "2282.00000", "2016-12-31": "2254.00000", "2015-12-31": "2337.30000", "2014-12-31": "2322.90000", "2013-12-31": "388.90000", "2012-12-31": "415.40000", "2011-12-31": ""}, "Total Liabilities": {"2019-12-31": "4255.90000", "2018-12-31": "2683.40000", "2017-12-31": "2581.60000", "2016-12-31": "2505.50000", "2015-12-31": "2602.90000", "2014-12-31": "2578.10000", "2013-12-31": "601.10000", "2012-12-31": "621.00000", "2011-12-31": "0.00000"}, "Common Stock Net": {"2019-12-31": "1.40000", "2018-12-31": "1.40000", "2017-12-31": "1.40000", "2016-12-31": "1.40000", "2015-12-31": "1.40000", "2014-12-31": "1.40000", "2013-12-31": "2829.50000", "2012-12-31": "2909.90000", "2011-12-31": "0.00000"}, "Retained Earnings (Accumulated Deficit)": {"2019-12-31": "-964.60000", "2018-12-31": "-871.60000", "2017-12-31": "-775.60000", "2016-12-31": "-699.50000", "2015-12-31": "-602.20000", "2014-12-31": "-377.00000", "2013-12-31": "", "2012-12-31": "", "2011-12-31": ""}, "Comprehensive Income": {"2019-12-31": "-17.70000", "2018-12-31": "-22.00000", "2017-12-31": "-7.70000", "2016-12-31": "-18.50000", "2015-12-31": "-120.90000", "2014-12-31": "-90.10000", "2013-12-31": "-75.10000", "2012-12-31": "-66.00000", "2011-12-31": ""}, "Other Share Holders Equity": {"2019-12-31": "", "2018-12-31": "", "2017-12-31": "", "2016-12-31": "", "2015-12-31": "", "2014-12-31": "", "2013-12-31": "", "2012-12-31": "", "2011-12-31": "0.00000"}, "Share Holder Equity": {"2019-12-31": "1126.40000", "2018-12-31": "1145.30000", "2017-12-31": "1226.60000", "2016-12-31": "1233.00000", "2015-12-31": "1212.60000", "2014-12-31": "1445.50000", "2013-12-31": "2754.40000", "2012-12-31": "2843.90000", "2011-12-31": "0.00000"}, "Total Liabilities And Share Holders Equity": {"2019-12-31": "5382.30000", "2018-12-31": "3828.70000", "2017-12-31": "3808.20000", "2016-12-31": "3738.50000", "2015-12-31": "3815.50000", "2014-12-31": "4023.60000", "2013-12-31": "3355.50000", "2012-12-31": "3464.90000", "2011-12-31": "0.00000"}}, "balance sheet, quarterly": {"Cash On Hand": {"2020-09-30": "692.20000", "2020-06-30": "649.60000", "2020-03-31": "489.60000", "2019-12-31": "60.90000", "2019-09-30": "63.70000", "2019-06-30": "476.20000", "2019-03-31": "54.10000", "2018-12-31": "54.10000", "2018-09-30": "58.10000", "2018-06-30": "41.70000", "2018-03-31": "52.50000", "2017-12-31": "48.30000", "2017-09-30": "42.00000", "2017-06-30": "23.10000", "2017-03-31": "26.30000", "2016-12-31": "65.20000", "2016-09-30": "73.10000", "2016-06-30": "61.00000", "2016-03-31": "43.20000", "2015-12-31": "101.60000", "2015-09-30": "106.40000", "2015-06-30": "68.40000", "2015-03-31": "56.00000", "2014-12-31": "28.50000", "2014-09-30": "272.20000", "2014-06-30": "223.40000", "2014-03-31": "113.90000", "2013-12-31": "29.80000", "2013-09-30": "", "2013-06-30": "", "2013-03-31": "", "2012-12-31": "20.20000", "2011-12-31": ""}, "Receivables": {"2020-09-30": "191.40000", "2020-06-30": "200.00000", "2020-03-31": "260.80000", "2019-12-31": "290.00000", "2019-09-30": "290.70000", "2019-06-30": "277.90000", "2019-03-31": "229.10000", "2018-12-31": "264.90000", "2018-09-30": "260.80000", "2018-06-30": "239.90000", "2018-03-31": "188.80000", "2017-12-31": "231.10000", "2017-09-30": "240.60000", "2017-06-30": "237.70000", "2017-03-31": "181.90000", "2016-12-31": "222.00000", "2016-09-30": "216.50000", "2016-06-30": "213.60000", "2016-03-31": "189.00000", "2015-12-31": "209.50000", "2015-09-30": "227.10000", "2015-06-30": "224.40000", "2015-03-31": "201.00000", "2014-12-31": "217.50000", "2014-09-30": "175.60000", "2014-06-30": "169.60000", "2014-03-31": "155.20000", "2013-12-31": "178.80000", "2013-09-30": "", "2013-06-30": "", "2013-03-31": "", "2012-12-31": "175.10000", "2011-12-31": ""}, "Inventory": {"2020-09-30": "", "2020-06-30": "", "2020-03-31": "", "2019-12-31": "", "2019-09-30": "", "2019-06-30": "", "2019-03-31": "", "2018-12-31": "", "2018-09-30": "", "2018-06-30": "", "2018-03-31": "", "2017-12-31": "", "2017-09-30": "", "2017-06-30": "", "2017-03-31": "", "2016-12-31": "", "2016-09-30": "", "2016-06-30": "", "2016-03-31": "", "2015-12-31": "", "2015-09-30": "", "2015-06-30": "", "2015-03-31": "", "2014-12-31": "", "2014-09-30": "", "2014-06-30": "", "2014-03-31": "", "2013-12-31": "", "2013-09-30": "", "2013-06-30": "", "2013-03-31": "", "2012-12-31": "", "2011-12-31": ""}, "Pre-Paid Expenses": {"2020-09-30": "23.10000", "2020-06-30": "25.70000", "2020-03-31": "24.70000", "2019-12-31": "79.80000", "2019-09-30": "95.10000", "2019-06-30": "85.70000", "2019-03-31": "59.80000", "2018-12-31": "102.10000", "2018-09-30": "101.30000", "2018-06-30": "97.70000", "2018-03-31": "102.30000", "2017-12-31": "86.80000", "2017-09-30": "69.70000", "2017-06-30": "80.20000", "2017-03-31": "92.20000", "2016-12-31": "83.20000", "2016-09-30": "91.30000", "2016-06-30": "85.40000", "2016-03-31": "107.70000", "2015-12-31": "83.40000", "2015-09-30": "113.80000", "2015-06-30": "130.40000", "2015-03-31": "152.30000", "2014-12-31": "94.30000", "2014-09-30": "98.60000", "2014-06-30": "118.80000", "2014-03-31": "132.60000", "2013-12-31": "78.20000", "2013-09-30": "", "2013-06-30": "", "2013-03-31": "", "2012-12-31": "", "2011-12-31": ""}, "Other Current Assets": {"2020-09-30": "31.50000", "2020-06-30": "12.40000", "2020-03-31": "7.60000", "2019-12-31": "5.10000", "2019-09-30": "10.50000", "2019-06-30": "7.00000", "2019-03-31": "8.70000", "2018-12-31": "8.40000", "2018-09-30": "9.80000", "2018-06-30": "8.20000", "2018-03-31": "10.80000", "2017-12-31": "9.80000", "2017-09-30": "8.50000", "2017-06-30": "9.20000", "2017-03-31": "11.10000", "2016-12-31": "7.80000", "2016-09-30": "7.30000", "2016-06-30": "9.20000", "2016-03-31": "20.60000", "2015-12-31": "17.70000", "2015-09-30": "14.50000", "2015-06-30": "14.30000", "2015-03-31": "14.90000", "2014-12-31": "12.70000", "2014-09-30": "12.40000", "2014-06-30": "14.10000", "2014-03-31": "11.50000", "2013-12-31": "5.90000", "2013-09-30": "", "2013-06-30": "", "2013-03-31": "", "2012-12-31": "119.70000", "2011-12-31": ""}, "Total Current Assets": {"2020-09-30": "938.20000", "2020-06-30": "887.70000", "2020-03-31": "782.70000", "2019-12-31": "435.80000", "2019-09-30": "460.00000", "2019-06-30": "846.80000", "2019-03-31": "351.70000", "2018-12-31": "429.50000", "2018-09-30": "430.00000", "2018-06-30": "387.50000", "2018-03-31": "354.40000", "2017-12-31": "376.00000", "2017-09-30": "360.80000", "2017-06-30": "350.20000", "2017-03-31": "311.50000", "2016-12-31": "378.20000", "2016-09-30": "388.20000", "2016-06-30": "369.20000", "2016-03-31": "360.50000", "2015-12-31": "412.20000", "2015-09-30": "463.30000", "2015-06-30": "439.20000", "2015-03-31": "425.90000", "2014-12-31": "355.30000", "2014-09-30": "560.80000", "2014-06-30": "550.50000", "2014-03-31": "437.80000", "2013-12-31": "317.20000", "2013-09-30": "", "2013-06-30": "", "2013-03-31": "", "2012-12-31": "315.00000", "2011-12-31": ""}, "Property, Plant, And Equipment": {"2020-09-30": "644.20000", "2020-06-30": "657.80000", "2020-03-31": "665.80000", "2019-12-31": "666.20000", "2019-09-30": "665.80000", "2019-06-30": "660.40000", "2019-03-31": "654.70000", "2018-12-31": "652.90000", "2018-09-30": "657.50000", "2018-06-30": "663.30000", "2018-03-31": "660.60000", "2017-12-31": "662.10000", "2017-09-30": "671.20000", "2017-06-30": "677.10000", "2017-03-31": "658.40000", "2016-12-31": "665.00000", "2016-09-30": "670.00000", "2016-06-30": "681.10000", "2016-03-31": "691.70000", "2015-12-31": "701.70000", "2015-09-30": "731.20000", "2015-06-30": "747.80000", "2015-03-31": "770.40000", "2014-12-31": "782.90000", "2014-09-30": "704.40000", "2014-06-30": "721.30000", "2014-03-31": "733.60000", "2013-12-31": "755.40000", "2013-09-30": "", "2013-06-30": "", "2013-03-31": "", "2012-12-31": "1879.20000", "2011-12-31": ""}, "Long-Term Investments": {"2020-09-30": "", "2020-06-30": "", "2020-03-31": "", "2019-12-31": "", "2019-09-30": "", "2019-06-30": "", "2019-03-31": "", "2018-12-31": "", "2018-09-30": "", "2018-06-30": "", "2018-03-31": "", "2017-12-31": "", "2017-09-30": "", "2017-06-30": "", "2017-03-31": "", "2016-12-31": "", "2016-09-30": "", "2016-06-30": "", "2016-03-31": "", "2015-12-31": "", "2015-09-30": "", "2015-06-30": "", "2015-03-31": "", "2014-12-31": "", "2014-09-30": "", "2014-06-30": "", "2014-03-31": "", "2013-12-31": "", "2013-09-30": "", "2013-06-30": "", "2013-03-31": "", "2012-12-31": "", "2011-12-31": ""}, "Goodwill And Intangible Assets": {"2020-09-30": "2626.10000", "2020-06-30": "2641.40000", "2020-03-31": "2644.00000", "2019-12-31": "2634.00000", "2019-09-30": "2631.40000", "2019-06-30": "2633.60000", "2019-03-31": "2612.70000", "2018-12-31": "2616.90000", "2018-09-30": "2630.60000", "2018-06-30": "2638.80000", "2018-03-31": "2694.80000", "2017-12-31": "2708.90000", "2017-09-30": "2714.30000", "2017-06-30": "2708.60000", "2017-03-31": "2624.50000", "2016-12-31": "2634.70000", "2016-09-30": "2651.30000", "2016-06-30": "2667.70000", "2016-03-31": "2687.80000", "2015-12-31": "2645.20000", "2015-09-30": "2725.10000", "2015-06-30": "2750.80000", "2015-03-31": "2766.60000", "2014-12-31": "2787.40000", "2014-09-30": "2180.50000", "2014-06-30": "2200.00000", "2014-03-31": "2212.70000", "2013-12-31": "2230.10000", "2013-09-30": "0.00000", "2013-06-30": "0.00000", "2013-03-31": "0.00000", "2012-12-31": "2297.20000", "2011-12-31": "0.00000"}, "Other Long-Term Assets": {"2020-09-30": "239.80000", "2020-06-30": "247.89990", "2020-03-31": "240.90000", "2019-12-31": "189.30000", "2019-09-30": "155.60000", "2019-06-30": "135.20010", "2019-03-31": "130.10000", "2018-12-31": "129.40000", "2018-09-30": "97.90000", "2018-06-30": "85.50000", "2018-03-31": "60.90000", "2017-12-31": "61.20000", "2017-09-30": "67.60000", "2017-06-30": "64.80000", "2017-03-31": "62.10000", "2016-12-31": "60.60000", "2016-09-30": "60.80000", "2016-06-30": "63.10000", "2016-03-31": "59.30000", "2015-12-31": "56.40000", "2015-09-30": "90.70000", "2015-06-30": "91.50000", "2015-03-31": "94.30000", "2014-12-31": "98.00000", "2014-09-30": "77.10000", "2014-06-30": "72.20000", "2014-03-31": "74.30000", "2013-12-31": "52.80000", "2013-09-30": "", "2013-06-30": "", "2013-03-31": "", "2012-12-31": "44.80000", "2011-12-31": ""}, "Total Long-Term Assets": {"2020-09-30": "4932.30000", "2020-06-30": "4999.40000", "2020-03-31": "5021.60000", "2019-12-31": "4946.50000", "2019-09-30": "4860.90000", "2019-06-30": "4818.20000", "2019-03-31": "4725.30000", "2018-12-31": "3399.20000", "2018-09-30": "3386.00000", "2018-06-30": "3387.60000", "2018-03-31": "3416.30000", "2017-12-31": "3432.20000", "2017-09-30": "3453.10000", "2017-06-30": "3450.50000", "2017-03-31": "3345.00000", "2016-12-31": "3360.30000", "2016-09-30": "3382.10000", "2016-06-30": "3411.90000", "2016-03-31": "3438.80000", "2015-12-31": "3403.30000", "2015-09-30": "3547.00000", "2015-06-30": "3590.10000", "2015-03-31": "3631.30000", "2014-12-31": "3668.30000", "2014-09-30": "2962.00000", "2014-06-30": "2993.50000", "2014-03-31": "3020.60000", "2013-12-31": "3038.30000", "2013-09-30": "", "2013-06-30": "", "2013-03-31": "", "2012-12-31": "4221.20000", "2011-12-31": ""}, "Total Assets": {"2020-09-30": "5870.50000", "2020-06-30": "5887.10000", "2020-03-31": "5804.30000", "2019-12-31": "5382.30000", "2019-09-30": "5320.90000", "2019-06-30": "5665.00000", "2019-03-31": "5077.00000", "2018-12-31": "3828.70000", "2018-09-30": "3816.00000", "2018-06-30": "3775.10000", "2018-03-31": "3770.70000", "2017-12-31": "3808.20000", "2017-09-30": "3813.90000", "2017-06-30": "3800.70000", "2017-03-31": "3656.50000", "2016-12-31": "3738.50000", "2016-09-30": "3770.30000", "2016-06-30": "3781.10000", "2016-03-31": "3799.30000", "2015-12-31": "3815.50000", "2015-09-30": "4010.30000", "2015-06-30": "4029.30000", "2015-03-31": "4057.20000", "2014-12-31": "4023.60000", "2014-09-30": "3522.80000", "2014-06-30": "3544.00000", "2014-03-31": "3458.40000", "2013-12-31": "3355.50000", "2013-09-30": "0.00000", "2013-06-30": "0.00000", "2013-03-31": "0.00000", "2012-12-31": "3464.90000", "2011-12-31": "0.00000"}, "Total Current Liabilities": {"2020-09-30": "527.00000", "2020-06-30": "507.70000", "2020-03-31": "642.60000", "2019-12-31": "650.00000", "2019-09-30": "645.10000", "2019-06-30": "959.30000", "2019-03-31": "538.50000", "2018-12-31": "402.60000", "2018-09-30": "398.40000", "2018-06-30": "303.40000", "2018-03-31": "304.70000", "2017-12-31": "299.60000", "2017-09-30": "293.80000", "2017-06-30": "297.40000", "2017-03-31": "210.70000", "2016-12-31": "251.50000", "2016-09-30": "236.60000", "2016-06-30": "225.40000", "2016-03-31": "292.10000", "2015-12-31": "265.60000", "2015-09-30": "253.30000", "2015-06-30": "236.30000", "2015-03-31": "249.30000", "2014-12-31": "255.20000", "2014-09-30": "237.90000", "2014-06-30": "203.10000", "2014-03-31": "197.60000", "2013-12-31": "212.20000", "2013-09-30": "", "2013-06-30": "", "2013-03-31": "", "2012-12-31": "205.60000", "2011-12-31": ""}, "Long Term Debt": {"2020-09-30": "2619.60000", "2020-06-30": "2618.40000", "2020-03-31": "2718.00000", "2019-12-31": "2222.10000", "2019-09-30": "2212.50000", "2019-06-30": "2245.90000", "2019-03-31": "2185.70000", "2018-12-31": "2149.60000", "2018-09-30": "2158.50000", "2018-06-30": "2216.50000", "2018-03-31": "2156.40000", "2017-12-31": "2145.30000", "2017-09-30": "2144.70000", "2017-06-30": "2143.60000", "2017-03-31": "2142.50000", "2016-12-31": "2136.80000", "2016-09-30": "2165.50000", "2016-06-30": "2184.30000", "2016-03-31": "2222.90000", "2015-12-31": "2222.00000", "2015-09-30": "2301.70000", "2015-06-30": "2301.70000", "2015-03-31": "2301.70000", "2014-12-31": "2198.30000", "2014-09-30": "1598.20000", "2014-06-30": "1598.10000", "2014-03-31": "1598.00000", "2013-12-31": "", "2013-09-30": "", "2013-06-30": "", "2013-03-31": "", "2012-12-31": "", "2011-12-31": ""}, "Other Non-Current Liabilities": {"2020-09-30": "50.50000", "2020-06-30": "50.70000", "2020-03-31": "49.00000", "2019-12-31": "45.60000", "2019-09-30": "45.70000", "2019-06-30": "49.70000", "2019-03-31": "42.50000", "2018-12-31": "80.00000", "2018-09-30": "81.00000", "2018-06-30": "80.80000", "2018-03-31": "80.60000", "2017-12-31": "82.40000", "2017-09-30": "79.10000", "2017-06-30": "77.80000", "2017-03-31": "76.70000", "2016-12-31": "74.60000", "2016-09-30": "73.50000", "2016-06-30": "71.80000", "2016-03-31": "69.30000", "2015-12-31": "71.20000", "2015-09-30": "70.00000", "2015-06-30": "69.20000", "2015-03-31": "67.20000", "2014-12-31": "70.80000", "2014-09-30": "64.60000", "2014-06-30": "65.60000", "2014-03-31": "65.90000", "2013-12-31": "68.70000", "2013-09-30": "", "2013-06-30": "", "2013-03-31": "", "2012-12-31": "101.60000", "2011-12-31": ""}, "Total Long Term Liabilities": {"2020-09-30": "3968.10000", "2020-06-30": "3992.70000", "2020-03-31": "4104.70000", "2019-12-31": "3605.90000", "2019-09-30": "3549.60000", "2019-06-30": "3570.80000", "2019-03-31": "3446.60000", "2018-12-31": "2280.80000", "2018-09-30": "2293.90000", "2018-06-30": "2351.20000", "2018-03-31": "2288.60000", "2017-12-31": "2282.00000", "2017-09-30": "2279.60000", "2017-06-30": "2276.70000", "2017-03-31": "2260.50000", "2016-12-31": "2254.00000", "2016-09-30": "2282.30000", "2016-06-30": "2300.10000", "2016-03-31": "2337.00000", "2015-12-31": "2337.30000", "2015-09-30": "2423.00000", "2015-06-30": "2422.70000", "2015-03-31": "2419.90000", "2014-12-31": "2322.90000", "2014-09-30": "1717.90000", "2014-06-30": "1971.80000", "2014-03-31": "1975.30000", "2013-12-31": "388.90000", "2013-09-30": "", "2013-06-30": "", "2013-03-31": "", "2012-12-31": "415.40000", "2011-12-31": ""}, "Total Liabilities": {"2020-09-30": "4495.10000", "2020-06-30": "4500.40000", "2020-03-31": "4747.30000", "2019-12-31": "4255.90000", "2019-09-30": "4194.70000", "2019-06-30": "4530.10000", "2019-03-31": "3985.10000", "2018-12-31": "2683.40000", "2018-09-30": "2692.30000", "2018-06-30": "2654.60000", "2018-03-31": "2593.30000", "2017-12-31": "2581.60000", "2017-09-30": "2573.40000", "2017-06-30": "2574.10000", "2017-03-31": "2471.20000", "2016-12-31": "2505.50000", "2016-09-30": "2518.90000", "2016-06-30": "2525.50000", "2016-03-31": "2629.10000", "2015-12-31": "2602.90000", "2015-09-30": "2676.30000", "2015-06-30": "2659.00000", "2015-03-31": "2669.20000", "2014-12-31": "2578.10000", "2014-09-30": "1955.80000", "2014-06-30": "2174.90000", "2014-03-31": "2172.90000", "2013-12-31": "601.10000", "2013-09-30": "0.00000", "2013-06-30": "0.00000", "2013-03-31": "0.00000", "2012-12-31": "621.00000", "2011-12-31": "0.00000"}, "Common Stock Net": {"2020-09-30": "1.40000", "2020-06-30": "1.40000", "2020-03-31": "1.40000", "2019-12-31": "1.40000", "2019-09-30": "1.40000", "2019-06-30": "1.40000", "2019-03-31": "1.40000", "2018-12-31": "1.40000", "2018-09-30": "1.40000", "2018-06-30": "1.40000", "2018-03-31": "1.40000", "2017-12-31": "1.40000", "2017-09-30": "1.40000", "2017-06-30": "1.40000", "2017-03-31": "1.40000", "2016-12-31": "1.40000", "2016-09-30": "1.40000", "2016-06-30": "1.40000", "2016-03-31": "1.40000", "2015-12-31": "1.40000", "2015-09-30": "1.40000", "2015-06-30": "1.40000", "2015-03-31": "1.40000", "2014-12-31": "1.40000", "2014-09-30": "1.20000", "2014-06-30": "1.20000", "2014-03-31": "1.00000", "2013-12-31": "2829.50000", "2013-09-30": "0.00000", "2013-06-30": "0.00000", "2013-03-31": "0.00000", "2012-12-31": "2909.90000", "2011-12-31": "0.00000"}, "Retained Earnings (Accumulated Deficit)": {"2020-09-30": "-1097.70000", "2020-06-30": "-1077.20000", "2020-03-31": "-1013.80000", "2019-12-31": "-964.60000", "2019-09-30": "-957.30000", "2019-06-30": "-943.90000", "2019-03-31": "-941.90000", "2018-12-31": "-871.60000", "2018-09-30": "-877.60000", "2018-06-30": "-873.50000", "2018-03-31": "-817.40000", "2017-12-31": "-775.60000", "2017-09-30": "-760.30000", "2017-06-30": "-760.30000", "2017-03-31": "-747.40000", "2016-12-31": "-699.50000", "2016-09-30": "-679.10000", "2016-06-30": "-670.20000", "2016-03-31": "-651.30000", "2015-12-31": "-602.20000", "2015-09-30": "-480.80000", "2015-06-30": "-455.30000", "2015-03-31": "-430.80000", "2014-12-31": "-377.00000", "2014-09-30": "188.40000", "2014-06-30": "-15.20000", "2014-03-31": "7.30000", "2013-12-31": "", "2013-09-30": "", "2013-06-30": "", "2013-03-31": "", "2012-12-31": "", "2011-12-31": ""}, "Comprehensive Income": {"2020-09-30": "-23.10000", "2020-06-30": "-26.90000", "2020-03-31": "-31.80000", "2019-12-31": "-17.70000", "2019-09-30": "-18.70000", "2019-06-30": "-17.70000", "2019-03-31": "-20.20000", "2018-12-31": "-22.00000", "2018-09-30": "-16.90000", "2018-06-30": "-18.60000", "2018-03-31": "-12.80000", "2017-12-31": "-7.70000", "2017-09-30": "-4.80000", "2017-06-30": "-13.10000", "2017-03-31": "-17.40000", "2016-12-31": "-18.50000", "2016-09-30": "-16.30000", "2016-06-30": "-14.90000", "2016-03-31": "-114.90000", "2015-12-31": "-120.90000", "2015-09-30": "-115.90000", "2015-06-30": "-100.90000", "2015-03-31": "-103.20000", "2014-12-31": "-90.10000", "2014-09-30": "-79.20000", "2014-06-30": "-69.80000", "2014-03-31": "-73.10000", "2013-12-31": "-75.10000", "2013-09-30": "", "2013-06-30": "", "2013-03-31": "", "2012-12-31": "", "2011-12-31": ""}, "Other Share Holders Equity": {"2020-09-30": "", "2020-06-30": "", "2020-03-31": "", "2019-12-31": "", "2019-09-30": "", "2019-06-30": "", "2019-03-31": "", "2018-12-31": "", "2018-09-30": "", "2018-06-30": "", "2018-03-31": "", "2017-12-31": "", "2017-09-30": "", "2017-06-30": "", "2017-03-31": "", "2016-12-31": "", "2016-09-30": "", "2016-06-30": "", "2016-03-31": "", "2015-12-31": "", "2015-09-30": "", "2015-06-30": "", "2015-03-31": "", "2014-12-31": "", "2014-09-30": "", "2014-06-30": "", "2014-03-31": "", "2013-12-31": "", "2013-09-30": "0.00000", "2013-06-30": "0.00000", "2013-03-31": "0.00000", "2012-12-31": "-66.00000", "2011-12-31": "0.00000"}, "Share Holder Equity": {"2020-09-30": "1375.40000", "2020-06-30": "1386.70000", "2020-03-31": "1057.00000", "2019-12-31": "1126.40000", "2019-09-30": "1126.20000", "2019-06-30": "1134.90000", "2019-03-31": "1091.90000", "2018-12-31": "1145.30000", "2018-09-30": "1123.70000", "2018-06-30": "1120.50000", "2018-03-31": "1177.40000", "2017-12-31": "1226.60000", "2017-09-30": "1240.50000", "2017-06-30": "1226.60000", "2017-03-31": "1185.30000", "2016-12-31": "1233.00000", "2016-09-30": "1251.40000", "2016-06-30": "1255.60000", "2016-03-31": "1170.20000", "2015-12-31": "1212.60000", "2015-09-30": "1334.00000", "2015-06-30": "1370.30000", "2015-03-31": "1388.00000", "2014-12-31": "1445.50000", "2014-09-30": "1567.00000", "2014-06-30": "1369.10000", "2014-03-31": "1285.50000", "2013-12-31": "2754.40000", "2013-09-30": "0.00000", "2013-06-30": "0.00000", "2013-03-31": "0.00000", "2012-12-31": "2843.90000", "2011-12-31": "0.00000"}, "Total Liabilities And Share Holders Equity": {"2020-09-30": "5870.50000", "2020-06-30": "5887.10000", "2020-03-31": "5804.30000", "2019-12-31": "5382.30000", "2019-09-30": "5320.90000", "2019-06-30": "5665.00000", "2019-03-31": "5077.00000", "2018-12-31": "3828.70000", "2018-09-30": "3816.00000", "2018-06-30": "3775.10000", "2018-03-31": "3770.70000", "2017-12-31": "3808.20000", "2017-09-30": "3813.90000", "2017-06-30": "3800.70000", "2017-03-31": "3656.50000", "2016-12-31": "3738.50000", "2016-09-30": "3770.30000", "2016-06-30": "3781.10000", "2016-03-31": "3799.30000", "2015-12-31": "3815.50000", "2015-09-30": "4010.30000", "2015-06-30": "4029.30000", "2015-03-31": "4057.20000", "2014-12-31": "4023.60000", "2014-09-30": "3522.80000", "2014-06-30": "3544.00000", "2014-03-31": "3458.40000", "2013-12-31": "3355.50000", "2013-09-30": "0.00000", "2013-06-30": "0.00000", "2013-03-31": "0.00000", "2012-12-31": "3464.90000", "2011-12-31": "0.00000"}}, "cash flow statement": {"Net Income/Loss": {"2019-12-31": "140.10000", "2018-12-31": "107.90000", "2017-12-31": "125.80000", "2016-12-31": "90.90000", "2015-12-31": "-29.40000", "2014-12-31": "306.90000", "2013-12-31": "143.50000", "2012-12-31": "113.40000", "2011-12-31": "107.10000"}, "Total Depreciation And Amortization - Cash Flow": {"2019-12-31": "202.40000", "2018-12-31": "190.70000", "2017-12-31": "195.90000", "2016-12-31": "230.60000", "2015-12-31": "235.40000", "2014-12-31": "214.30000", "2013-12-31": "195.80000", "2012-12-31": "196.80000", "2011-12-31": "211.90000"}, "Other Non-Cash Items": {"2019-12-31": "7.60000", "2018-12-31": "19.10000", "2017-12-31": "-28.70000", "2016-12-31": "-15.70000", "2015-12-31": "90.00000", "2014-12-31": "-226.30000", "2013-12-31": "-30.80000", "2012-12-31": "11.10000", "2011-12-31": "47.30000"}, "Total Non-Cash Items": {"2019-12-31": "210.00000", "2018-12-31": "209.80000", "2017-12-31": "167.20000", "2016-12-31": "214.90000", "2015-12-31": "325.40000", "2014-12-31": "-12.00000", "2013-12-31": "165.00000", "2012-12-31": "207.90000", "2011-12-31": "259.20000"}, "Change In Accounts Receivable": {"2019-12-31": "-29.50000", "2018-12-31": "-37.20000", "2017-12-31": "-9.50000", "2016-12-31": "-11.70000", "2015-12-31": "-13.30000", "2014-12-31": "-0.60000", "2013-12-31": "-7.10000", "2012-12-31": "7.60000", "2011-12-31": "7.60000"}, "Change In Inventories": {"2019-12-31": "", "2018-12-31": "", "2017-12-31": "", "2016-12-31": "", "2015-12-31": "", "2014-12-31": "", "2013-12-31": "", "2012-12-31": "", "2011-12-31": ""}, "Change In Accounts Payable": {"2019-12-31": "", "2018-12-31": "", "2017-12-31": "", "2016-12-31": "", "2015-12-31": "", "2014-12-31": "", "2013-12-31": "", "2012-12-31": "", "2011-12-31": ""}, "Change In Assets/Liabilities": {"2019-12-31": "-82.60000", "2018-12-31": "-66.50000", "2017-12-31": "-3.70000", "2016-12-31": "-0.50000", "2015-12-31": "0.30000", "2014-12-31": "-16.20000", "2013-12-31": "16.60000", "2012-12-31": "4.80000", "2011-12-31": "-1.30000"}, "Total Change In Assets/Liabilities": {"2019-12-31": "-75.60000", "2018-12-31": "-85.10000", "2017-12-31": "-43.00000", "2016-12-31": "-13.00000", "2015-12-31": "-1.80000", "2014-12-31": "-31.60000", "2013-12-31": "-29.20000", "2012-12-31": "-17.90000", "2011-12-31": "-25.60000"}, "Cash Flow From Operating Activities": {"2019-12-31": "276.90000", "2018-12-31": "214.30000", "2017-12-31": "249.30000", "2016-12-31": "287.10000", "2015-12-31": "293.10000", "2014-12-31": "262.80000", "2013-12-31": "281.10000", "2012-12-31": "305.90000", "2011-12-31": "342.10000"}, "Net Change In Property, Plant, And Equipment": {"2019-12-31": "-89.90000", "2018-12-31": "-82.30000", "2017-12-31": "-70.80000", "2016-12-31": "-59.40000", "2015-12-31": "-59.20000", "2014-12-31": "-64.20000", "2013-12-31": "-60.90000", "2012-12-31": "-48.20000", "2011-12-31": "-45.60000"}, "Net Change In Intangible Assets": {"2019-12-31": "-24.00000", "2018-12-31": "-13.30000", "2017-12-31": "-0.90000", "2016-12-31": "", "2015-12-31": "", "2014-12-31": "", "2013-12-31": "", "2012-12-31": "", "2011-12-31": ""}, "Net Acquisitions/Divestitures": {"2019-12-31": "-63.90000", "2018-12-31": "0.90000", "2017-12-31": "-63.60000", "2016-12-31": "22.70000", "2015-12-31": "-3.20000", "2014-12-31": "-731.20000", "2013-12-31": "17.20000", "2012-12-31": "0.10000", "2011-12-31": "-7.10000"}, "Net Change In Short-term Investments": {"2019-12-31": "", "2018-12-31": "", "2017-12-31": "", "2016-12-31": "", "2015-12-31": "", "2014-12-31": "", "2013-12-31": "", "2012-12-31": "", "2011-12-31": ""}, "Net Change In Long-Term Investments": {"2019-12-31": "1.50000", "2018-12-31": "4.30000", "2017-12-31": "", "2016-12-31": "", "2015-12-31": "", "2014-12-31": "-3.00000", "2013-12-31": "", "2012-12-31": "", "2011-12-31": ""}, "Net Change In Investments - Total": {"2019-12-31": "1.50000", "2018-12-31": "4.30000", "2017-12-31": "", "2016-12-31": "", "2015-12-31": "", "2014-12-31": "-3.00000", "2013-12-31": "", "2012-12-31": "", "2011-12-31": ""}, "Investing Activities - Other": {"2019-12-31": "", "2018-12-31": "", "2017-12-31": "", "2016-12-31": "", "2015-12-31": "", "2014-12-31": "", "2013-12-31": "", "2012-12-31": "", "2011-12-31": ""}, "Cash Flow From Investing Activities": {"2019-12-31": "-176.30000", "2018-12-31": "-90.40000", "2017-12-31": "-135.30000", "2016-12-31": "-36.70000", "2015-12-31": "-62.40000", "2014-12-31": "-798.40000", "2013-12-31": "-43.70000", "2012-12-31": "-48.10000", "2011-12-31": "-52.70000"}, "Net Long-Term Debt": {"2019-12-31": "78.50000", "2018-12-31": "", "2017-12-31": "8.30000", "2016-12-31": "-90.00000", "2015-12-31": "53.80000", "2014-12-31": "158.50000", "2013-12-31": "", "2012-12-31": "", "2011-12-31": ""}, "Net Current Debt": {"2019-12-31": "35.00000", "2018-12-31": "80.00000", "2017-12-31": "80.00000", "2016-12-31": "", "2015-12-31": "", "2014-12-31": "", "2013-12-31": "", "2012-12-31": "", "2011-12-31": ""}, "Debt Issuance/Retirement Net - Total": {"2019-12-31": "113.50000", "2018-12-31": "80.00000", "2017-12-31": "88.30000", "2016-12-31": "-90.00000", "2015-12-31": "53.80000", "2014-12-31": "158.50000", "2013-12-31": "", "2012-12-31": "", "2011-12-31": ""}, "Net Common Equity Issued/Repurchased": {"2019-12-31": "50.90000", "2018-12-31": "15.30000", "2017-12-31": "1.20000", "2016-12-31": "", "2015-12-31": "2.00000", "2014-12-31": "615.00000", "2013-12-31": "", "2012-12-31": "", "2011-12-31": ""}, "Net Total Equity Issued/Repurchased": {"2019-12-31": "50.90000", "2018-12-31": "15.30000", "2017-12-31": "1.20000", "2016-12-31": "", "2015-12-31": "2.00000", "2014-12-31": "615.00000", "2013-12-31": "", "2012-12-31": "", "2011-12-31": ""}, "Total Common And Preferred Stock Dividends Paid": {"2019-12-31": "-208.10000", "2018-12-31": "-203.90000", "2017-12-31": "-201.80000", "2016-12-31": "-188.60000", "2015-12-31": "-196.30000", "2014-12-31": "-193.40000", "2013-12-31": "-232.60000", "2012-12-31": "-279.70000", "2011-12-31": "-269.40000"}, "Financial Activities - Other": {"2019-12-31": "-50.60000", "2018-12-31": "-9.10000", "2017-12-31": "-19.20000", "2016-12-31": "-7.90000", "2015-12-31": "-8.10000", "2014-12-31": "-43.50000", "2013-12-31": "5.60000", "2012-12-31": "2.70000", "2011-12-31": "2.10000"}, "Cash Flow From Financial Activities": {"2019-12-31": "-94.30000", "2018-12-31": "-117.70000", "2017-12-31": "-131.50000", "2016-12-31": "-286.50000", "2015-12-31": "-148.60000", "2014-12-31": "536.60000", "2013-12-31": "-227.00000", "2012-12-31": "-277.00000", "2011-12-31": "-267.30000"}, "Net Cash Flow": {"2019-12-31": "6.80000", "2018-12-31": "5.80000", "2017-12-31": "-16.90000", "2016-12-31": "-36.40000", "2015-12-31": "73.10000", "2014-12-31": "-1.30000", "2013-12-31": "9.60000", "2012-12-31": "-17.40000", "2011-12-31": "18.60000"}, "Stock-Based Compensation": {"2019-12-31": "22.30000", "2018-12-31": "20.20000", "2017-12-31": "20.50000", "2016-12-31": "18.00000", "2015-12-31": "15.20000", "2014-12-31": "16.00000", "2013-12-31": "7.50000", "2012-12-31": "5.70000", "2011-12-31": "5.00000"}, "Common Stock Dividends Paid": {"2019-12-31": "-208.10000", "2018-12-31": "-203.90000", "2017-12-31": "-201.80000", "2016-12-31": "-188.60000", "2015-12-31": "-196.30000", "2014-12-31": "-193.40000", "2013-12-31": "-232.60000", "2012-12-31": "-279.70000", "2011-12-31": "-269.40000"}}, "cash flow statement, quarterly": {"Net Income/Loss": {"2020-09-30": -13.5, "2020-06-30": -57.9, "2020-03-31": "6.10000", "2019-12-31": 45, "2019-09-30": 38.7, "2019-06-30": 50.3, "2019-03-31": "6.10000", "2018-12-31": 57.2, "2018-09-30": 46.8, "2018-06-30": -5.2, "2018-03-31": "9.10000", "2017-12-31": 35.5, "2017-09-30": 50.7, "2017-06-30": 37.1, "2017-03-31": "2.50000", "2016-12-31": 26.6, "2016-09-30": 38.1, "2016-06-30": 28.5, "2016-03-31": "-2.30000", "2015-12-31": -73.9, "2015-09-30": 21.2, "2015-06-30": 22.2, "2015-03-31": "1.10000", "2014-12-31": 27.8, "2014-09-30": 248.3, "2014-06-30": 22.4, "2014-03-31": "8.40000", "2013-12-31": 50, "2013-09-30": 37.2, "2013-06-30": 36.4, "2013-03-31": "19.90000", "2012-12-31": 6.3, "2011-12-31": 107.1}, "Total Depreciation And Amortization - Cash Flow": {"2020-09-30": 47.2, "2020-06-30": 44.6, "2020-03-31": "48.60000", "2019-12-31": 51.6, "2019-09-30": 53, "2019-06-30": 50.6, "2019-03-31": "47.20000", "2018-12-31": 49.8, "2018-09-30": 48.2, "2018-06-30": 47.7, "2018-03-31": "45.00000", "2017-12-31": 48.4, "2017-09-30": 49.2, "2017-06-30": 49.8, "2017-03-31": "48.50000", "2016-12-31": 54.5, "2016-09-30": 56.6, "2016-06-30": 60.7, "2016-03-31": "58.80000", "2015-12-31": 59.8, "2015-09-30": 59, "2015-06-30": 58.6, "2015-03-31": "58.00000", "2014-12-31": 57, "2014-09-30": 58.3, "2014-06-30": 50.3, "2014-03-31": "48.70000", "2013-12-31": 49.3, "2013-09-30": 49, "2013-06-30": 48.6, "2013-03-31": "48.90000", "2012-12-31": -15.1, "2011-12-31": 211.9}, "Other Non-Cash Items": {"2020-09-30": -2.5, "2020-06-30": -6.4, "2020-03-31": "-1.30000", "2019-12-31": 11.4, "2019-09-30": 3.3, "2019-06-30": 1.7, "2019-03-31": "-8.80000", "2018-12-31": -4.3, "2018-09-30": -4.8, "2018-06-30": 39, "2018-03-31": "-10.80000", "2017-12-31": 0.3, "2017-09-30": -16.5, "2017-06-30": -6.2, "2017-03-31": "-6.30000", "2016-12-31": -4, "2016-09-30": -4.5, "2016-06-30": -3, "2016-03-31": "-4.20000", "2015-12-31": 74.7, "2015-09-30": 4.1, "2015-06-30": 7, "2015-03-31": "4.20000", "2014-12-31": 4.8, "2014-09-30": -227.1, "2014-06-30": -1.7, "2014-03-31": "-2.30000", "2013-12-31": -33.8, "2013-09-30": 13.5, "2013-06-30": 1.8, "2013-03-31": "-12.30000", "2012-12-31": 0, "2011-12-31": 0}, "Total Non-Cash Items": {"2020-09-30": 44.7, "2020-06-30": 38.2, "2020-03-31": "47.30000", "2019-12-31": 63, "2019-09-30": 56.3, "2019-06-30": 52.3, "2019-03-31": "38.40000", "2018-12-31": 45.5, "2018-09-30": 43.4, "2018-06-30": 86.7, "2018-03-31": "34.20000", "2017-12-31": 48.7, "2017-09-30": 32.7, "2017-06-30": 43.6, "2017-03-31": "42.20000", "2016-12-31": 50.5, "2016-09-30": 52.1, "2016-06-30": 57.7, "2016-03-31": "54.60000", "2015-12-31": 134.5, "2015-09-30": 63.1, "2015-06-30": 65.6, "2015-03-31": "62.20000", "2014-12-31": 61.8, "2014-09-30": -168.8, "2014-06-30": 48.6, "2014-03-31": "46.40000", "2013-12-31": 46.3, "2013-09-30": 62.5, "2013-06-30": 50.4, "2013-03-31": "36.60000", "2012-12-31": -15.1, "2011-12-31": 211.9}, "Change In Accounts Receivable": {"2020-09-30": 2.6, "2020-06-30": 58.2, "2020-03-31": "19.70000", "2019-12-31": -0.3, "2019-09-30": -13.7, "2019-06-30": -50.6, "2019-03-31": "35.10000", "2018-12-31": -6.3, "2018-09-30": -22.3, "2018-06-30": -51.4, "2018-03-31": "42.80000", "2017-12-31": 7.1, "2017-09-30": -3.4, "2017-06-30": -53.4, "2017-03-31": "40.20000", "2016-12-31": -11.7, "2016-09-30": 0, "2016-06-30": 0, "2016-03-31": "", "2015-12-31": -13.3, "2015-09-30": 0, "2015-06-30": 0, "2015-03-31": "", "2014-12-31": -0.6, "2014-09-30": 0, "2014-06-30": 0, "2014-03-31": "", "2013-12-31": -7.1, "2013-09-30": 0, "2013-06-30": 0, "2013-03-31": "", "2012-12-31": 0, "2011-12-31": 0}, "Change In Inventories": {"2020-09-30": 0, "2020-06-30": 0, "2020-03-31": "", "2019-12-31": 0, "2019-09-30": 0, "2019-06-30": 0, "2019-03-31": "", "2018-12-31": 0, "2018-09-30": 0, "2018-06-30": 0, "2018-03-31": "", "2017-12-31": 0, "2017-09-30": 0, "2017-06-30": 0, "2017-03-31": "", "2016-12-31": 0, "2016-09-30": 0, "2016-06-30": 0, "2016-03-31": "", "2015-12-31": 0, "2015-09-30": 0, "2015-06-30": 0, "2015-03-31": "", "2014-12-31": 0, "2014-09-30": 0, "2014-06-30": 0, "2014-03-31": "", "2013-12-31": 0, "2013-09-30": 0, "2013-06-30": 0, "2013-03-31": "", "2012-12-31": 0, "2011-12-31": 0}, "Change In Accounts Payable": {"2020-09-30": 0, "2020-06-30": 0, "2020-03-31": "", "2019-12-31": 0, "2019-09-30": 0, "2019-06-30": 0, "2019-03-31": "", "2018-12-31": 0, "2018-09-30": 0, "2018-06-30": 0, "2018-03-31": "", "2017-12-31": 0, "2017-09-30": 0, "2017-06-30": 0, "2017-03-31": "", "2016-12-31": 0, "2016-09-30": 0, "2016-06-30": 0, "2016-03-31": "", "2015-12-31": 0, "2015-09-30": 0, "2015-06-30": 0, "2015-03-31": "", "2014-12-31": 0, "2014-09-30": 0, "2014-06-30": 0, "2014-03-31": "", "2013-12-31": 0, "2013-09-30": 0, "2013-06-30": 0, "2013-03-31": "", "2012-12-31": 0, "2011-12-31": 0}, "Change In Assets/Liabilities": {"2020-09-30": -16, "2020-06-30": -4.3, "2020-03-31": "-8.60000", "2019-12-31": -26.8, "2019-09-30": -16.2, "2019-06-30": -27.5, "2019-03-31": "-12.10000", "2018-12-31": -27.6, "2018-09-30": -12.3, "2018-06-30": -25.6, "2018-03-31": "-1.00000", "2017-12-31": -31.3, "2017-09-30": 17.6, "2017-06-30": 6.6, "2017-03-31": "3.40000", "2016-12-31": 27.5, "2016-09-30": 5.8, "2016-06-30": -15.3, "2016-03-31": "-18.50000", "2015-12-31": 59.3, "2015-09-30": 18, "2015-06-30": -19.5, "2015-03-31": "-57.50000", "2014-12-31": 4.6, "2014-09-30": 30, "2014-06-30": -3.8, "2014-03-31": "-47.00000", "2013-12-31": 80.9, "2013-09-30": 9.2, "2013-06-30": -26.8, "2013-03-31": "-46.70000", "2012-12-31": 0, "2011-12-31": 0}, "Total Change In Assets/Liabilities": {"2020-09-30": 5, "2020-06-30": 43.1, "2020-03-31": "-32.00000", "2019-12-31": 6.9, "2019-09-30": -16.9, "2019-06-30": -62.6, "2019-03-31": "-3.00000", "2018-12-31": -11.8, "2018-09-30": -15.8, "2018-06-30": -75.9, "2018-03-31": "18.40000", "2017-12-31": -15.6, "2017-09-30": 23.3, "2017-06-30": -37.5, "2017-03-31": "-13.20000", "2016-12-31": 15, "2016-09-30": 5.8, "2016-06-30": -15.3, "2016-03-31": "-18.50000", "2015-12-31": 57.2, "2015-09-30": 18, "2015-06-30": -19.5, "2015-03-31": "-57.50000", "2014-12-31": -10.8, "2014-09-30": 30, "2014-06-30": -3.8, "2014-03-31": "-47.00000", "2013-12-31": 32.4, "2013-09-30": 9.2, "2013-06-30": -26.8, "2013-03-31": "-46.70000", "2012-12-31": 13.1, "2011-12-31": -25.6}, "Cash Flow From Operating Activities": {"2020-09-30": 35.3, "2020-06-30": 35.8, "2020-03-31": "14.90000", "2019-12-31": 114.8, "2019-09-30": 78.6, "2019-06-30": 42.1, "2019-03-31": "41.40000", "2018-12-31": 76.9, "2018-09-30": 69.2, "2018-06-30": 6.1, "2018-03-31": "62.10000", "2017-12-31": 66.7, "2017-09-30": 103.5, "2017-06-30": 46.9, "2017-03-31": "32.20000", "2016-12-31": 86.4, "2016-09-30": 96, "2016-06-30": 70.9, "2016-03-31": "33.80000", "2015-12-31": 116.7, "2015-09-30": 102.3, "2015-06-30": 68.3, "2015-03-31": "5.80000", "2014-12-31": 78.3, "2014-09-30": 109.5, "2014-06-30": 67.2, "2014-03-31": "7.80000", "2013-12-31": 99.7, "2013-09-30": 108.9, "2013-06-30": 60, "2013-03-31": "9.80000", "2012-12-31": -30.8, "2011-12-31": 342.1}, "Net Change In Property, Plant, And Equipment": {"2020-09-30": -10.1, "2020-06-30": -13.7, "2020-03-31": "-18.20000", "2019-12-31": -24.5, "2019-09-30": -25.8, "2019-06-30": -21.5, "2019-03-31": "-18.10000", "2018-12-31": -20.2, "2018-09-30": -15.7, "2018-06-30": -29.6, "2018-03-31": "-16.80000", "2017-12-31": -12.2, "2017-09-30": -16.4, "2017-06-30": -25.6, "2017-03-31": "-16.60000", "2016-12-31": -13.8, "2016-09-30": -15.6, "2016-06-30": -15.6, "2016-03-31": "-14.40000", "2015-12-31": -16.2, "2015-09-30": -15.3, "2015-06-30": -14.6, "2015-03-31": "-13.10000", "2014-12-31": -20.6, "2014-09-30": -14.3, "2014-06-30": -13.6, "2014-03-31": "-15.70000", "2013-12-31": -16.7, "2013-09-30": -26.6, "2013-06-30": -8.9, "2013-03-31": "-6.00000", "2012-12-31": -8, "2011-12-31": -45.6}, "Net Change In Intangible Assets": {"2020-09-30": -7.1, "2020-06-30": -4.5, "2020-03-31": "-2.80000", "2019-12-31": -7.1, "2019-09-30": -6.2, "2019-06-30": -5.3, "2019-03-31": "-5.40000", "2018-12-31": -3.9, "2018-09-30": -3.3, "2018-06-30": -4.7, "2018-03-31": "-1.40000", "2017-12-31": -0.9, "2017-09-30": 0, "2017-06-30": 0, "2017-03-31": "", "2016-12-31": 0, "2016-09-30": 0, "2016-06-30": 0, "2016-03-31": "", "2015-12-31": 0, "2015-09-30": 0, "2015-06-30": 0, "2015-03-31": "", "2014-12-31": 0, "2014-09-30": 0, "2014-06-30": 0, "2014-03-31": "", "2013-12-31": 0, "2013-09-30": 0, "2013-06-30": 0, "2013-03-31": "", "2012-12-31": 0, "2011-12-31": 0}, "Net Acquisitions/Divestitures": {"2020-09-30": 31.3, "2020-06-30": -4.6, "2020-03-31": "-6.30000", "2019-12-31": -8.1, "2019-09-30": -23.6, "2019-06-30": -26.9, "2019-03-31": "-5.30000", "2018-12-31": 0.5, "2018-09-30": 1.3, "2018-06-30": 3, "2018-03-31": "-3.90000", "2017-12-31": -2.4, "2017-09-30": -3.5, "2017-06-30": -56.9, "2017-03-31": "-0.80000", "2016-12-31": -3, "2016-09-30": -0.9, "2016-06-30": 86.8, "2016-03-31": "-60.20000", "2015-12-31": -0.9, "2015-09-30": -0.9, "2015-06-30": 7.8, "2015-03-31": "-9.20000", "2014-12-31": -733.5, "2014-09-30": 1.8, "2014-06-30": 0, "2014-03-31": "0.50000", "2013-12-31": 16.8, "2013-09-30": -0.9, "2013-06-30": -1.8, "2013-03-31": "3.10000", "2012-12-31": 7.5, "2011-12-31": -7.9}, "Net Change In Short-term Investments": {"2020-09-30": 0, "2020-06-30": 0, "2020-03-31": "", "2019-12-31": 0, "2019-09-30": 0, "2019-06-30": 0, "2019-03-31": "", "2018-12-31": 0, "2018-09-30": 0, "2018-06-30": 0, "2018-03-31": "", "2017-12-31": 0, "2017-09-30": 0, "2017-06-30": 0, "2017-03-31": "", "2016-12-31": 0, "2016-09-30": 0, "2016-06-30": 0, "2016-03-31": "", "2015-12-31": 0, "2015-09-30": 0, "2015-06-30": 0, "2015-03-31": "", "2014-12-31": 0, "2014-09-30": 0, "2014-06-30": 0, "2014-03-31": "", "2013-12-31": 0, "2013-09-30": 0, "2013-06-30": 0, "2013-03-31": "", "2012-12-31": 0, "2011-12-31": 0}, "Net Change In Long-Term Investments": {"2020-09-30": 0.1, "2020-06-30": 0.2, "2020-03-31": "0.60000", "2019-12-31": 1.5, "2019-09-30": 0, "2019-06-30": -0.1, "2019-03-31": "0.10000", "2018-12-31": 4.3, "2018-09-30": 0, "2018-06-30": 0, "2018-03-31": "", "2017-12-31": 0, "2017-09-30": 0, "2017-06-30": 0, "2017-03-31": "", "2016-12-31": 0, "2016-09-30": 0, "2016-06-30": 0, "2016-03-31": "", "2015-12-31": 0, "2015-09-30": 0, "2015-06-30": 0, "2015-03-31": "", "2014-12-31": -3, "2014-09-30": 0, "2014-06-30": 0, "2014-03-31": "", "2013-12-31": 0, "2013-09-30": 0, "2013-06-30": 0, "2013-03-31": "", "2012-12-31": 0, "2011-12-31": 0}, "Net Change In Investments - Total": {"2020-09-30": 0.1, "2020-06-30": 0.2, "2020-03-31": "0.60000", "2019-12-31": 1.5, "2019-09-30": 0, "2019-06-30": -0.1, "2019-03-31": "0.10000", "2018-12-31": 4.3, "2018-09-30": 0, "2018-06-30": 0, "2018-03-31": "", "2017-12-31": 0, "2017-09-30": 0, "2017-06-30": 0, "2017-03-31": "", "2016-12-31": 0, "2016-09-30": 0, "2016-06-30": 0, "2016-03-31": "", "2015-12-31": 0, "2015-09-30": 0, "2015-06-30": 0, "2015-03-31": "", "2014-12-31": -3, "2014-09-30": 0, "2014-06-30": 0, "2014-03-31": "", "2013-12-31": 0, "2013-09-30": 0, "2013-06-30": 0, "2013-03-31": "", "2012-12-31": 0, "2011-12-31": 0}, "Investing Activities - Other": {"2020-09-30": 0, "2020-06-30": 0, "2020-03-31": "", "2019-12-31": 0, "2019-09-30": 0, "2019-06-30": 0, "2019-03-31": "", "2018-12-31": 0, "2018-09-30": 0, "2018-06-30": 0, "2018-03-31": "", "2017-12-31": 0, "2017-09-30": 0, "2017-06-30": 0, "2017-03-31": "", "2016-12-31": 0, "2016-09-30": 0, "2016-06-30": 0, "2016-03-31": "", "2015-12-31": 0, "2015-09-30": 0, "2015-06-30": 0, "2015-03-31": "", "2014-12-31": 0, "2014-09-30": 0, "2014-06-30": 0, "2014-03-31": "", "2013-12-31": 0, "2013-09-30": 0, "2013-06-30": 0, "2013-03-31": "", "2012-12-31": -0.3, "2011-12-31": 0.8}, "Cash Flow From Investing Activities": {"2020-09-30": 14.2, "2020-06-30": -22.6, "2020-03-31": "-26.70000", "2019-12-31": -38.2, "2019-09-30": -55.6, "2019-06-30": -53.8, "2019-03-31": "-28.70000", "2018-12-31": -19.3, "2018-09-30": -17.7, "2018-06-30": -31.3, "2018-03-31": "-22.10000", "2017-12-31": -15.5, "2017-09-30": -19.9, "2017-06-30": -82.5, "2017-03-31": "-17.40000", "2016-12-31": -16.8, "2016-09-30": -16.5, "2016-06-30": 71.2, "2016-03-31": "-74.60000", "2015-12-31": -17.1, "2015-09-30": -16.2, "2015-06-30": -6.8, "2015-03-31": "-22.30000", "2014-12-31": -757.1, "2014-09-30": -12.5, "2014-06-30": -13.6, "2014-03-31": "-15.20000", "2013-12-31": 0.1, "2013-09-30": -27.5, "2013-06-30": -10.7, "2013-03-31": "-2.90000", "2012-12-31": -0.8, "2011-12-31": -52.7}, "Net Long-Term Debt": {"2020-09-30": 0, "2020-06-30": -95, "2020-03-31": "495.00000", "2019-12-31": 13.5, "2019-09-30": -585, "2019-06-30": 615, "2019-03-31": "35.00000", "2018-12-31": -10, "2018-09-30": -59, "2018-06-30": 59, "2018-03-31": "10.00000", "2017-12-31": 0, "2017-09-30": 0, "2017-06-30": 0, "2017-03-31": "8.30000", "2016-12-31": -30, "2016-09-30": -20, "2016-06-30": -40, "2016-03-31": "", "2015-12-31": -50, "2015-09-30": 0, "2015-06-30": 0, "2015-03-31": "103.80000", "2014-12-31": 599.3, "2014-09-30": 0, "2014-06-30": -515, "2014-03-31": "74.20000", "2013-12-31": 0, "2013-09-30": 0, "2013-06-30": 0, "2013-03-31": "", "2012-12-31": 0, "2011-12-31": 0}, "Net Current Debt": {"2020-09-30": 0, "2020-06-30": -130, "2020-03-31": "15.00000", "2019-12-31": -15, "2019-09-30": 210, "2019-06-30": -155, "2019-03-31": "-5.00000", "2018-12-31": -15, "2018-09-30": 75, "2018-06-30": 8, "2018-03-31": "12.00000", "2017-12-31": 7, "2017-09-30": -12, "2017-06-30": 85, "2017-03-31": "", "2016-12-31": 0, "2016-09-30": 0, "2016-06-30": -35, "2016-03-31": "35.00000", "2015-12-31": 0, "2015-09-30": 0, "2015-06-30": 0, "2015-03-31": "", "2014-12-31": 0, "2014-09-30": 0, "2014-06-30": 0, "2014-03-31": "", "2013-12-31": 0, "2013-09-30": 0, "2013-06-30": 0, "2013-03-31": "", "2012-12-31": 0, "2011-12-31": 0}, "Debt Issuance/Retirement Net - Total": {"2020-09-30": 0, "2020-06-30": -225, "2020-03-31": "510.00000", "2019-12-31": -1.5, "2019-09-30": -375, "2019-06-30": 460, "2019-03-31": "30.00000", "2018-12-31": -25, "2018-09-30": 16, "2018-06-30": 67, "2018-03-31": "22.00000", "2017-12-31": 7, "2017-09-30": -12, "2017-06-30": 85, "2017-03-31": "8.30000", "2016-12-31": -30, "2016-09-30": -20, "2016-06-30": -75, "2016-03-31": "35.00000", "2015-12-31": -50, "2015-09-30": 0, "2015-06-30": 0, "2015-03-31": "103.80000", "2014-12-31": 599.3, "2014-09-30": 0, "2014-06-30": -515, "2014-03-31": "74.20000", "2013-12-31": 0, "2013-09-30": 0, "2013-06-30": 0, "2013-03-31": "", "2012-12-31": 0, "2011-12-31": 0}, "Net Common Equity Issued/Repurchased": {"2020-09-30": 0, "2020-06-30": 0, "2020-03-31": "", "2019-12-31": 0, "2019-09-30": 0, "2019-06-30": 34.3, "2019-03-31": "16.60000", "2018-12-31": 15.3, "2018-09-30": 0, "2018-06-30": 0, "2018-03-31": "", "2017-12-31": 0, "2017-09-30": 0, "2017-06-30": 0, "2017-03-31": "1.20000", "2016-12-31": 0, "2016-09-30": 0, "2016-06-30": 0, "2016-03-31": "", "2015-12-31": 0, "2015-09-30": 0, "2015-06-30": 0, "2015-03-31": "2.00000", "2014-12-31": 0, "2014-09-30": 0, "2014-06-30": 615, "2014-03-31": "", "2013-12-31": 0, "2013-09-30": 0, "2013-06-30": 0, "2013-03-31": "", "2012-12-31": 0, "2011-12-31": 0}, "Net Total Equity Issued/Repurchased": {"2020-09-30": -0.1, "2020-06-30": 383.9, "2020-03-31": "", "2019-12-31": 0, "2019-09-30": 0, "2019-06-30": 34.3, "2019-03-31": "16.60000", "2018-12-31": 15.3, "2018-09-30": 0, "2018-06-30": 0, "2018-03-31": "", "2017-12-31": 0, "2017-09-30": 0, "2017-06-30": 0, "2017-03-31": "1.20000", "2016-12-31": 0, "2016-09-30": 0, "2016-06-30": 0, "2016-03-31": "", "2015-12-31": 0, "2015-09-30": 0, "2015-06-30": 0, "2015-03-31": "2.00000", "2014-12-31": 0, "2014-09-30": 0, "2014-06-30": 615, "2014-03-31": "", "2013-12-31": 0, "2013-09-30": 0, "2013-06-30": 0, "2013-03-31": "", "2012-12-31": 0, "2011-12-31": 0}, "Total Common And Preferred Stock Dividends Paid": {"2020-09-30": -7, "2020-06-30": -5.5, "2020-03-31": "-55.60000", "2019-12-31": -52.1, "2019-09-30": -52.1, "2019-06-30": -52.1, "2019-03-31": "-51.80000", "2018-12-31": -51, "2018-09-30": -50.9, "2018-06-30": -50.9, "2018-03-31": "-51.10000", "2017-12-31": -50.8, "2017-09-30": -50.6, "2017-06-30": -50.2, "2017-03-31": "-50.20000", "2016-12-31": -46.9, "2016-09-30": -47, "2016-06-30": -47.6, "2016-03-31": "-47.10000", "2015-12-31": -47.6, "2015-09-30": -46.7, "2015-06-30": -47.1, "2015-03-31": "-54.90000", "2014-12-31": -144.4, "2014-09-30": -46.8, "2014-06-30": -44.4, "2014-03-31": "42.20000", "2013-12-31": -94, "2013-09-30": -75.2, "2013-06-30": -55, "2013-03-31": "-8.40000", "2012-12-31": -10.3, "2011-12-31": -269.4}, "Financial Activities - Other": {"2020-09-30": -0.2, "2020-06-30": -7.3, "2020-03-31": "-12.20000", "2019-12-31": -26, "2019-09-30": -8.3, "2019-06-30": -8.7, "2019-03-31": "-7.60000", "2018-12-31": -0.7, "2018-09-30": -0.2, "2018-06-30": -1.7, "2018-03-31": "-6.50000", "2017-12-31": -1.1, "2017-09-30": -2.3, "2017-06-30": -2.6, "2017-03-31": "-13.20000", "2016-12-31": -0.3, "2016-09-30": -0.2, "2016-06-30": -1.7, "2016-03-31": "-5.70000", "2015-12-31": -0.2, "2015-09-30": -0.2, "2015-06-30": -2.1, "2015-03-31": "-5.60000", "2014-12-31": -18.7, "2014-09-30": -0.4, "2014-06-30": 0, "2014-03-31": "-24.40000", "2013-12-31": 0.1, "2013-09-30": 0.1, "2013-06-30": 1.8, "2013-03-31": "3.60000", "2012-12-31": 0.6, "2011-12-31": 2.1}, "Cash Flow From Financial Activities": {"2020-09-30": -7.3, "2020-06-30": 146.1, "2020-03-31": "442.20000", "2019-12-31": -79.6, "2019-09-30": -435.4, "2019-06-30": 433.5, "2019-03-31": "-12.80000", "2018-12-31": -61.4, "2018-09-30": -35.1, "2018-06-30": 14.4, "2018-03-31": "-35.60000", "2017-12-31": -44.9, "2017-09-30": -64.9, "2017-06-30": 32.2, "2017-03-31": "-53.90000", "2016-12-31": -77.2, "2016-09-30": -67.2, "2016-06-30": -124.3, "2016-03-31": "-17.80000", "2015-12-31": -97.8, "2015-09-30": -46.9, "2015-06-30": -49.2, "2015-03-31": "45.30000", "2014-12-31": 436.2, "2014-09-30": -47.2, "2014-06-30": 55.6, "2014-03-31": "92.00000", "2013-12-31": -93.9, "2013-09-30": -75.1, "2013-06-30": -53.2, "2013-03-31": "-4.80000", "2012-12-31": -9.7, "2011-12-31": -267.3}, "Net Cash Flow": {"2020-09-30": 42.6, "2020-06-30": 160, "2020-03-31": "428.70000", "2019-12-31": -2.8, "2019-09-30": -412.5, "2019-06-30": 422.1, "2019-03-31": "0.00000", "2018-12-31": -4, "2018-09-30": 16.4, "2018-06-30": -10.8, "2018-03-31": "4.20000", "2017-12-31": 6.3, "2017-09-30": 18.9, "2017-06-30": -3.2, "2017-03-31": "-38.90000", "2016-12-31": -7.9, "2016-09-30": 12.1, "2016-06-30": 17.8, "2016-03-31": "-58.40000", "2015-12-31": -4.8, "2015-09-30": 38, "2015-06-30": 12.4, "2015-03-31": "27.50000", "2014-12-31": -243.7, "2014-09-30": 48.8, "2014-06-30": 109.5, "2014-03-31": "84.10000", "2013-12-31": 5.7, "2013-09-30": 5.9, "2013-06-30": -4.4, "2013-03-31": "2.40000", "2012-12-31": -36, "2011-12-31": 18.6}, "Stock-Based Compensation": {"2020-09-30": 5.4, "2020-06-30": 6.1, "2020-03-31": "5.80000", "2019-12-31": 5.9, "2019-09-30": 5.6, "2019-06-30": 5.5, "2019-03-31": "5.30000", "2018-12-31": 4.8, "2018-09-30": 4.8, "2018-06-30": 5.6, "2018-03-31": "5.00000", "2017-12-31": 4.4, "2017-09-30": 5.2, "2017-06-30": 5.5, "2017-03-31": "5.40000", "2016-12-31": 4.2, "2016-09-30": 4.5, "2016-06-30": 4.5, "2016-03-31": "4.80000", "2015-12-31": 3.5, "2015-09-30": 3.7, "2015-06-30": 4.4, "2015-03-31": "3.60000", "2014-12-31": 5.1, "2014-09-30": 6.2, "2014-06-30": 2.9, "2014-03-31": "1.80000", "2013-12-31": 1.7, "2013-09-30": 2.6, "2013-06-30": 1.6, "2013-03-31": "1.60000", "2012-12-31": 0, "2011-12-31": 0}, "Common Stock Dividends Paid": {"2020-09-30": -7, "2020-06-30": -5.5, "2020-03-31": "-55.60000", "2019-12-31": -52.1, "2019-09-30": -52.1, "2019-06-30": -52.1, "2019-03-31": "-51.80000", "2018-12-31": -51, "2018-09-30": -50.9, "2018-06-30": -50.9, "2018-03-31": "-51.10000", "2017-12-31": -50.8, "2017-09-30": -50.6, "2017-06-30": -50.2, "2017-03-31": "-50.20000", "2016-12-31": -46.9, "2016-09-30": -47, "2016-06-30": -47.6, "2016-03-31": "-47.10000", "2015-12-31": -47.6, "2015-09-30": -46.7, "2015-06-30": -47.1, "2015-03-31": "-54.90000", "2014-12-31": -144.4, "2014-09-30": -46.8, "2014-06-30": -44.4, "2014-03-31": "42.20000", "2013-12-31": -94, "2013-09-30": -75.2, "2013-06-30": -55, "2013-03-31": "-8.40000", "2012-12-31": 0, "2011-12-31": 0}}, "financial ratios": {"Current Ratio": {"2019-12-31": "0.67050", "2018-12-31": "1.06680", "2017-12-31": "1.25500", "2016-12-31": "1.50380", "2015-12-31": "1.55200", "2014-12-31": "1.39220", "2013-12-31": "1.49480", "2012-12-31": "1.53210", "2011-12-31": ""}, "Long-term Debt / Capital": {"2019-12-31": "0.66360", "2018-12-31": "0.65240", "2017-12-31": "0.63620", "2016-12-31": "0.63410", "2015-12-31": "0.64690", "2014-12-31": "0.60330", "2013-12-31": "", "2012-12-31": "", "2011-12-31": ""}, "Debt/Equity Ratio": {"2019-12-31": "2.14590", "2018-12-31": "2.01660", "2017-12-31": "1.81420", "2016-12-31": "1.73300", "2015-12-31": "1.83240", "2014-12-31": "1.52080", "2013-12-31": "", "2012-12-31": "", "2011-12-31": ""}, "Gross Margin": {"2019-12-31": "46.21250", "2018-12-31": "46.46370", "2017-12-31": "45.07070", "2016-12-31": "45.96080", "2015-12-31": "44.96630", "2014-12-31": "46.33620", "2013-12-31": "46.91650", "2012-12-31": "45.50060", "2011-12-31": "46.01830"}, "Operating Margin": {"2019-12-31": "17.34370", "2018-12-31": "14.61840", "2017-12-31": "15.89610", "2016-12-31": "13.53460", "2015-12-31": "5.70750", "2014-12-31": "13.52490", "2013-12-31": "18.45440", "2012-12-31": "15.66250", "2011-12-31": "15.06540"}, "EBIT Margin": {"2019-12-31": "17.34370", "2018-12-31": "14.61840", "2017-12-31": "15.89610", "2016-12-31": "13.53460", "2015-12-31": "5.70750", "2014-12-31": "13.52490", "2013-12-31": "18.45440", "2012-12-31": "15.66250", "2011-12-31": "15.06540"}, "EBITDA Margin": {"2019-12-31": "28.70050", "2018-12-31": "26.49110", "2017-12-31": "28.78000", "2016-12-31": "28.76680", "2015-12-31": "21.25780", "2014-12-31": "29.35440", "2013-12-31": "33.58580", "2012-12-31": "30.98240", "2011-12-31": "31.65770"}, "Pre-Tax Profit Margin": {"2019-12-31": "8.18090", "2018-12-31": "6.76750", "2017-12-31": "8.22760", "2016-12-31": "6.01100", "2015-12-31": "-1.90250", "2014-12-31": "7.23890", "2013-12-31": "18.36170", "2012-12-31": "15.58460", "2011-12-31": "15.12800"}, "Net Profit Margin": {"2019-12-31": "7.86110", "2018-12-31": "6.71770", "2017-12-31": "8.27360", "2016-12-31": "6.00440", "2015-12-31": "-1.94210", "2014-12-31": "22.66950", "2013-12-31": "11.08960", "2012-12-31": "8.82770", "2011-12-31": "8.38620"}, "Asset Turnover": {"2019-12-31": "0.33110", "2018-12-31": "0.41950", "2017-12-31": "0.39930", "2016-12-31": "0.40490", "2015-12-31": "0.39680", "2014-12-31": "0.33650", "2013-12-31": "0.38560", "2012-12-31": "0.37070", "2011-12-31": ""}, "Inventory Turnover Ratio": {"2019-12-31": "", "2018-12-31": "", "2017-12-31": "", "2016-12-31": "", "2015-12-31": "", "2014-12-31": "", "2013-12-31": "", "2012-12-31": "", "2011-12-31": ""}, "Receiveable Turnover": {"2019-12-31": "6.14550", "2018-12-31": "6.06340", "2017-12-31": "6.57940", "2016-12-31": "6.81940", "2015-12-31": "7.22580", "2014-12-31": "6.22440", "2013-12-31": "7.23710", "2012-12-31": "7.33640", "2011-12-31": ""}, "Days Sales In Receivables": {"2019-12-31": "59.39290", "2018-12-31": "60.19710", "2017-12-31": "55.47620", "2016-12-31": "53.52400", "2015-12-31": "50.51360", "2014-12-31": "58.64050", "2013-12-31": "50.43430", "2012-12-31": "49.75210", "2011-12-31": ""}, "ROE - Return On Equity": {"2019-12-31": "12.48230", "2018-12-31": "9.42110", "2017-12-31": "10.25600", "2016-12-31": "7.37230", "2015-12-31": "-2.42450", "2014-12-31": "21.23140", "2013-12-31": "5.20980", "2012-12-31": "3.98750", "2011-12-31": ""}, "Return On Tangible Equity": {"2019-12-31": "-9.32610", "2018-12-31": "-7.33220", "2017-12-31": "-8.48680", "2016-12-31": "-6.48500", "2015-12-31": "2.05220", "2014-12-31": "-22.87060", "2013-12-31": "27.36980", "2012-12-31": "20.74260", "2011-12-31": ""}, "ROA - Return On Assets": {"2019-12-31": "2.61230", "2018-12-31": "2.81820", "2017-12-31": "3.30340", "2016-12-31": "2.43150", "2015-12-31": "-0.77050", "2014-12-31": "7.62750", "2013-12-31": "4.27660", "2012-12-31": "3.27280", "2011-12-31": ""}, "ROI - Return On Investment": {"2019-12-31": "4.19890", "2018-12-31": "3.27480", "2017-12-31": "3.73080", "2016-12-31": "2.69750", "2015-12-31": "-0.85600", "2014-12-31": "8.42250", "2013-12-31": "5.20980", "2012-12-31": "3.98750", "2011-12-31": ""}, "Book Value Per Share": {"2019-12-31": "7.84400", "2018-12-31": "8.16900", "2017-12-31": "8.84990", "2016-12-31": "8.93480", "2015-12-31": "8.81250", "2014-12-31": "10.58200", "2013-12-31": "", "2012-12-31": "", "2011-12-31": ""}, "Operating Cash Flow Per Share": {"2019-12-31": 0.3986, "2018-12-31": -0.2597, "2017-12-31": -0.2796, "2016-12-31": -0.0603, "2015-12-31": -0.1545, "2014-12-31": -0.1594, "2013-12-31": -0.216, "2012-12-31": -0.8622, "2011-12-31": 3.5268}, "Free Cash Flow Per Share": {"2019-12-31": 0.3603, "2018-12-31": -0.3395, "2017-12-31": -0.3601, "2016-12-31": -0.0584, "2015-12-31": -0.0264, "2014-12-31": -0.1881, "2013-12-31": -0.3267, "2012-12-31": -0.8119, "2011-12-31": 3.0567}}, "financial ratios, quarterly": {"Current Ratio": {"2020-09-30": "1.78030", "2020-06-30": "1.74850", "2020-03-31": "1.21800", "2019-12-31": "0.67050", "2019-09-30": "0.71310", "2019-06-30": "0.88270", "2019-03-31": "0.65310", "2018-12-31": "1.06680", "2018-09-30": "1.07930", "2018-06-30": "1.27720", "2018-03-31": "1.16310", "2017-12-31": "1.25500", "2017-09-30": "1.22800", "2017-06-30": "1.17750", "2017-03-31": "1.47840", "2016-12-31": "1.50380", "2016-09-30": "1.64070", "2016-06-30": "1.63800", "2016-03-31": "1.23420", "2015-12-31": "1.55200", "2015-09-30": "1.82910", "2015-06-30": "1.85870", "2015-03-31": "1.70840", "2014-12-31": "1.39220", "2014-09-30": "2.35730", "2014-06-30": "2.71050", "2014-03-31": "2.21560", "2013-12-31": "1.49480", "2013-09-30": "", "2013-06-30": "", "2013-03-31": "", "2012-12-31": "", "2011-12-31": ""}, "Long-term Debt / Capital": {"2020-09-30": "0.65570", "2020-06-30": "0.65380", "2020-03-31": "0.72000", "2019-12-31": "0.66360", "2019-09-30": "0.66270", "2019-06-30": "0.66430", "2019-03-31": "0.66690", "2018-12-31": "0.65240", "2018-09-30": "0.65760", "2018-06-30": "0.66420", "2018-03-31": "0.64680", "2017-12-31": "0.63620", "2017-09-30": "0.63360", "2017-06-30": "0.63600", "2017-03-31": "0.64380", "2016-12-31": "0.63410", "2016-09-30": "0.63380", "2016-06-30": "0.63500", "2016-03-31": "0.65510", "2015-12-31": "0.64690", "2015-09-30": "0.63310", "2015-06-30": "0.62680", "2015-03-31": "0.62380", "2014-12-31": "0.60330", "2014-09-30": "0.50490", "2014-06-30": "0.53860", "2014-03-31": "0.55420", "2013-12-31": "", "2013-09-30": "", "2013-06-30": "", "2013-03-31": "", "2012-12-31": "", "2011-12-31": ""}, "Debt/Equity Ratio": {"2020-09-30": "1.96280", "2020-06-30": "1.94590", "2020-03-31": "2.77010", "2019-12-31": "2.14590", "2019-09-30": "2.15100", "2019-06-30": "2.46040", "2019-03-31": "2.14370", "2018-12-31": "2.01660", "2018-09-30": "2.07660", "2018-06-30": "2.06740", "2018-03-31": "1.90960", "2017-12-31": "1.81420", "2017-09-30": "1.78770", "2017-06-30": "1.81690", "2017-03-31": "1.80760", "2016-12-31": "1.73300", "2016-09-30": "1.73050", "2016-06-30": "1.73960", "2016-03-31": "1.92980", "2015-12-31": "1.83240", "2015-09-30": "1.72540", "2015-06-30": "1.67970", "2015-03-31": "1.65830", "2014-12-31": "1.52080", "2014-09-30": "1.01990", "2014-06-30": "1.16730", "2014-03-31": "1.24310", "2013-12-31": "", "2013-09-30": "", "2013-06-30": "", "2013-03-31": "", "2012-12-31": "", "2011-12-31": ""}, "Gross Margin": {"2020-09-30": "44.81050", "2020-06-30": "33.87720", "2020-03-31": "41.65590", "2019-12-31": "47.57220", "2019-09-30": "46.91890", "2019-06-30": "47.74950", "2019-03-31": "41.64650", "2018-12-31": "47.94430", "2018-09-30": "48.02030", "2018-06-30": "47.22430", "2018-03-31": "41.66910", "2017-12-31": "45.82610", "2017-09-30": "45.82060", "2017-06-30": "46.16360", "2017-03-31": "41.95400", "2016-12-31": "45.84800", "2016-09-30": "47.36160", "2016-06-30": "47.67710", "2016-03-31": "42.65210", "2015-12-31": "45.14430", "2015-09-30": "45.87540", "2015-06-30": "46.34780", "2015-03-31": "42.19250", "2014-12-31": "45.77220", "2014-09-30": "47.34030", "2014-06-30": "48.68420", "2014-03-31": "43.20950", "2013-12-31": "46.96130", "2013-09-30": "49.46780", "2013-06-30": "48.48210", "2013-03-31": "41.90540", "2012-12-31": "", "2011-12-31": ""}, "Operating Margin": {"2020-09-30": "8.89120", "2020-06-30": "-11.12070", "2020-03-31": "8.77240", "2019-12-31": "20.07780", "2019-09-30": "18.48650", "2019-06-30": "19.28680", "2019-03-31": "9.92740", "2018-12-31": "20.18130", "2018-09-30": "19.04880", "2018-06-30": "8.19020", "2018-03-31": "9.38150", "2017-12-31": "17.54300", "2017-09-30": "20.46380", "2017-06-30": "16.40590", "2017-03-31": "7.86450", "2016-12-31": "14.64520", "2016-09-30": "16.58830", "2016-06-30": "15.31270", "2016-03-31": "6.94600", "2015-12-31": "-11.91970", "2015-09-30": "13.62810", "2015-06-30": "14.19290", "2015-03-31": "7.73480", "2014-12-31": "12.78480", "2014-09-30": "14.14560", "2014-06-30": "17.43420", "2014-03-31": "9.27400", "2013-12-31": "22.30300", "2013-09-30": "19.10110", "2013-06-30": "18.87590", "2013-03-31": "12.42840", "2012-12-31": "", "2011-12-31": ""}, "EBIT Margin": {"2020-09-30": "8.89120", "2020-06-30": "-11.12070", "2020-03-31": "8.77240", "2019-12-31": "20.07790", "2019-09-30": "18.48650", "2019-06-30": "19.28680", "2019-03-31": "9.92740", "2018-12-31": "20.18130", "2018-09-30": "19.04880", "2018-06-30": "8.19020", "2018-03-31": "9.38150", "2017-12-31": "17.54300", "2017-09-30": "20.46380", "2017-06-30": "16.40590", "2017-03-31": "7.86450", "2016-12-31": "14.64520", "2016-09-30": "16.58830", "2016-06-30": "15.31270", "2016-03-31": "6.94600", "2015-12-31": "-11.91970", "2015-09-30": "13.62810", "2015-06-30": "14.19290", "2015-03-31": "7.73480", "2014-12-31": "12.78480", "2014-09-30": "14.14560", "2014-06-30": "17.43420", "2014-03-31": "9.27400", "2013-12-31": "22.30300", "2013-09-30": "19.10110", "2013-06-30": "18.87590", "2013-03-31": "12.42840", "2012-12-31": "", "2011-12-31": ""}, "EBITDA Margin": {"2020-09-30": "", "2020-06-30": "", "2020-03-31": "", "2019-12-31": "", "2019-09-30": "", "2019-06-30": "", "2019-03-31": "", "2018-12-31": "", "2018-09-30": "", "2018-06-30": "", "2018-03-31": "", "2017-12-31": "", "2017-09-30": "", "2017-06-30": "", "2017-03-31": "", "2016-12-31": "", "2016-09-30": "", "2016-06-30": "", "2016-03-31": "", "2015-12-31": "", "2015-09-30": "", "2015-06-30": "", "2015-03-31": "", "2014-12-31": "", "2014-09-30": "", "2014-06-30": "", "2014-03-31": "", "2013-12-31": "", "2013-09-30": "", "2013-06-30": "", "2013-03-31": "", "2012-12-31": "", "2011-12-31": ""}, "Pre-Tax Profit Margin": {"2020-09-30": "-3.25890", "2020-06-30": "-25.41860", "2020-03-31": "1.09010", "2019-12-31": "9.44480", "2019-09-30": "8.77840", "2019-06-30": "11.91560", "2019-03-31": "1.15680", "2018-12-31": "12.88680", "2018-09-30": "11.37130", "2018-06-30": "0.42320", "2018-03-31": "0.47350", "2017-12-31": "9.81810", "2017-09-30": "13.07340", "2017-06-30": "9.21250", "2017-03-31": "-0.63520", "2016-12-31": "7.52390", "2016-09-30": "9.19540", "2016-06-30": "7.91590", "2016-03-31": "-1.32030", "2015-12-31": "-19.24720", "2015-09-30": "6.05120", "2015-06-30": "6.65450", "2015-03-31": "-0.31990", "2014-12-31": "5.87340", "2014-09-30": "6.32990", "2014-06-30": "11.90190", "2014-03-31": "4.75860", "2013-12-31": "21.95410", "2013-09-30": "19.18980", "2013-06-30": "18.84580", "2013-03-31": "12.35670", "2012-12-31": "", "2011-12-31": ""}, "Net Profit Margin": {"2020-09-30": "-4.78210", "2020-06-30": "-24.86050", "2020-03-31": "1.58320", "2019-12-31": "9.21940", "2019-09-30": "8.36760", "2019-06-30": "10.93720", "2019-03-31": "1.64110", "2018-12-31": "12.64370", "2018-09-30": "11.29890", "2018-06-30": "-1.29450", "2018-03-31": "2.69310", "2017-12-31": "8.84630", "2017-09-30": "12.92050", "2017-06-30": "9.36400", "2017-03-31": "0.75620", "2016-12-31": "6.69350", "2016-09-30": "9.95300", "2016-06-30": "7.39680", "2016-03-31": "-0.66020", "2015-12-31": "-18.54450", "2015-09-30": "5.48230", "2015-06-30": "5.77070", "2015-03-31": "0.31990", "2014-12-31": "7.03800", "2014-09-30": "73.78900", "2014-06-30": "6.69860", "2014-03-31": "2.91770", "2013-12-31": "14.53910", "2013-09-30": "10.99940", "2013-06-30": "10.94080", "2013-03-31": "7.12750", "2012-12-31": "", "2011-12-31": ""}, "Asset Turnover": {"2020-09-30": "0.04810", "2020-06-30": "0.03960", "2020-03-31": "0.06640", "2019-12-31": "0.09070", "2019-09-30": "0.08690", "2019-06-30": "0.08120", "2019-03-31": "0.07320", "2018-12-31": "0.11820", "2018-09-30": "0.10850", "2018-06-30": "0.10640", "2018-03-31": "0.08960", "2017-12-31": "0.10540", "2017-09-30": "0.10290", "2017-06-30": "0.10420", "2017-03-31": "0.09040", "2016-12-31": "0.10630", "2016-09-30": "0.10150", "2016-06-30": "0.10190", "2016-03-31": "0.09170", "2015-12-31": "0.10440", "2015-09-30": "0.09640", "2015-06-30": "0.09550", "2015-03-31": "0.08480", "2014-12-31": "0.09820", "2014-09-30": "0.09550", "2014-06-30": "0.09440", "2014-03-31": "0.08320", "2013-12-31": "0.10250", "2013-09-30": "", "2013-06-30": "", "2013-03-31": "", "2012-12-31": "", "2011-12-31": ""}, "Inventory Turnover Ratio": {"2020-09-30": "", "2020-06-30": "", "2020-03-31": "", "2019-12-31": "", "2019-09-30": "", "2019-06-30": "", "2019-03-31": "", "2018-12-31": "", "2018-09-30": "", "2018-06-30": "", "2018-03-31": "", "2017-12-31": "", "2017-09-30": "", "2017-06-30": "", "2017-03-31": "", "2016-12-31": "", "2016-09-30": "", "2016-06-30": "", "2016-03-31": "", "2015-12-31": "", "2015-09-30": "", "2015-06-30": "", "2015-03-31": "", "2014-12-31": "", "2014-09-30": "", "2014-06-30": "", "2014-03-31": "", "2013-12-31": "", "2013-09-30": "", "2013-06-30": "", "2013-03-31": "", "2012-12-31": "", "2011-12-31": ""}, "Receiveable Turnover": {"2020-09-30": "1.47490", "2020-06-30": "1.16450", "2020-03-31": "1.47740", "2019-12-31": "1.68310", "2019-09-30": "1.59100", "2019-06-30": "1.65490", "2019-03-31": "1.62240", "2018-12-31": "1.70780", "2018-09-30": "1.58820", "2018-06-30": "1.67440", "2018-03-31": "1.78970", "2017-12-31": "1.73650", "2017-09-30": "1.63090", "2017-06-30": "1.66680", "2017-03-31": "1.81750", "2016-12-31": "1.79010", "2016-09-30": "1.76810", "2016-06-30": "1.80380", "2016-03-31": "1.84340", "2015-12-31": "1.90210", "2015-09-30": "1.70280", "2015-06-30": "1.71440", "2015-03-31": "1.71090", "2014-12-31": "1.81610", "2014-09-30": "1.91630", "2014-06-30": "1.97170", "2014-03-31": "1.85500", "2013-12-31": "1.92340", "2013-09-30": "", "2013-06-30": "", "2013-03-31": "", "2012-12-31": "", "2011-12-31": ""}, "Days Sales In Receivables": {"2020-09-30": "61.02020", "2020-06-30": "77.28640", "2020-03-31": "60.91880", "2019-12-31": "53.47270", "2019-09-30": "56.56870", "2019-06-30": "54.38360", "2019-03-31": "55.47220", "2018-12-31": "52.69890", "2018-09-30": "56.66830", "2018-06-30": "53.74910", "2018-03-31": "50.28710", "2017-12-31": "51.82910", "2017-09-30": "55.18350", "2017-06-30": "53.99550", "2017-03-31": "49.51910", "2016-12-31": "50.27680", "2016-09-30": "50.90130", "2016-06-30": "49.89360", "2016-03-31": "48.82320", "2015-12-31": "47.31490", "2015-09-30": "52.85490", "2015-06-30": "52.49810", "2015-03-31": "52.60250", "2014-12-31": "49.55700", "2014-09-30": "46.96580", "2014-06-30": "45.64590", "2014-03-31": "48.51690", "2013-12-31": "46.79270", "2013-09-30": "", "2013-06-30": "", "2013-03-31": "", "2012-12-31": "", "2011-12-31": ""}, "ROE - Return On Equity": {"2020-09-30": "-1.34070", "2020-06-30": "-5.78090", "2020-03-31": "0.59600", "2019-12-31": "4.03940", "2019-09-30": "3.43630", "2019-06-30": "4.43210", "2019-03-31": "0.55870", "2018-12-31": "4.99430", "2018-09-30": "4.16480", "2018-06-30": "-0.46410", "2018-03-31": "0.77290", "2017-12-31": "2.89420", "2017-09-30": "4.08710", "2017-06-30": "3.02460", "2017-03-31": "0.21090", "2016-12-31": "2.15730", "2016-09-30": "3.04460", "2016-06-30": "2.26980", "2016-03-31": "-0.19650", "2015-12-31": "-6.09430", "2015-09-30": "1.58920", "2015-06-30": "1.62010", "2015-03-31": "0.07930", "2014-12-31": "1.92320", "2014-09-30": "15.84560", "2014-06-30": "1.63610", "2014-03-31": "0.65340", "2013-12-31": "1.81530", "2013-09-30": "", "2013-06-30": "", "2013-03-31": "", "2012-12-31": "", "2011-12-31": ""}, "Return On Tangible Equity": {"2020-09-30": "1.06340", "2020-06-30": "4.62260", "2020-03-31": "-0.39700", "2019-12-31": "-3.01800", "2019-09-30": "-2.57110", "2019-06-30": "-3.35620", "2019-03-31": "-0.40110", "2018-12-31": "-3.88690", "2018-09-30": "-3.10570", "2018-06-30": "0.34250", "2018-03-31": "-0.59970", "2017-12-31": "-2.39490", "2017-09-30": "-3.44010", "2017-06-30": "-2.50340", "2017-03-31": "-0.17370", "2016-12-31": "-1.89770", "2016-09-30": "-2.72160", "2016-06-30": "-2.01830", "2016-03-31": "0.15160", "2015-12-31": "5.15850", "2015-09-30": "-1.52400", "2015-06-30": "-1.60810", "2015-03-31": "-0.07980", "2014-12-31": "-2.07170", "2014-09-30": "-40.47270", "2014-06-30": "-2.69590", "2014-03-31": "-0.90600", "2013-12-31": "9.53650", "2013-09-30": "", "2013-06-30": "", "2013-03-31": "", "2012-12-31": "", "2011-12-31": ""}, "ROA - Return On Assets": {"2020-09-30": "-0.22660", "2020-06-30": "-0.98520", "2020-03-31": "0.10850", "2019-12-31": "0.84540", "2019-09-30": "0.72730", "2019-06-30": "0.88790", "2019-03-31": "0.12010", "2018-12-31": "1.49400", "2018-09-30": "1.22640", "2018-06-30": "-0.13770", "2018-03-31": "0.24130", "2017-12-31": "0.93220", "2017-09-30": "1.32930", "2017-06-30": "0.97610", "2017-03-31": "0.06840", "2016-12-31": "0.71150", "2016-09-30": "1.01050", "2016-06-30": "0.75370", "2016-03-31": "-0.06050", "2015-12-31": "-1.93680", "2015-09-30": "0.52860", "2015-06-30": "0.55100", "2015-03-31": "0.02710", "2014-12-31": "0.69090", "2014-09-30": "7.04840", "2014-06-30": "0.63210", "2014-03-31": "0.24290", "2013-12-31": "1.49010", "2013-09-30": "", "2013-06-30": "", "2013-03-31": "", "2012-12-31": "", "2011-12-31": ""}, "ROI - Return On Investment": {"2020-09-30": "-0.33290", "2020-06-30": "-1.44820", "2020-03-31": "0.16690", "2019-12-31": "1.35880", "2019-09-30": "1.15910", "2019-06-30": "1.48780", "2019-03-31": "0.18610", "2018-12-31": "1.73600", "2018-09-30": "1.42590", "2018-06-30": "-0.15580", "2018-03-31": "0.27300", "2017-12-31": "1.05280", "2017-09-30": "1.49770", "2017-06-30": "1.10080", "2017-03-31": "0.07510", "2016-12-31": "0.78940", "2016-09-30": "1.11500", "2016-06-30": "0.82850", "2016-03-31": "-0.06780", "2015-12-31": "-2.15160", "2015-09-30": "0.58310", "2015-06-30": "0.60460", "2015-03-31": "0.02980", "2014-12-31": "0.76290", "2014-09-30": "7.84470", "2014-06-30": "0.75490", "2014-03-31": "0.29130", "2013-12-31": "1.81530", "2013-09-30": "", "2013-06-30": "", "2013-03-31": "", "2012-12-31": "", "2011-12-31": ""}, "Book Value Per Share": {"2020-09-30": "9.52490", "2020-06-30": "9.65670", "2020-03-31": "7.36070", "2019-12-31": "7.84400", "2019-09-30": "8.03280", "2019-06-30": "7.91970", "2019-03-31": "7.78820", "2018-12-31": "8.16900", "2018-09-30": "8.05520", "2018-06-30": "8.04380", "2018-03-31": "8.45830", "2017-12-31": "8.84990", "2017-09-30": "8.95020", "2017-06-30": "8.88840", "2017-03-31": "8.55190", "2016-12-31": "8.93480", "2016-09-30": "9.06810", "2016-06-30": "9.10510", "2016-03-31": "8.48590", "2015-12-31": "8.81250", "2015-09-30": "9.70180", "2015-06-30": "9.96580", "2015-03-31": "10.11660", "2014-12-31": "10.58200", "2014-09-30": "13.05830", "2014-06-30": "11.40920", "2014-03-31": "13.25260", "2013-12-31": "", "2013-09-30": "", "2013-06-30": "", "2013-03-31": "", "2012-12-31": "", "2011-12-31": ""}, "Operating Cash Flow Per Share": {"2020-09-30": 0.2445, "2020-06-30": 0.2481, "2020-03-31": "0.10300", "2019-12-31": 0.8096, "2019-09-30": 0.5398, "2019-06-30": 0.2909, "2019-03-31": "0.29340", "2018-12-31": 0.5641, "2018-09-30": 0.4811, "2018-06-30": 0.0435, "2018-03-31": "0.44640", "2017-12-31": 0.4988, "2017-09-30": 0.7282, "2017-06-30": 0.336, "2017-03-31": "0.23180", "2016-12-31": 0.6253, "2016-09-30": 0.6921, "2016-06-30": 0.5114, "2016-03-31": "0.24560", "2015-12-31": 0.8555, "2015-09-30": 0.7415, "2015-06-30": 0.4955, "2015-03-31": "0.04220", "2014-12-31": 0.7606, "2014-09-30": 0.9031, "2014-06-30": 0.5451, "2014-03-31": "0.08040", "2013-12-31": 0.826, "2013-09-30": 0.8983, "2013-06-30": 0.4812, "2013-03-31": "0.10100", "2012-12-31": 0, "2011-12-31": 0}, "Free Cash Flow Per Share": {"2020-09-30": 0.1745, "2020-06-30": 0.153, "2020-03-31": "-0.02280", "2019-12-31": 0.6353, "2019-09-30": 0.3634, "2019-06-30": 0.1421, "2019-03-31": "0.16510", "2018-12-31": 0.4134, "2018-09-30": 0.3756, "2018-06-30": -0.1691, "2018-03-31": "0.32570", "2017-12-31": 0.405, "2017-09-30": 0.6152, "2017-06-30": 0.1526, "2017-03-31": "0.11230", "2016-12-31": 0.5253, "2016-09-30": 0.5798, "2016-06-30": 0.3991, "2016-03-31": "0.14100", "2015-12-31": 0.7362, "2015-09-30": 0.6307, "2015-06-30": 0.3898, "2015-03-31": "-0.05310", "2014-12-31": 0.5626, "2014-09-30": 0.7862, "2014-06-30": 0.4626, "2014-03-31": "-0.08140", "2013-12-31": 0.6877, "2013-09-30": 0.6788, "2013-06-30": 0.4187, "2013-03-31": "0.03920", "2012-12-31": 0, "2011-12-31": 0}}, "revenue": {"OUTFRONT Media Annual Revenue (Millions of US $)": {"2019": "$1,782", "2018": "$1,606", "2017": "$1,521", "2016": "$1,514", "2015": "$1,514", "2014": "$1,354", "2013": "$1,294", "2012": "$1,285", "2011": "$1,277"}, "OUTFRONT Media Quarterly Revenue (Millions of US $)": {"2020-09-30": "$282", "2020-06-30": "$233", "2020-03-31": "$385", "2019-12-31": "$488", "2019-09-30": "$463", "2019-06-30": "$460", "2019-03-31": "$372", "2018-12-31": "$452", "2018-09-30": "$414", "2018-06-30": "$402", "2018-03-31": "$338", "2017-12-31": "$401", "2017-09-30": "$392", "2017-06-30": "$396", "2017-03-31": "$331", "2016-12-31": "$397", "2016-09-30": "$383", "2016-06-30": "$385", "2016-03-31": "$348", "2015-12-31": "$399", "2015-09-30": "$387", "2015-06-30": "$385", "2015-03-31": "$344", "2014-12-31": "$395", "2014-09-30": "$337", "2014-06-30": "$334", "2014-03-31": "$288", "2013-12-31": "$344", "2013-09-30": "$338", "2013-06-30": "$333", "2013-03-31": "$279", "2012-12-31": "", "2011-12-31": ""}}, "gross-profit": {"OUTFRONT Media Annual Gross Profit (Millions of US $)": {"2019": "$824", "2018": "$746", "2017": "$685", "2016": "$696", "2015": "$681", "2014": "$627", "2013": "$607", "2012": "$585", "2011": "$588"}, "OUTFRONT Media Quarterly Gross Profit (Millions of US $)": {"2020-09-30": "$127", "2020-06-30": "$79", "2020-03-31": "$161", "2019-12-31": "$232", "2019-09-30": "$217", "2019-06-30": "$220", "2019-03-31": "$155", "2018-12-31": "$217", "2018-09-30": "$199", "2018-06-30": "$190", "2018-03-31": "$141", "2017-12-31": "$184", "2017-09-30": "$180", "2017-06-30": "$183", "2017-03-31": "$139", "2016-12-31": "$182", "2016-09-30": "$181", "2016-06-30": "$184", "2016-03-31": "$149", "2015-12-31": "$180", "2015-09-30": "$177", "2015-06-30": "$178", "2015-03-31": "$145", "2014-12-31": "$181", "2014-09-30": "$159", "2014-06-30": "$163", "2014-03-31": "$124", "2013-12-31": "$162", "2013-09-30": "$167", "2013-06-30": "$161", "2013-03-31": "$117", "2012-12-31": "", "2011-12-31": ""}}, "operating-income": {"OUTFRONT Media Annual Operating Income (Millions of US $)": {"2019": "$309", "2018": "$235", "2017": "$242", "2016": "$205", "2015": "$86", "2014": "$183", "2013": "$239", "2012": "$201", "2011": "$192"}, "OUTFRONT Media Quarterly Operating Income (Millions of US $)": {"2020-09-30": "$25", "2020-06-30": "$-26", "2020-03-31": "$34", "2019-12-31": "$98", "2019-09-30": "$86", "2019-06-30": "$89", "2019-03-31": "$37", "2018-12-31": "$91", "2018-09-30": "$79", "2018-06-30": "$33", "2018-03-31": "$32", "2017-12-31": "$70", "2017-09-30": "$80", "2017-06-30": "$65", "2017-03-31": "$26", "2016-12-31": "$58", "2016-09-30": "$64", "2016-06-30": "$59", "2016-03-31": "$24", "2015-12-31": "$-48", "2015-09-30": "$53", "2015-06-30": "$55", "2015-03-31": "$27", "2014-12-31": "$51", "2014-09-30": "$48", "2014-06-30": "$58", "2014-03-31": "$27", "2013-12-31": "$77", "2013-09-30": "$65", "2013-06-30": "$63", "2013-03-31": "$35", "2012-12-31": "", "2011-12-31": ""}}, "ebitda": {"OUTFRONT Media Annual EBITDA (Millions of US $)": {"2019": "$512", "2018": "$426", "2017": "$438", "2016": "$436", "2015": "$322", "2014": "$397", "2013": "$435", "2012": "$398", "2011": "$404"}, "OUTFRONT Media Quarterly EBITDA (Millions of US $)": {"2020-09-30": "$72", "2020-06-30": "$19", "2020-03-31": "$82", "2019-12-31": "$150", "2019-09-30": "$139", "2019-06-30": "$139", "2019-03-31": "$84", "2018-12-31": "$141", "2018-09-30": "$127", "2018-06-30": "$81", "2018-03-31": "$77", "2017-12-31": "$119", "2017-09-30": "$130", "2017-06-30": "$115", "2017-03-31": "$75", "2016-12-31": "$113", "2016-09-30": "$120", "2016-06-30": "$120", "2016-03-31": "$83", "2015-12-31": "$12", "2015-09-30": "$112", "2015-06-30": "$113", "2015-03-31": "$85", "2014-12-31": "$108", "2014-09-30": "$106", "2014-06-30": "$109", "2014-03-31": "$75", "2013-12-31": "$126", "2013-09-30": "$114", "2013-06-30": "$111", "2013-03-31": "$84", "2012-12-31": "", "2011-12-31": ""}}, "net-income": {"OUTFRONT Media Annual Net Income (Millions of US $)": {"2019": "$140", "2018": "$108", "2017": "$126", "2016": "$91", "2015": "$-29", "2014": "$307", "2013": "$144", "2012": "$113", "2011": "$107"}, "OUTFRONT Media Quarterly Net Income (Millions of US $)": {"2020-09-30": "$-14", "2020-06-30": "$-58", "2020-03-31": "$6", "2019-12-31": "$45", "2019-09-30": "$39", "2019-06-30": "$50", "2019-03-31": "$6", "2018-12-31": "$57", "2018-09-30": "$47", "2018-06-30": "$-5", "2018-03-31": "$9", "2017-12-31": "$36", "2017-09-30": "$51", "2017-06-30": "$37", "2017-03-31": "$3", "2016-12-31": "$27", "2016-09-30": "$38", "2016-06-30": "$29", "2016-03-31": "$-2", "2015-12-31": "$-74", "2015-09-30": "$21", "2015-06-30": "$22", "2015-03-31": "$1", "2014-12-31": "$28", "2014-09-30": "$248", "2014-06-30": "$22", "2014-03-31": "$8", "2013-12-31": "$50", "2013-09-30": "$37", "2013-06-30": "$36", "2013-03-31": "$20", "2012-12-31": "", "2011-12-31": ""}}, "eps-earnings-per-share-diluted": {"OUTFRONT Media Annual EPS": {"2019": "$0.97", "2018": "$0.75", "2017": "$0.90", "2016": "$0.66", "2015": "$-0.21", "2014": "$2.67", "2013": "$1.25", "2012": "$0.99", "2011": "$1.10"}, "OUTFRONT Media Quarterly EPS": {"2020-09-30": "$-0.14", "2020-06-30": "$-0.44", "2020-03-31": "$0.04", "2019-12-31": "$0.31", "2019-09-30": "$0.27", "2019-06-30": "$0.35", "2019-03-31": "$0.04", "2018-12-31": "$0.40", "2018-09-30": "$0.33", "2018-06-30": "$-0.04", "2018-03-31": "$0.06", "2017-12-31": "$0.25", "2017-09-30": "$0.36", "2017-06-30": "$0.27", "2017-03-31": "$0.02", "2016-12-31": "$0.19", "2016-09-30": "$0.28", "2016-06-30": "$0.21", "2016-03-31": "$-0.02", "2015-12-31": "$-0.53", "2015-09-30": "$0.15", "2015-06-30": "$0.16", "2015-03-31": "$0.01", "2014-12-31": "$0.33", "2014-09-30": "$2.06", "2014-06-30": "$0.19", "2014-03-31": "$0.09", "2013-12-31": "$0.41", "2013-09-30": "$0.31", "2013-06-30": "$0.30", "2013-03-31": "$0.21", "2012-12-31": "$0.00", "2011-12-31": "$0.00"}}, "shares-outstanding": {"OUTFRONT Media Annual Shares Outstanding (Millions of Shares)": {"2019": "143", "2018": "140", "2017": "139", "2016": "138", "2015": "137", "2014": "115", "2013": "115", "2012": "115", "2011": "97"}, "OUTFRONT Media Quarterly Shares Outstanding (Millions of Shares)": {"2020-09-30": "144", "2020-06-30": "144", "2020-03-31": "145", "2019-12-31": "143", "2019-09-30": "144", "2019-06-30": "143", "2019-03-31": "141", "2018-12-31": "140", "2018-09-30": "142", "2018-06-30": "139", "2018-03-31": "139", "2017-12-31": "139", "2017-09-30": "141", "2017-06-30": "139", "2017-03-31": "139", "2016-12-31": "138", "2016-09-30": "139", "2016-06-30": "138", "2016-03-31": "138", "2015-12-31": "137", "2015-09-30": "138", "2015-06-30": "138", "2015-03-31": "138", "2014-12-31": "115", "2014-09-30": "121", "2014-06-30": "120", "2014-03-31": "97", "2013-12-31": "121", "2013-09-30": "121", "2013-06-30": "120", "2013-03-31": "97", "2012-12-31": "", "2011-12-31": ""}}, "total-assets": {"OUTFRONT Media Annual Total Assets (Millions of US $)": {"2019": "$5,382", "2018": "$3,829", "2017": "$3,808", "2016": "$3,739", "2015": "$3,816", "2014": "$4,024", "2013": "$3,356", "2012": "$3,465", "2011": "$0"}, "OUTFRONT Media Quarterly Total Assets (Millions of US $)": {"2020-09-30": "$5,871", "2020-06-30": "$5,887", "2020-03-31": "$5,804", "2019-12-31": "$5,382", "2019-09-30": "$5,321", "2019-06-30": "$5,665", "2019-03-31": "$5,077", "2018-12-31": "$3,829", "2018-09-30": "$3,816", "2018-06-30": "$3,775", "2018-03-31": "$3,771", "2017-12-31": "$3,808", "2017-09-30": "$3,814", "2017-06-30": "$3,801", "2017-03-31": "$3,657", "2016-12-31": "$3,739", "2016-09-30": "$3,770", "2016-06-30": "$3,781", "2016-03-31": "$3,799", "2015-12-31": "$3,816", "2015-09-30": "$4,010", "2015-06-30": "$4,029", "2015-03-31": "$4,057", "2014-12-31": "$4,024", "2014-09-30": "$3,523", "2014-06-30": "$3,544", "2014-03-31": "$3,458", "2013-12-31": "$3,356", "2013-09-30": "$0", "2013-06-30": "$0", "2013-03-31": "$0", "2012-12-31": "$3,465", "2011-12-31": "$0"}}, "cash-on-hand": {"OUTFRONT Media Annual Cash on Hand (Millions of US $)": {"2019": "$61", "2018": "$54", "2017": "$48", "2016": "$65", "2015": "$102", "2014": "$29", "2013": "$30", "2012": "$20", "2011": "$"}, "OUTFRONT Media Quarterly Cash on Hand (Millions of US $)": {"2020-09-30": "$692", "2020-06-30": "$650", "2020-03-31": "$490", "2019-12-31": "$61", "2019-09-30": "$64", "2019-06-30": "$476", "2019-03-31": "$54", "2018-12-31": "$54", "2018-09-30": "$58", "2018-06-30": "$42", "2018-03-31": "$53", "2017-12-31": "$48", "2017-09-30": "$42", "2017-06-30": "$23", "2017-03-31": "$26", "2016-12-31": "$65", "2016-09-30": "$73", "2016-06-30": "$61", "2016-03-31": "$43", "2015-12-31": "$102", "2015-09-30": "$106", "2015-06-30": "$68", "2015-03-31": "$56", "2014-12-31": "$29", "2014-09-30": "$272", "2014-06-30": "$223", "2014-03-31": "$114", "2013-12-31": "$30", "2013-09-30": "", "2013-06-30": "", "2013-03-31": "", "2012-12-31": "$20", "2011-12-31": ""}}, "long-term-debt": {"OUTFRONT Media Annual Long Term Debt (Millions of US $)": {"2019": "$2,222", "2018": "$2,150", "2017": "$2,145", "2016": "$2,137", "2015": "$2,222", "2014": "$2,198", "2013": "$", "2012": "$", "2011": "$"}, "OUTFRONT Media Quarterly Long Term Debt (Millions of US $)": {"2020-09-30": "$2,620", "2020-06-30": "$2,618", "2020-03-31": "$2,718", "2019-12-31": "$2,222", "2019-09-30": "$2,213", "2019-06-30": "$2,246", "2019-03-31": "$2,186", "2018-12-31": "$2,150", "2018-09-30": "$2,159", "2018-06-30": "$2,217", "2018-03-31": "$2,156", "2017-12-31": "$2,145", "2017-09-30": "$2,145", "2017-06-30": "$2,144", "2017-03-31": "$2,143", "2016-12-31": "$2,137", "2016-09-30": "$2,166", "2016-06-30": "$2,184", "2016-03-31": "$2,223", "2015-12-31": "$2,222", "2015-09-30": "$2,302", "2015-06-30": "$2,302", "2015-03-31": "$2,302", "2014-12-31": "$2,198", "2014-09-30": "$1,598", "2014-06-30": "$1,598", "2014-03-31": "$1,598", "2013-12-31": "", "2013-09-30": "", "2013-06-30": "", "2013-03-31": "", "2012-12-31": "", "2011-12-31": ""}}, "total-liabilities": {"OUTFRONT Media Annual Total Liabilities (Millions of US $)": {"2019": "$4,256", "2018": "$2,683", "2017": "$2,582", "2016": "$2,506", "2015": "$2,603", "2014": "$2,578", "2013": "$601", "2012": "$621", "2011": "$0"}, "OUTFRONT Media Quarterly Total Liabilities (Millions of US $)": {"2020-09-30": "$4,495", "2020-06-30": "$4,500", "2020-03-31": "$4,747", "2019-12-31": "$4,256", "2019-09-30": "$4,195", "2019-06-30": "$4,530", "2019-03-31": "$3,985", "2018-12-31": "$2,683", "2018-09-30": "$2,692", "2018-06-30": "$2,655", "2018-03-31": "$2,593", "2017-12-31": "$2,582", "2017-09-30": "$2,573", "2017-06-30": "$2,574", "2017-03-31": "$2,471", "2016-12-31": "$2,506", "2016-09-30": "$2,519", "2016-06-30": "$2,526", "2016-03-31": "$2,629", "2015-12-31": "$2,603", "2015-09-30": "$2,676", "2015-06-30": "$2,659", "2015-03-31": "$2,669", "2014-12-31": "$2,578", "2014-09-30": "$1,956", "2014-06-30": "$2,175", "2014-03-31": "$2,173", "2013-12-31": "$601", "2013-09-30": "$0", "2013-06-30": "$0", "2013-03-31": "$0", "2012-12-31": "$621", "2011-12-31": "$0"}}, "total-share-holder-equity": {"OUTFRONT Media Annual Share Holder Equity (Millions of US $)": {"2019": "$1,126", "2018": "$1,145", "2017": "$1,227", "2016": "$1,233", "2015": "$1,213", "2014": "$1,446", "2013": "$2,754", "2012": "$2,844", "2011": "$0"}, "OUTFRONT Media Quarterly Share Holder Equity (Millions of US $)": {"2020-09-30": "$1,375", "2020-06-30": "$1,387", "2020-03-31": "$1,057", "2019-12-31": "$1,126", "2019-09-30": "$1,126", "2019-06-30": "$1,135", "2019-03-31": "$1,092", "2018-12-31": "$1,145", "2018-09-30": "$1,124", "2018-06-30": "$1,121", "2018-03-31": "$1,177", "2017-12-31": "$1,227", "2017-09-30": "$1,241", "2017-06-30": "$1,227", "2017-03-31": "$1,185", "2016-12-31": "$1,233", "2016-09-30": "$1,251", "2016-06-30": "$1,256", "2016-03-31": "$1,170", "2015-12-31": "$1,213", "2015-09-30": "$1,334", "2015-06-30": "$1,370", "2015-03-31": "$1,388", "2014-12-31": "$1,446", "2014-09-30": "$1,567", "2014-06-30": "$1,369", "2014-03-31": "$1,286", "2013-12-31": "$2,754", "2013-09-30": "$0", "2013-06-30": "$0", "2013-03-31": "$0", "2012-12-31": "$2,844", "2011-12-31": "$0"}}, "profit-margins": {"current": "-1.46%"}, "gross margin": {"2020-09-30": "43.16%", "2020-06-30": "43.91%", "2020-03-31": "46.21%", "2019-12-31": "46.21%", "2019-09-30": "46.31%", "2019-06-30": "46.58%", "2019-03-31": "46.40%", "2018-12-31": "46.51%", "2018-09-30": "45.92%", "2018-06-30": "45.34%", "2018-03-31": "45.06%", "2017-12-31": "45.13%", "2017-09-30": "45.12%", "2017-06-30": "45.45%", "2017-03-31": "45.86%", "2016-12-31": "46.00%", "2016-09-30": "45.81%", "2016-06-30": "45.42%", "2016-03-31": "45.03%", "2015-12-31": "44.88%", "2015-09-30": "45.07%", "2015-06-30": "45.38%", "2015-03-31": "45.96%", "2014-12-31": "46.31%", "2014-09-30": "46.66%", "2014-06-30": "47.24%", "2014-03-31": "47.12%", "2013-12-31": "46.91%"}, "operating margin": {"2020-09-30": "9.44%", "2020-06-30": "12.24%", "2020-03-31": "17.09%", "2019-12-31": "17.39%", "2019-09-30": "17.34%", "2019-06-30": "17.43%", "2019-03-31": "14.63%", "2018-12-31": "14.63%", "2018-09-30": "13.76%", "2018-06-30": "14.02%", "2018-03-31": "16.18%", "2017-12-31": "15.86%", "2017-09-30": "15.11%", "2017-06-30": "14.13%", "2017-03-31": "13.84%", "2016-12-31": "13.55%", "2016-09-30": "6.60%", "2016-06-30": "5.86%", "2016-03-31": "5.60%", "2015-12-31": "5.81%", "2015-09-30": "12.31%", "2015-06-30": "12.39%", "2015-03-31": "13.05%", "2014-12-31": "13.59%", "2014-09-30": "16.12%", "2014-06-30": "17.41%", "2014-03-31": "17.81%", "2013-12-31": "18.55%"}, "ebitda margin": {"2020-09-30": "23.27%", "2020-06-30": "24.86%", "2020-03-31": "28.40%", "2019-12-31": "28.72%", "2019-09-30": "28.79%", "2019-06-30": "28.92%", "2019-03-31": "26.40%", "2018-12-31": "26.53%", "2018-09-30": "25.98%", "2018-06-30": "26.55%", "2018-03-31": "28.88%", "2017-12-31": "28.88%", "2017-09-30": "28.56%", "2017-06-30": "28.07%", "2017-03-31": "28.61%", "2016-12-31": "28.82%", "2016-09-30": "22.11%", "2016-06-30": "21.53%", "2016-03-31": "21.07%", "2015-12-31": "21.25%", "2015-09-30": "27.66%", "2015-06-30": "28.20%", "2015-03-31": "28.94%", "2014-12-31": "29.39%", "2014-09-30": "31.93%", "2014-06-30": "32.52%", "2014-03-31": "32.69%", "2013-12-31": "33.62%"}, "pre tax profit margin": {"2020-09-30": "-1.30%", "2020-06-30": "2.04%", "2020-03-31": "8.13%", "2019-12-31": "8.19%", "2019-09-30": "9.04%", "2019-06-30": "9.66%", "2019-03-31": "6.77%", "2018-12-31": "6.79%", "2018-09-30": "5.79%", "2018-06-30": "6.13%", "2018-03-31": "8.45%", "2017-12-31": "8.22%", "2017-09-30": "7.65%", "2017-06-30": "6.64%", "2017-03-31": "6.28%", "2016-12-31": "6.01%", "2016-09-30": "-1.06%", "2016-06-30": "-1.84%", "2016-03-31": "-2.17%", "2015-12-31": "-1.91%", "2015-09-30": "4.70%", "2015-06-30": "4.72%", "2015-03-31": "5.89%", "2014-12-31": "7.24%", "2014-09-30": "11.59%", "2014-06-30": "14.95%", "2014-03-31": "16.73%", "2013-12-31": "18.47%"}, "net profit margin": {"2020-09-30": "-1.51%", "2020-06-30": "2.04%", "2020-03-31": "7.80%", "2019-12-31": "7.85%", "2019-09-30": "8.70%", "2019-06-30": "9.42%", "2019-03-31": "6.40%", "2018-12-31": "6.72%", "2018-09-30": "5.59%", "2018-06-30": "5.94%", "2018-03-31": "8.71%", "2017-12-31": "8.36%", "2017-09-30": "7.78%", "2017-06-30": "6.97%", "2017-03-31": "6.48%", "2016-12-31": "6.08%", "2016-09-30": "-0.59%", "2016-06-30": "-1.71%", "2016-03-31": "-2.17%", "2015-12-31": "-1.98%", "2015-09-30": "4.77%", "2015-06-30": "20.47%", "2015-03-31": "21.21%", "2014-12-31": "22.60%", "2014-09-30": "25.17%", "2014-06-30": "8.97%", "2014-03-31": "10.05%", "2013-12-31": "11.05%"}, "pe ratio": {"current": "19.19", "2021-02-05": "0.00", "2020-09-30": "0.00", "2020-06-30": "64.41", "2020-03-31": "13.90", "2019-12-31": "27.24", "2019-09-30": "25.45", "2019-06-30": "22.07", "2019-03-31": "30.29", "2018-12-31": "22.47", "2018-09-30": "30.40", "2018-06-30": "27.73", "2018-03-31": "17.58", "2017-12-31": "22.32", "2017-09-30": "25.55", "2017-06-30": "25.51", "2017-03-31": "31.30", "2016-12-31": "30.68", "2016-09-30": "0.00", "2016-06-30": "0.00", "2016-03-31": "0.00", "2015-12-31": "0.00", "2015-09-30": "28.55", "2015-06-30": "7.63", "2015-03-31": "8.82", "2014-12-31": "7.57"}, "price sales": {"2021-02-05": "2.09", "2020-09-30": "1.51", "2020-06-30": "1.30", "2020-03-31": "1.08", "2019-12-31": "2.12", "2019-09-30": "2.19", "2019-06-30": "2.06", "2019-03-31": "1.89", "2018-12-31": "1.47", "2018-09-30": "1.64", "2018-06-30": "1.59", "2018-03-31": "1.51", "2017-12-31": "1.84", "2017-09-30": "1.97", "2017-06-30": "1.79", "2017-03-31": "2.03", "2016-12-31": "1.85", "2016-09-30": "1.73", "2016-06-30": "1.73", "2016-03-31": "1.49", "2015-12-31": "1.52", "2015-09-30": "1.36", "2015-06-30": "1.63", "2015-03-31": "1.91", "2014-12-31": "1.62"}, "price book": {"current": "2.93", "2021-02-05": "2.11", "2020-09-30": "1.53", "2020-06-30": "1.47", "2020-03-31": "1.83", "2019-12-31": "3.37", "2019-09-30": "3.36", "2019-06-30": "3.12", "2019-03-31": "2.84", "2018-12-31": "2.06", "2018-09-30": "2.26", "2018-06-30": "2.17", "2018-03-31": "1.95", "2017-12-31": "2.27", "2017-09-30": "2.40", "2017-06-30": "2.18", "2017-03-31": "2.56", "2016-12-31": "2.27", "2016-09-30": "2.09", "2016-06-30": "2.10", "2016-03-31": "1.94", "2015-12-31": "1.90", "2015-09-30": "1.62", "2015-06-30": "1.88", "2015-03-31": "2.17", "2014-12-31": "1.84", "2014-09-30": "1.39", "2014-06-30": "1.72", "2014-03-31": "1.31"}, "price fcf": {"2021-02-05": "", "2020-09-30": "$0.94", "2020-06-30": "$1.13", "2020-03-31": "$1.12", "2019-12-31": "$1.31", "2019-09-30": "$1.08", "2019-06-30": "$1.10", "2019-03-31": "$0.79", "2018-12-31": "$0.95", "2018-09-30": "$0.94", "2018-06-30": "$1.18", "2018-03-31": "$1.50", "2017-12-31": "$1.29", "2017-09-30": "$1.41", "2017-06-30": "$1.37", "2017-03-31": "$1.62", "2016-12-31": "$1.65", "2016-09-30": "$1.86", "2016-06-30": "$1.91", "2016-03-31": "$1.90", "2015-12-31": "$1.70", "2015-09-30": "$1.53", "2015-06-30": "$1.69", "2015-03-31": "$1.76", "2014-12-31": "$1.73"}, "net worth": {"value": "$2.9B"}, "current ratio": {"2020-09-30": "1.78", "2020-06-30": "1.75", "2020-03-31": "1.22", "2019-12-31": "0.67", "2019-09-30": "0.71", "2019-06-30": "0.88", "2019-03-31": "0.65", "2018-12-31": "1.07", "2018-09-30": "1.08", "2018-06-30": "1.28", "2018-03-31": "1.16", "2017-12-31": "1.26", "2017-09-30": "1.23", "2017-06-30": "1.18", "2017-03-31": "1.48", "2016-12-31": "1.50", "2016-09-30": "1.64", "2016-06-30": "1.64", "2016-03-31": "1.23", "2015-12-31": "1.55", "2015-09-30": "1.83", "2015-06-30": "1.86", "2015-03-31": "1.71", "2014-12-31": "1.39", "2014-09-30": "2.36", "2014-06-30": "2.71", "2014-03-31": "2.22", "2013-12-31": "1.50", "2013-09-30": "0.00", "2013-06-30": "0.00", "2013-03-31": "0.00", "2012-12-31": "1.53", "2011-12-31": "0.00"}, "quick ratio": {"2020-09-30": "0.00", "2020-06-30": "0.00", "2020-03-31": "0.00", "2019-12-31": "0.00", "2019-09-30": "0.00", "2019-06-30": "0.00", "2019-03-31": "0.00", "2018-12-31": "0.00", "2018-09-30": "0.00", "2018-06-30": "0.00", "2018-03-31": "0.00", "2017-12-31": "0.00", "2017-09-30": "0.00", "2017-06-30": "0.00", "2017-03-31": "0.00", "2016-12-31": "0.00", "2016-09-30": "0.00", "2016-06-30": "0.00", "2016-03-31": "0.00", "2015-12-31": "0.00", "2015-09-30": "0.00", "2015-06-30": "0.00", "2015-03-31": "0.00", "2014-12-31": "0.00", "2014-09-30": "0.00", "2014-06-30": "0.00", "2014-03-31": "0.00", "2013-12-31": "0.00", "2013-09-30": "0.00", "2013-06-30": "0.00", "2013-03-31": "0.00", "2012-12-31": "0.00", "2011-12-31": "0.00"}, "debt equity ratio": {"current": "2.64", "2020-09-30": "3.27", "2020-06-30": "3.25", "2020-03-31": "4.49", "2019-12-31": "3.78", "2019-09-30": "3.73", "2019-06-30": "3.99", "2019-03-31": "3.65", "2018-12-31": "2.34", "2018-09-30": "2.40", "2018-06-30": "2.37", "2018-03-31": "2.20", "2017-12-31": "2.11", "2017-09-30": "2.07", "2017-06-30": "2.10", "2017-03-31": "2.09", "2016-12-31": "2.03", "2016-09-30": "2.01", "2016-06-30": "2.01", "2016-03-31": "2.25", "2015-12-31": "2.15", "2015-09-30": "2.01", "2015-06-30": "1.94", "2015-03-31": "1.92", "2014-12-31": "1.78", "2014-09-30": "1.25", "2014-06-30": "1.59", "2014-03-31": "1.69", "2013-12-31": "0.22", "2013-09-30": "0.00", "2013-06-30": "0.00", "2013-03-31": "0.00", "2012-12-31": "0.22", "2011-12-31": "0.00"}, "return on equity": {"2020-09-30": "-1.70%", "2020-06-30": "2.73%", "2020-03-31": "12.60%", "2019-12-31": "12.50%", "2019-09-30": "13.52%", "2019-06-30": "14.23%", "2019-03-31": "9.37%", "2018-12-31": "9.46%", "2018-09-30": "7.49%", "2018-06-30": "7.64%", "2018-03-31": "10.92%", "2017-12-31": "10.41%", "2017-09-30": "9.66%", "2017-06-30": "8.58%", "2017-03-31": "7.88%", "2016-12-31": "7.49%", "2016-09-30": "-0.74%", "2016-06-30": "-2.09%", "2016-03-31": "-2.59%", "2015-12-31": "-2.26%", "2015-09-30": "5.20%", "2015-06-30": "20.72%", "2015-03-31": "20.73%", "2014-12-31": "21.59%", "2014-09-30": "18.81%", "2014-06-30": "8.65%", "2014-03-31": "12.97%", "2013-12-31": "20.77%"}, "return on assets": {"2020-09-30": "-0.37%", "2020-06-30": "0.57%", "2020-03-31": "2.53%", "2019-12-31": "2.61%", "2019-09-30": "3.06%", "2019-06-30": "3.48%", "2019-03-31": "2.55%", "2018-12-31": "2.84%", "2018-09-30": "2.29%", "2018-06-30": "2.40%", "2018-03-31": "3.50%", "2017-12-31": "3.37%", "2017-09-30": "3.14%", "2017-06-30": "2.81%", "2017-03-31": "2.60%", "2016-12-31": "2.44%", "2016-09-30": "-0.24%", "2016-06-30": "-0.68%", "2016-03-31": "-0.84%", "2015-12-31": "-0.75%", "2015-09-30": "1.79%", "2015-06-30": "7.65%", "2015-03-31": "7.90%", "2014-12-31": "8.41%", "2014-09-30": "9.45%", "2014-06-30": "4.52%", "2014-03-31": "7.69%", "2013-12-31": "17.04%"}, "return on investments": {"2020-09-30": "3.46%", "2020-06-30": "5.31%", "2020-03-31": "8.87%", "2019-12-31": "9.29%", "2019-09-30": "9.12%", "2019-06-30": "8.95%", "2019-03-31": "7.28%", "2018-12-31": "7.10%", "2018-09-30": "6.42%", "2018-06-30": "6.40%", "2018-03-31": "7.34%", "2017-12-31": "7.16%", "2017-09-30": "6.81%", "2017-06-30": "6.32%", "2017-03-31": "6.11%", "2016-12-31": "6.02%", "2016-09-30": "2.92%", "2016-06-30": "2.56%", "2016-03-31": "2.41%", "2015-12-31": "2.44%", "2015-09-30": "5.08%", "2015-06-30": "5.11%", "2015-03-31": "5.47%", "2014-12-31": "5.81%", "2014-09-30": "9.32%", "2014-06-30": "15.52%", "2014-03-31": "32.18%", "2013-12-31": "inf%"}, "return on tangible equity": {"2020-09-30": "1.50%", "2020-06-30": "-2.19%", "2020-03-31": "-9.18%", "2019-12-31": "-9.28%", "2019-09-30": "-10.14%", "2019-06-30": "-10.67%", "2019-03-31": "-6.98%", "2018-12-31": "-7.18%", "2018-09-30": "-5.78%", "2018-06-30": "-6.08%", "2018-03-31": "-8.93%", "2017-12-31": "-8.64%", "2017-09-30": "-8.14%", "2017-06-30": "-7.34%", "2017-03-31": "-6.86%", "2016-12-31": "-6.42%", "2016-09-30": "0.62%", "2016-06-30": "1.81%", "2016-03-31": "2.31%", "2015-12-31": "2.15%", "2015-09-30": "-5.24%", "2015-06-30": "-25.36%", "2015-03-31": "-28.71%", "2014-12-31": "-32.96%", "2014-09-30": "-71.00%", "2014-06-30": "-37.93%", "2014-03-31": "-130.02%", "2013-12-31": "109.16%"}, "dividend yield history": {"last payout": "$0.00", "last yield": "0.00%"}}