{"ticker": "PACW", "price": {"title": "PacWest Bancorp Historical Annual Stock Price Data", "value": 32.73, "historical": {"2020": {"Average Stock Price": "22.6286", "Year Open": "38.2400", "Year High": "38.2400", "Year Low": "14.1400", "Year Close": "25.4000", "Annual % Change": "-33.63%"}, "2019": {"Average Stock Price": "37.7736", "Year Open": "33.4900", "Year High": "41.5000", "Year Low": "32.7600", "Year Close": "38.2700", "Annual % Change": "14.99%"}, "2018": {"Average Stock Price": "48.6683", "Year Open": "50.4400", "Year High": "55.6200", "Year Low": "31.4900", "Year Close": "33.2800", "Annual % Change": "-33.97%"}, "2017": {"Average Stock Price": "49.4953", "Year Open": "55.1200", "Year High": "57.1500", "Year Low": "43.4000", "Year Close": "50.4000", "Annual % Change": "-7.42%"}, "2016": {"Average Stock Price": "41.2067", "Year Open": "42.1500", "Year High": "55.3800", "Year Low": "29.3800", "Year Close": "54.4400", "Annual % Change": "26.31%"}, "2015": {"Average Stock Price": "45.2949", "Year Open": "45.7800", "Year High": "48.3500", "Year Low": "40.2200", "Year Close": "43.1000", "Annual % Change": "-5.19%"}, "2014": {"Average Stock Price": "42.4148", "Year Open": "41.0700", "Year High": "47.5800", "Year Low": "38.1200", "Year Close": "45.4600", "Annual % Change": "7.67%"}, "2013": {"Average Stock Price": "32.2544", "Year Open": "25.7900", "Year High": "42.7800", "Year Low": "25.7900", "Year Close": "42.2200", "Annual % Change": "70.45%"}, "2012": {"Average Stock Price": "23.2606", "Year Open": "20.2000", "Year High": "25.3200", "Year Low": "20.2000", "Year Close": "24.7700", "Annual % Change": "30.71%"}, "2011": {"Average Stock Price": "19.1972", "Year Open": "22.1500", "Year High": "23.2700", "Year Low": "13.2300", "Year Close": "18.9500", "Annual % Change": "-11.37%"}, "2010": {"Average Stock Price": "20.1624", "Year Open": "20.9400", "Year High": "24.6400", "Year Low": "16.8200", "Year Close": "21.3800", "Annual % Change": "6.10%"}, "2009": {"Average Stock Price": "16.5962", "Year Open": "26.6500", "Year High": "26.6500", "Year Low": "9.7500", "Year Close": "20.1500", "Annual % Change": "-25.09%"}, "2008": {"Average Stock Price": "25.2070", "Year Open": "40.3000", "Year High": "40.3000", "Year Low": "12.7500", "Year Close": "26.9000", "Annual % Change": "-34.77%"}, "2007": {"Average Stock Price": "52.8332", "Year Open": "52.3700", "Year High": "58.3700", "Year Low": "39.5200", "Year Close": "41.2400", "Annual % Change": "-21.10%"}, "2006": {"Average Stock Price": "56.5768", "Year Open": "54.2100", "Year High": "61.4500", "Year Low": "51.5900", "Year Close": "52.2700", "Annual % Change": "-3.86%"}, "2005": {"Average Stock Price": "46.8200", "Year Open": "42.8800", "Year High": "57.0600", "Year Low": "39.3300", "Year Close": "54.3700", "Annual % Change": "27.33%"}, "2004": {"Average Stock Price": "39.1699", "Year Open": "36.6100", "Year High": "43.7400", "Year Low": "32.0500", "Year Close": "42.7000", "Annual % Change": "18.15%"}, "2003": {"Average Stock Price": "32.2244", "Year Open": "32.2900", "Year High": "37.1300", "Year Low": "28.0500", "Year Close": "36.1400", "Annual % Change": "9.75%"}, "2002": {"Average Stock Price": "26.5048", "Year Open": "20.2500", "Year High": "34.0000", "Year Low": "19.2500", "Year Close": "32.9300", "Annual % Change": "62.62%"}, "2001": {"Average Stock Price": "18.9853", "Year Open": "14.8100", "Year High": "22.9500", "Year Low": "14.8100", "Year Close": "20.2500", "Annual % Change": "36.73%"}, "2000": {"Average Stock Price": "14.6673", "Year Open": "14.0000", "Year High": "15.4400", "Year Low": "13.0000", "Year Close": "14.8100", "Annual % Change": "0.00%"}}}, "market cap": {"value": "$3.82B"}, "income statement": {"Revenue": {"2020-12-31": "1249.55100", "2019-12-31": "1362.45500", "2018-12-31": "1310.30500", "2017-12-31": "1181.08900", "2016-12-31": "1128.38700", "2015-12-31": "968.24800", "2014-12-31": "746.96200", "2013-12-31": "314.15800", "2012-12-31": "311.98700", "2011-12-31": "326.71000", "2010-12-31": "333.52200", "2009-12-31": "375.78100", "2008-12-31": "312.25500", "2007-12-31": "383.90100", "2006-12-31": "318.06300", "2005-12-31": "197.13000"}, "Cost Of Goods Sold": {"2020-12-31": "88.93300", "2019-12-31": "205.26400", "2018-12-31": "120.75600", "2017-12-31": "72.94500", "2016-12-31": "54.62100", "2015-12-31": "60.59200", "2014-12-31": "42.39800", "2013-12-31": "12.20100", "2012-12-31": "19.64800", "2011-12-31": "32.64300", "2010-12-31": "40.95700", "2009-12-31": "53.82800", "2008-12-31": "68.49600", "2007-12-31": "85.86600", "2006-12-31": "59.64000", "2005-12-31": "22.91700"}, "Gross Profit": {"2020-12-31": "1160.61800", "2019-12-31": "1157.19100", "2018-12-31": "1189.54900", "2017-12-31": "1108.14400", "2016-12-31": "1073.76600", "2015-12-31": "907.65600", "2014-12-31": "704.56400", "2013-12-31": "301.95700", "2012-12-31": "292.33900", "2011-12-31": "294.06700", "2010-12-31": "292.56500", "2009-12-31": "321.95300", "2008-12-31": "243.75900", "2007-12-31": "298.03500", "2006-12-31": "258.42300", "2005-12-31": "174.21300"}, "Research And Development Expenses": {"2020-12-31": "", "2019-12-31": "", "2018-12-31": "", "2017-12-31": "", "2016-12-31": "", "2015-12-31": "", "2014-12-31": "", "2013-12-31": "", "2012-12-31": "", "2011-12-31": "", "2010-12-31": "", "2009-12-31": "", "2008-12-31": "", "2007-12-31": "", "2006-12-31": "", "2005-12-31": ""}, "SG&A Expenses": {"2020-12-31": "808.34100", "2019-12-31": "481.16000", "2018-12-31": "510.58500", "2017-12-31": "498.67100", "2016-12-31": "499.11300", "2015-12-31": "383.26000", "2014-12-31": "300.64800", "2013-12-31": "177.74100", "2012-12-31": "188.42800", "2011-12-31": "197.53500", "2010-12-31": "390.92100", "2009-12-31": "328.95700", "2008-12-31": "180.41400", "2007-12-31": "133.86000", "2006-12-31": "122.54500", "2005-12-31": "85.11500"}, "Other Operating Income Or Expenses": {"2020-12-31": "", "2019-12-31": "", "2018-12-31": "", "2017-12-31": "", "2016-12-31": "", "2015-12-31": "", "2014-12-31": "", "2013-12-31": "", "2012-12-31": "", "2011-12-31": "", "2010-12-31": "", "2009-12-31": "", "2008-12-31": "", "2007-12-31": "", "2006-12-31": "", "2005-12-31": ""}, "Operating Expenses": {"2020-12-31": "2410.89200", "2019-12-31": "729.16600", "2018-12-31": "675.21800", "2017-12-31": "606.62290", "2016-12-31": "570.25100", "2015-12-31": "466.86500", "2014-12-31": "358.47300", "2013-12-31": "195.34400", "2012-12-31": "214.40200", "2011-12-31": "238.60600", "2010-12-31": "441.52000", "2009-12-31": "392.33200", "2008-12-31": "1020.23100", "2007-12-31": "229.40000", "2006-12-31": "188.87300", "2005-12-31": "111.63900"}, "Operating Income": {"2020-12-31": "-1161.34100", "2019-12-31": "633.28890", "2018-12-31": "635.08710", "2017-12-31": "574.46610", "2016-12-31": "558.13600", "2015-12-31": "501.38300", "2014-12-31": "388.48910", "2013-12-31": "118.81400", "2012-12-31": "97.58500", "2011-12-31": "88.10400", "2010-12-31": "-107.99800", "2009-12-31": "-16.55100", "2008-12-31": "-707.97600", "2007-12-31": "154.50100", "2006-12-31": "129.19000", "2005-12-31": "85.49100"}, "Total Non-Operating Income/Expense": {"2020-12-31": "-1.06000", "2019-12-31": "-0.34900", "2018-12-31": "-1.77000", "2017-12-31": "-19.73500", "2016-12-31": "-0.20000", "2015-12-31": "-21.24700", "2014-12-31": "-101.01600", "2013-12-31": "-40.81200", "2012-12-31": "-4.08900", "2011-12-31": "-0.60000", "2010-12-31": "-0.73200", "2009-12-31": "-0.60000", "2008-12-31": "", "2007-12-31": "-1.73100", "2006-12-31": "-1.82200", "2005-12-31": ""}, "Pre-Tax Income": {"2020-12-31": "-1162.40100", "2019-12-31": "632.94000", "2018-12-31": "633.31700", "2017-12-31": "554.73100", "2016-12-31": "557.93600", "2015-12-31": "480.13600", "2014-12-31": "287.47300", "2013-12-31": "78.00200", "2012-12-31": "93.49600", "2011-12-31": "87.50400", "2010-12-31": "-108.73000", "2009-12-31": "-17.15100", "2008-12-31": "-707.97600", "2007-12-31": "152.77000", "2006-12-31": "127.36800", "2005-12-31": "85.49100"}, "Income Taxes": {"2020-12-31": "75.17300", "2019-12-31": "164.30400", "2018-12-31": "167.97800", "2017-12-31": "196.91300", "2016-12-31": "205.77000", "2015-12-31": "180.51700", "2014-12-31": "117.00500", "2013-12-31": "32.52500", "2012-12-31": "36.69500", "2011-12-31": "36.80000", "2010-12-31": "-46.71400", "2009-12-31": "-7.80100", "2008-12-31": "20.08900", "2007-12-31": "62.44400", "2006-12-31": "51.51200", "2005-12-31": "35.12500"}, "Income After Taxes": {"2020-12-31": "-1237.57400", "2019-12-31": "468.63600", "2018-12-31": "465.33900", "2017-12-31": "357.81800", "2016-12-31": "352.16600", "2015-12-31": "299.61900", "2014-12-31": "170.46800", "2013-12-31": "45.47700", "2012-12-31": "56.80100", "2011-12-31": "50.70400", "2010-12-31": "-62.01600", "2009-12-31": "-9.35000", "2008-12-31": "-728.06500", "2007-12-31": "90.32600", "2006-12-31": "75.85600", "2005-12-31": "50.36600"}, "Other Income": {"2020-12-31": "", "2019-12-31": "", "2018-12-31": "", "2017-12-31": "", "2016-12-31": "", "2015-12-31": "", "2014-12-31": "", "2013-12-31": "", "2012-12-31": "", "2011-12-31": "", "2010-12-31": "", "2009-12-31": "", "2008-12-31": "", "2007-12-31": "", "2006-12-31": "", "2005-12-31": ""}, "Income From Continuous Operations": {"2020-12-31": "-1237.57400", "2019-12-31": "468.63600", "2018-12-31": "465.33900", "2017-12-31": "357.81800", "2016-12-31": "352.16600", "2015-12-31": "299.61900", "2014-12-31": "170.46800", "2013-12-31": "45.47700", "2012-12-31": "56.80100", "2011-12-31": "50.70400", "2010-12-31": "-62.01600", "2009-12-31": "-9.35000", "2008-12-31": "-728.06500", "2007-12-31": "90.32600", "2006-12-31": "75.85600", "2005-12-31": "50.36600"}, "Income From Discontinued Operations": {"2020-12-31": "", "2019-12-31": "", "2018-12-31": "", "2017-12-31": "", "2016-12-31": "", "2015-12-31": "", "2014-12-31": "-1.54500", "2013-12-31": "-0.34800", "2012-12-31": "", "2011-12-31": "", "2010-12-31": "", "2009-12-31": "", "2008-12-31": "", "2007-12-31": "", "2006-12-31": "", "2005-12-31": ""}, "Net Income": {"2020-12-31": "-1239.35600", "2019-12-31": "463.45400", "2018-12-31": "460.22000", "2017-12-31": "353.63400", "2016-12-31": "348.17800", "2015-12-31": "296.72700", "2014-12-31": "166.96400", "2013-12-31": "44.03300", "2012-12-31": "56.80100", "2011-12-31": "50.70400", "2010-12-31": "-62.04700", "2009-12-31": "-9.35000", "2008-12-31": "-728.06500", "2007-12-31": "90.32600", "2006-12-31": "75.99800", "2005-12-31": "50.36600"}, "EBITDA": {"2020-12-31": "", "2019-12-31": "", "2018-12-31": "", "2017-12-31": "", "2016-12-31": "", "2015-12-31": "", "2014-12-31": "", "2013-12-31": "", "2012-12-31": "", "2011-12-31": "", "2010-12-31": "", "2009-12-31": "", "2008-12-31": "", "2007-12-31": "", "2006-12-31": "", "2005-12-31": ""}, "EBIT": {"2020-12-31": "", "2019-12-31": "", "2018-12-31": "", "2017-12-31": "", "2016-12-31": "", "2015-12-31": "", "2014-12-31": "", "2013-12-31": "", "2012-12-31": "", "2011-12-31": "", "2010-12-31": "", "2009-12-31": "", "2008-12-31": "", "2007-12-31": "", "2006-12-31": "", "2005-12-31": ""}, "Basic Shares Outstanding": {"2020-12-31": "116.85300", "2019-12-31": "118.96600", "2018-12-31": "123.64000", "2017-12-31": "121.61300", "2016-12-31": "120.23900", "2015-12-31": "106.32700", "2014-12-31": "86.85300", "2013-12-31": "40.82300", "2012-12-31": "35.68500", "2011-12-31": "35.49100", "2010-12-31": "35.10810", "2009-12-31": "31.89870", "2008-12-31": "27.17660", "2007-12-31": "28.57190", "2006-12-31": "23.47600", "2005-12-31": "16.53600"}, "Shares Outstanding": {"2020-12-31": "116.85300", "2019-12-31": "118.96600", "2018-12-31": "123.64000", "2017-12-31": "121.61300", "2016-12-31": "120.23900", "2015-12-31": "106.32700", "2014-12-31": "86.85300", "2013-12-31": "40.82300", "2012-12-31": "35.68500", "2011-12-31": "35.49100", "2010-12-31": "35.10810", "2009-12-31": "31.89870", "2008-12-31": "27.17660", "2007-12-31": "28.59050", "2006-12-31": "23.68000", "2005-12-31": "16.89400"}, "Basic EPS": {"2020-12-31": "-10.61000", "2019-12-31": "3.90000", "2018-12-31": "3.72000", "2017-12-31": "2.91000", "2016-12-31": "2.90000", "2015-12-31": "2.79000", "2014-12-31": "1.92000", "2013-12-31": "1.08000", "2012-12-31": "1.54000", "2011-12-31": "1.37000", "2010-12-31": "-1.77000", "2009-12-31": "-0.30000", "2008-12-31": "-26.81000", "2007-12-31": "3.08000", "2006-12-31": "3.23000", "2005-12-31": "3.05000"}, "EPS - Earnings Per Share": {"2020-12-31": "-10.61000", "2019-12-31": "3.90000", "2018-12-31": "3.72000", "2017-12-31": "2.91000", "2016-12-31": "2.90000", "2015-12-31": "2.79000", "2014-12-31": "1.92000", "2013-12-31": "1.08000", "2012-12-31": "1.54000", "2011-12-31": "1.37000", "2010-12-31": "-1.77000", "2009-12-31": "-0.30000", "2008-12-31": "-26.81000", "2007-12-31": "3.08000", "2006-12-31": "3.21000", "2005-12-31": "2.98000"}}, "income statement, quarterly": {"Revenue": {"2020-12-31": "312.02600", "2020-09-30": "304.16000", "2020-06-30": "312.93300", "2020-03-31": "320.43200", "2019-12-31": "320.76900", "2019-09-30": "340.63700", "2019-06-30": "365.42600", "2019-03-31": "335.62300", "2018-12-31": "336.26500", "2018-09-30": "329.55400", "2018-06-30": "328.15200", "2018-03-31": "316.33400", "2017-12-31": "311.39200", "2017-09-30": "292.34800", "2017-06-30": "294.82600", "2017-03-31": "282.52300", "2016-12-31": "290.66800", "2016-09-30": "274.77500", "2016-06-30": "269.17500", "2016-03-31": "293.76900", "2015-12-31": "271.55500", "2015-09-30": "223.43000", "2015-06-30": "238.07800", "2015-03-31": "235.18500", "2014-12-31": "222.39900", "2014-09-30": "218.67000", "2014-06-30": "212.84200", "2014-03-31": "93.05100", "2013-12-31": "79.93000", "2013-09-30": "90.28500", "2013-06-30": "71.83400", "2013-03-31": "72.10900", "2012-12-31": "75.75900", "2012-09-30": "80.80500", "2012-06-30": "77.76100", "2012-03-31": "77.66200", "2011-12-31": "79.16700", "2011-09-30": "79.66100", "2011-06-30": "88.43600", "2011-03-31": "79.44600", "2010-12-31": "82.54600", "2010-09-30": "85.01500", "2010-06-30": "79.31800", "2010-03-31": "90.26400", "2009-12-31": "97.39700", "2009-09-30": "140.13500", "2009-06-30": "68.71400", "2009-03-31": "69.53500", "2008-12-31": "75.00700", "2008-09-30": "76.59600", "2008-06-30": "76.78600", "2008-03-31": "83.86600", "2007-12-31": "89.70700", "2007-09-30": "93.20900", "2007-06-30": "94.08300", "2007-03-31": "106.89600", "2006-12-31": "94.78700", "2006-09-30": "82.16900", "2006-06-30": "75.28000", "2006-03-31": "65.82700", "2005-12-31": "57.15000", "2005-09-30": "50.24800", "2005-06-30": "45.97600", "2005-03-31": "43.75600"}, "Cost Of Goods Sold": {"2020-12-31": "12.96800", "2020-09-30": "14.58400", "2020-06-30": "19.79600", "2020-03-31": "41.58500", "2019-12-31": "46.97400", "2019-09-30": "54.97200", "2019-06-30": "53.63500", "2019-03-31": "49.68300", "2018-12-31": "40.97400", "2018-09-30": "32.32500", "2018-06-30": "26.18200", "2018-03-31": "21.27500", "2017-12-31": "21.64100", "2017-09-30": "19.27600", "2017-06-30": "17.07100", "2017-03-31": "14.95700", "2016-12-31": "13.46800", "2016-09-30": "13.22000", "2016-06-30": "13.29700", "2016-03-31": "14.63600", "2015-12-31": "14.29800", "2015-09-30": "15.15200", "2015-06-30": "15.90300", "2015-03-31": "15.23900", "2014-12-31": "14.71300", "2014-09-30": "13.51000", "2014-06-30": "11.83000", "2014-03-31": "2.34500", "2013-12-31": "2.59800", "2013-09-30": "2.86900", "2013-06-30": "3.15800", "2013-03-31": "3.57600", "2012-12-31": "4.09900", "2012-09-30": "4.35200", "2012-06-30": "4.47700", "2012-03-31": "6.72000", "2011-12-31": "7.14000", "2011-09-30": "8.07700", "2011-06-30": "8.50700", "2011-03-31": "8.91900", "2010-12-31": "9.37800", "2010-09-30": "9.96300", "2010-06-30": "10.64400", "2010-03-31": "10.97200", "2009-12-31": "13.24200", "2009-09-30": "13.27300", "2009-06-30": "12.63200", "2009-03-31": "14.68100", "2008-12-31": "17.74000", "2008-09-30": "15.56900", "2008-06-30": "15.65000", "2008-03-31": "19.53700", "2007-12-31": "21.41200", "2007-09-30": "21.24400", "2007-06-30": "20.10000", "2007-03-31": "23.11000", "2006-12-31": "20.67000", "2006-09-30": "15.77700", "2006-06-30": "12.95100", "2006-03-31": "10.24200", "2005-12-31": "6.86100", "2005-09-30": "5.95400", "2005-06-30": "5.43300", "2005-03-31": "4.66900"}, "Gross Profit": {"2020-12-31": "299.05800", "2020-09-30": "289.57600", "2020-06-30": "293.13700", "2020-03-31": "278.84700", "2019-12-31": "273.79500", "2019-09-30": "285.66500", "2019-06-30": "311.79100", "2019-03-31": "285.94000", "2018-12-31": "295.29100", "2018-09-30": "297.22900", "2018-06-30": "301.97000", "2018-03-31": "295.05900", "2017-12-31": "289.75100", "2017-09-30": "273.07200", "2017-06-30": "277.75500", "2017-03-31": "267.56600", "2016-12-31": "277.20000", "2016-09-30": "261.55500", "2016-06-30": "255.87800", "2016-03-31": "279.13300", "2015-12-31": "257.25700", "2015-09-30": "208.27800", "2015-06-30": "222.17500", "2015-03-31": "219.94600", "2014-12-31": "207.68600", "2014-09-30": "205.16000", "2014-06-30": "201.01200", "2014-03-31": "90.70600", "2013-12-31": "77.33200", "2013-09-30": "87.41600", "2013-06-30": "68.67600", "2013-03-31": "68.53300", "2012-12-31": "71.66000", "2012-09-30": "76.45300", "2012-06-30": "73.28400", "2012-03-31": "70.94200", "2011-12-31": "72.02700", "2011-09-30": "71.58400", "2011-06-30": "79.92900", "2011-03-31": "70.52700", "2010-12-31": "73.16800", "2010-09-30": "75.05200", "2010-06-30": "68.67400", "2010-03-31": "79.29200", "2009-12-31": "84.15500", "2009-09-30": "126.86200", "2009-06-30": "56.08200", "2009-03-31": "54.85400", "2008-12-31": "57.26700", "2008-09-30": "61.02700", "2008-06-30": "61.13600", "2008-03-31": "64.32900", "2007-12-31": "68.29500", "2007-09-30": "71.96500", "2007-06-30": "73.98300", "2007-03-31": "83.78600", "2006-12-31": "74.11700", "2006-09-30": "66.39200", "2006-06-30": "62.32900", "2006-03-31": "55.58500", "2005-12-31": "50.28900", "2005-09-30": "44.29400", "2005-06-30": "40.54300", "2005-03-31": "39.08700"}, "Research And Development Expenses": {"2020-12-31": "", "2020-09-30": "", "2020-06-30": "", "2020-03-31": "", "2019-12-31": "", "2019-09-30": "", "2019-06-30": "", "2019-03-31": "", "2018-12-31": "", "2018-09-30": "", "2018-06-30": "", "2018-03-31": "", "2017-12-31": "", "2017-09-30": "", "2017-06-30": "", "2017-03-31": "", "2016-12-31": "", "2016-09-30": "", "2016-06-30": "", "2016-03-31": "", "2015-12-31": "", "2015-09-30": "", "2015-06-30": "", "2015-03-31": "", "2014-12-31": "", "2014-09-30": "", "2014-06-30": "", "2014-03-31": "", "2013-12-31": "", "2013-09-30": "", "2013-06-30": "", "2013-03-31": "", "2012-12-31": "", "2012-09-30": "", "2012-06-30": "", "2012-03-31": "", "2011-12-31": "", "2011-09-30": "", "2011-06-30": "", "2011-03-31": "", "2010-12-31": "", "2010-09-30": "", "2010-06-30": "", "2010-03-31": "", "2009-12-31": "", "2009-09-30": "", "2009-06-30": "", "2009-03-31": "", "2008-12-31": "", "2008-09-30": "", "2008-06-30": "", "2008-03-31": "", "2007-12-31": "", "2007-09-30": "", "2007-06-30": "", "2007-03-31": "", "2006-12-31": "", "2006-09-30": "", "2006-06-30": "", "2006-03-31": "", "2005-12-31": "", "2005-09-30": "", "2005-06-30": "", "2005-03-31": ""}, "SG&A Expenses": {"2020-12-31": "133.94900", "2020-09-30": "219.59400", "2020-06-30": "235.98100", "2020-03-31": "218.81700", "2019-12-31": "115.71900", "2019-09-30": "123.02500", "2019-06-30": "122.99900", "2019-03-31": "119.76600", "2018-12-31": "130.49100", "2018-09-30": "128.26500", "2018-06-30": "133.12500", "2018-03-31": "119.67400", "2017-12-31": "123.07900", "2017-09-30": "124.30000", "2017-06-30": "124.44100", "2017-03-31": "132.08300", "2016-12-31": "133.37000", "2016-09-30": "109.65900", "2016-06-30": "114.32700", "2016-03-31": "120.85800", "2015-12-31": "109.29100", "2015-09-30": "93.47900", "2015-06-30": "86.30000", "2015-03-31": "94.19000", "2014-12-31": "81.26500", "2014-09-30": "90.21100", "2014-06-30": "83.21600", "2014-03-31": "45.95600", "2013-12-31": "59.06700", "2013-09-30": "45.07100", "2013-06-30": "43.09300", "2013-03-31": "45.45200", "2012-12-31": "36.92400", "2012-09-30": "45.73700", "2012-06-30": "44.70600", "2012-03-31": "61.06100", "2011-12-31": "45.15500", "2011-09-30": "46.95800", "2011-06-30": "55.62000", "2011-03-31": "49.80200", "2010-12-31": "84.33700", "2010-09-30": "67.29000", "2010-06-30": "62.27400", "2010-03-31": "181.37300", "2009-12-31": "95.75800", "2009-09-30": "119.51300", "2009-06-30": "63.56400", "2009-03-31": "49.50700", "2008-12-31": "40.28700", "2008-09-30": "43.08300", "2008-06-30": "38.10400", "2008-03-31": "58.68200", "2007-12-31": "36.33400", "2007-09-30": "31.95000", "2007-06-30": "32.60900", "2007-03-31": "32.96100", "2006-12-31": "33.12700", "2006-09-30": "28.33600", "2006-06-30": "35.96000", "2006-03-31": "25.12200", "2005-12-31": "23.18000", "2005-09-30": "21.29800", "2005-06-30": "19.69900", "2005-03-31": "20.93800"}, "Other Operating Income Or Expenses": {"2020-12-31": "", "2020-09-30": "", "2020-06-30": "", "2020-03-31": "", "2019-12-31": "", "2019-09-30": "", "2019-06-30": "", "2019-03-31": "", "2018-12-31": "", "2018-09-30": "", "2018-06-30": "", "2018-03-31": "", "2017-12-31": "", "2017-09-30": "", "2017-06-30": "", "2017-03-31": "", "2016-12-31": "", "2016-09-30": "", "2016-06-30": "", "2016-03-31": "", "2015-12-31": "", "2015-09-30": "", "2015-06-30": "", "2015-03-31": "", "2014-12-31": "", "2014-09-30": "", "2014-06-30": "", "2014-03-31": "", "2013-12-31": "", "2013-09-30": "", "2013-06-30": "", "2013-03-31": "", "2012-12-31": "", "2012-09-30": "", "2012-06-30": "", "2012-03-31": "", "2011-12-31": "", "2011-09-30": "", "2011-06-30": "", "2011-03-31": "", "2010-12-31": "", "2010-09-30": "", "2010-06-30": "", "2010-03-31": "", "2009-12-31": "", "2009-09-30": "", "2009-06-30": "", "2009-03-31": "", "2008-12-31": "", "2008-09-30": "", "2008-06-30": "", "2008-03-31": "", "2007-12-31": "", "2007-09-30": "", "2007-06-30": "", "2007-03-31": "", "2006-12-31": "", "2006-09-30": "", "2006-06-30": "", "2006-03-31": "", "2005-12-31": "", "2005-09-30": "", "2005-06-30": "", "2005-03-31": ""}, "Operating Expenses": {"2020-12-31": "157.59000", "2020-09-30": "244.98600", "2020-06-30": "266.76100", "2020-03-31": "1741.55500", "2019-12-31": "173.70200", "2019-09-30": "188.78100", "2019-06-30": "187.06200", "2019-03-31": "179.97000", "2018-12-31": "182.20900", "2018-09-30": "171.17800", "2018-06-30": "170.13100", "2018-03-31": "152.67000", "2017-12-31": "154.83000", "2017-09-30": "151.48700", "2017-06-30": "144.57700", "2017-03-31": "155.72900", "2016-12-31": "155.30500", "2016-09-30": "132.40100", "2016-06-30": "137.28100", "2016-03-31": "145.26400", "2015-12-31": "132.73400", "2015-09-30": "113.29000", "2015-06-30": "106.80800", "2015-03-31": "114.03300", "2014-12-31": "100.70000", "2014-09-30": "108.29000", "2014-06-30": "99.81800", "2014-03-31": "49.66500", "2013-12-31": "63.09500", "2013-09-30": "49.45200", "2013-06-30": "47.53500", "2013-03-31": "50.20400", "2012-12-31": "42.19900", "2012-09-30": "51.76700", "2012-06-30": "50.92000", "2012-03-31": "69.51600", "2011-12-31": "54.13100", "2011-09-30": "57.01200", "2011-06-30": "66.43500", "2011-03-31": "61.02800", "2010-12-31": "96.07500", "2010-09-30": "79.68700", "2010-06-30": "75.34200", "2010-03-31": "194.76900", "2009-12-31": "111.35500", "2009-09-30": "135.36400", "2009-06-30": "78.56300", "2009-03-31": "66.43500", "2008-12-31": "60.35900", "2008-09-30": "60.92600", "2008-06-30": "542.93900", "2008-03-31": "355.74900", "2007-12-31": "60.36700", "2007-09-30": "55.76800", "2007-06-30": "55.01400", "2007-03-31": "58.24500", "2006-12-31": "55.96800", "2006-09-30": "45.90400", "2006-06-30": "50.48800", "2006-03-31": "36.51300", "2005-12-31": "31.10700", "2005-09-30": "28.16700", "2005-06-30": "25.94500", "2005-03-31": "26.42000"}, "Operating Income": {"2020-12-31": "154.43600", "2020-09-30": "59.17400", "2020-06-30": "46.17200", "2020-03-31": "-1421.12300", "2019-12-31": "147.06700", "2019-09-30": "151.85600", "2019-06-30": "178.36400", "2019-03-31": "155.65300", "2018-12-31": "154.05600", "2018-09-30": "158.37600", "2018-06-30": "158.02100", "2018-03-31": "163.66400", "2017-12-31": "156.56200", "2017-09-30": "140.86100", "2017-06-30": "150.24900", "2017-03-31": "126.79400", "2016-12-31": "135.36300", "2016-09-30": "142.37400", "2016-06-30": "131.89400", "2016-03-31": "148.50500", "2015-12-31": "138.82100", "2015-09-30": "110.14000", "2015-06-30": "131.27000", "2015-03-31": "121.15200", "2014-12-31": "121.69900", "2014-09-30": "110.38000", "2014-06-30": "113.02400", "2014-03-31": "43.38600", "2013-12-31": "16.83500", "2013-09-30": "40.83300", "2013-06-30": "24.29900", "2013-03-31": "21.90500", "2012-12-31": "33.56000", "2012-09-30": "29.03800", "2012-06-30": "26.84100", "2012-03-31": "8.14600", "2011-12-31": "25.03600", "2011-09-30": "22.64900", "2011-06-30": "22.00100", "2011-03-31": "18.41800", "2010-12-31": "-13.52900", "2010-09-30": "5.32800", "2010-06-30": "3.97600", "2010-03-31": "-104.50500", "2009-12-31": "-13.95800", "2009-09-30": "4.77100", "2009-06-30": "-9.84900", "2009-03-31": "3.10000", "2008-12-31": "14.64800", "2008-09-30": "15.67000", "2008-06-30": "-466.15300", "2008-03-31": "-271.88300", "2007-12-31": "29.34000", "2007-09-30": "37.44100", "2007-06-30": "39.06900", "2007-03-31": "48.65100", "2006-12-31": "38.81900", "2006-09-30": "36.26500", "2006-06-30": "24.79200", "2006-03-31": "29.31400", "2005-12-31": "26.04300", "2005-09-30": "22.08100", "2005-06-30": "20.03100", "2005-03-31": "17.33600"}, "Total Non-Operating Income/Expense": {"2020-12-31": "-1.06000", "2020-09-30": "", "2020-06-30": "", "2020-03-31": "", "2019-12-31": "", "2019-09-30": "", "2019-06-30": "", "2019-03-31": "", "2018-12-31": "-0.97000", "2018-09-30": "-0.80000", "2018-06-30": "", "2018-03-31": "", "2017-12-31": "-16.08500", "2017-09-30": "-1.45000", "2017-06-30": "-1.70000", "2017-03-31": "-0.50000", "2016-12-31": "", "2016-09-30": "", "2016-06-30": "", "2016-03-31": "-0.20000", "2015-12-31": "-17.60000", "2015-09-30": "-0.74700", "2015-06-30": "-0.90000", "2015-03-31": "-2.00000", "2014-12-31": "-7.38100", "2014-09-30": "-5.19300", "2014-06-30": "-86.24200", "2014-03-31": "-2.20000", "2013-12-31": "-4.25300", "2013-09-30": "-5.45000", "2013-06-30": "-17.99700", "2013-03-31": "-0.69200", "2012-12-31": "-1.09200", "2012-09-30": "-2.10100", "2012-06-30": "-0.87100", "2012-03-31": "-0.02500", "2011-12-31": "-0.60000", "2011-09-30": "", "2011-06-30": "", "2011-03-31": "", "2010-12-31": "", "2010-09-30": "", "2010-06-30": "", "2010-03-31": "", "2009-12-31": "", "2009-09-30": "", "2009-06-30": "", "2009-03-31": "-1.21500", "2008-12-31": "", "2008-09-30": "", "2008-06-30": "-0.25800", "2008-03-31": "", "2007-12-31": "-0.39000", "2007-09-30": "", "2007-06-30": "-1.08300", "2007-03-31": "-0.25800", "2006-12-31": "-1.41500", "2006-09-30": "", "2006-06-30": "-0.40700", "2006-03-31": "", "2005-12-31": "", "2005-09-30": "", "2005-06-30": "", "2005-03-31": ""}, "Pre-Tax Income": {"2020-12-31": "153.37600", "2020-09-30": "59.17400", "2020-06-30": "46.17200", "2020-03-31": "-1421.12300", "2019-12-31": "147.06700", "2019-09-30": "151.85600", "2019-06-30": "178.36400", "2019-03-31": "155.65300", "2018-12-31": "154.05600", "2018-09-30": "157.57600", "2018-06-30": "158.02100", "2018-03-31": "163.66400", "2017-12-31": "140.47700", "2017-09-30": "139.41100", "2017-06-30": "148.54900", "2017-03-31": "126.29400", "2016-12-31": "135.36300", "2016-09-30": "142.37400", "2016-06-30": "131.89400", "2016-03-31": "148.30500", "2015-12-31": "121.22100", "2015-09-30": "109.39300", "2015-06-30": "130.37000", "2015-03-31": "119.15200", "2014-12-31": "114.31800", "2014-09-30": "105.18700", "2014-06-30": "26.78200", "2014-03-31": "41.18600", "2013-12-31": "12.58200", "2013-09-30": "35.38300", "2013-06-30": "6.30200", "2013-03-31": "21.21300", "2012-12-31": "32.46800", "2012-09-30": "26.93700", "2012-06-30": "25.97000", "2012-03-31": "8.12100", "2011-12-31": "24.43600", "2011-09-30": "22.64900", "2011-06-30": "22.00100", "2011-03-31": "18.41800", "2010-12-31": "-13.52900", "2010-09-30": "5.32800", "2010-06-30": "3.97600", "2010-03-31": "-104.50500", "2009-12-31": "-13.95800", "2009-09-30": "4.77100", "2009-06-30": "-9.84900", "2009-03-31": "1.88500", "2008-12-31": "14.64800", "2008-09-30": "15.67000", "2008-06-30": "-466.41100", "2008-03-31": "-271.88300", "2007-12-31": "28.95000", "2007-09-30": "37.44100", "2007-06-30": "37.98600", "2007-03-31": "48.39300", "2006-12-31": "37.40400", "2006-09-30": "36.26500", "2006-06-30": "24.38500", "2006-03-31": "29.31400", "2005-12-31": "26.04300", "2005-09-30": "22.08100", "2005-06-30": "20.03100", "2005-03-31": "17.33600"}, "Income Taxes": {"2020-12-31": "36.54600", "2020-09-30": "13.67100", "2020-06-30": "12.96800", "2020-03-31": "11.98800", "2019-12-31": "29.18600", "2019-09-30": "41.83000", "2019-06-30": "50.23900", "2019-03-31": "43.04900", "2018-12-31": "39.01500", "2018-09-30": "41.28900", "2018-06-30": "42.28600", "2018-03-31": "45.38800", "2017-12-31": "56.44000", "2017-09-30": "37.94500", "2017-06-30": "54.90200", "2017-03-31": "47.62600", "2016-12-31": "49.71600", "2016-09-30": "48.47900", "2016-06-30": "49.72600", "2016-03-31": "57.84900", "2015-12-31": "49.38000", "2015-09-30": "39.77700", "2015-06-30": "45.28700", "2015-03-31": "46.07300", "2014-12-31": "43.26100", "2014-09-30": "42.91100", "2014-06-30": "15.55200", "2014-03-31": "15.28100", "2013-12-31": "9.13500", "2013-09-30": "11.24300", "2013-06-30": "1.90600", "2013-03-31": "7.71900", "2012-12-31": "12.57600", "2012-09-30": "10.84900", "2012-06-30": "10.41300", "2012-03-31": "2.85700", "2011-12-31": "10.55300", "2011-09-30": "9.34500", "2011-06-30": "9.16000", "2011-03-31": "7.74200", "2010-12-31": "-5.84100", "2010-09-30": "1.82800", "2010-06-30": "1.27100", "2010-03-31": "-43.97200", "2009-12-31": "-6.17800", "2009-09-30": "2.04600", "2009-06-30": "-4.10900", "2009-03-31": "0.44000", "2008-12-31": "5.02700", "2008-09-30": "6.11900", "2008-06-30": "8.10300", "2008-03-31": "0.84000", "2007-12-31": "11.89100", "2007-09-30": "15.24500", "2007-06-30": "15.46100", "2007-03-31": "19.84700", "2006-12-31": "14.63500", "2006-09-30": "14.89000", "2006-06-30": "9.93400", "2006-03-31": "12.05300", "2005-12-31": "10.75100", "2005-09-30": "9.08700", "2005-06-30": "8.21300", "2005-03-31": "7.07400"}, "Income After Taxes": {"2020-12-31": "116.83000", "2020-09-30": "45.50300", "2020-06-30": "33.20400", "2020-03-31": "-1433.11100", "2019-12-31": "117.88100", "2019-09-30": "110.02600", "2019-06-30": "128.12500", "2019-03-31": "112.60400", "2018-12-31": "115.04100", "2018-09-30": "116.28700", "2018-06-30": "115.73500", "2018-03-31": "118.27600", "2017-12-31": "84.03700", "2017-09-30": "101.46600", "2017-06-30": "93.64700", "2017-03-31": "78.66800", "2016-12-31": "85.64700", "2016-09-30": "93.89500", "2016-06-30": "82.16800", "2016-03-31": "90.45600", "2015-12-31": "71.84100", "2015-09-30": "69.61600", "2015-06-30": "85.08300", "2015-03-31": "73.07900", "2014-12-31": "71.05700", "2014-09-30": "62.27600", "2014-06-30": "11.23000", "2014-03-31": "25.90500", "2013-12-31": "3.44700", "2013-09-30": "24.14000", "2013-06-30": "4.39600", "2013-03-31": "13.49400", "2012-12-31": "19.89200", "2012-09-30": "16.08800", "2012-06-30": "15.55700", "2012-03-31": "5.26400", "2011-12-31": "13.88300", "2011-09-30": "13.30400", "2011-06-30": "12.84100", "2011-03-31": "10.67600", "2010-12-31": "-7.68800", "2010-09-30": "3.50000", "2010-06-30": "2.70500", "2010-03-31": "-60.53300", "2009-12-31": "-7.78000", "2009-09-30": "2.72500", "2009-06-30": "-5.74000", "2009-03-31": "1.44500", "2008-12-31": "9.62100", "2008-09-30": "9.55100", "2008-06-30": "-474.51400", "2008-03-31": "-272.72300", "2007-12-31": "17.05900", "2007-09-30": "22.19600", "2007-06-30": "22.52500", "2007-03-31": "28.54600", "2006-12-31": "22.76900", "2006-09-30": "21.37500", "2006-06-30": "14.45100", "2006-03-31": "17.26100", "2005-12-31": "15.29200", "2005-09-30": "12.99400", "2005-06-30": "11.81800", "2005-03-31": "10.26200"}, "Other Income": {"2020-12-31": "", "2020-09-30": "", "2020-06-30": "", "2020-03-31": "", "2019-12-31": "", "2019-09-30": "", "2019-06-30": "", "2019-03-31": "", "2018-12-31": "", "2018-09-30": "", "2018-06-30": "", "2018-03-31": "", "2017-12-31": "", "2017-09-30": "", "2017-06-30": "", "2017-03-31": "", "2016-12-31": "", "2016-09-30": "", "2016-06-30": "", "2016-03-31": "", "2015-12-31": "", "2015-09-30": "", "2015-06-30": "", "2015-03-31": "", "2014-12-31": "", "2014-09-30": "", "2014-06-30": "", "2014-03-31": "", "2013-12-31": "", "2013-09-30": "", "2013-06-30": "", "2013-03-31": "", "2012-12-31": "", "2012-09-30": "", "2012-06-30": "", "2012-03-31": "", "2011-12-31": "", "2011-09-30": "", "2011-06-30": "", "2011-03-31": "", "2010-12-31": "", "2010-09-30": "", "2010-06-30": "", "2010-03-31": "", "2009-12-31": "", "2009-09-30": "", "2009-06-30": "", "2009-03-31": "", "2008-12-31": "", "2008-09-30": "", "2008-06-30": "", "2008-03-31": "", "2007-12-31": "", "2007-09-30": "", "2007-06-30": "", "2007-03-31": "", "2006-12-31": "", "2006-09-30": "", "2006-06-30": "", "2006-03-31": "", "2005-12-31": "", "2005-09-30": "", "2005-06-30": "", "2005-03-31": ""}, "Income From Continuous Operations": {"2020-12-31": "116.83000", "2020-09-30": "45.50300", "2020-06-30": "33.20400", "2020-03-31": "-1433.11100", "2019-12-31": "117.88100", "2019-09-30": "110.02600", "2019-06-30": "128.12500", "2019-03-31": "112.60400", "2018-12-31": "115.04100", "2018-09-30": "116.28700", "2018-06-30": "115.73500", "2018-03-31": "118.27600", "2017-12-31": "84.03700", "2017-09-30": "101.46600", "2017-06-30": "93.64700", "2017-03-31": "78.66800", "2016-12-31": "85.64700", "2016-09-30": "93.89500", "2016-06-30": "82.16800", "2016-03-31": "90.45600", "2015-12-31": "71.84100", "2015-09-30": "69.61600", "2015-06-30": "85.08300", "2015-03-31": "73.07900", "2014-12-31": "71.05700", "2014-09-30": "62.27600", "2014-06-30": "11.23000", "2014-03-31": "25.90500", "2013-12-31": "3.44700", "2013-09-30": "24.14000", "2013-06-30": "4.39600", "2013-03-31": "13.49400", "2012-12-31": "19.89200", "2012-09-30": "16.08800", "2012-06-30": "15.55700", "2012-03-31": "5.26400", "2011-12-31": "13.88300", "2011-09-30": "13.30400", "2011-06-30": "12.84100", "2011-03-31": "10.67600", "2010-12-31": "-7.68800", "2010-09-30": "3.50000", "2010-06-30": "2.70500", "2010-03-31": "-60.53300", "2009-12-31": "-7.78000", "2009-09-30": "2.72500", "2009-06-30": "-5.74000", "2009-03-31": "1.44500", "2008-12-31": "9.62100", "2008-09-30": "9.55100", "2008-06-30": "-474.51400", "2008-03-31": "-272.72300", "2007-12-31": "17.05900", "2007-09-30": "22.19600", "2007-06-30": "22.52500", "2007-03-31": "28.54600", "2006-12-31": "22.76900", "2006-09-30": "21.37500", "2006-06-30": "14.45100", "2006-03-31": "17.26100", "2005-12-31": "15.29200", "2005-09-30": "12.99400", "2005-06-30": "11.81800", "2005-03-31": "10.26200"}, "Income From Discontinued Operations": {"2020-12-31": "", "2020-09-30": "", "2020-06-30": "", "2020-03-31": "", "2019-12-31": "", "2019-09-30": "", "2019-06-30": "", "2019-03-31": "", "2018-12-31": "", "2018-09-30": "", "2018-06-30": "", "2018-03-31": "", "2017-12-31": "", "2017-09-30": "", "2017-06-30": "", "2017-03-31": "", "2016-12-31": "", "2016-09-30": "", "2016-06-30": "", "2016-03-31": "", "2015-12-31": "", "2015-09-30": "", "2015-06-30": "", "2015-03-31": "", "2014-12-31": "-0.05800", "2014-09-30": "-0.00500", "2014-06-30": "-0.67500", "2014-03-31": "-0.82500", "2013-12-31": "-0.33800", "2013-09-30": "0.02300", "2013-06-30": "-0.04700", "2013-03-31": "", "2012-12-31": "", "2012-09-30": "", "2012-06-30": "", "2012-03-31": "", "2011-12-31": "", "2011-09-30": "", "2011-06-30": "", "2011-03-31": "", "2010-12-31": "", "2010-09-30": "", "2010-06-30": "", "2010-03-31": "", "2009-12-31": "", "2009-09-30": "", "2009-06-30": "", "2009-03-31": "", "2008-12-31": "", "2008-09-30": "", "2008-06-30": "", "2008-03-31": "", "2007-12-31": "", "2007-09-30": "", "2007-06-30": "", "2007-03-31": "", "2006-12-31": "", "2006-09-30": "", "2006-06-30": "", "2006-03-31": "", "2005-12-31": "", "2005-09-30": "", "2005-06-30": "", "2005-03-31": ""}, "Net Income": {"2020-12-31": "115.43200", "2020-09-30": "45.50300", "2020-06-30": "33.20400", "2020-03-31": "-1434.05000", "2019-12-31": "116.42300", "2019-09-30": "110.02600", "2019-06-30": "126.93500", "2019-03-31": "111.44100", "2018-12-31": "113.82200", "2018-09-30": "114.85900", "2018-06-30": "114.38700", "2018-03-31": "117.16100", "2017-12-31": "83.08600", "2017-09-30": "100.31700", "2017-06-30": "92.56700", "2017-03-31": "77.66900", "2016-12-31": "84.64300", "2016-09-30": "93.89500", "2016-06-30": "81.30500", "2016-03-31": "89.38900", "2015-12-31": "71.15100", "2015-09-30": "69.61600", "2015-06-30": "84.27600", "2015-03-31": "72.26000", "2014-12-31": "70.18900", "2014-09-30": "61.59100", "2014-06-30": "10.26500", "2014-03-31": "24.58000", "2013-12-31": "2.82900", "2013-09-30": "23.37700", "2013-06-30": "4.13700", "2013-03-31": "13.16800", "2012-12-31": "19.21400", "2012-09-30": "15.51400", "2012-06-30": "15.01900", "2012-03-31": "5.14200", "2011-12-31": "13.41300", "2011-09-30": "13.30400", "2011-06-30": "12.84100", "2011-03-31": "10.29000", "2010-12-31": "-7.68800", "2010-09-30": "3.50000", "2010-06-30": "2.70500", "2010-03-31": "-60.53300", "2009-12-31": "-7.78000", "2009-09-30": "2.72500", "2009-06-30": "-5.74000", "2009-03-31": "1.44500", "2008-12-31": "9.62100", "2008-09-30": "9.55100", "2008-06-30": "-474.51400", "2008-03-31": "-272.72300", "2007-12-31": "17.05900", "2007-09-30": "22.19600", "2007-06-30": "22.52500", "2007-03-31": "28.54600", "2006-12-31": "22.76900", "2006-09-30": "21.37500", "2006-06-30": "14.45100", "2006-03-31": "17.40300", "2005-12-31": "15.29200", "2005-09-30": "12.99400", "2005-06-30": "11.81800", "2005-03-31": "10.26200"}, "EBITDA": {"2020-12-31": "", "2020-09-30": "", "2020-06-30": "", "2020-03-31": "", "2019-12-31": "", "2019-09-30": "", "2019-06-30": "", "2019-03-31": "", "2018-12-31": "", "2018-09-30": "", "2018-06-30": "", "2018-03-31": "", "2017-12-31": "", "2017-09-30": "", "2017-06-30": "", "2017-03-31": "", "2016-12-31": "", "2016-09-30": "", "2016-06-30": "", "2016-03-31": "", "2015-12-31": "", "2015-09-30": "", "2015-06-30": "", "2015-03-31": "", "2014-12-31": "", "2014-09-30": "", "2014-06-30": "", "2014-03-31": "", "2013-12-31": "", "2013-09-30": "", "2013-06-30": "", "2013-03-31": "", "2012-12-31": "", "2012-09-30": "", "2012-06-30": "", "2012-03-31": "", "2011-12-31": "", "2011-09-30": "", "2011-06-30": "", "2011-03-31": "", "2010-12-31": "", "2010-09-30": "", "2010-06-30": "", "2010-03-31": "", "2009-12-31": "", "2009-09-30": "", "2009-06-30": "", "2009-03-31": "", "2008-12-31": "", "2008-09-30": "", "2008-06-30": "", "2008-03-31": "", "2007-12-31": "", "2007-09-30": "", "2007-06-30": "", "2007-03-31": "", "2006-12-31": "", "2006-09-30": "", "2006-06-30": "", "2006-03-31": "", "2005-12-31": "", "2005-09-30": "", "2005-06-30": "", "2005-03-31": ""}, "EBIT": {"2020-12-31": "", "2020-09-30": "", "2020-06-30": "", "2020-03-31": "", "2019-12-31": "", "2019-09-30": "", "2019-06-30": "", "2019-03-31": "", "2018-12-31": "", "2018-09-30": "", "2018-06-30": "", "2018-03-31": "", "2017-12-31": "", "2017-09-30": "", "2017-06-30": "", "2017-03-31": "", "2016-12-31": "", "2016-09-30": "", "2016-06-30": "", "2016-03-31": "", "2015-12-31": "", "2015-09-30": "", "2015-06-30": "", "2015-03-31": "", "2014-12-31": "", "2014-09-30": "", "2014-06-30": "", "2014-03-31": "", "2013-12-31": "", "2013-09-30": "", "2013-06-30": "", "2013-03-31": "", "2012-12-31": "", "2012-09-30": "", "2012-06-30": "", "2012-03-31": "", "2011-12-31": "", "2011-09-30": "", "2011-06-30": "", "2011-03-31": "", "2010-12-31": "", "2010-09-30": "", "2010-06-30": "", "2010-03-31": "", "2009-12-31": "", "2009-09-30": "", "2009-06-30": "", "2009-03-31": "", "2008-12-31": "", "2008-09-30": "", "2008-06-30": "", "2008-03-31": "", "2007-12-31": "", "2007-09-30": "", "2007-06-30": "", "2007-03-31": "", "2006-12-31": "", "2006-09-30": "", "2006-06-30": "", "2006-03-31": "", "2005-12-31": "", "2005-09-30": "", "2005-06-30": "", "2005-03-31": ""}, "Basic Shares Outstanding": {"2020-12-31": "116.79400", "2020-09-30": "116.75400", "2020-06-30": "118.20900", "2020-03-31": "117.28000", "2019-12-31": "118.23800", "2019-09-30": "116.87300", "2019-06-30": "118.58000", "2019-03-31": "120.87500", "2018-12-31": "121.81200", "2018-09-30": "122.12000", "2018-06-30": "124.61600", "2018-03-31": "126.07400", "2017-12-31": "126.53100", "2017-09-30": "120.05300", "2017-06-30": "119.96700", "2017-03-31": "119.84300", "2016-12-31": "120.01400", "2016-09-30": "120.41700", "2016-06-30": "120.31800", "2016-03-31": "120.20600", "2015-12-31": "119.25200", "2015-09-30": "102.06300", "2015-06-30": "101.97000", "2015-03-31": "101.91300", "2014-12-31": "101.91300", "2014-09-30": "101.91200", "2014-06-30": "98.13900", "2014-03-31": "44.65100", "2013-12-31": "44.32600", "2013-09-30": "44.29600", "2013-06-30": "38.74100", "2013-03-31": "35.79700", "2012-12-31": "35.71550", "2012-09-30": "35.70000", "2012-06-30": "35.69000", "2012-03-31": "35.63000", "2011-12-31": "35.54800", "2011-09-30": "35.48600", "2011-06-30": "35.47160", "2011-03-31": "35.45410", "2010-12-31": "35.40650", "2010-09-30": "35.33730", "2010-06-30": "35.31230", "2010-03-31": "34.36210", "2009-12-31": "33.88800", "2009-09-30": "32.10480", "2009-06-30": "31.06760", "2009-03-31": "30.49600", "2008-12-31": "27.20290", "2008-09-30": "27.19200", "2008-06-30": "27.16680", "2008-03-31": "27.14520", "2007-12-31": "27.64500", "2007-09-30": "28.89930", "2007-06-30": "28.88590", "2007-03-31": "28.86720", "2006-12-31": "23.47600", "2006-09-30": "24.25230", "2006-06-30": "22.50900", "2006-03-31": "19.37800", "2005-12-31": "16.53600", "2005-09-30": "16.42500", "2005-06-30": "15.97300", "2005-03-31": "15.85700"}, "Shares Outstanding": {"2020-12-31": "116.79400", "2020-09-30": "116.75400", "2020-06-30": "118.20900", "2020-03-31": "117.28000", "2019-12-31": "118.23800", "2019-09-30": "116.87300", "2019-06-30": "118.58000", "2019-03-31": "120.87500", "2018-12-31": "121.81200", "2018-09-30": "122.12000", "2018-06-30": "124.61600", "2018-03-31": "126.07400", "2017-12-31": "126.53100", "2017-09-30": "120.05300", "2017-06-30": "119.96700", "2017-03-31": "119.84300", "2016-12-31": "120.01400", "2016-09-30": "120.41700", "2016-06-30": "120.31800", "2016-03-31": "120.20600", "2015-12-31": "119.25200", "2015-09-30": "102.06300", "2015-06-30": "101.97000", "2015-03-31": "101.91300", "2014-12-31": "101.91300", "2014-09-30": "101.91200", "2014-06-30": "98.13900", "2014-03-31": "44.65100", "2013-12-31": "44.32600", "2013-09-30": "44.29600", "2013-06-30": "38.74100", "2013-03-31": "35.79700", "2012-12-31": "35.71550", "2012-09-30": "35.70000", "2012-06-30": "35.69000", "2012-03-31": "35.63000", "2011-12-31": "35.54800", "2011-09-30": "35.48600", "2011-06-30": "35.47160", "2011-03-31": "35.45410", "2010-12-31": "35.40650", "2010-09-30": "35.33730", "2010-06-30": "35.39910", "2010-03-31": "34.36210", "2009-12-31": "33.88800", "2009-09-30": "32.10480", "2009-06-30": "31.06760", "2009-03-31": "30.49600", "2008-12-31": "27.20370", "2008-09-30": "27.19200", "2008-06-30": "27.16680", "2008-03-31": "27.14520", "2007-12-31": "27.70300", "2007-09-30": "28.98800", "2007-06-30": "29.01580", "2007-03-31": "28.99510", "2006-12-31": "23.68000", "2006-09-30": "24.40760", "2006-06-30": "22.73700", "2006-03-31": "19.67400", "2005-12-31": "16.89400", "2005-09-30": "16.74800", "2005-06-30": "16.32700", "2005-03-31": "16.26200"}, "Basic EPS": {"2020-12-31": "0.99000", "2020-09-30": "0.38000", "2020-06-30": "0.28000", "2020-03-31": "-12.23000", "2019-12-31": "0.98000", "2019-09-30": "0.92000", "2019-06-30": "1.07000", "2019-03-31": "0.92000", "2018-12-31": "0.93000", "2018-09-30": "0.94000", "2018-06-30": "0.92000", "2018-03-31": "0.93000", "2017-12-31": "0.66000", "2017-09-30": "0.84000", "2017-06-30": "0.77000", "2017-03-31": "0.65000", "2016-12-31": "0.71000", "2016-09-30": "0.77000", "2016-06-30": "0.68000", "2016-03-31": "0.74000", "2015-12-31": "0.60000", "2015-09-30": "0.68000", "2015-06-30": "0.83000", "2015-03-31": "0.71000", "2014-12-31": "0.69000", "2014-09-30": "0.60000", "2014-06-30": "0.10000", "2014-03-31": "0.55000", "2013-12-31": "0.06000", "2013-09-30": "0.53000", "2013-06-30": "0.11000", "2013-03-31": "0.37000", "2012-12-31": "0.54000", "2012-09-30": "0.43000", "2012-06-30": "0.42000", "2012-03-31": "0.14000", "2011-12-31": "0.38000", "2011-09-30": "0.36000", "2011-06-30": "0.35000", "2011-03-31": "0.29000", "2010-12-31": "-0.22000", "2010-09-30": "0.10000", "2010-06-30": "0.07000", "2010-03-31": "-1.76000", "2009-12-31": "-0.23000", "2009-09-30": "0.08000", "2009-06-30": "-0.18000", "2009-03-31": "0.04000", "2008-12-31": "0.34000", "2008-09-30": "0.35000", "2008-06-30": "-17.47000", "2008-03-31": "-10.05000", "2007-12-31": "0.62000", "2007-09-30": "0.77000", "2007-06-30": "0.78000", "2007-03-31": "0.99000", "2006-12-31": "0.81000", "2006-09-30": "0.88000", "2006-06-30": "0.64000", "2006-03-31": "0.90000", "2005-12-31": "0.87000", "2005-09-30": "0.79000", "2005-06-30": "0.74000", "2005-03-31": "0.65000"}, "EPS - Earnings Per Share": {"2020-12-31": "0.99000", "2020-09-30": "0.38000", "2020-06-30": "0.28000", "2020-03-31": "-12.23000", "2019-12-31": "0.98000", "2019-09-30": "0.92000", "2019-06-30": "1.07000", "2019-03-31": "0.92000", "2018-12-31": "0.93000", "2018-09-30": "0.94000", "2018-06-30": "0.92000", "2018-03-31": "0.93000", "2017-12-31": "0.66000", "2017-09-30": "0.84000", "2017-06-30": "0.77000", "2017-03-31": "0.65000", "2016-12-31": "0.71000", "2016-09-30": "0.77000", "2016-06-30": "0.68000", "2016-03-31": "0.74000", "2015-12-31": "0.60000", "2015-09-30": "0.68000", "2015-06-30": "0.83000", "2015-03-31": "0.71000", "2014-12-31": "0.69000", "2014-09-30": "0.60000", "2014-06-30": "0.10000", "2014-03-31": "0.55000", "2013-12-31": "0.06000", "2013-09-30": "0.53000", "2013-06-30": "0.11000", "2013-03-31": "0.37000", "2012-12-31": "0.54000", "2012-09-30": "0.43000", "2012-06-30": "0.42000", "2012-03-31": "0.14000", "2011-12-31": "0.38000", "2011-09-30": "0.36000", "2011-06-30": "0.35000", "2011-03-31": "0.29000", "2010-12-31": "-0.22000", "2010-09-30": "0.10000", "2010-06-30": "0.07000", "2010-03-31": "-1.76000", "2009-12-31": "-0.23000", "2009-09-30": "0.08000", "2009-06-30": "-0.18000", "2009-03-31": "0.04000", "2008-12-31": "0.34000", "2008-09-30": "0.35000", "2008-06-30": "-17.47000", "2008-03-31": "-10.05000", "2007-12-31": "0.62000", "2007-09-30": "0.77000", "2007-06-30": "0.78000", "2007-03-31": "0.98000", "2006-12-31": "0.81000", "2006-09-30": "0.88000", "2006-06-30": "0.64000", "2006-03-31": "0.88000", "2005-12-31": "0.85000", "2005-09-30": "0.78000", "2005-06-30": "0.72000", "2005-03-31": "0.63000"}}, "balance sheet": {"Cash On Hand": {"2020-12-31": "3160.66100", "2019-12-31": "637.62400", "2018-12-31": "385.76700", "2017-12-31": "398.43700", "2016-12-31": "419.67000", "2015-12-31": "396.48600", "2014-12-31": "313.22600", "2013-12-31": "147.42200", "2012-12-31": "164.40400", "2011-12-31": "295.61700", "2010-12-31": "163.59200", "2009-12-31": "211.04800", "2008-12-31": "159.87000", "2007-12-31": "101.78300", "2006-12-31": "151.41100", "2005-12-31": "105.35200"}, "Receivables": {"2020-12-31": "", "2019-12-31": "", "2018-12-31": "", "2017-12-31": "", "2016-12-31": "", "2015-12-31": "", "2014-12-31": "", "2013-12-31": "", "2012-12-31": "", "2011-12-31": "", "2010-12-31": "", "2009-12-31": "", "2008-12-31": "", "2007-12-31": "", "2006-12-31": "", "2005-12-31": ""}, "Inventory": {"2020-12-31": "", "2019-12-31": "", "2018-12-31": "", "2017-12-31": "", "2016-12-31": "", "2015-12-31": "", "2014-12-31": "", "2013-12-31": "", "2012-12-31": "", "2011-12-31": "", "2010-12-31": "", "2009-12-31": "", "2008-12-31": "", "2007-12-31": "", "2006-12-31": "", "2005-12-31": ""}, "Pre-Paid Expenses": {"2020-12-31": "", "2019-12-31": "", "2018-12-31": "", "2017-12-31": "", "2016-12-31": "", "2015-12-31": "", "2014-12-31": "", "2013-12-31": "", "2012-12-31": "", "2011-12-31": "", "2010-12-31": "", "2009-12-31": "", "2008-12-31": "", "2007-12-31": "", "2006-12-31": "", "2005-12-31": ""}, "Other Current Assets": {"2020-12-31": "", "2019-12-31": "", "2018-12-31": "", "2017-12-31": "", "2016-12-31": "", "2015-12-31": "", "2014-12-31": "", "2013-12-31": "", "2012-12-31": "", "2011-12-31": "", "2010-12-31": "", "2009-12-31": "", "2008-12-31": "", "2007-12-31": "", "2006-12-31": "", "2005-12-31": ""}, "Total Current Assets": {"2020-12-31": "21895.86000", "2019-12-31": "19345.71000", "2018-12-31": "18211.01000", "2017-12-31": "17712.82000", "2016-12-31": "15718.39000", "2015-12-31": "14759.63000", "2014-12-31": "12111.20000", "2013-12-31": "4377.74000", "2012-12-31": "3662.73300", "2011-12-31": "3721.04000", "2010-12-31": "4134.57000", "2009-12-31": "4421.40000", "2008-12-31": "4100.21800", "2007-12-31": "4080.56400", "2006-12-31": "4482.75300", "2005-12-31": "2557.88300"}, "Property, Plant, And Equipment": {"2020-12-31": "39.23400", "2019-12-31": "38.58500", "2018-12-31": "34.66100", "2017-12-31": "31.85200", "2016-12-31": "38.59400", "2015-12-31": "39.19700", "2014-12-31": "36.55100", "2013-12-31": "32.43500", "2012-12-31": "19.50300", "2011-12-31": "23.06800", "2010-12-31": "22.57800", "2009-12-31": "22.54600", "2008-12-31": "24.67500", "2007-12-31": "26.32700", "2006-12-31": "37.10200", "2005-12-31": "19.06300"}, "Long-Term Investments": {"2020-12-31": "5252.84100", "2019-12-31": "3838.11100", "2018-12-31": "4041.53400", "2017-12-31": "3795.22100", "2016-12-31": "3245.70000", "2015-12-31": "3579.14700", "2014-12-31": "1607.78600", "2013-12-31": "1522.68400", "2012-12-31": "1392.51100", "2011-12-31": "1372.46400", "2010-12-31": "874.01600", "2009-12-31": "474.12900", "2008-12-31": "155.35900", "2007-12-31": "133.53700", "2006-12-31": "120.12800", "2005-12-31": "239.35400"}, "Goodwill And Intangible Assets": {"2020-12-31": "1102.31100", "2019-12-31": "2587.06400", "2018-12-31": "2605.79000", "2017-12-31": "2628.29600", "2016-12-31": "2210.31500", "2015-12-31": "2229.51100", "2014-12-31": "1737.68300", "2013-12-31": "225.99100", "2012-12-31": "94.58900", "2011-12-31": "56.55600", "2010-12-31": "73.14400", "2009-12-31": "33.29600", "2008-12-31": "39.92200", "2007-12-31": "805.77500", "2006-12-31": "788.51000", "2005-12-31": "323.18800"}, "Other Long-Term Assets": {"2020-12-31": "1208.19900", "2019-12-31": "961.33500", "2018-12-31": "838.36100", "2017-12-31": "826.68300", "2016-12-31": "562.66000", "2015-12-31": "554.61700", "2014-12-31": "456.97100", "2013-12-31": "294.87700", "2012-12-31": "294.32200", "2011-12-31": "355.10900", "2010-12-31": "424.71300", "2009-12-31": "372.70800", "2008-12-31": "175.32800", "2007-12-31": "132.83700", "2006-12-31": "124.83000", "2005-12-31": "86.92300"}, "Total Long-Term Assets": {"2020-12-31": "7602.58500", "2019-12-31": "7425.09500", "2018-12-31": "7520.34600", "2017-12-31": "7282.05200", "2016-12-31": "6151.38100", "2015-12-31": "6528.86100", "2014-12-31": "4123.40200", "2013-12-31": "2155.62300", "2012-12-31": "1800.92500", "2011-12-31": "1807.19700", "2010-12-31": "1394.45100", "2009-12-31": "902.67900", "2008-12-31": "395.28400", "2007-12-31": "1098.47600", "2006-12-31": "1070.57000", "2005-12-31": "668.52800"}, "Total Assets": {"2020-12-31": "29498.44000", "2019-12-31": "26770.81000", "2018-12-31": "25731.35000", "2017-12-31": "24994.88000", "2016-12-31": "21869.77000", "2015-12-31": "21288.49000", "2014-12-31": "16234.61000", "2013-12-31": "6533.36300", "2012-12-31": "5463.65800", "2011-12-31": "5528.23700", "2010-12-31": "5529.02100", "2009-12-31": "5324.07900", "2008-12-31": "4495.50200", "2007-12-31": "5179.04000", "2006-12-31": "5553.32300", "2005-12-31": "3226.41100"}, "Total Current Liabilities": {"2020-12-31": "25432.68000", "2019-12-31": "19598.89000", "2018-12-31": "19080.81000", "2017-12-31": "19087.50000", "2016-12-31": "16044.16000", "2015-12-31": "15832.88000", "2014-12-31": "11911.39000", "2013-12-31": "5477.89900", "2012-12-31": "4753.69600", "2011-12-31": "4627.76300", "2010-12-31": "4695.65200", "2009-12-31": "4144.74500", "2008-12-31": "3539.78200", "2007-12-31": "3290.20000", "2006-12-31": "3736.77600", "2005-12-31": "2443.67900"}, "Long Term Debt": {"2020-12-31": "470.81200", "2019-12-31": "2217.21700", "2018-12-31": "1824.96000", "2017-12-31": "929.77900", "2016-12-31": "1346.55600", "2015-12-31": "1057.91400", "2014-12-31": "816.98500", "2013-12-31": "246.37100", "2012-12-31": "120.84100", "2011-12-31": "354.27100", "2010-12-31": "354.57200", "2009-12-31": "672.56100", "2008-12-31": "579.99400", "2007-12-31": "750.48800", "2006-12-31": "648.21900", "2005-12-31": "281.95400"}, "Other Non-Current Liabilities": {"2020-12-31": "", "2019-12-31": "", "2018-12-31": "", "2017-12-31": "", "2016-12-31": "", "2015-12-31": "", "2014-12-31": "", "2013-12-31": "", "2012-12-31": "", "2011-12-31": "", "2010-12-31": "", "2009-12-31": "", "2008-12-31": "", "2007-12-31": "", "2006-12-31": "", "2005-12-31": ""}, "Total Long Term Liabilities": {"2020-12-31": "470.81200", "2019-12-31": "2217.21700", "2018-12-31": "1824.96000", "2017-12-31": "929.77900", "2016-12-31": "1346.55600", "2015-12-31": "1057.91400", "2014-12-31": "816.98500", "2013-12-31": "246.37100", "2012-12-31": "120.84100", "2011-12-31": "354.27100", "2010-12-31": "354.57200", "2009-12-31": "672.56100", "2008-12-31": "579.99400", "2007-12-31": "750.48800", "2006-12-31": "648.21900", "2005-12-31": "281.95400"}, "Total Liabilities": {"2020-12-31": "25903.49000", "2019-12-31": "21816.11000", "2018-12-31": "20905.77000", "2017-12-31": "20017.28000", "2016-12-31": "17390.71000", "2015-12-31": "16890.80000", "2014-12-31": "12728.38000", "2013-12-31": "5724.27000", "2012-12-31": "4874.53700", "2011-12-31": "4982.03400", "2010-12-31": "5050.22400", "2009-12-31": "4817.30600", "2008-12-31": "4119.77600", "2007-12-31": "4040.68800", "2006-12-31": "4384.99500", "2005-12-31": "2725.63300"}, "Common Stock Net": {"2020-12-31": "1.20700", "2019-12-31": "1.21900", "2018-12-31": "1.25100", "2017-12-31": "1.30500", "2016-12-31": "1.22800", "2015-12-31": "1.22800", "2014-12-31": "1.04200", "2013-12-31": "0.46500", "2012-12-31": "0.37700", "2011-12-31": "0.37500", "2010-12-31": "0.36900", "2009-12-31": "0.35100", "2008-12-31": "0.28500", "2007-12-31": "0.28000", "2006-12-31": "1020.13200", "2005-12-31": "400.86800"}, "Retained Earnings (Accumulated Deficit)": {"2020-12-31": "409.39100", "2019-12-31": "1652.24800", "2018-12-31": "1182.67400", "2017-12-31": "723.47100", "2016-12-31": "366.07300", "2015-12-31": "13.90700", "2014-12-31": "-285.71200", "2013-12-31": "-454.42200", "2012-12-31": "-499.53700", "2011-12-31": "-556.33800", "2010-12-31": "-607.04200", "2009-12-31": "-545.02600", "2008-12-31": "-535.67600", "2007-12-31": "201.22000", "2006-12-31": "148.36700", "2005-12-31": "102.32500"}, "Comprehensive Income": {"2020-12-31": "172.52300", "2019-12-31": "78.65800", "2018-12-31": "-6.07500", "2017-12-31": "31.17100", "2016-12-31": "5.98200", "2015-12-31": "27.82800", "2014-12-31": "26.38000", "2013-12-31": "-3.34700", "2012-12-31": "32.90000", "2011-12-31": "22.80300", "2010-12-31": "3.96900", "2009-12-31": "-0.10400", "2008-12-31": "1.45200", "2007-12-31": "0.52400", "2006-12-31": "-0.17100", "2005-12-31": "-2.41500"}, "Other Share Holders Equity": {"2020-12-31": "", "2019-12-31": "", "2018-12-31": "", "2017-12-31": "", "2016-12-31": "", "2015-12-31": "", "2014-12-31": "", "2013-12-31": "", "2012-12-31": "", "2011-12-31": "", "2010-12-31": "", "2009-12-31": "", "2008-12-31": "", "2007-12-31": "", "2006-12-31": "", "2005-12-31": ""}, "Share Holder Equity": {"2020-12-31": "3594.95100", "2019-12-31": "4954.69700", "2018-12-31": "4825.58800", "2017-12-31": "4977.59800", "2016-12-31": "4479.05500", "2015-12-31": "4397.69100", "2014-12-31": "3506.23000", "2013-12-31": "809.09300", "2012-12-31": "589.12100", "2011-12-31": "546.20300", "2010-12-31": "478.79700", "2009-12-31": "506.77300", "2008-12-31": "375.72600", "2007-12-31": "1138.35200", "2006-12-31": "1168.32800", "2005-12-31": "500.77800"}, "Total Liabilities And Share Holders Equity": {"2020-12-31": "29498.44000", "2019-12-31": "26770.81000", "2018-12-31": "25731.35000", "2017-12-31": "24994.88000", "2016-12-31": "21869.77000", "2015-12-31": "21288.49000", "2014-12-31": "16234.61000", "2013-12-31": "6533.36300", "2012-12-31": "5463.65800", "2011-12-31": "5528.23700", "2010-12-31": "5529.02100", "2009-12-31": "5324.07900", "2008-12-31": "4495.50200", "2007-12-31": "5179.04000", "2006-12-31": "5553.32300", "2005-12-31": "3226.41100"}}, "balance sheet, quarterly": {"Cash On Hand": {"2020-12-31": "3160.66100", "2020-09-30": "2953.19600", "2020-06-30": "1921.13600", "2020-03-31": "612.26000", "2019-12-31": "637.62400", "2019-09-30": "736.00100", "2019-06-30": "607.73800", "2019-03-31": "556.88200", "2018-12-31": "385.76700", "2018-09-30": "381.78600", "2018-06-30": "451.56500", "2018-03-31": "547.79600", "2017-12-31": "398.43700", "2017-09-30": "270.01800", "2017-06-30": "287.48000", "2017-03-31": "296.50000", "2016-12-31": "419.67000", "2016-09-30": "540.36500", "2016-06-30": "445.35300", "2016-03-31": "519.51800", "2015-12-31": "396.48600", "2015-09-30": "236.29400", "2015-06-30": "640.63100", "2015-03-31": "391.85400", "2014-12-31": "313.22600", "2014-09-30": "260.86200", "2014-06-30": "363.36500", "2014-03-31": "342.08700", "2013-12-31": "147.42200", "2013-09-30": "178.11400", "2013-06-30": "218.82700", "2013-03-31": "131.67800", "2012-12-31": "164.40400", "2012-09-30": "160.40600", "2012-06-30": "123.46900", "2012-03-31": "133.76100", "2011-12-31": "295.61700", "2011-09-30": "167.32100", "2011-06-30": "150.50500", "2011-03-31": "193.55900", "2010-12-31": "163.59200", "2010-09-30": "160.08500", "2010-06-30": "413.38600", "2010-03-31": "518.72100", "2009-12-31": "211.04800", "2009-09-30": "298.80900", "2009-06-30": "181.66500", "2009-03-31": "213.76700", "2008-12-31": "159.87000", "2008-09-30": "130.49500", "2008-06-30": "127.11500", "2008-03-31": "129.93900", "2007-12-31": "101.78300", "2007-09-30": "160.11700", "2007-06-30": "143.04900", "2007-03-31": "351.50500", "2006-12-31": "151.41100", "2006-09-30": "126.84400", "2006-06-30": "152.68300", "2006-03-31": "119.39900", "2005-12-31": "105.35200", "2005-09-30": "185.92600", "2005-06-30": "103.07200", "2005-03-31": "88.93700"}, "Receivables": {"2020-12-31": "", "2020-09-30": "", "2020-06-30": "", "2020-03-31": "", "2019-12-31": "", "2019-09-30": "", "2019-06-30": "", "2019-03-31": "", "2018-12-31": "", "2018-09-30": "", "2018-06-30": "", "2018-03-31": "", "2017-12-31": "", "2017-09-30": "", "2017-06-30": "", "2017-03-31": "", "2016-12-31": "", "2016-09-30": "", "2016-06-30": "", "2016-03-31": "", "2015-12-31": "", "2015-09-30": "", "2015-06-30": "", "2015-03-31": "", "2014-12-31": "", "2014-09-30": "", "2014-06-30": "", "2014-03-31": "", "2013-12-31": "", "2013-09-30": "", "2013-06-30": "", "2013-03-31": "", "2012-12-31": "", "2012-09-30": "", "2012-06-30": "", "2012-03-31": "", "2011-12-31": "", "2011-09-30": "", "2011-06-30": "", "2011-03-31": "", "2010-12-31": "", "2010-09-30": "", "2010-06-30": "", "2010-03-31": "", "2009-12-31": "", "2009-09-30": "", "2009-06-30": "", "2009-03-31": "", "2008-12-31": "", "2008-09-30": "", "2008-06-30": "", "2008-03-31": "", "2007-12-31": "", "2007-09-30": "", "2007-06-30": "", "2007-03-31": "", "2006-12-31": "", "2006-09-30": "", "2006-06-30": "", "2006-03-31": "", "2005-12-31": "", "2005-09-30": "", "2005-06-30": "", "2005-03-31": ""}, "Inventory": {"2020-12-31": "", "2020-09-30": "", "2020-06-30": "", "2020-03-31": "", "2019-12-31": "", "2019-09-30": "", "2019-06-30": "", "2019-03-31": "", "2018-12-31": "", "2018-09-30": "", "2018-06-30": "", "2018-03-31": "", "2017-12-31": "", "2017-09-30": "", "2017-06-30": "", "2017-03-31": "", "2016-12-31": "", "2016-09-30": "", "2016-06-30": "", "2016-03-31": "", "2015-12-31": "", "2015-09-30": "", "2015-06-30": "", "2015-03-31": "", "2014-12-31": "", "2014-09-30": "", "2014-06-30": "", "2014-03-31": "", "2013-12-31": "", "2013-09-30": "", "2013-06-30": "", "2013-03-31": "", "2012-12-31": "", "2012-09-30": "", "2012-06-30": "", "2012-03-31": "", "2011-12-31": "", "2011-09-30": "", "2011-06-30": "", "2011-03-31": "", "2010-12-31": "", "2010-09-30": "", "2010-06-30": "", "2010-03-31": "", "2009-12-31": "", "2009-09-30": "", "2009-06-30": "", "2009-03-31": "", "2008-12-31": "", "2008-09-30": "", "2008-06-30": "", "2008-03-31": "", "2007-12-31": "", "2007-09-30": "", "2007-06-30": "", "2007-03-31": "", "2006-12-31": "", "2006-09-30": "", "2006-06-30": "", "2006-03-31": "", "2005-12-31": "", "2005-09-30": "", "2005-06-30": "", "2005-03-31": ""}, "Pre-Paid Expenses": {"2020-12-31": "", "2020-09-30": "", "2020-06-30": "", "2020-03-31": "", "2019-12-31": "", "2019-09-30": "", "2019-06-30": "", "2019-03-31": "", "2018-12-31": "", "2018-09-30": "", "2018-06-30": "", "2018-03-31": "", "2017-12-31": "", "2017-09-30": "", "2017-06-30": "", "2017-03-31": "", "2016-12-31": "", "2016-09-30": "", "2016-06-30": "", "2016-03-31": "", "2015-12-31": "", "2015-09-30": "", "2015-06-30": "", "2015-03-31": "", "2014-12-31": "", "2014-09-30": "", "2014-06-30": "", "2014-03-31": "", "2013-12-31": "", "2013-09-30": "", "2013-06-30": "", "2013-03-31": "", "2012-12-31": "", "2012-09-30": "", "2012-06-30": "", "2012-03-31": "", "2011-12-31": "", "2011-09-30": "", "2011-06-30": "", "2011-03-31": "", "2010-12-31": "", "2010-09-30": "", "2010-06-30": "", "2010-03-31": "", "2009-12-31": "", "2009-09-30": "", "2009-06-30": "", "2009-03-31": "", "2008-12-31": "", "2008-09-30": "", "2008-06-30": "", "2008-03-31": "", "2007-12-31": "", "2007-09-30": "", "2007-06-30": "", "2007-03-31": "", "2006-12-31": "", "2006-09-30": "", "2006-06-30": "", "2006-03-31": "", "2005-12-31": "", "2005-09-30": "", "2005-06-30": "", "2005-03-31": ""}, "Other Current Assets": {"2020-12-31": "", "2020-09-30": "", "2020-06-30": "", "2020-03-31": "", "2019-12-31": "", "2019-09-30": "", "2019-06-30": "", "2019-03-31": "", "2018-12-31": "", "2018-09-30": "", "2018-06-30": "", "2018-03-31": "", "2017-12-31": "", "2017-09-30": "", "2017-06-30": "", "2017-03-31": "", "2016-12-31": "", "2016-09-30": "", "2016-06-30": "", "2016-03-31": "", "2015-12-31": "", "2015-09-30": "", "2015-06-30": "", "2015-03-31": "", "2014-12-31": "", "2014-09-30": "", "2014-06-30": "", "2014-03-31": "", "2013-12-31": "", "2013-09-30": "", "2013-06-30": "", "2013-03-31": "", "2012-12-31": "", "2012-09-30": "", "2012-06-30": "", "2012-03-31": "", "2011-12-31": "", "2011-09-30": "", "2011-06-30": "", "2011-03-31": "", "2010-12-31": "", "2010-09-30": "", "2010-06-30": "", "2010-03-31": "", "2009-12-31": "", "2009-09-30": "", "2009-06-30": "", "2009-03-31": "", "2008-12-31": "", "2008-09-30": "", "2008-06-30": "", "2008-03-31": "", "2007-12-31": "", "2007-09-30": "", "2007-06-30": "", "2007-03-31": "", "2006-12-31": "", "2006-09-30": "", "2006-06-30": "", "2006-03-31": "", "2005-12-31": "", "2005-09-30": "", "2005-06-30": "", "2005-03-31": ""}, "Total Current Assets": {"2020-12-31": "21895.86000", "2020-09-30": "21633.43000", "2020-06-30": "21314.72000", "2020-03-31": "20136.27000", "2019-12-31": "19345.71000", "2019-09-30": "19332.99000", "2019-06-30": "18945.55000", "2019-03-31": "18753.42000", "2018-12-31": "18211.01000", "2018-09-30": "17470.01000", "2018-06-30": "17204.62000", "2018-03-31": "16868.81000", "2017-12-31": "17712.82000", "2017-09-30": "15800.93000", "2017-06-30": "15860.14000", "2017-03-31": "15691.88000", "2016-12-31": "15718.39000", "2016-09-30": "15135.24000", "2016-06-30": "14943.52000", "2016-03-31": "14872.67000", "2015-12-31": "14759.63000", "2015-09-30": "12585.23000", "2015-06-30": "12575.45000", "2015-03-31": "12571.64000", "2014-12-31": "12111.20000", "2014-09-30": "11753.85000", "2014-06-30": "11471.32000", "2014-03-31": "4421.97400", "2013-12-31": "4377.74000", "2013-09-30": "4533.37400", "2013-06-30": "4547.87000", "2013-03-31": "3506.42200", "2012-12-31": "3662.73300", "2012-09-30": "3709.55100", "2012-06-30": "3504.64800", "2012-03-31": "3584.57400", "2011-12-31": "3721.04000", "2011-09-30": "3731.90700", "2011-06-30": "3773.16600", "2011-03-31": "4012.08200", "2010-12-31": "4134.57000", "2010-09-30": "4348.14000", "2010-06-30": "4078.39500", "2010-03-31": "4294.22500", "2009-12-31": "4421.40000", "2009-09-30": "4799.64400", "2009-06-30": "4029.17800", "2009-03-31": "4081.63000", "2008-12-31": "4100.21800", "2008-09-30": "4018.52100", "2008-06-30": "3987.37200", "2008-03-31": "4052.65000", "2007-12-31": "4080.56400", "2007-09-30": "4036.26700", "2007-06-30": "4067.75600", "2007-03-31": "4275.55200", "2006-12-31": "4482.75300", "2006-09-30": "3642.64900", "2006-06-30": "3561.05800", "2006-03-31": "2925.24800", "2005-12-31": "2557.88300", "2005-09-30": "2470.97800", "2005-06-30": "2245.79000", "2005-03-31": "2199.08800"}, "Property, Plant, And Equipment": {"2020-12-31": "39.23400", "2020-09-30": "40.54400", "2020-06-30": "42.29900", "2020-03-31": "39.79900", "2019-12-31": "38.58500", "2019-09-30": "37.92600", "2019-06-30": "38.16200", "2019-03-31": "37.78300", "2018-12-31": "34.66100", "2018-09-30": "34.01200", "2018-06-30": "34.51300", "2018-03-31": "33.68600", "2017-12-31": "31.85200", "2017-09-30": "28.91000", "2017-06-30": "29.10800", "2017-03-31": "28.90800", "2016-12-31": "38.59400", "2016-09-30": "38.97700", "2016-06-30": "38.71800", "2016-03-31": "39.71300", "2015-12-31": "39.19700", "2015-09-30": "36.47500", "2015-06-30": "35.98400", "2015-03-31": "36.02200", "2014-12-31": "36.55100", "2014-09-30": "38.36800", "2014-06-30": "40.44000", "2014-03-31": "29.90800", "2013-12-31": "32.43500", "2013-09-30": "32.68300", "2013-06-30": "33.64200", "2013-03-31": "18.95000", "2012-12-31": "19.50300", "2012-09-30": "18.06400", "2012-06-30": "21.56500", "2012-03-31": "22.88500", "2011-12-31": "23.06800", "2011-09-30": "22.91900", "2011-06-30": "23.29500", "2011-03-31": "22.34300", "2010-12-31": "22.57800", "2010-09-30": "21.13800", "2010-06-30": "21.67700", "2010-03-31": "22.05000", "2009-12-31": "22.54600", "2009-09-30": "23.11800", "2009-06-30": "23.61100", "2009-03-31": "24.20200", "2008-12-31": "24.67500", "2008-09-30": "25.47100", "2008-06-30": "25.71800", "2008-03-31": "25.70200", "2007-12-31": "26.32700", "2007-09-30": "26.73300", "2007-06-30": "36.84100", "2007-03-31": "37.12500", "2006-12-31": "37.10200", "2006-09-30": "29.33400", "2006-06-30": "28.90200", "2006-03-31": "20.66000", "2005-12-31": "19.06300", "2005-09-30": "18.99000", "2005-06-30": "14.93300", "2005-03-31": "14.94500"}, "Long-Term Investments": {"2020-12-31": "5252.84100", "2020-09-30": "4549.86400", "2020-06-30": "3868.39100", "2020-03-31": "3811.90700", "2019-12-31": "3838.11100", "2019-09-30": "3844.21300", "2019-06-30": "3850.39000", "2019-03-31": "4024.13800", "2018-12-31": "4041.53400", "2018-09-30": "3851.41000", "2018-06-30": "3884.05900", "2018-03-31": "3819.23600", "2017-12-31": "3795.22100", "2017-09-30": "3549.48000", "2017-06-30": "3496.61900", "2017-03-31": "3354.89300", "2016-12-31": "3245.70000", "2016-09-30": "3360.72100", "2016-06-30": "3371.76000", "2016-03-31": "3257.83600", "2015-12-31": "3579.14700", "2015-09-30": "1826.61400", "2015-06-30": "1715.40800", "2015-03-31": "1624.31400", "2014-12-31": "1607.78600", "2014-09-30": "1585.28300", "2014-06-30": "1602.09800", "2014-03-31": "1502.47300", "2013-12-31": "1522.68400", "2013-09-30": "1512.14700", "2013-06-30": "1512.70700", "2013-03-31": "1396.17700", "2012-12-31": "1392.51100", "2012-09-30": "1398.13400", "2012-06-30": "1393.43700", "2012-03-31": "1424.78000", "2011-12-31": "1372.46400", "2011-09-30": "1310.11800", "2011-06-30": "1108.58300", "2011-03-31": "940.01100", "2010-12-31": "874.01600", "2010-09-30": "846.09900", "2010-06-30": "708.98200", "2010-03-31": "489.67000", "2009-12-31": "474.12900", "2009-09-30": "412.48500", "2009-06-30": "199.06800", "2009-03-31": "174.88800", "2008-12-31": "155.35900", "2008-09-30": "131.03000", "2008-06-30": "143.40400", "2008-03-31": "150.46400", "2007-12-31": "133.53700", "2007-09-30": "88.03500", "2007-06-30": "100.04800", "2007-03-31": "111.16300", "2006-12-31": "120.12800", "2006-09-30": "234.95200", "2006-06-30": "269.91300", "2006-03-31": "233.20300", "2005-12-31": "239.35400", "2005-09-30": "252.67700", "2005-06-30": "241.27000", "2005-03-31": "255.20200"}, "Goodwill And Intangible Assets": {"2020-12-31": "1102.31100", "2020-09-30": "1105.48300", "2020-06-30": "1109.23400", "2020-03-31": "1113.11600", "2019-12-31": "2587.06400", "2019-09-30": "2591.21700", "2019-06-30": "2596.05000", "2019-03-31": "2600.92000", "2018-12-31": "2605.79000", "2018-09-30": "2610.77600", "2018-06-30": "2616.36300", "2018-03-31": "2621.95000", "2017-12-31": "2628.29600", "2017-09-30": "2201.13700", "2017-06-30": "2204.18600", "2017-03-31": "2207.25100", "2016-12-31": "2210.31500", "2016-09-30": "2213.49100", "2016-06-30": "2219.55700", "2016-03-31": "2223.92800", "2015-12-31": "2229.51100", "2015-09-30": "1741.08400", "2015-06-30": "1742.58100", "2015-03-31": "1744.08300", "2014-12-31": "1737.68300", "2014-09-30": "1740.95200", "2014-06-30": "1745.58400", "2014-03-31": "224.62700", "2013-12-31": "225.99100", "2013-09-30": "234.54000", "2013-06-30": "229.38000", "2013-03-31": "93.22000", "2012-12-31": "94.58900", "2012-09-30": "95.49100", "2012-06-30": "78.95100", "2012-03-31": "73.52400", "2011-12-31": "56.55600", "2011-09-30": "58.39200", "2011-06-30": "60.36900", "2011-03-31": "70.28700", "2010-12-31": "73.14400", "2010-09-30": "74.66900", "2010-06-30": "28.44800", "2010-03-31": "30.87200", "2009-12-31": "33.29600", "2009-09-30": "35.65100", "2009-06-30": "35.41700", "2009-03-31": "37.67500", "2008-12-31": "39.92200", "2008-09-30": "36.49700", "2008-06-30": "38.77100", "2008-03-31": "528.17100", "2007-12-31": "805.77500", "2007-09-30": "810.58300", "2007-06-30": "816.95500", "2007-03-31": "787.66800", "2006-12-31": "788.51000", "2006-09-30": "586.97500", "2006-06-30": "591.50900", "2006-03-31": "400.21900", "2005-12-31": "323.18800", "2005-09-30": "298.18200", "2005-06-30": "254.92000", "2005-03-31": "256.14100"}, "Other Long-Term Assets": {"2020-12-31": "1208.19900", "2020-09-30": "1097.39500", "2020-06-30": "1031.09700", "2020-03-31": "1042.17200", "2019-12-31": "961.33500", "2019-09-30": "918.27910", "2019-06-30": "914.25900", "2019-03-31": "907.87510", "2018-12-31": "838.36100", "2018-09-30": "774.63600", "2018-06-30": "764.45300", "2018-03-31": "793.06800", "2017-12-31": "826.68300", "2017-09-30": "597.15500", "2017-06-30": "586.47300", "2017-03-31": "555.55500", "2016-12-31": "562.66000", "2016-09-30": "539.79400", "2016-06-30": "549.16700", "2016-03-31": "545.73200", "2015-12-31": "554.61700", "2015-09-30": "454.94400", "2015-06-30": "416.04600", "2015-03-31": "431.81400", "2014-12-31": "456.97100", "2014-09-30": "488.71800", "2014-06-30": "483.31800", "2014-03-31": "338.87100", "2013-12-31": "294.87700", "2013-09-30": "304.11100", "2013-06-30": "385.50300", "2013-03-31": "285.13600", "2012-12-31": "294.32200", "2012-09-30": "317.26200", "2012-06-30": "323.02100", "2012-03-31": "342.34500", "2011-12-31": "355.10900", "2011-09-30": "370.55500", "2011-06-30": "429.31200", "2011-03-31": "425.79400", "2010-12-31": "424.71300", "2010-09-30": "452.87600", "2010-06-30": "316.18000", "2010-03-31": "366.40000", "2009-12-31": "372.70800", "2009-09-30": "208.70000", "2009-06-30": "188.96200", "2009-03-31": "177.67500", "2008-12-31": "175.32800", "2008-09-30": "151.69800", "2008-06-30": "148.05900", "2008-03-31": "135.72900", "2007-12-31": "132.83700", "2007-09-30": "123.75800", "2007-06-30": "122.17500", "2007-03-31": "121.25200", "2006-12-31": "124.83000", "2006-09-30": "107.56400", "2006-06-30": "106.25200", "2006-03-31": "90.94000", "2005-12-31": "86.92300", "2005-09-30": "88.70700", "2005-06-30": "86.29000", "2005-03-31": "85.45900"}, "Total Long-Term Assets": {"2020-12-31": "7602.58500", "2020-09-30": "6793.28600", "2020-06-30": "6051.02100", "2020-03-31": "6006.99400", "2019-12-31": "7425.09500", "2019-09-30": "7391.63500", "2019-06-30": "7398.86000", "2019-03-31": "7570.71600", "2018-12-31": "7520.34600", "2018-09-30": "7312.11300", "2018-06-30": "7324.93900", "2018-03-31": "7280.52400", "2017-12-31": "7282.05200", "2017-09-30": "6442.00300", "2017-06-30": "6386.74000", "2017-03-31": "6235.37200", "2016-12-31": "6151.38100", "2016-09-30": "6180.05600", "2016-06-30": "6203.61500", "2016-03-31": "6158.33400", "2015-12-31": "6528.86100", "2015-09-30": "4228.87700", "2015-06-30": "4121.57500", "2015-03-31": "4072.29800", "2014-12-31": "4123.40200", "2014-09-30": "4184.49700", "2014-06-30": "4213.54500", "2014-03-31": "2095.87900", "2013-12-31": "2155.62300", "2013-09-30": "2083.48100", "2013-06-30": "2161.23200", "2013-03-31": "1793.48300", "2012-12-31": "1800.92500", "2012-09-30": "1828.95100", "2012-06-30": "1816.97400", "2012-03-31": "1863.53400", "2011-12-31": "1807.19700", "2011-09-30": "1761.98400", "2011-06-30": "1621.55900", "2011-03-31": "1458.43500", "2010-12-31": "1394.45100", "2010-09-30": "1394.78200", "2010-06-30": "1075.28700", "2010-03-31": "908.99190", "2009-12-31": "902.67900", "2009-09-30": "679.95400", "2009-06-30": "447.05800", "2009-03-31": "414.44000", "2008-12-31": "395.28400", "2008-09-30": "344.69600", "2008-06-30": "355.95200", "2008-03-31": "840.06600", "2007-12-31": "1098.47600", "2007-09-30": "1049.10900", "2007-06-30": "1076.01900", "2007-03-31": "1057.20800", "2006-12-31": "1070.57000", "2006-09-30": "958.82510", "2006-06-30": "996.57600", "2006-03-31": "745.02200", "2005-12-31": "668.52800", "2005-09-30": "658.55600", "2005-06-30": "597.41300", "2005-03-31": "611.74690"}, "Total Assets": {"2020-12-31": "29498.44000", "2020-09-30": "28426.72000", "2020-06-30": "27365.74000", "2020-03-31": "26143.27000", "2019-12-31": "26770.81000", "2019-09-30": "26724.63000", "2019-06-30": "26344.41000", "2019-03-31": "26324.14000", "2018-12-31": "25731.35000", "2018-09-30": "24782.13000", "2018-06-30": "24529.56000", "2018-03-31": "24149.33000", "2017-12-31": "24994.88000", "2017-09-30": "22242.93000", "2017-06-30": "22246.88000", "2017-03-31": "21927.25000", "2016-12-31": "21869.77000", "2016-09-30": "21315.29000", "2016-06-30": "21147.14000", "2016-03-31": "21031.01000", "2015-12-31": "21288.49000", "2015-09-30": "16814.11000", "2015-06-30": "16697.02000", "2015-03-31": "16643.94000", "2014-12-31": "16234.61000", "2014-09-30": "15938.34000", "2014-06-30": "15684.87000", "2014-03-31": "6517.85300", "2013-12-31": "6533.36300", "2013-09-30": "6616.85500", "2013-06-30": "6709.10200", "2013-03-31": "5299.90500", "2012-12-31": "5463.65800", "2012-09-30": "5538.50200", "2012-06-30": "5321.62200", "2012-03-31": "5448.10800", "2011-12-31": "5528.23700", "2011-09-30": "5493.89100", "2011-06-30": "5394.72500", "2011-03-31": "5470.51700", "2010-12-31": "5529.02100", "2010-09-30": "5742.92200", "2010-06-30": "5153.68200", "2010-03-31": "5203.21700", "2009-12-31": "5324.07900", "2009-09-30": "5479.59800", "2009-06-30": "4476.23600", "2009-03-31": "4496.07000", "2008-12-31": "4495.50200", "2008-09-30": "4363.21700", "2008-06-30": "4343.32400", "2008-03-31": "4892.71600", "2007-12-31": "5179.04000", "2007-09-30": "5085.37600", "2007-06-30": "5143.77500", "2007-03-31": "5332.76000", "2006-12-31": "5553.32300", "2006-09-30": "4601.47400", "2006-06-30": "4557.63400", "2006-03-31": "3670.27000", "2005-12-31": "3226.41100", "2005-09-30": "3129.53400", "2005-06-30": "2843.20300", "2005-03-31": "2810.83500"}, "Total Current Liabilities": {"2020-12-31": "25432.68000", "2020-09-30": "24417.20000", "2020-06-30": "23392.07000", "2020-03-31": "19998.88000", "2019-12-31": "19598.89000", "2019-09-30": "20095.34000", "2019-06-30": "19123.23000", "2019-03-31": "19597.61000", "2018-12-31": "19080.81000", "2018-09-30": "18074.33000", "2018-06-30": "18112.49000", "2018-03-31": "18254.33000", "2017-12-31": "19087.50000", "2017-09-30": "16933.74000", "2017-06-30": "17023.78000", "2017-03-31": "16516.02000", "2016-12-31": "16044.16000", "2016-09-30": "15790.57000", "2016-06-30": "15276.30000", "2016-03-31": "15584.29000", "2015-12-31": "15832.88000", "2015-09-30": "12244.49000", "2015-06-30": "12708.83000", "2015-03-31": "12060.97000", "2014-12-31": "11911.39000", "2014-09-30": "11662.88000", "2014-06-30": "11807.46000", "2014-03-31": "5433.18100", "2013-12-31": "5477.89900", "2013-09-30": "5504.01600", "2013-06-30": "5591.91000", "2013-03-31": "4590.66300", "2012-12-31": "4753.69600", "2012-09-30": "4828.17000", "2012-06-30": "4632.17800", "2012-03-31": "4597.10900", "2011-12-31": "4627.76300", "2011-09-30": "4600.07600", "2011-06-30": "4528.33800", "2011-03-31": "4624.65900", "2010-12-31": "4695.65200", "2010-09-30": "4844.51200", "2010-06-30": "4262.39600", "2010-03-31": "4192.07300", "2009-12-31": "4144.74500", "2009-09-30": "4096.78200", "2009-06-30": "3297.24200", "2009-03-31": "3447.11800", "2008-12-31": "3539.78200", "2008-09-30": "3236.18700", "2008-06-30": "3237.17300", "2008-03-31": "3364.43000", "2007-12-31": "3290.20000", "2007-09-30": "3489.00800", "2007-06-30": "3477.29400", "2007-03-31": "3736.40000", "2006-12-31": "3736.77600", "2006-09-30": "3063.69500", "2006-06-30": "3228.30200", "2006-03-31": "2679.07100", "2005-12-31": "2443.67900", "2005-09-30": "2444.78500", "2005-06-30": "2216.21300", "2005-03-31": "2191.41400"}, "Long Term Debt": {"2020-12-31": "470.81200", "2020-09-30": "523.28200", "2020-06-30": "520.77200", "2020-03-31": "2753.99400", "2019-12-31": "2217.21700", "2019-09-30": "1709.17600", "2019-06-30": "2369.17100", "2019-03-31": "1935.54500", "2018-12-31": "1824.96000", "2018-09-30": "1966.11000", "2018-06-30": "1639.10400", "2018-03-31": "1027.50700", "2017-12-31": "929.77900", "2017-09-30": "698.52500", "2017-06-30": "663.19700", "2017-03-31": "903.12500", "2016-12-31": "1346.55600", "2016-09-30": "982.12300", "2016-06-30": "1357.53000", "2016-03-31": "990.12400", "2015-12-31": "1057.91400", "2015-09-30": "987.91400", "2015-06-30": "436.69500", "2015-03-31": "1049.60400", "2014-12-31": "816.98500", "2014-09-30": "797.21700", "2014-06-30": "439.47400", "2014-03-31": "138.53800", "2013-12-31": "246.37100", "2013-09-30": "140.74300", "2013-06-30": "142.05400", "2013-03-31": "119.44600", "2012-12-31": "120.84100", "2012-09-30": "126.24600", "2012-06-30": "123.79600", "2012-03-31": "301.35400", "2011-12-31": "354.27100", "2011-09-30": "354.34700", "2011-06-30": "354.42300", "2011-03-31": "354.49800", "2010-12-31": "354.57200", "2010-09-30": "404.64800", "2010-06-30": "404.70100", "2010-03-31": "536.30000", "2009-12-31": "672.56100", "2009-09-30": "865.26700", "2009-06-30": "714.89700", "2009-03-31": "579.94600", "2008-12-31": "579.99400", "2008-09-30": "750.74300", "2008-06-30": "731.40700", "2008-03-31": "669.97300", "2007-12-31": "750.48800", "2007-09-30": "413.59600", "2007-06-30": "441.37500", "2007-03-31": "414.10300", "2006-12-31": "648.21900", "2006-09-30": "643.30200", "2006-06-30": "454.00200", "2006-03-31": "356.95400", "2005-12-31": "281.95400", "2005-09-30": "232.65400", "2005-06-30": "233.75400", "2005-03-31": "236.45400"}, "Other Non-Current Liabilities": {"2020-12-31": "", "2020-09-30": "", "2020-06-30": "", "2020-03-31": "", "2019-12-31": "", "2019-09-30": "", "2019-06-30": "", "2019-03-31": "", "2018-12-31": "", "2018-09-30": "", "2018-06-30": "", "2018-03-31": "", "2017-12-31": "", "2017-09-30": "", "2017-06-30": "", "2017-03-31": "", "2016-12-31": "", "2016-09-30": "", "2016-06-30": "", "2016-03-31": "", "2015-12-31": "", "2015-09-30": "", "2015-06-30": "", "2015-03-31": "", "2014-12-31": "", "2014-09-30": "", "2014-06-30": "", "2014-03-31": "", "2013-12-31": "", "2013-09-30": "", "2013-06-30": "", "2013-03-31": "", "2012-12-31": "", "2012-09-30": "", "2012-06-30": "", "2012-03-31": "", "2011-12-31": "", "2011-09-30": "", "2011-06-30": "", "2011-03-31": "", "2010-12-31": "", "2010-09-30": "", "2010-06-30": "", "2010-03-31": "", "2009-12-31": "", "2009-09-30": "", "2009-06-30": "", "2009-03-31": "", "2008-12-31": "", "2008-09-30": "", "2008-06-30": "", "2008-03-31": "", "2007-12-31": "", "2007-09-30": "", "2007-06-30": "", "2007-03-31": "", "2006-12-31": "", "2006-09-30": "", "2006-06-30": "", "2006-03-31": "", "2005-12-31": "", "2005-09-30": "", "2005-06-30": "", "2005-03-31": ""}, "Total Long Term Liabilities": {"2020-12-31": "470.81200", "2020-09-30": "523.28200", "2020-06-30": "520.77200", "2020-03-31": "2753.99400", "2019-12-31": "2217.21700", "2019-09-30": "1709.17600", "2019-06-30": "2369.17100", "2019-03-31": "1935.54500", "2018-12-31": "1824.96000", "2018-09-30": "1966.11000", "2018-06-30": "1639.10400", "2018-03-31": "1027.50700", "2017-12-31": "929.77900", "2017-09-30": "698.52500", "2017-06-30": "663.19700", "2017-03-31": "903.12500", "2016-12-31": "1346.55600", "2016-09-30": "982.12300", "2016-06-30": "1357.53000", "2016-03-31": "990.12400", "2015-12-31": "1057.91400", "2015-09-30": "987.91400", "2015-06-30": "436.69500", "2015-03-31": "1049.60400", "2014-12-31": "816.98500", "2014-09-30": "797.21700", "2014-06-30": "439.47400", "2014-03-31": "250.97000", "2013-12-31": "246.37100", "2013-09-30": "296.55000", "2013-06-30": "315.49300", "2013-03-31": "119.44600", "2012-12-31": "120.84100", "2012-09-30": "126.24600", "2012-06-30": "123.79600", "2012-03-31": "301.35400", "2011-12-31": "354.27100", "2011-09-30": "354.34700", "2011-06-30": "354.42300", "2011-03-31": "354.49800", "2010-12-31": "354.57200", "2010-09-30": "404.64800", "2010-06-30": "404.70100", "2010-03-31": "536.30000", "2009-12-31": "672.56100", "2009-09-30": "865.26700", "2009-06-30": "714.89700", "2009-03-31": "579.94600", "2008-12-31": "579.99400", "2008-09-30": "750.74300", "2008-06-30": "731.40700", "2008-03-31": "669.97300", "2007-12-31": "750.48800", "2007-09-30": "413.59600", "2007-06-30": "441.37500", "2007-03-31": "414.10300", "2006-12-31": "648.21900", "2006-09-30": "643.30200", "2006-06-30": "454.00200", "2006-03-31": "356.95400", "2005-12-31": "281.95400", "2005-09-30": "232.65400", "2005-06-30": "233.75400", "2005-03-31": "236.45400"}, "Total Liabilities": {"2020-12-31": "25903.49000", "2020-09-30": "24940.48000", "2020-06-30": "23912.84000", "2020-03-31": "22752.88000", "2019-12-31": "21816.11000", "2019-09-30": "21804.52000", "2019-06-30": "21492.40000", "2019-03-31": "21533.16000", "2018-12-31": "20905.77000", "2018-09-30": "20040.44000", "2018-06-30": "19751.60000", "2018-03-31": "19281.84000", "2017-12-31": "20017.28000", "2017-09-30": "17632.26000", "2017-06-30": "17686.97000", "2017-03-31": "17419.15000", "2016-12-31": "17390.71000", "2016-09-30": "16772.70000", "2016-06-30": "16633.84000", "2016-03-31": "16574.42000", "2015-12-31": "16890.80000", "2015-09-30": "13232.40000", "2015-06-30": "13145.53000", "2015-03-31": "13110.58000", "2014-12-31": "12728.38000", "2014-09-30": "12460.10000", "2014-06-30": "12246.93000", "2014-03-31": "5684.15100", "2013-12-31": "5724.27000", "2013-09-30": "5800.56600", "2013-06-30": "5907.40300", "2013-03-31": "4710.10900", "2012-12-31": "4874.53700", "2012-09-30": "4954.41600", "2012-06-30": "4755.97400", "2012-03-31": "4898.46300", "2011-12-31": "4982.03400", "2011-09-30": "4954.42300", "2011-06-30": "4882.76100", "2011-03-31": "4979.15700", "2010-12-31": "5050.22400", "2010-09-30": "5249.16000", "2010-06-30": "4667.09700", "2010-03-31": "4728.37300", "2009-12-31": "4817.30600", "2009-09-30": "4962.04900", "2009-06-30": "4012.13900", "2009-03-31": "4027.06400", "2008-12-31": "4119.77600", "2008-09-30": "3986.93000", "2008-06-30": "3968.58000", "2008-03-31": "4034.40300", "2007-12-31": "4040.68800", "2007-09-30": "3902.60400", "2007-06-30": "3918.66900", "2007-03-31": "4150.50300", "2006-12-31": "4384.99500", "2006-09-30": "3706.99700", "2006-06-30": "3682.30400", "2006-03-31": "3036.02500", "2005-12-31": "2725.63300", "2005-09-30": "2677.43900", "2005-06-30": "2449.96700", "2005-03-31": "2427.86800"}, "Common Stock Net": {"2020-12-31": "1.20700", "2020-09-30": "1.20800", "2020-06-30": "1.20700", "2020-03-31": "1.20100", "2019-12-31": "1.21900", "2019-09-30": "1.21900", "2019-06-30": "1.21900", "2019-03-31": "1.22200", "2018-12-31": "1.25100", "2018-09-30": "1.25100", "2018-06-30": "1.26400", "2018-03-31": "1.28300", "2017-12-31": "1.30500", "2017-09-30": "1.23100", "2017-06-30": "1.23100", "2017-03-31": "1.23000", "2016-12-31": "1.22800", "2016-09-30": "1.23300", "2016-06-30": "1.23300", "2016-03-31": "1.23200", "2015-12-31": "1.22800", "2015-09-30": "1.04400", "2015-06-30": "1.04400", "2015-03-31": "1.04200", "2014-12-31": "1.04200", "2014-09-30": "1.04200", "2014-06-30": "1.04200", "2014-03-31": "0.46500", "2013-12-31": "0.46500", "2013-09-30": "0.46500", "2013-06-30": "0.46500", "2013-03-31": "0.37500", "2012-12-31": "0.37700", "2012-09-30": "0.37700", "2012-06-30": "0.37700", "2012-03-31": "0.37600", "2011-12-31": "0.37500", "2011-09-30": "0.37500", "2011-06-30": "0.37500", "2011-03-31": "0.37400", "2010-12-31": "0.36900", "2010-09-30": "0.36900", "2010-06-30": "0.36900", "2010-03-31": "0.36900", "2009-12-31": "0.35100", "2009-09-30": "0.35100", "2009-06-30": "0.32300", "2009-03-31": "0.32300", "2008-12-31": "0.28500", "2008-09-30": "0.28200", "2008-06-30": "0.28200", "2008-03-31": "937.55900", "2007-12-31": "0.28000", "2007-09-30": "989.67700", "2007-06-30": "1044.94100", "2007-03-31": "1014.77600", "2006-12-31": "1020.13200", "2006-09-30": "760.87000", "2006-06-30": "756.63700", "2006-03-31": "522.16800", "2005-12-31": "400.86800", "2005-09-30": "372.42100", "2005-06-30": "322.78400", "2005-03-31": "321.21000"}, "Retained Earnings (Accumulated Deficit)": {"2020-12-31": "409.39100", "2020-09-30": "292.56100", "2020-06-30": "247.05800", "2020-03-31": "213.85400", "2019-12-31": "1652.24800", "2019-09-30": "1534.36700", "2019-06-30": "1424.34100", "2019-03-31": "1296.21600", "2018-12-31": "1182.67400", "2018-09-30": "1067.63300", "2018-06-30": "951.34600", "2018-03-31": "835.61100", "2017-12-31": "723.47100", "2017-09-30": "639.43400", "2017-06-30": "537.96800", "2017-03-31": "444.32100", "2016-12-31": "366.07300", "2016-09-30": "280.42600", "2016-06-30": "186.53100", "2016-03-31": "104.36300", "2015-12-31": "13.90700", "2015-09-30": "-57.93400", "2015-06-30": "-127.55000", "2015-03-31": "-212.63300", "2014-12-31": "-285.71200", "2014-09-30": "-356.51600", "2014-06-30": "-418.78700", "2014-03-31": "-429.34200", "2013-12-31": "-454.42200", "2013-09-30": "-457.53100", "2013-06-30": "-481.69400", "2013-03-31": "-486.04300", "2012-12-31": "-499.53700", "2012-09-30": "-519.42900", "2012-06-30": "-535.51700", "2012-03-31": "-551.07400", "2011-12-31": "-556.33800", "2011-09-30": "-570.22100", "2011-06-30": "-583.52500", "2011-03-31": "-596.36600", "2010-12-31": "-607.04200", "2010-09-30": "-599.35400", "2010-06-30": "-602.85400", "2010-03-31": "-605.55900", "2009-12-31": "-545.02600", "2009-09-30": "-537.24600", "2009-06-30": "-539.97100", "2009-03-31": "-534.23100", "2008-12-31": "-535.67600", "2008-09-30": "-545.29700", "2008-06-30": "-554.84800", "2008-03-31": "-80.33300", "2007-12-31": "201.22000", "2007-09-30": "193.09400", "2007-06-30": "180.51000", "2007-03-31": "167.48300", "2006-12-31": "148.36700", "2006-09-30": "135.08400", "2006-06-30": "121.47900", "2006-03-31": "114.75700", "2005-12-31": "102.32500", "2005-09-30": "91.51100", "2005-06-30": "82.53400", "2005-03-31": "74.70700"}, "Comprehensive Income": {"2020-12-31": "172.52300", "2020-09-30": "155.47400", "2020-06-30": "145.03800", "2020-03-31": "90.91600", "2019-12-31": "78.65800", "2019-09-30": "95.88700", "2019-06-30": "73.06600", "2019-03-31": "37.25800", "2018-12-31": "-6.07500", "2018-09-30": "-43.85400", "2018-06-30": "-22.34000", "2018-03-31": "-11.93600", "2017-12-31": "31.17100", "2017-09-30": "33.61300", "2017-06-30": "29.72900", "2017-03-31": "12.71800", "2016-12-31": "5.98200", "2016-09-30": "72.07300", "2016-06-30": "81.74400", "2016-03-31": "48.47900", "2015-12-31": "27.82800", "2015-09-30": "24.45900", "2015-06-30": "16.25500", "2015-03-31": "28.74400", "2014-12-31": "26.38000", "2014-09-30": "20.82100", "2014-06-30": "20.12100", "2014-03-31": "6.82500", "2013-12-31": "-3.34700", "2013-09-30": "0.32700", "2013-06-30": "0.99600", "2013-03-31": "28.94500", "2012-12-31": "32.90000", "2012-09-30": "40.01500", "2012-06-30": "32.49400", "2012-03-31": "27.10100", "2011-12-31": "22.80300", "2011-09-30": "23.32400", "2011-06-30": "10.43800", "2011-03-31": "4.65300", "2010-12-31": "3.96900", "2010-09-30": "11.41000", "2010-06-30": "8.54100", "2010-03-31": "1.12100", "2009-12-31": "-0.10400", "2009-09-30": "2.80300", "2009-06-30": "1.70500", "2009-03-31": "2.07400", "2008-12-31": "1.45200", "2008-09-30": "-0.13700", "2008-06-30": "-0.10600", "2008-03-31": "1.08700", "2007-12-31": "0.52400", "2007-09-30": "0.00100", "2007-06-30": "-0.34500", "2007-03-31": "-0.00200", "2006-12-31": "-0.17100", "2006-09-30": "-1.47700", "2006-06-30": "-2.78600", "2006-03-31": "-2.68000", "2005-12-31": "-2.41500", "2005-09-30": "-2.04200", "2005-06-30": "-1.32900", "2005-03-31": "-2.31400"}, "Other Share Holders Equity": {"2020-12-31": "", "2020-09-30": "", "2020-06-30": "", "2020-03-31": "", "2019-12-31": "", "2019-09-30": "", "2019-06-30": "", "2019-03-31": "", "2018-12-31": "", "2018-09-30": "", "2018-06-30": "", "2018-03-31": "", "2017-12-31": "", "2017-09-30": "", "2017-06-30": "", "2017-03-31": "", "2016-12-31": "", "2016-09-30": "", "2016-06-30": "", "2016-03-31": "", "2015-12-31": "", "2015-09-30": "", "2015-06-30": "", "2015-03-31": "", "2014-12-31": "", "2014-09-30": "", "2014-06-30": "", "2014-03-31": "", "2013-12-31": "", "2013-09-30": "", "2013-06-30": "", "2013-03-31": "", "2012-12-31": "", "2012-09-30": "", "2012-06-30": "", "2012-03-31": "", "2011-12-31": "", "2011-09-30": "", "2011-06-30": "", "2011-03-31": "", "2010-12-31": "", "2010-09-30": "", "2010-06-30": "", "2010-03-31": "", "2009-12-31": "", "2009-09-30": "", "2009-06-30": "", "2009-03-31": "", "2008-12-31": "", "2008-09-30": "", "2008-06-30": "", "2008-03-31": "", "2007-12-31": "", "2007-09-30": "", "2007-06-30": "", "2007-03-31": "", "2006-12-31": "", "2006-09-30": "", "2006-06-30": "", "2006-03-31": "", "2005-12-31": "", "2005-09-30": "", "2005-06-30": "", "2005-03-31": ""}, "Share Holder Equity": {"2020-12-31": "3594.95100", "2020-09-30": "3486.23100", "2020-06-30": "3452.89800", "2020-03-31": "3390.38900", "2019-12-31": "4954.69700", "2019-09-30": "4920.10800", "2019-06-30": "4852.01000", "2019-03-31": "4790.98200", "2018-12-31": "4825.58800", "2018-09-30": "4741.68500", "2018-06-30": "4777.95900", "2018-03-31": "4867.49000", "2017-12-31": "4977.59800", "2017-09-30": "4610.66800", "2017-06-30": "4559.90500", "2017-03-31": "4508.10600", "2016-12-31": "4479.05500", "2016-09-30": "4542.59500", "2016-06-30": "4513.30400", "2016-03-31": "4456.59200", "2015-12-31": "4397.69100", "2015-09-30": "3581.70400", "2015-06-30": "3551.49000", "2015-03-31": "3533.36100", "2014-12-31": "3506.23000", "2014-09-30": "3478.24600", "2014-06-30": "3437.93200", "2014-03-31": "833.70200", "2013-12-31": "809.09300", "2013-09-30": "816.28900", "2013-06-30": "801.69900", "2013-03-31": "589.79600", "2012-12-31": "589.12100", "2012-09-30": "584.08600", "2012-06-30": "565.64800", "2012-03-31": "549.64500", "2011-12-31": "546.20300", "2011-09-30": "539.46800", "2011-06-30": "511.96400", "2011-03-31": "491.36000", "2010-12-31": "478.79700", "2010-09-30": "493.76200", "2010-06-30": "486.58500", "2010-03-31": "474.84400", "2009-12-31": "506.77300", "2009-09-30": "517.54900", "2009-06-30": "464.09700", "2009-03-31": "469.00600", "2008-12-31": "375.72600", "2008-09-30": "376.28700", "2008-06-30": "374.74400", "2008-03-31": "858.31300", "2007-12-31": "1138.35200", "2007-09-30": "1182.77200", "2007-06-30": "1225.10600", "2007-03-31": "1182.25700", "2006-12-31": "1168.32800", "2006-09-30": "894.47700", "2006-06-30": "875.33000", "2006-03-31": "634.24500", "2005-12-31": "500.77800", "2005-09-30": "452.09500", "2005-06-30": "393.23600", "2005-03-31": "382.96700"}, "Total Liabilities And Share Holders Equity": {"2020-12-31": "29498.44000", "2020-09-30": "28426.72000", "2020-06-30": "27365.74000", "2020-03-31": "26143.27000", "2019-12-31": "26770.81000", "2019-09-30": "26724.63000", "2019-06-30": "26344.41000", "2019-03-31": "26324.14000", "2018-12-31": "25731.35000", "2018-09-30": "24782.13000", "2018-06-30": "24529.56000", "2018-03-31": "24149.33000", "2017-12-31": "24994.88000", "2017-09-30": "22242.93000", "2017-06-30": "22246.88000", "2017-03-31": "21927.25000", "2016-12-31": "21869.77000", "2016-09-30": "21315.29000", "2016-06-30": "21147.14000", "2016-03-31": "21031.01000", "2015-12-31": "21288.49000", "2015-09-30": "16814.11000", "2015-06-30": "16697.02000", "2015-03-31": "16643.94000", "2014-12-31": "16234.61000", "2014-09-30": "15938.34000", "2014-06-30": "15684.87000", "2014-03-31": "6517.85300", "2013-12-31": "6533.36300", "2013-09-30": "6616.85500", "2013-06-30": "6709.10200", "2013-03-31": "5299.90500", "2012-12-31": "5463.65800", "2012-09-30": "5538.50200", "2012-06-30": "5321.62200", "2012-03-31": "5448.10800", "2011-12-31": "5528.23700", "2011-09-30": "5493.89100", "2011-06-30": "5394.72500", "2011-03-31": "5470.51700", "2010-12-31": "5529.02100", "2010-09-30": "5742.92200", "2010-06-30": "5153.68200", "2010-03-31": "5203.21700", "2009-12-31": "5324.07900", "2009-09-30": "5479.59800", "2009-06-30": "4476.23600", "2009-03-31": "4496.07000", "2008-12-31": "4495.50200", "2008-09-30": "4363.21700", "2008-06-30": "4343.32400", "2008-03-31": "4892.71600", "2007-12-31": "5179.04000", "2007-09-30": "5085.37600", "2007-06-30": "5143.77500", "2007-03-31": "5332.76000", "2006-12-31": "5553.32300", "2006-09-30": "4601.47400", "2006-06-30": "4557.63400", "2006-03-31": "3670.27000", "2005-12-31": "3226.41100", "2005-09-30": "3129.53400", "2005-06-30": "2843.20300", "2005-03-31": "2810.83500"}}, "cash flow statement": {"Net Income/Loss": {"2020-12-31": "0.00000", "2019-12-31": "468.63600", "2018-12-31": "465.33900", "2017-12-31": "357.81800", "2016-12-31": "352.16600", "2015-12-31": "299.61900", "2014-12-31": "168.90500", "2013-12-31": "45.11500", "2012-12-31": "56.80100", "2011-12-31": "50.70400", "2010-12-31": "-62.01600", "2009-12-31": "-9.35000", "2008-12-31": "-728.06500", "2007-12-31": "90.32600", "2006-12-31": "75.99800", "2005-12-31": "50.36600"}, "Total Depreciation And Amortization - Cash Flow": {"2020-12-31": "", "2019-12-31": "101.19600", "2018-12-31": "81.61200", "2017-12-31": "87.71900", "2016-12-31": "89.19800", "2015-12-31": "53.97000", "2014-12-31": "39.15300", "2013-12-31": "31.50900", "2012-12-31": "25.79200", "2011-12-31": "20.08400", "2010-12-31": "16.72200", "2009-12-31": "14.60600", "2008-12-31": "776.23900", "2007-12-31": "15.08000", "2006-12-31": "11.50500", "2005-12-31": "8.70200"}, "Other Non-Cash Items": {"2020-12-31": "", "2019-12-31": "33.73000", "2018-12-31": "59.56300", "2017-12-31": "153.92600", "2016-12-31": "129.60000", "2015-12-31": "207.89000", "2014-12-31": "135.69500", "2013-12-31": "7.24400", "2012-12-31": "-5.32600", "2011-12-31": "60.92800", "2010-12-31": "193.27100", "2009-12-31": "103.05900", "2008-12-31": "43.97300", "2007-12-31": "9.71600", "2006-12-31": "16.67200", "2005-12-31": "12.33600"}, "Total Non-Cash Items": {"2020-12-31": "", "2019-12-31": "134.92600", "2018-12-31": "141.17500", "2017-12-31": "241.64500", "2016-12-31": "218.79800", "2015-12-31": "261.86000", "2014-12-31": "174.84800", "2013-12-31": "38.75300", "2012-12-31": "20.46600", "2011-12-31": "81.01200", "2010-12-31": "209.99300", "2009-12-31": "117.66500", "2008-12-31": "820.21200", "2007-12-31": "24.79600", "2006-12-31": "28.17700", "2005-12-31": "21.03800"}, "Change In Accounts Receivable": {"2020-12-31": "", "2019-12-31": "", "2018-12-31": "", "2017-12-31": "", "2016-12-31": "", "2015-12-31": "", "2014-12-31": "", "2013-12-31": "", "2012-12-31": "", "2011-12-31": "", "2010-12-31": "", "2009-12-31": "", "2008-12-31": "6.50600", "2007-12-31": "77.11400", "2006-12-31": "1.37300", "2005-12-31": "-0.59600"}, "Change In Inventories": {"2020-12-31": "", "2019-12-31": "", "2018-12-31": "", "2017-12-31": "", "2016-12-31": "", "2015-12-31": "", "2014-12-31": "", "2013-12-31": "", "2012-12-31": "", "2011-12-31": "", "2010-12-31": "", "2009-12-31": "", "2008-12-31": "", "2007-12-31": "", "2006-12-31": "", "2005-12-31": ""}, "Change In Accounts Payable": {"2020-12-31": "", "2019-12-31": "-36.44900", "2018-12-31": "-23.60400", "2017-12-31": "2.98200", "2016-12-31": "3.70200", "2015-12-31": "-15.77300", "2014-12-31": "-61.14100", "2013-12-31": "-53.40500", "2012-12-31": "-15.75300", "2011-12-31": "-0.66100", "2010-12-31": "-8.55300", "2009-12-31": "-18.71800", "2008-12-31": "4.52000", "2007-12-31": "-10.17700", "2006-12-31": "-23.75200", "2005-12-31": "-8.05200"}, "Change In Assets/Liabilities": {"2020-12-31": "", "2019-12-31": "15.54700", "2018-12-31": "25.11700", "2017-12-31": "-118.47700", "2016-12-31": "6.44100", "2015-12-31": "48.17200", "2014-12-31": "49.49800", "2013-12-31": "19.78900", "2012-12-31": "56.46600", "2011-12-31": "39.21800", "2010-12-31": "94.87400", "2009-12-31": "-13.57300", "2008-12-31": "10.73600", "2007-12-31": "3.01200", "2006-12-31": "12.62400", "2005-12-31": "7.44000"}, "Total Change In Assets/Liabilities": {"2020-12-31": "", "2019-12-31": "-20.90200", "2018-12-31": "1.51300", "2017-12-31": "-115.49500", "2016-12-31": "10.14300", "2015-12-31": "32.39900", "2014-12-31": "-11.64300", "2013-12-31": "-33.61600", "2012-12-31": "40.71300", "2011-12-31": "38.55700", "2010-12-31": "86.32100", "2009-12-31": "-32.29100", "2008-12-31": "21.76200", "2007-12-31": "69.94900", "2006-12-31": "-9.75500", "2005-12-31": "-1.20800"}, "Cash Flow From Operating Activities": {"2020-12-31": "", "2019-12-31": "582.66000", "2018-12-31": "608.02700", "2017-12-31": "483.96800", "2016-12-31": "581.10700", "2015-12-31": "593.87800", "2014-12-31": "332.11000", "2013-12-31": "50.25200", "2012-12-31": "117.98000", "2011-12-31": "170.27300", "2010-12-31": "234.29800", "2009-12-31": "76.02400", "2008-12-31": "113.90900", "2007-12-31": "185.07100", "2006-12-31": "94.42000", "2005-12-31": "70.19600"}, "Net Change In Property, Plant, And Equipment": {"2020-12-31": "", "2019-12-31": "-6.44100", "2018-12-31": "1.15100", "2017-12-31": "14.73500", "2016-12-31": "0.02700", "2015-12-31": "24.02900", "2014-12-31": "1.09000", "2013-12-31": "32.91700", "2012-12-31": "-4.21000", "2011-12-31": "-5.90900", "2010-12-31": "-5.24400", "2009-12-31": "-3.27400", "2008-12-31": "-3.79200", "2007-12-31": "5.05500", "2006-12-31": "-7.09500", "2005-12-31": "-2.89700"}, "Net Change In Intangible Assets": {"2020-12-31": "", "2019-12-31": "", "2018-12-31": "", "2017-12-31": "", "2016-12-31": "", "2015-12-31": "", "2014-12-31": "", "2013-12-31": "", "2012-12-31": "", "2011-12-31": "7.63600", "2010-12-31": "0.00000", "2009-12-31": "0.00000", "2008-12-31": "", "2007-12-31": "", "2006-12-31": "", "2005-12-31": ""}, "Net Acquisitions/Divestitures": {"2020-12-31": "", "2019-12-31": "", "2018-12-31": "", "2017-12-31": "160.31800", "2016-12-31": "", "2015-12-31": "260.93600", "2014-12-31": "346.04700", "2013-12-31": "273.01300", "2012-12-31": "-87.09800", "2011-12-31": "", "2010-12-31": "171.36600", "2009-12-31": "251.67900", "2008-12-31": "400.52600", "2007-12-31": "-1.60000", "2006-12-31": "-0.21800", "2005-12-31": "92.30800"}, "Net Change In Short-term Investments": {"2020-12-31": "", "2019-12-31": "", "2018-12-31": "", "2017-12-31": "", "2016-12-31": "", "2015-12-31": "", "2014-12-31": "", "2013-12-31": "", "2012-12-31": "", "2011-12-31": "", "2010-12-31": "", "2009-12-31": "", "2008-12-31": "", "2007-12-31": "0.08100", "2006-12-31": "2.50300", "2005-12-31": "0.61200"}, "Net Change In Long-Term Investments": {"2020-12-31": "", "2019-12-31": "332.48100", "2018-12-31": "-329.88100", "2017-12-31": "-89.89800", "2016-12-31": "266.25800", "2015-12-31": "211.77910", "2014-12-31": "870.29210", "2013-12-31": "-202.55500", "2012-12-31": "31.13100", "2011-12-31": "-417.47800", "2010-12-31": "-406.73500", "2009-12-31": "-145.76300", "2008-12-31": "-15.32100", "2007-12-31": "-10.60100", "2006-12-31": "218.18200", "2005-12-31": "29.65400"}, "Net Change In Investments - Total": {"2020-12-31": "", "2019-12-31": "332.48100", "2018-12-31": "-329.88100", "2017-12-31": "-89.89800", "2016-12-31": "266.25800", "2015-12-31": "211.77910", "2014-12-31": "870.29210", "2013-12-31": "-202.55500", "2012-12-31": "31.13100", "2011-12-31": "-417.47800", "2010-12-31": "-406.73500", "2009-12-31": "-145.76300", "2008-12-31": "-15.32100", "2007-12-31": "-10.52000", "2006-12-31": "220.68500", "2005-12-31": "30.26600"}, "Investing Activities - Other": {"2020-12-31": "", "2019-12-31": "-957.34600", "2018-12-31": "-588.46310", "2017-12-31": "-52.41400", "2016-12-31": "-1224.83700", "2015-12-31": "-1139.24100", "2014-12-31": "-660.87100", "2013-12-31": "309.56400", "2012-12-31": "231.09800", "2011-12-31": "514.81600", "2010-12-31": "467.18000", "2009-12-31": "200.61900", "2008-12-31": "-33.10600", "2007-12-31": "351.09000", "2006-12-31": "-260.71500", "2005-12-31": "-124.36400"}, "Cash Flow From Investing Activities": {"2020-12-31": "", "2019-12-31": "-631.30600", "2018-12-31": "-917.19300", "2017-12-31": "32.74100", "2016-12-31": "-958.55200", "2015-12-31": "-642.49700", "2014-12-31": "556.55800", "2013-12-31": "412.93900", "2012-12-31": "170.92100", "2011-12-31": "99.06500", "2010-12-31": "226.56700", "2009-12-31": "303.26100", "2008-12-31": "348.30700", "2007-12-31": "344.02500", "2006-12-31": "-47.34300", "2005-12-31": "-4.68700"}, "Net Long-Term Debt": {"2020-12-31": "", "2019-12-31": "387.89400", "2018-12-31": "891.40000", "2017-12-31": "-461.34900", "2016-12-31": "285.92800", "2015-12-31": "238.51200", "2014-12-31": "-722.36800", "2013-12-31": "101.25000", "2012-12-31": "-427.46100", "2011-12-31": "", "2010-12-31": "-387.77600", "2009-12-31": "-213.03900", "2008-12-31": "-170.24800", "2007-12-31": "18.60600", "2006-12-31": "284.88500", "2005-12-31": "70.30000"}, "Net Current Debt": {"2020-12-31": "", "2019-12-31": "", "2018-12-31": "", "2017-12-31": "", "2016-12-31": "", "2015-12-31": "", "2014-12-31": "", "2013-12-31": "", "2012-12-31": "", "2011-12-31": "", "2010-12-31": "", "2009-12-31": "", "2008-12-31": "", "2007-12-31": "", "2006-12-31": "", "2005-12-31": ""}, "Debt Issuance/Retirement Net - Total": {"2020-12-31": "", "2019-12-31": "387.89400", "2018-12-31": "891.40000", "2017-12-31": "-461.34900", "2016-12-31": "285.92800", "2015-12-31": "238.51200", "2014-12-31": "-722.36800", "2013-12-31": "101.25000", "2012-12-31": "-427.46100", "2011-12-31": "", "2010-12-31": "-387.77600", "2009-12-31": "-213.03900", "2008-12-31": "-170.24800", "2007-12-31": "18.60600", "2006-12-31": "284.88500", "2005-12-31": "70.30000"}, "Net Common Equity Issued/Repurchased": {"2020-12-31": "", "2019-12-31": "-162.96500", "2018-12-31": "-315.54200", "2017-12-31": "-109.15300", "2016-12-31": "-33.24400", "2015-12-31": "-8.40000", "2014-12-31": "-22.30700", "2013-12-31": "-13.53700", "2012-12-31": "-1.47500", "2011-12-31": "-1.46500", "2010-12-31": "24.75600", "2009-12-31": "147.00700", "2008-12-31": "-0.51500", "2007-12-31": "-122.53600", "2006-12-31": "110.54500", "2005-12-31": "51.05800"}, "Net Total Equity Issued/Repurchased": {"2020-12-31": "", "2019-12-31": "-162.96500", "2018-12-31": "-315.54200", "2017-12-31": "-109.15300", "2016-12-31": "-33.24400", "2015-12-31": "-8.40000", "2014-12-31": "-22.30700", "2013-12-31": "-13.53700", "2012-12-31": "-1.47500", "2011-12-31": "-1.46500", "2010-12-31": "24.75600", "2009-12-31": "147.00700", "2008-12-31": "-0.51500", "2007-12-31": "-122.53600", "2006-12-31": "110.54500", "2005-12-31": "51.05800"}, "Total Common And Preferred Stock Dividends Paid": {"2020-12-31": "", "2019-12-31": "-289.04800", "2018-12-31": "-288.19300", "2017-12-31": "-247.40300", "2016-12-31": "-243.43700", "2015-12-31": "-215.11000", "2014-12-31": "-114.16200", "2013-12-31": "-41.00600", "2012-12-31": "-28.78700", "2011-12-31": "-7.62600", "2010-12-31": "-1.44500", "2009-12-31": "-11.14500", "2008-12-31": "-35.43800", "2007-12-31": "-37.47300", "2006-12-31": "-29.95600", "2005-12-31": "-15.95200"}, "Financial Activities - Other": {"2020-12-31": "", "2019-12-31": "364.62200", "2018-12-31": "8.83100", "2017-12-31": "279.96300", "2016-12-31": "391.38200", "2015-12-31": "116.87700", "2014-12-31": "135.97300", "2013-12-31": "-526.88000", "2012-12-31": "37.60900", "2011-12-31": "-73.18200", "2010-12-31": "-198.89600", "2009-12-31": "-250.93000", "2008-12-31": "-197.92800", "2007-12-31": "-437.24000", "2006-12-31": "-366.90300", "2005-12-31": "-384.93400"}, "Cash Flow From Financial Activities": {"2020-12-31": "", "2019-12-31": "300.50300", "2018-12-31": "296.49600", "2017-12-31": "-537.94200", "2016-12-31": "400.62900", "2015-12-31": "131.87900", "2014-12-31": "-722.86400", "2013-12-31": "-480.17300", "2012-12-31": "-420.11400", "2011-12-31": "-82.27300", "2010-12-31": "-563.36100", "2009-12-31": "-328.10700", "2008-12-31": "-404.12900", "2007-12-31": "-578.64300", "2006-12-31": "-1.42900", "2005-12-31": "-279.52800"}, "Net Cash Flow": {"2020-12-31": "", "2019-12-31": "251.85700", "2018-12-31": "-12.67000", "2017-12-31": "-21.23300", "2016-12-31": "23.18400", "2015-12-31": "83.26000", "2014-12-31": "165.80400", "2013-12-31": "-16.98200", "2012-12-31": "-131.21300", "2011-12-31": "187.06500", "2010-12-31": "-102.49600", "2009-12-31": "51.17800", "2008-12-31": "58.08700", "2007-12-31": "-49.54700", "2006-12-31": "45.64800", "2005-12-31": "-214.01900"}, "Stock-Based Compensation": {"2020-12-31": "", "2019-12-31": "26.81500", "2018-12-31": "29.76800", "2017-12-31": "25.56800", "2016-12-31": "23.31900", "2015-12-31": "15.63000", "2014-12-31": "36.47400", "2013-12-31": "21.24600", "2012-12-31": "5.99900", "2011-12-31": "7.89600", "2010-12-31": "8.49600", "2009-12-31": "8.19900", "2008-12-31": "0.93000", "2007-12-31": "7.97700", "2006-12-31": "7.36900", "2005-12-31": "4.03800"}, "Common Stock Dividends Paid": {"2020-12-31": "", "2019-12-31": "-289.04800", "2018-12-31": "-288.19300", "2017-12-31": "-247.40300", "2016-12-31": "-243.43700", "2015-12-31": "-215.11000", "2014-12-31": "-114.16200", "2013-12-31": "-41.00600", "2012-12-31": "-28.78700", "2011-12-31": "-7.62600", "2010-12-31": "-1.44500", "2009-12-31": "-11.14500", "2008-12-31": "-35.43800", "2007-12-31": "-37.47300", "2006-12-31": "-29.95600", "2005-12-31": "-15.95200"}}, "cash flow statement, quarterly": {"Net Income/Loss": {"2020-12-31": 1354.404, "2020-09-30": 45.503, "2020-06-30": 33.204, "2020-03-31": "-1433.11100", "2019-12-31": 117.881, "2019-09-30": 110.026, "2019-06-30": 128.125, "2019-03-31": "112.60400", "2018-12-31": 115.041, "2018-09-30": 116.287, "2018-06-30": 115.735, "2018-03-31": "118.27600", "2017-12-31": 84.037, "2017-09-30": 101.466, "2017-06-30": 93.647, "2017-03-31": "78.66800", "2016-12-31": 85.647, "2016-09-30": 93.895, "2016-06-30": 82.168, "2016-03-31": "90.45600", "2015-12-31": 71.841, "2015-09-30": 69.616, "2015-06-30": 85.083, "2015-03-31": "73.07900", "2014-12-31": 70.999, "2014-09-30": 62.271, "2014-06-30": 10.555, "2014-03-31": "25.08000", "2013-12-31": 3.109, "2013-09-30": 24.163, "2013-06-30": 4.349, "2013-03-31": "13.49400", "2012-12-31": 19.892, "2012-09-30": 16.088, "2012-06-30": 15.557, "2012-03-31": "5.26400", "2011-12-31": 13.883, "2011-09-30": 13.304, "2011-06-30": 12.841, "2011-03-31": "10.67600", "2010-12-31": -7.688, "2010-09-30": 3.5, "2010-06-30": 2.705, "2010-03-31": "-60.53300", "2009-12-31": -7.78, "2009-09-30": 2.725, "2009-06-30": -5.74, "2009-03-31": "1.44500", "2008-12-31": 9.621, "2008-09-30": 9.551, "2008-06-30": -474.514, "2008-03-31": "-272.72300", "2007-12-31": 17.059, "2007-09-30": 22.196, "2007-06-30": 22.525, "2007-03-31": "28.54600", "2006-12-31": 22.769, "2006-09-30": 21.375, "2006-06-30": 14.451, "2006-03-31": "17.40300", "2005-12-31": 15.292, "2005-09-30": 12.994, "2005-06-30": 11.818, "2005-03-31": "10.26200"}, "Total Depreciation And Amortization - Cash Flow": {"2020-12-31": -1546.958, "2020-09-30": 26.751, "2020-06-30": 32.702, "2020-03-31": "1487.50500", "2019-12-31": 25.251, "2019-09-30": 24.942, "2019-06-30": 32.704, "2019-03-31": "18.29900", "2018-12-31": 38.304, "2018-09-30": -0.301, "2018-06-30": 20.08, "2018-03-31": "23.52900", "2017-12-31": 24.505, "2017-09-30": 20.878, "2017-06-30": 20.175, "2017-03-31": "22.16100", "2016-12-31": 23.084, "2016-09-30": 22.301, "2016-06-30": 21.325, "2016-03-31": "22.48800", "2015-12-31": 20.731, "2015-09-30": 11.152, "2015-06-30": 11.439, "2015-03-31": "10.64800", "2014-12-31": 4.074, "2014-09-30": 10.411, "2014-06-30": 18.015, "2014-03-31": "6.65300", "2013-12-31": 7.741, "2013-09-30": 8.589, "2013-06-30": 7.887, "2013-03-31": "7.29200", "2012-12-31": 7.443, "2012-09-30": 7.619, "2012-06-30": 6.869, "2012-03-31": "3.86100", "2011-12-31": 6.363, "2011-09-30": 4.989, "2011-06-30": 4.25, "2011-03-31": "4.48200", "2010-12-31": 12.532, "2010-09-30": 4.458, "2010-06-30": -2.585, "2010-03-31": "2.31700", "2009-12-31": 3.316, "2009-09-30": 3.963, "2009-06-30": 3.708, "2009-03-31": "3.61900", "2008-12-31": 3.521, "2008-09-30": 3.564, "2008-06-30": 490.415, "2008-03-31": "278.73900", "2007-12-31": 3.809, "2007-09-30": 4.065, "2007-06-30": 3.699, "2007-03-31": "3.50700", "2006-12-31": 3.399, "2006-09-30": 2.921, "2006-06-30": 2.896, "2006-03-31": "2.28900", "2005-12-31": 2.225, "2005-09-30": 2.319, "2005-06-30": 2.07, "2005-03-31": "2.08800"}, "Other Non-Cash Items": {"2020-12-31": -336.095, "2020-09-30": 99.024, "2020-06-30": 111.256, "2020-03-31": "125.81500", "2019-12-31": 21.65, "2019-09-30": 12.261, "2019-06-30": -15.264, "2019-03-31": "15.08300", "2018-12-31": 5.321, "2018-09-30": 26.476, "2018-06-30": 20.827, "2018-03-31": "6.93900", "2017-12-31": 79.246, "2017-09-30": 21.96, "2017-06-30": 21.873, "2017-03-31": "30.84700", "2016-12-31": 9.114, "2016-09-30": 20.225, "2016-06-30": 63.081, "2016-03-31": "37.18000", "2015-12-31": 56.08, "2015-09-30": 52.962, "2015-06-30": 46.343, "2015-03-31": "52.50500", "2014-12-31": 56.114, "2014-09-30": 29.303, "2014-06-30": 39.4, "2014-03-31": "10.87800", "2013-12-31": 8.955, "2013-09-30": -0.464, "2013-06-30": -12.74, "2013-03-31": "11.49300", "2012-12-31": -16.145, "2012-09-30": 3.611, "2012-06-30": 8.338, "2012-03-31": "-1.13000", "2011-12-31": 28.51, "2011-09-30": 10.842, "2011-06-30": 3.626, "2011-03-31": "17.95000", "2010-12-31": 37.129, "2010-09-30": 29.392, "2010-06-30": 25.181, "2010-03-31": "101.56900", "2009-12-31": 67.413, "2009-09-30": 5.357, "2009-06-30": 28.07, "2009-03-31": "2.21900", "2008-12-31": 7.204, "2008-09-30": 12.933, "2008-06-30": -3.57, "2008-03-31": "27.40600", "2007-12-31": -0.287, "2007-09-30": -2.189, "2007-06-30": -5.076, "2007-03-31": "17.26800", "2006-12-31": 4.403, "2006-09-30": -3.634, "2006-06-30": 12.202, "2006-03-31": "3.70100", "2005-12-31": 9.363, "2005-09-30": 2.285, "2005-06-30": 2.003, "2005-03-31": "-1.31500"}, "Total Non-Cash Items": {"2020-12-31": -1883.053, "2020-09-30": 125.775, "2020-06-30": 143.958, "2020-03-31": "1613.32000", "2019-12-31": 46.901, "2019-09-30": 37.203, "2019-06-30": 17.44, "2019-03-31": "33.38200", "2018-12-31": 43.625, "2018-09-30": 26.175, "2018-06-30": 40.907, "2018-03-31": "30.46800", "2017-12-31": 103.751, "2017-09-30": 42.838, "2017-06-30": 42.048, "2017-03-31": "53.00800", "2016-12-31": 32.198, "2016-09-30": 42.526, "2016-06-30": 84.406, "2016-03-31": "59.66800", "2015-12-31": 76.811, "2015-09-30": 64.114, "2015-06-30": 57.782, "2015-03-31": "63.15300", "2014-12-31": 60.188, "2014-09-30": 39.714, "2014-06-30": 57.415, "2014-03-31": "17.53100", "2013-12-31": 16.696, "2013-09-30": 8.125, "2013-06-30": -4.853, "2013-03-31": "18.78500", "2012-12-31": -8.702, "2012-09-30": 11.23, "2012-06-30": 15.207, "2012-03-31": "2.73100", "2011-12-31": 34.873, "2011-09-30": 15.831, "2011-06-30": 7.876, "2011-03-31": "22.43200", "2010-12-31": 49.661, "2010-09-30": 33.85, "2010-06-30": 22.596, "2010-03-31": "103.88600", "2009-12-31": 70.729, "2009-09-30": 9.32, "2009-06-30": 31.778, "2009-03-31": "5.83800", "2008-12-31": 10.725, "2008-09-30": 16.4969, "2008-06-30": 486.8451, "2008-03-31": "306.14500", "2007-12-31": 3.522, "2007-09-30": 1.876, "2007-06-30": -1.377, "2007-03-31": "20.77500", "2006-12-31": 7.802, "2006-09-30": -0.713, "2006-06-30": 15.098, "2006-03-31": "5.99000", "2005-12-31": 11.588, "2005-09-30": 4.604, "2005-06-30": 4.073, "2005-03-31": "0.77300"}, "Change In Accounts Receivable": {"2020-12-31": 0, "2020-09-30": -0.131, "2020-06-30": 0.131, "2020-03-31": "", "2019-12-31": 0, "2019-09-30": 0.366, "2019-06-30": -0.366, "2019-03-31": "", "2018-12-31": 0, "2018-09-30": 4.675, "2018-06-30": -4.675, "2018-03-31": "", "2017-12-31": 0, "2017-09-30": 0, "2017-06-30": 0, "2017-03-31": "", "2016-12-31": 0.79, "2016-09-30": -0.79, "2016-06-30": 0, "2016-03-31": "", "2015-12-31": 0, "2015-09-30": 0, "2015-06-30": 0, "2015-03-31": "", "2014-12-31": 0, "2014-09-30": 0, "2014-06-30": 0, "2014-03-31": "", "2013-12-31": 0, "2013-09-30": 0, "2013-06-30": 0, "2013-03-31": "", "2012-12-31": 0, "2012-09-30": 0, "2012-06-30": 0, "2012-03-31": "", "2011-12-31": 0, "2011-09-30": 0, "2011-06-30": 0, "2011-03-31": "", "2010-12-31": 0, "2010-09-30": 0, "2010-06-30": 0, "2010-03-31": "", "2009-12-31": -13.697, "2009-09-30": 13.697, "2009-06-30": 0, "2009-03-31": "", "2008-12-31": 0, "2008-09-30": 0, "2008-06-30": 3.109, "2008-03-31": "3.39700", "2007-12-31": 7.87, "2007-09-30": 13.628, "2007-06-30": 48.384, "2007-03-31": "7.23200", "2006-12-31": 1.373, "2006-09-30": 0, "2006-06-30": 0, "2006-03-31": "", "2005-12-31": -0.129, "2005-09-30": -0.208, "2005-06-30": -0.144, "2005-03-31": "-0.11500"}, "Change In Inventories": {"2020-12-31": 0, "2020-09-30": 0, "2020-06-30": 0, "2020-03-31": "", "2019-12-31": 0, "2019-09-30": 0, "2019-06-30": 0, "2019-03-31": "", "2018-12-31": 0, "2018-09-30": 0, "2018-06-30": 0, "2018-03-31": "", "2017-12-31": 0, "2017-09-30": 0, "2017-06-30": 0, "2017-03-31": "", "2016-12-31": 0, "2016-09-30": 0, "2016-06-30": 0, "2016-03-31": "", "2015-12-31": 0, "2015-09-30": 0, "2015-06-30": 0, "2015-03-31": "", "2014-12-31": 0, "2014-09-30": 0, "2014-06-30": 0, "2014-03-31": "", "2013-12-31": 0, "2013-09-30": 0, "2013-06-30": 0, "2013-03-31": "", "2012-12-31": 0, "2012-09-30": 0, "2012-06-30": 0, "2012-03-31": "", "2011-12-31": 0, "2011-09-30": 0, "2011-06-30": 0, "2011-03-31": "", "2010-12-31": 0, "2010-09-30": 0, "2010-06-30": 0, "2010-03-31": "", "2009-12-31": 0, "2009-09-30": 0, "2009-06-30": 0, "2009-03-31": "", "2008-12-31": 0, "2008-09-30": 0, "2008-06-30": 0, "2008-03-31": "", "2007-12-31": 0, "2007-09-30": 0, "2007-06-30": 0, "2007-03-31": "", "2006-12-31": 0, "2006-09-30": 0, "2006-06-30": 0, "2006-03-31": "", "2005-12-31": 0, "2005-09-30": 0, "2005-06-30": 0, "2005-03-31": ""}, "Change In Accounts Payable": {"2020-12-31": 125.262, "2020-09-30": -33.389, "2020-06-30": -23.032, "2020-03-31": "-68.84100", "2019-12-31": 5.081, "2019-09-30": 14.02, "2019-06-30": -9.309, "2019-03-31": "-46.24100", "2018-12-31": 12.699, "2018-09-30": 11.393, "2018-06-30": 3.273, "2018-03-31": "-50.96900", "2017-12-31": 23.72, "2017-09-30": 10.457, "2017-06-30": -42.047, "2017-03-31": "10.85200", "2016-12-31": 27.302, "2016-09-30": 17.083, "2016-06-30": -16.961, "2016-03-31": "-23.72200", "2015-12-31": 9.563, "2015-09-30": 1.205, "2015-06-30": 2.561, "2015-03-31": "-29.10200", "2014-12-31": 18.503, "2014-09-30": 7.659, "2014-06-30": -67.196, "2014-03-31": "-20.10700", "2013-12-31": -30.453, "2013-09-30": -16.143, "2013-06-30": 0.792, "2013-03-31": "-7.60100", "2012-12-31": 3.403, "2012-09-30": -1.224, "2012-06-30": 0.66, "2012-03-31": "-18.59200", "2011-12-31": 1.745, "2011-09-30": 3.277, "2011-06-30": 1.3, "2011-03-31": "-6.98300", "2010-12-31": 0.438, "2010-09-30": 1.601, "2010-06-30": 0.921, "2010-03-31": "-11.51300", "2009-12-31": 1.319, "2009-09-30": -1.306, "2009-06-30": -13.663, "2009-03-31": "-5.06800", "2008-12-31": 5.077, "2008-09-30": -1.622, "2008-06-30": 1.033, "2008-03-31": "0.03200", "2007-12-31": -1.593, "2007-09-30": -16.238, "2007-06-30": 12.367, "2007-03-31": "-4.71300", "2006-12-31": -3.279, "2006-09-30": -3.05, "2006-06-30": -5.877, "2006-03-31": "-11.54600", "2005-12-31": -6.687, "2005-09-30": -3.454, "2005-06-30": 1.218, "2005-03-31": "0.87100"}, "Change In Assets/Liabilities": {"2020-12-31": 60.45, "2020-09-30": -68.843, "2020-06-30": 4.187, "2020-03-31": "4.20600", "2019-12-31": -34.798, "2019-09-30": 5.996, "2019-06-30": -7.799, "2019-03-31": "52.14800", "2018-12-31": -27.158, "2018-09-30": -1.259, "2018-06-30": 15.326, "2018-03-31": "38.20800", "2017-12-31": -85.712, "2017-09-30": 18.208, "2017-06-30": -51.634, "2017-03-31": "0.66100", "2016-12-31": 5.217, "2016-09-30": 4.255, "2016-06-30": -8.787, "2016-03-31": "5.75600", "2015-12-31": 32.386, "2015-09-30": -10.657, "2015-06-30": 7.087, "2015-03-31": "19.35600", "2014-12-31": 35.157, "2014-09-30": -15.545, "2014-06-30": 25.146, "2014-03-31": "4.74000", "2013-12-31": -5.528, "2013-09-30": 8.274, "2013-06-30": 15.894, "2013-03-31": "1.14900", "2012-12-31": 30.657, "2012-09-30": -3.477, "2012-06-30": 8.032, "2012-03-31": "21.25400", "2011-12-31": -3.926, "2011-09-30": 27.2, "2011-06-30": 15.79, "2011-03-31": "0.15400", "2010-12-31": 40.825, "2010-09-30": -9.647, "2010-06-30": 42.014, "2010-03-31": "21.68200", "2009-12-31": -24.924, "2009-09-30": 2.438, "2009-06-30": 1.847, "2009-03-31": "7.06600", "2008-12-31": 3.847, "2008-09-30": 3.225, "2008-06-30": 2.415, "2008-03-31": "1.24900", "2007-12-31": 0.761, "2007-09-30": 1.427, "2007-06-30": 1.648, "2007-03-31": "-0.82400", "2006-12-31": 8.886, "2006-09-30": 0.971, "2006-06-30": -2.432, "2006-03-31": "5.19900", "2005-12-31": 4.933, "2005-09-30": 2.887, "2005-06-30": -0.679, "2005-03-31": "0.29900"}, "Total Change In Assets/Liabilities": {"2020-12-31": 185.712, "2020-09-30": -102.363, "2020-06-30": -18.714, "2020-03-31": "-64.63500", "2019-12-31": -29.717, "2019-09-30": 20.382, "2019-06-30": -17.474, "2019-03-31": "5.90700", "2018-12-31": -14.459, "2018-09-30": 14.809, "2018-06-30": 13.924, "2018-03-31": "-12.76100", "2017-12-31": -61.992, "2017-09-30": 28.665, "2017-06-30": -93.681, "2017-03-31": "11.51300", "2016-12-31": 33.309, "2016-09-30": 20.548, "2016-06-30": -25.748, "2016-03-31": "-17.96600", "2015-12-31": 41.949, "2015-09-30": -9.452, "2015-06-30": 9.648, "2015-03-31": "-9.74600", "2014-12-31": 53.66, "2014-09-30": -7.886, "2014-06-30": -42.05, "2014-03-31": "-15.36700", "2013-12-31": -35.981, "2013-09-30": -7.869, "2013-06-30": 16.686, "2013-03-31": "-6.45200", "2012-12-31": 34.06, "2012-09-30": -4.701, "2012-06-30": 8.692, "2012-03-31": "2.66200", "2011-12-31": -2.181, "2011-09-30": 30.477, "2011-06-30": 17.09, "2011-03-31": "-6.82900", "2010-12-31": 41.263, "2010-09-30": -8.046, "2010-06-30": 42.935, "2010-03-31": "10.16900", "2009-12-31": -37.302, "2009-09-30": 14.829, "2009-06-30": -11.816, "2009-03-31": "1.99800", "2008-12-31": 8.924, "2008-09-30": 1.603, "2008-06-30": 6.557, "2008-03-31": "4.67800", "2007-12-31": 7.038, "2007-09-30": -1.183, "2007-06-30": 62.399, "2007-03-31": "1.69500", "2006-12-31": 6.98, "2006-09-30": -2.079, "2006-06-30": -8.309, "2006-03-31": "-6.34700", "2005-12-31": -1.883, "2005-09-30": -0.775, "2005-06-30": 0.395, "2005-03-31": "1.05500"}, "Cash Flow From Operating Activities": {"2020-12-31": -342.937, "2020-09-30": 68.915, "2020-06-30": 158.448, "2020-03-31": "115.57400", "2019-12-31": 135.065, "2019-09-30": 167.611, "2019-06-30": 128.091, "2019-03-31": "151.89300", "2018-12-31": 144.207, "2018-09-30": 157.271, "2018-06-30": 170.566, "2018-03-31": "135.98300", "2017-12-31": 125.796, "2017-09-30": 172.969, "2017-06-30": 42.014, "2017-03-31": "143.18900", "2016-12-31": 151.154, "2016-09-30": 156.969, "2016-06-30": 140.826, "2016-03-31": "132.15800", "2015-12-31": 190.601, "2015-09-30": 124.278, "2015-06-30": 152.513, "2015-03-31": "126.48600", "2014-12-31": 184.847, "2014-09-30": 94.099, "2014-06-30": 25.92, "2014-03-31": "27.24400", "2013-12-31": -16.176, "2013-09-30": 24.419, "2013-06-30": 16.182, "2013-03-31": "25.82700", "2012-12-31": 45.25, "2012-09-30": 22.617, "2012-06-30": 39.456, "2012-03-31": "10.65700", "2011-12-31": 46.575, "2011-09-30": 59.612, "2011-06-30": 37.807, "2011-03-31": "26.27900", "2010-12-31": 83.236, "2010-09-30": 29.304, "2010-06-30": 68.236, "2010-03-31": "53.52200", "2009-12-31": 25.647, "2009-09-30": 26.874, "2009-06-30": 14.222, "2009-03-31": "9.28100", "2008-12-31": 29.27, "2008-09-30": 27.651, "2008-06-30": 18.888, "2008-03-31": "38.10000", "2007-12-31": 27.619, "2007-09-30": 22.889, "2007-06-30": 83.547, "2007-03-31": "51.01600", "2006-12-31": 37.551, "2006-09-30": 18.583, "2006-06-30": 21.24, "2006-03-31": "17.04600", "2005-12-31": 24.997, "2005-09-30": 16.823, "2005-06-30": 16.286, "2005-03-31": "12.09000"}, "Net Change In Property, Plant, And Equipment": {"2020-12-31": 10.026, "2020-09-30": -1.025, "2020-06-30": -5.161, "2020-03-31": "-3.84000", "2019-12-31": 0.167, "2019-09-30": -2.225, "2019-06-30": -0.994, "2019-03-31": "-3.38900", "2018-12-31": 10.295, "2018-09-30": -1.901, "2018-06-30": -3.274, "2018-03-31": "-3.96900", "2017-12-31": 8.866, "2017-09-30": -1.681, "2017-06-30": -1.008, "2017-03-31": "8.55800", "2016-12-31": -1.785, "2016-09-30": -0.863, "2016-06-30": 1.122, "2016-03-31": "1.55300", "2015-12-31": 11.021, "2015-09-30": 1.742, "2015-06-30": 4.782, "2015-03-31": "6.48400", "2014-12-31": -0.386, "2014-09-30": -0.31, "2014-06-30": -0.852, "2014-03-31": "2.63800", "2013-12-31": 35.137, "2013-09-30": -0.941, "2013-06-30": -0.537, "2013-03-31": "-0.74200", "2012-12-31": -2.702, "2012-09-30": -0.372, "2012-06-30": -0.218, "2012-03-31": "-0.91800", "2011-12-31": -1.539, "2011-09-30": -0.993, "2011-06-30": -2.31, "2011-03-31": "-1.06700", "2010-12-31": -2.791, "2010-09-30": -0.702, "2010-06-30": -0.907, "2010-03-31": "-0.84400", "2009-12-31": -0.779, "2009-09-30": -0.79, "2009-06-30": -0.783, "2009-03-31": "-0.92200", "2008-12-31": -0.509, "2008-09-30": -1.152, "2008-06-30": -1.382, "2008-03-31": "-0.74900", "2007-12-31": -0.967, "2007-09-30": 8.841, "2007-06-30": -1.206, "2007-03-31": "-1.61300", "2006-12-31": -1.835, "2006-09-30": -1.583, "2006-06-30": -2.451, "2006-03-31": "-1.22600", "2005-12-31": -2.74, "2005-09-30": 1.391, "2005-06-30": -0.742, "2005-03-31": "-0.80600"}, "Net Change In Intangible Assets": {"2020-12-31": 0, "2020-09-30": 0, "2020-06-30": 0, "2020-03-31": "", "2019-12-31": 0, "2019-09-30": 0, "2019-06-30": 0, "2019-03-31": "", "2018-12-31": 0, "2018-09-30": 0, "2018-06-30": 0, "2018-03-31": "", "2017-12-31": 0, "2017-09-30": 0, "2017-06-30": 0, "2017-03-31": "", "2016-12-31": 0, "2016-09-30": 0, "2016-06-30": 0, "2016-03-31": "", "2015-12-31": 0, "2015-09-30": 0, "2015-06-30": 0, "2015-03-31": "", "2014-12-31": 0, "2014-09-30": 0, "2014-06-30": 0, "2014-03-31": "", "2013-12-31": 0, "2013-09-30": 0, "2013-06-30": 0, "2013-03-31": "", "2012-12-31": 0, "2012-09-30": 0, "2012-06-30": 0, "2012-03-31": "", "2011-12-31": 0, "2011-09-30": 7.636, "2011-06-30": 0, "2011-03-31": "", "2010-12-31": 0, "2010-09-30": 0, "2010-06-30": 0, "2010-03-31": "", "2009-12-31": 0, "2009-09-30": 0, "2009-06-30": 0, "2009-03-31": "", "2008-12-31": 0, "2008-09-30": 0, "2008-06-30": 0, "2008-03-31": "", "2007-12-31": 0, "2007-09-30": 0, "2007-06-30": 0, "2007-03-31": "", "2006-12-31": 0, "2006-09-30": 0, "2006-06-30": 0, "2006-03-31": "", "2005-12-31": 0, "2005-09-30": 0, "2005-06-30": 0, "2005-03-31": ""}, "Net Acquisitions/Divestitures": {"2020-12-31": 0, "2020-09-30": 0, "2020-06-30": 0, "2020-03-31": "", "2019-12-31": 0, "2019-09-30": 0, "2019-06-30": 0, "2019-03-31": "", "2018-12-31": 0, "2018-09-30": 0, "2018-06-30": 0, "2018-03-31": "", "2017-12-31": 160.318, "2017-09-30": 0, "2017-06-30": 0, "2017-03-31": "", "2016-12-31": 0, "2016-09-30": 0, "2016-06-30": 0, "2016-03-31": "", "2015-12-31": 260.936, "2015-09-30": 0, "2015-06-30": 0, "2015-03-31": "", "2014-12-31": 0, "2014-09-30": 0, "2014-06-30": 346.047, "2014-03-31": "", "2013-12-31": 0, "2013-09-30": 0, "2013-06-30": 273.013, "2013-03-31": "", "2012-12-31": -0.167, "2012-09-30": -44.625, "2012-06-30": -14.398, "2012-03-31": "-27.90800", "2011-12-31": 0, "2011-09-30": 0, "2011-06-30": -0.026, "2011-03-31": "0.02600", "2010-12-31": 0, "2010-09-30": 171.366, "2010-06-30": 0, "2010-03-31": "", "2009-12-31": 0, "2009-09-30": 251.679, "2009-06-30": 0, "2009-03-31": "", "2008-12-31": 400.526, "2008-09-30": 0, "2008-06-30": 0, "2008-03-31": "", "2007-12-31": -0.034, "2007-09-30": 0, "2007-06-30": -1.566, "2007-03-31": "", "2006-12-31": 24.494, "2006-09-30": -0.002, "2006-06-30": 60.816, "2006-03-31": "-85.52600", "2005-12-31": 30.816, "2005-09-30": 61.492, "2005-06-30": 0, "2005-03-31": ""}, "Net Change In Short-term Investments": {"2020-12-31": 0, "2020-09-30": 0, "2020-06-30": 0, "2020-03-31": "", "2019-12-31": 0, "2019-09-30": 0, "2019-06-30": 0, "2019-03-31": "", "2018-12-31": 0, "2018-09-30": 0, "2018-06-30": 0, "2018-03-31": "", "2017-12-31": 0, "2017-09-30": 0, "2017-06-30": 0, "2017-03-31": "", "2016-12-31": 0, "2016-09-30": 0, "2016-06-30": 0, "2016-03-31": "", "2015-12-31": 0, "2015-09-30": 0, "2015-06-30": 0, "2015-03-31": "", "2014-12-31": 0, "2014-09-30": 0, "2014-06-30": 0, "2014-03-31": "", "2013-12-31": 0, "2013-09-30": 0, "2013-06-30": 0, "2013-03-31": "", "2012-12-31": 0, "2012-09-30": 0, "2012-06-30": 0, "2012-03-31": "", "2011-12-31": 0, "2011-09-30": 0, "2011-06-30": 0, "2011-03-31": "", "2010-12-31": 0, "2010-09-30": 0, "2010-06-30": 0, "2010-03-31": "", "2009-12-31": 0, "2009-09-30": 0, "2009-06-30": 0, "2009-03-31": "", "2008-12-31": 0, "2008-09-30": 0, "2008-06-30": 0, "2008-03-31": "", "2007-12-31": 0.081, "2007-09-30": 0, "2007-06-30": 0, "2007-03-31": "", "2006-12-31": 2.503, "2006-09-30": 0, "2006-06-30": 0, "2006-03-31": "", "2005-12-31": 0.612, "2005-09-30": 0, "2005-06-30": 0, "2005-03-31": ""}, "Net Change In Long-Term Investments": {"2020-12-31": 585.179, "2020-09-30": -625.597, "2020-06-30": -0.326, "2020-03-31": "40.74400", "2019-12-31": -1.3481, "2019-09-30": 4.7671, "2019-06-30": 253.168, "2019-03-31": "75.89400", "2018-12-31": -140.8711, "2018-09-30": -7.4239, "2018-06-30": -79.399, "2018-03-31": "-102.18700", "2017-12-31": 194.783, "2017-09-30": -55.249, "2017-06-30": -120.822, "2017-03-31": "-108.61000", "2016-12-31": -7.809, "2016-09-30": -14.843, "2016-06-30": -65.971, "2016-03-31": "354.88100", "2015-12-31": 440.6311, "2015-09-30": -100.344, "2015-06-30": -116.136, "2015-03-31": "-12.37200", "2014-12-31": -15.8668, "2014-09-30": 14.3919, "2014-06-30": 832.975, "2014-03-31": "38.79200", "2013-12-31": 12.368, "2013-09-30": -39.863, "2013-06-30": -160.13, "2013-03-31": "-14.93000", "2012-12-31": -10.44, "2012-09-30": 53.958, "2012-06-30": 35.772, "2012-03-31": "-48.15900", "2011-12-31": -66.457, "2011-09-30": -181.032, "2011-06-30": -159.284, "2011-03-31": "-10.70500", "2010-12-31": -96.918, "2010-09-30": -89.603, "2010-06-30": -206.823, "2010-03-31": "-13.39100", "2009-12-31": -66.271, "2009-09-30": -36.167, "2009-06-30": -24.862, "2009-03-31": "-18.46300", "2008-12-31": -18.299, "2008-09-30": 12.914, "2008-06-30": 5.535, "2008-03-31": "-15.47100", "2007-12-31": -44.415, "2007-09-30": 13.015, "2007-06-30": 11.035, "2007-03-31": "9.76400", "2006-12-31": 124.475, "2006-09-30": 37.451, "2006-06-30": 47.166, "2006-03-31": "9.09000", "2005-12-31": 12.476, "2005-09-30": -11.127, "2005-06-30": 15.311, "2005-03-31": "12.99400"}, "Net Change In Investments - Total": {"2020-12-31": 585.179, "2020-09-30": -625.597, "2020-06-30": -0.326, "2020-03-31": "40.74400", "2019-12-31": -1.3481, "2019-09-30": 4.7671, "2019-06-30": 253.168, "2019-03-31": "75.89400", "2018-12-31": -140.8711, "2018-09-30": -7.4239, "2018-06-30": -79.399, "2018-03-31": "-102.18700", "2017-12-31": 194.783, "2017-09-30": -55.249, "2017-06-30": -120.822, "2017-03-31": "-108.61000", "2016-12-31": -7.809, "2016-09-30": -14.843, "2016-06-30": -65.971, "2016-03-31": "354.88100", "2015-12-31": 440.6311, "2015-09-30": -100.344, "2015-06-30": -116.136, "2015-03-31": "-12.37200", "2014-12-31": -15.8668, "2014-09-30": 14.3919, "2014-06-30": 832.975, "2014-03-31": "38.79200", "2013-12-31": 12.368, "2013-09-30": -39.863, "2013-06-30": -160.13, "2013-03-31": "-14.93000", "2012-12-31": -10.44, "2012-09-30": 53.958, "2012-06-30": 35.772, "2012-03-31": "-48.15900", "2011-12-31": -66.457, "2011-09-30": -181.032, "2011-06-30": -159.284, "2011-03-31": "-10.70500", "2010-12-31": -96.918, "2010-09-30": -89.603, "2010-06-30": -206.823, "2010-03-31": "-13.39100", "2009-12-31": -66.271, "2009-09-30": -36.167, "2009-06-30": -24.862, "2009-03-31": "-18.46300", "2008-12-31": -18.299, "2008-09-30": 12.914, "2008-06-30": 5.535, "2008-03-31": "-15.47100", "2007-12-31": -44.334, "2007-09-30": 13.015, "2007-06-30": 11.035, "2007-03-31": "9.76400", "2006-12-31": 126.978, "2006-09-30": 37.451, "2006-06-30": 47.166, "2006-03-31": "9.09000", "2005-12-31": 13.088, "2005-09-30": -11.127, "2005-06-30": 15.311, "2005-03-31": "12.99400"}, "Investing Activities - Other": {"2020-12-31": 261.956, "2020-09-30": 582.1869, "2020-06-30": 67.8381, "2020-03-31": "-911.98100", "2019-12-31": -165.784, "2019-09-30": -237.2999, "2019-06-30": -172.8691, "2019-03-31": "-381.39300", "2018-12-31": -784.0711, "2018-09-30": -354.925, "2018-06-30": -446.192, "2018-03-31": "996.72500", "2017-12-31": 236.547, "2017-09-30": -3.691, "2017-06-30": -166.505, "2017-03-31": "-118.76500", "2016-12-31": -943.113, "2016-09-30": -106.252, "2016-06-30": -160.272, "2016-03-31": "-15.20000", "2015-12-31": -511.616, "2015-09-30": -462.338, "2015-06-30": 238.151, "2015-03-31": "-403.43800", "2014-12-31": -313.641, "2014-09-30": -392.864, "2014-06-30": -112.143, "2014-03-31": "157.77700", "2013-12-31": 40.055, "2013-09-30": 44.162, "2013-06-30": 100.347, "2013-03-31": "125.00000", "2012-12-31": 64.765, "2012-09-30": -86.941, "2012-06-30": 125.334, "2012-03-31": "127.94000", "2011-12-31": 134.675, "2011-09-30": 64.494, "2011-06-30": 179.417, "2011-03-31": "136.23000", "2010-12-31": 175.701, "2010-09-30": -119.122, "2010-06-30": 92.008, "2010-03-31": "318.59300", "2009-12-31": 101.32, "2009-09-30": 57.394, "2009-06-30": -7.481, "2009-03-31": "49.38600", "2008-12-31": -56.58, "2008-09-30": -47.158, "2008-06-30": 48.941, "2008-03-31": "21.69100", "2007-12-31": -117.279, "2007-09-30": 35.549, "2007-06-30": 34.266, "2007-03-31": "398.55400", "2006-12-31": -85.79, "2006-09-30": -106.315, "2006-06-30": -74.154, "2006-03-31": "5.54400", "2005-12-31": -44.849, "2005-09-30": -36.415, "2005-06-30": -33.635, "2005-03-31": "-9.46500"}, "Cash Flow From Investing Activities": {"2020-12-31": 857.161, "2020-09-30": -44.435, "2020-06-30": 62.351, "2020-03-31": "-875.07700", "2019-12-31": -166.965, "2019-09-30": -234.758, "2019-06-30": 79.305, "2019-03-31": "-308.88800", "2018-12-31": -914.647, "2018-09-30": -364.25, "2018-06-30": -528.865, "2018-03-31": "890.56900", "2017-12-31": 600.514, "2017-09-30": -60.621, "2017-06-30": -288.335, "2017-03-31": "-218.81700", "2016-12-31": -952.707, "2016-09-30": -121.958, "2016-06-30": -225.121, "2016-03-31": "341.23400", "2015-12-31": 200.972, "2015-09-30": -560.94, "2015-06-30": 126.797, "2015-03-31": "-409.32600", "2014-12-31": -329.894, "2014-09-30": -378.782, "2014-06-30": 1066.027, "2014-03-31": "199.20700", "2013-12-31": 87.56, "2013-09-30": 3.358, "2013-06-30": 212.693, "2013-03-31": "109.32800", "2012-12-31": 51.456, "2012-09-30": -77.98, "2012-06-30": 146.49, "2012-03-31": "50.95500", "2011-12-31": 66.679, "2011-09-30": -109.895, "2011-06-30": 17.797, "2011-03-31": "124.48400", "2010-12-31": 75.992, "2010-09-30": -38.061, "2010-06-30": -115.722, "2010-03-31": "304.35800", "2009-12-31": 34.27, "2009-09-30": 272.116, "2009-06-30": -33.126, "2009-03-31": "30.00100", "2008-12-31": 325.138, "2008-09-30": -35.396, "2008-06-30": 53.094, "2008-03-31": "5.47100", "2007-12-31": -162.614, "2007-09-30": 57.405, "2007-06-30": 42.529, "2007-03-31": "406.70500", "2006-12-31": 63.847, "2006-09-30": -70.449, "2006-06-30": 31.377, "2006-03-31": "-72.11800", "2005-12-31": -3.685, "2005-09-30": 15.341, "2005-06-30": -19.066, "2005-03-31": "2.72300"}, "Net Long-Term Debt": {"2020-12-31": 1774.14, "2020-09-30": -75.132, "2020-06-30": -2235, "2020-03-31": "535.99200", "2019-12-31": 667.905, "2019-09-30": -821.956, "2019-06-30": 431.972, "2019-03-31": "109.97300", "2018-12-31": -142.052, "2018-09-30": 325.94, "2018-06-30": 611.942, "2018-03-31": "95.57000", "2017-12-31": 194.064, "2017-09-30": 32.945, "2017-06-30": -243.155, "2017-03-31": "-445.20300", "2016-12-31": 364.801, "2016-09-30": -377.197, "2016-06-30": 366.807, "2016-03-31": "-68.48300", "2015-12-31": 69.417, "2015-09-30": 549.746, "2015-06-30": -615.405, "2015-03-31": "234.75400", "2014-12-31": 19.741, "2014-09-30": 359.088, "2014-06-30": -993.244, "2014-03-31": "-107.95300", "2013-12-31": 105.508, "2013-09-30": -1.425, "2013-06-30": -1.471, "2013-03-31": "-1.36200", "2012-12-31": -5.371, "2012-09-30": -2.831, "2012-06-30": -224.327, "2012-03-31": "-194.93200", "2011-12-31": 0, "2011-09-30": 0, "2011-06-30": 0, "2011-03-31": "", "2010-12-31": -57.776, "2010-09-30": -70, "2010-06-30": -125, "2010-03-31": "-135.00000", "2009-12-31": -192.656, "2009-09-30": -155.383, "2009-06-30": 135, "2009-03-31": "", "2008-12-31": -170.7, "2008-09-30": 19.4, "2008-06-30": 61.5, "2008-03-31": "-80.44800", "2007-12-31": 336.992, "2007-09-30": -27.676, "2007-06-30": -56.71, "2007-03-31": "-234.00000", "2006-12-31": -68.215, "2006-09-30": 189.3, "2006-06-30": 88.8, "2006-03-31": "75.00000", "2005-12-31": 49.3, "2005-09-30": -1.1, "2005-06-30": -2.7, "2005-03-31": "24.80000"}, "Net Current Debt": {"2020-12-31": 0, "2020-09-30": 0, "2020-06-30": 0, "2020-03-31": "", "2019-12-31": 0, "2019-09-30": 0, "2019-06-30": 0, "2019-03-31": "", "2018-12-31": 0, "2018-09-30": 0, "2018-06-30": 0, "2018-03-31": "", "2017-12-31": 0, "2017-09-30": 0, "2017-06-30": 0, "2017-03-31": "", "2016-12-31": 0, "2016-09-30": 0, "2016-06-30": 0, "2016-03-31": "", "2015-12-31": 0, "2015-09-30": 0, "2015-06-30": 0, "2015-03-31": "", "2014-12-31": 0, "2014-09-30": 0, "2014-06-30": 0, "2014-03-31": "", "2013-12-31": 0, "2013-09-30": 0, "2013-06-30": 0, "2013-03-31": "", "2012-12-31": 0, "2012-09-30": 0, "2012-06-30": 0, "2012-03-31": "", "2011-12-31": 0, "2011-09-30": 0, "2011-06-30": 0, "2011-03-31": "", "2010-12-31": 0, "2010-09-30": 0, "2010-06-30": 0, "2010-03-31": "", "2009-12-31": 0, "2009-09-30": 0, "2009-06-30": 0, "2009-03-31": "", "2008-12-31": 0, "2008-09-30": 0, "2008-06-30": 0, "2008-03-31": "", "2007-12-31": 0, "2007-09-30": 0, "2007-06-30": 0, "2007-03-31": "", "2006-12-31": 0, "2006-09-30": 0, "2006-06-30": 0, "2006-03-31": "", "2005-12-31": 0, "2005-09-30": 0, "2005-06-30": 0, "2005-03-31": ""}, "Debt Issuance/Retirement Net - Total": {"2020-12-31": 1774.14, "2020-09-30": -75.132, "2020-06-30": -2235, "2020-03-31": "535.99200", "2019-12-31": 667.905, "2019-09-30": -821.956, "2019-06-30": 431.972, "2019-03-31": "109.97300", "2018-12-31": -142.052, "2018-09-30": 325.94, "2018-06-30": 611.942, "2018-03-31": "95.57000", "2017-12-31": 194.064, "2017-09-30": 32.945, "2017-06-30": -243.155, "2017-03-31": "-445.20300", "2016-12-31": 364.801, "2016-09-30": -377.197, "2016-06-30": 366.807, "2016-03-31": "-68.48300", "2015-12-31": 69.417, "2015-09-30": 549.746, "2015-06-30": -615.405, "2015-03-31": "234.75400", "2014-12-31": 19.741, "2014-09-30": 359.088, "2014-06-30": -993.244, "2014-03-31": "-107.95300", "2013-12-31": 105.508, "2013-09-30": -1.425, "2013-06-30": -1.471, "2013-03-31": "-1.36200", "2012-12-31": -5.371, "2012-09-30": -2.831, "2012-06-30": -224.327, "2012-03-31": "-194.93200", "2011-12-31": 0, "2011-09-30": 0, "2011-06-30": 0, "2011-03-31": "", "2010-12-31": -57.776, "2010-09-30": -70, "2010-06-30": -125, "2010-03-31": "-135.00000", "2009-12-31": -192.656, "2009-09-30": -155.383, "2009-06-30": 135, "2009-03-31": "", "2008-12-31": -170.7, "2008-09-30": 19.4, "2008-06-30": 61.5, "2008-03-31": "-80.44800", "2007-12-31": 336.992, "2007-09-30": -27.676, "2007-06-30": -56.71, "2007-03-31": "-234.00000", "2006-12-31": -68.215, "2006-09-30": 189.3, "2006-06-30": 88.8, "2006-03-31": "75.00000", "2005-12-31": 49.3, "2005-09-30": -1.1, "2005-06-30": -2.7, "2005-03-31": "24.80000"}, "Net Common Equity Issued/Repurchased": {"2020-12-31": 0, "2020-09-30": 75.061, "2020-06-30": -1.601, "2020-03-31": "-73.46000", "2019-12-31": -162.965, "2019-09-30": 161.826, "2019-06-30": -37.717, "2019-03-31": "-124.10900", "2018-12-31": -1.746, "2018-09-30": -64.789, "2018-06-30": -126.356, "2018-03-31": "-122.65100", "2017-12-31": -101.36, "2017-09-30": -0.235, "2017-06-30": -5.277, "2017-03-31": "-2.28100", "2016-12-31": -28.633, "2016-09-30": -0.195, "2016-06-30": -4.275, "2016-03-31": "-0.14100", "2015-12-31": -0.009, "2015-09-30": -0.055, "2015-06-30": -8.336, "2015-03-31": "", "2014-12-31": 0, "2014-09-30": 0, "2014-06-30": -20.249, "2014-03-31": "-2.05800", "2013-12-31": -12.107, "2013-09-30": 0.837, "2013-06-30": -0.085, "2013-03-31": "-2.18200", "2012-12-31": -0.051, "2012-09-30": -0.05, "2012-06-30": -0.073, "2012-03-31": "-1.30100", "2011-12-31": -1.038, "2011-09-30": -0.125, "2011-06-30": -0.054, "2011-03-31": "-0.24800", "2010-12-31": -0.995, "2010-09-30": -0.318, "2010-06-30": -0.081, "2010-03-31": "26.15000", "2009-12-31": -0.846, "2009-09-30": 48.582, "2009-06-30": -0.083, "2009-03-31": "99.35400", "2008-12-31": -0.107, "2008-09-30": -0.15, "2008-06-30": -0.252, "2008-03-31": "-0.00600", "2007-12-31": -54.258, "2007-09-30": -58.866, "2007-06-30": -0.496, "2007-03-31": "-8.91600", "2006-12-31": -5.345, "2006-09-30": 0.132, "2006-06-30": -0.115, "2006-03-31": "115.87300", "2005-12-31": 0.359, "2005-09-30": 48.823, "2005-06-30": 0.705, "2005-03-31": "1.17100"}, "Net Total Equity Issued/Repurchased": {"2020-12-31": 0, "2020-09-30": 75.061, "2020-06-30": -1.601, "2020-03-31": "-73.46000", "2019-12-31": -162.965, "2019-09-30": 161.826, "2019-06-30": -37.717, "2019-03-31": "-124.10900", "2018-12-31": -1.746, "2018-09-30": -64.789, "2018-06-30": -126.356, "2018-03-31": "-122.65100", "2017-12-31": -101.36, "2017-09-30": -0.235, "2017-06-30": -5.277, "2017-03-31": "-2.28100", "2016-12-31": -28.633, "2016-09-30": -0.195, "2016-06-30": -4.275, "2016-03-31": "-0.14100", "2015-12-31": -0.009, "2015-09-30": -0.055, "2015-06-30": -8.336, "2015-03-31": "", "2014-12-31": 0, "2014-09-30": 0, "2014-06-30": -20.249, "2014-03-31": "-2.05800", "2013-12-31": -12.107, "2013-09-30": 0.837, "2013-06-30": -0.085, "2013-03-31": "-2.18200", "2012-12-31": -0.051, "2012-09-30": -0.05, "2012-06-30": -0.073, "2012-03-31": "-1.30100", "2011-12-31": -1.038, "2011-09-30": -0.125, "2011-06-30": -0.054, "2011-03-31": "-0.24800", "2010-12-31": -0.995, "2010-09-30": -0.318, "2010-06-30": -0.081, "2010-03-31": "26.15000", "2009-12-31": -0.846, "2009-09-30": 48.582, "2009-06-30": -0.083, "2009-03-31": "99.35400", "2008-12-31": -0.107, "2008-09-30": -0.15, "2008-06-30": -0.252, "2008-03-31": "-0.00600", "2007-12-31": -54.258, "2007-09-30": -58.866, "2007-06-30": -0.496, "2007-03-31": "-8.91600", "2006-12-31": -5.345, "2006-09-30": 0.132, "2006-06-30": -0.115, "2006-03-31": "115.87300", "2005-12-31": 0.359, "2005-09-30": 48.823, "2005-06-30": 0.705, "2005-03-31": "1.17100"}, "Total Common And Preferred Stock Dividends Paid": {"2020-12-31": 130.31, "2020-09-30": -29.599, "2020-06-30": -29.505, "2020-03-31": "-71.20600", "2019-12-31": -72.007, "2019-09-30": -71.952, "2019-06-30": -71.909, "2019-03-31": "-73.18000", "2018-12-31": -74.057, "2018-09-30": -74.395, "2018-06-30": -76.052, "2018-03-31": "-63.68900", "2017-12-31": -64.908, "2017-09-30": -60.831, "2017-06-30": -60.831, "2017-03-31": "-60.83300", "2016-12-31": -60.687, "2016-09-30": -60.956, "2016-06-30": -60.888, "2016-03-31": "-60.90600", "2015-12-31": -60.686, "2015-09-30": -51.508, "2015-06-30": -51.492, "2015-03-31": "-51.42400", "2014-12-31": -51.435, "2014-09-30": -25.71, "2014-06-30": -25.711, "2014-03-31": "-11.30600", "2013-12-31": -11.358, "2013-09-30": -11.363, "2013-06-30": -9.179, "2013-03-31": "-9.10600", "2012-12-31": -9.118, "2012-09-30": -6.564, "2012-06-30": -6.561, "2012-03-31": "-6.54400", "2011-12-31": -6.537, "2011-09-30": -0.363, "2011-06-30": -0.365, "2011-03-31": "-0.36100", "2010-12-31": -0.361, "2010-09-30": -0.361, "2010-06-30": -0.362, "2010-03-31": "-0.36100", "2009-12-31": -0.345, "2009-09-30": -0.317, "2009-06-30": -0.317, "2009-03-31": "-10.16600", "2008-12-31": -8.944, "2008-09-30": -8.831, "2008-06-30": -8.833, "2008-03-31": "-8.83000", "2007-12-31": -8.933, "2007-09-30": -9.612, "2007-06-30": -9.498, "2007-03-31": "-9.43000", "2006-12-31": -9.486, "2006-09-30": -7.77, "2006-06-30": -7.73, "2006-03-31": "-4.97000", "2005-12-31": -4.478, "2005-09-30": -4.017, "2005-06-30": -3.991, "2005-03-31": "-3.46600"}, "Financial Activities - Other": {"2020-12-31": -4734.246, "2020-09-30": 1037.25, "2020-06-30": 3354.183, "2020-03-31": "342.81300", "2019-12-31": -499.41, "2019-09-30": 927.492, "2019-06-30": -478.886, "2019-03-31": "415.42600", "2018-12-31": 992.276, "2018-09-30": -49.556, "2018-06-30": -147.466, "2018-03-31": "-786.42300", "2017-12-31": -625.687, "2017-09-30": -101.689, "2017-06-30": 546.564, "2017-03-31": "460.77500", "2016-12-31": 405.377, "2016-09-30": 498.349, "2016-06-30": -291.514, "2016-03-31": "-220.83000", "2015-12-31": -240.103, "2015-09-30": -465.858, "2015-06-30": 644.7, "2015-03-31": "178.13800", "2014-12-31": 229.105, "2014-09-30": -151.198, "2014-06-30": -31.465, "2014-03-31": "89.53100", "2013-12-31": -150.024, "2013-09-30": -90.634, "2013-06-30": -130.991, "2013-03-31": "-155.23100", "2012-12-31": -78.168, "2012-09-30": 101.745, "2012-06-30": 34.723, "2012-03-31": "-20.69100", "2011-12-31": 22.617, "2011-09-30": 67.587, "2011-06-30": -98.239, "2011-03-31": "-65.14700", "2010-12-31": -151.629, "2010-09-30": -173.865, "2010-06-30": 67.594, "2010-03-31": "59.00400", "2009-12-31": 46.169, "2009-09-30": -74.728, "2009-06-30": -147.798, "2009-03-31": "-74.57300", "2008-12-31": -145.399, "2008-09-30": 0.656, "2008-06-30": -127.188, "2008-03-31": "74.00300", "2007-12-31": -197.198, "2007-09-30": 32.988, "2007-06-30": -267.746, "2007-03-31": "-5.28400", "2006-12-31": 6.001, "2006-09-30": -155.635, "2006-06-30": -98.835, "2006-03-31": "-118.43400", "2005-12-31": -147.105, "2005-09-30": 7.026, "2005-06-30": 22.992, "2005-03-31": "-267.84700"}, "Cash Flow From Financial Activities": {"2020-12-31": -2829.796, "2020-09-30": 1007.58, "2020-06-30": 1088.077, "2020-03-31": "734.13900", "2019-12-31": -66.477, "2019-09-30": 195.41, "2019-06-30": -156.54, "2019-03-31": "328.11000", "2018-12-31": 774.421, "2018-09-30": 137.2, "2018-06-30": 262.068, "2018-03-31": "-877.19300", "2017-12-31": -597.891, "2017-09-30": -129.81, "2017-06-30": 237.301, "2017-03-31": "-47.54200", "2016-12-31": 680.858, "2016-09-30": 60.001, "2016-06-30": 10.13, "2016-03-31": "-350.36000", "2015-12-31": -231.381, "2015-09-30": 32.325, "2015-06-30": -30.533, "2015-03-31": "361.46800", "2014-12-31": 197.411, "2014-09-30": 182.18, "2014-06-30": -1070.669, "2014-03-31": "-31.78600", "2013-12-31": -67.981, "2013-09-30": -102.585, "2013-06-30": -141.726, "2013-03-31": "-167.88100", "2012-12-31": -92.708, "2012-09-30": 92.3, "2012-06-30": -196.238, "2012-03-31": "-223.46800", "2011-12-31": 15.042, "2011-09-30": 67.099, "2011-06-30": -98.658, "2011-03-31": "-65.75600", "2010-12-31": -210.761, "2010-09-30": -244.544, "2010-06-30": -57.849, "2010-03-31": "-50.20700", "2009-12-31": -147.678, "2009-09-30": -181.846, "2009-06-30": -13.198, "2009-03-31": "14.61500", "2008-12-31": -325.15, "2008-09-30": 11.075, "2008-06-30": -74.773, "2008-03-31": "-15.28100", "2007-12-31": 76.603, "2007-09-30": -63.166, "2007-06-30": -334.45, "2007-03-31": "-257.63000", "2006-12-31": -77.045, "2006-09-30": 26.027, "2006-06-30": -17.88, "2006-03-31": "67.46900", "2005-12-31": -101.924, "2005-09-30": 50.732, "2005-06-30": 17.006, "2005-03-31": "-245.34200"}, "Net Cash Flow": {"2020-12-31": -2315.572, "2020-09-30": 1032.06, "2020-06-30": 1308.876, "2020-03-31": "-25.36400", "2019-12-31": -98.377, "2019-09-30": 128.263, "2019-06-30": 50.856, "2019-03-31": "171.11500", "2018-12-31": 3.981, "2018-09-30": -69.779, "2018-06-30": -96.231, "2018-03-31": "149.35900", "2017-12-31": 128.419, "2017-09-30": -17.462, "2017-06-30": -9.02, "2017-03-31": "-123.17000", "2016-12-31": -120.695, "2016-09-30": 95.012, "2016-06-30": -74.165, "2016-03-31": "123.03200", "2015-12-31": 160.192, "2015-09-30": -404.337, "2015-06-30": 248.777, "2015-03-31": "78.62800", "2014-12-31": 52.364, "2014-09-30": -102.503, "2014-06-30": 21.278, "2014-03-31": "194.66500", "2013-12-31": 3.403, "2013-09-30": -74.808, "2013-06-30": 87.149, "2013-03-31": "-32.72600", "2012-12-31": 3.998, "2012-09-30": 36.937, "2012-06-30": -10.292, "2012-03-31": "-161.85600", "2011-12-31": 128.296, "2011-09-30": 16.816, "2011-06-30": -43.054, "2011-03-31": "85.00700", "2010-12-31": -51.533, "2010-09-30": -253.301, "2010-06-30": -105.335, "2010-03-31": "307.67300", "2009-12-31": -87.761, "2009-09-30": 117.144, "2009-06-30": -32.102, "2009-03-31": "53.89700", "2008-12-31": 29.258, "2008-09-30": 3.33, "2008-06-30": -2.791, "2008-03-31": "28.29000", "2007-12-31": -58.392, "2007-09-30": 17.128, "2007-06-30": -208.374, "2007-03-31": "200.09100", "2006-12-31": 24.353, "2006-09-30": -25.839, "2006-06-30": 34.737, "2006-03-31": "12.39700", "2005-12-31": -80.612, "2005-09-30": 82.896, "2005-06-30": 14.226, "2005-03-31": "-230.52900"}, "Stock-Based Compensation": {"2020-12-31": -19.847, "2020-09-30": 7.064, "2020-06-30": 6.289, "2020-03-31": "6.49400", "2019-12-31": 6.981, "2019-09-30": 7.305, "2019-06-30": 6.721, "2019-03-31": "5.80800", "2018-12-31": 6.886, "2018-09-30": 8.137, "2018-06-30": 7.546, "2018-03-31": "7.19900", "2017-12-31": 5.37, "2017-09-30": 6.479, "2017-06-30": 7.249, "2017-03-31": "6.47000", "2016-12-31": 6.044, "2016-09-30": 5.675, "2016-06-30": 6.554, "2016-03-31": "5.04600", "2015-12-31": 3.794, "2015-09-30": 3.762, "2015-06-30": 4.962, "2015-03-31": "3.11200", "2014-12-31": 2.833, "2014-09-30": 2.945, "2014-06-30": 29.085, "2014-03-31": "1.61100", "2013-12-31": 21.246, "2013-09-30": -4.145, "2013-06-30": 2.381, "2013-03-31": "1.76400", "2012-12-31": 1.368, "2012-09-30": 1.375, "2012-06-30": 1.623, "2012-03-31": "1.63300", "2011-12-31": 1.388, "2011-09-30": 6.508, "2011-06-30": 0, "2011-03-31": "", "2010-12-31": 8.496, "2010-09-30": 0, "2010-06-30": 0, "2010-03-31": "", "2009-12-31": 1.915, "2009-09-30": 2.192, "2009-06-30": 1.893, "2009-03-31": "2.19900", "2008-12-31": -2.709, "2008-09-30": 1.207, "2008-06-30": 1.48, "2008-03-31": "0.95200", "2007-12-31": 1.207, "2007-09-30": 2.188, "2007-06-30": 2.449, "2007-03-31": "2.13300", "2006-12-31": 2.047, "2006-09-30": 2.086, "2006-06-30": 1.854, "2006-03-31": "1.38200", "2005-12-31": 1.245, "2005-09-30": 1.149, "2005-06-30": 0.647, "2005-03-31": "0.99700"}, "Common Stock Dividends Paid": {"2020-12-31": 130.31, "2020-09-30": -29.599, "2020-06-30": -29.505, "2020-03-31": "-71.20600", "2019-12-31": -72.007, "2019-09-30": -71.952, "2019-06-30": -71.909, "2019-03-31": "-73.18000", "2018-12-31": -74.057, "2018-09-30": -74.395, "2018-06-30": -76.052, "2018-03-31": "-63.68900", "2017-12-31": -64.908, "2017-09-30": -60.831, "2017-06-30": -60.831, "2017-03-31": "-60.83300", "2016-12-31": -60.687, "2016-09-30": -60.956, "2016-06-30": -60.888, "2016-03-31": "-60.90600", "2015-12-31": -60.686, "2015-09-30": -51.508, "2015-06-30": -51.492, "2015-03-31": "-51.42400", "2014-12-31": -51.435, "2014-09-30": -25.71, "2014-06-30": -25.711, "2014-03-31": "-11.30600", "2013-12-31": -11.358, "2013-09-30": -11.363, "2013-06-30": -9.179, "2013-03-31": "-9.10600", "2012-12-31": -9.118, "2012-09-30": -6.564, "2012-06-30": -6.561, "2012-03-31": "-6.54400", "2011-12-31": -6.537, "2011-09-30": -0.363, "2011-06-30": -0.365, "2011-03-31": "-0.36100", "2010-12-31": -0.361, "2010-09-30": -0.361, "2010-06-30": -0.362, "2010-03-31": "-0.36100", "2009-12-31": -0.345, "2009-09-30": -0.317, "2009-06-30": -0.317, "2009-03-31": "-10.16600", "2008-12-31": -8.944, "2008-09-30": -8.831, "2008-06-30": -8.833, "2008-03-31": "-8.83000", "2007-12-31": -8.933, "2007-09-30": -9.612, "2007-06-30": -9.498, "2007-03-31": "-9.43000", "2006-12-31": -9.486, "2006-09-30": -7.77, "2006-06-30": -7.73, "2006-03-31": "-4.97000", "2005-12-31": -4.478, "2005-09-30": -4.017, "2005-06-30": -3.991, "2005-03-31": "-3.46600"}}, "financial ratios": {"Current Ratio": {"2019-12-31": "", "2018-12-31": "", "2017-12-31": "", "2016-12-31": "", "2015-12-31": "", "2014-12-31": "", "2013-12-31": "", "2012-12-31": "", "2011-12-31": "", "2010-12-31": "", "2009-12-31": "", "2008-12-31": "", "2007-12-31": "", "2006-12-31": "", "2005-12-31": ""}, "Long-term Debt / Capital": {"2019-12-31": "0.30920", "2018-12-31": "0.27440", "2017-12-31": "0.15740", "2016-12-31": "0.23110", "2015-12-31": "0.19390", "2014-12-31": "0.18900", "2013-12-31": "0.23340", "2012-12-31": "0.17020", "2011-12-31": "0.39340", "2010-12-31": "0.42550", "2009-12-31": "0.57030", "2008-12-31": "0.60690", "2007-12-31": "0.39730", "2006-12-31": "0.35680", "2005-12-31": "0.36020"}, "Debt/Equity Ratio": {"2019-12-31": "0.44750", "2018-12-31": "0.37820", "2017-12-31": "0.18680", "2016-12-31": "0.30060", "2015-12-31": "0.24060", "2014-12-31": "0.23300", "2013-12-31": "0.30450", "2012-12-31": "0.20510", "2011-12-31": "0.64860", "2010-12-31": "0.74050", "2009-12-31": "1.32710", "2008-12-31": "1.54370", "2007-12-31": "0.65930", "2006-12-31": "0.55480", "2005-12-31": "0.56300"}, "Gross Margin": {"2019-12-31": "", "2018-12-31": "", "2017-12-31": "", "2016-12-31": "", "2015-12-31": "", "2014-12-31": "", "2013-12-31": "", "2012-12-31": "", "2011-12-31": "", "2010-12-31": "", "2009-12-31": "", "2008-12-31": "", "2007-12-31": "", "2006-12-31": "", "2005-12-31": ""}, "Operating Margin": {"2019-12-31": "", "2018-12-31": "", "2017-12-31": "", "2016-12-31": "", "2015-12-31": "", "2014-12-31": "", "2013-12-31": "", "2012-12-31": "", "2011-12-31": "", "2010-12-31": "", "2009-12-31": "", "2008-12-31": "", "2007-12-31": "", "2006-12-31": "", "2005-12-31": ""}, "EBIT Margin": {"2019-12-31": "", "2018-12-31": "", "2017-12-31": "", "2016-12-31": "", "2015-12-31": "", "2014-12-31": "", "2013-12-31": "", "2012-12-31": "", "2011-12-31": "", "2010-12-31": "", "2009-12-31": "", "2008-12-31": "", "2007-12-31": "", "2006-12-31": "", "2005-12-31": ""}, "EBITDA Margin": {"2019-12-31": "", "2018-12-31": "", "2017-12-31": "", "2016-12-31": "", "2015-12-31": "", "2014-12-31": "", "2013-12-31": "", "2012-12-31": "", "2011-12-31": "", "2010-12-31": "", "2009-12-31": "", "2008-12-31": "", "2007-12-31": "", "2006-12-31": "", "2005-12-31": ""}, "Pre-Tax Profit Margin": {"2019-12-31": "55.75630", "2018-12-31": "55.33330", "2017-12-31": "52.81180", "2016-12-31": "55.34880", "2015-12-31": "55.68890", "2014-12-31": "41.47850", "2013-12-31": "25.47690", "2012-12-31": "30.63860", "2011-12-31": "32.71210", "2010-12-31": "-135.78860", "2009-12-31": "-10.58360", "2008-12-31": "-357.63770", "2007-12-31": "51.78030", "2006-12-31": "51.18820", "2005-12-31": "49.47600"}, "Net Profit Margin": {"2019-12-31": "40.82610", "2018-12-31": "40.20970", "2017-12-31": "33.66690", "2016-12-31": "34.54020", "2015-12-31": "34.41610", "2014-12-31": "24.09070", "2013-12-31": "14.38200", "2012-12-31": "18.61360", "2011-12-31": "18.95500", "2010-12-31": "-77.48800", "2009-12-31": "-5.76970", "2008-12-31": "-367.78580", "2007-12-31": "30.61540", "2006-12-31": "30.54300", "2005-12-31": "29.14820"}, "Asset Turnover": {"2019-12-31": "0.04240", "2018-12-31": "0.04450", "2017-12-31": "0.04200", "2016-12-31": "0.04610", "2015-12-31": "0.04050", "2014-12-31": "0.04270", "2013-12-31": "0.04690", "2012-12-31": "0.05590", "2011-12-31": "0.04840", "2010-12-31": "0.01450", "2009-12-31": "0.03040", "2008-12-31": "0.04400", "2007-12-31": "0.05700", "2006-12-31": "0.04480", "2005-12-31": "0.05360"}, "Inventory Turnover Ratio": {"2019-12-31": "", "2018-12-31": "", "2017-12-31": "", "2016-12-31": "", "2015-12-31": "", "2014-12-31": "", "2013-12-31": "", "2012-12-31": "", "2011-12-31": "", "2010-12-31": "", "2009-12-31": "", "2008-12-31": "", "2007-12-31": "", "2006-12-31": "", "2005-12-31": ""}, "Receiveable Turnover": {"2019-12-31": "", "2018-12-31": "", "2017-12-31": "", "2016-12-31": "", "2015-12-31": "", "2014-12-31": "", "2013-12-31": "", "2012-12-31": "", "2011-12-31": "", "2010-12-31": "", "2009-12-31": "", "2008-12-31": "", "2007-12-31": "", "2006-12-31": "", "2005-12-31": ""}, "Days Sales In Receivables": {"2019-12-31": "", "2018-12-31": "", "2017-12-31": "", "2016-12-31": "", "2015-12-31": "", "2014-12-31": "", "2013-12-31": "", "2012-12-31": "", "2011-12-31": "", "2010-12-31": "", "2009-12-31": "", "2008-12-31": "", "2007-12-31": "", "2006-12-31": "", "2005-12-31": ""}, "ROE - Return On Equity": {"2019-12-31": "9.45840", "2018-12-31": "9.64320", "2017-12-31": "7.18860", "2016-12-31": "7.86250", "2015-12-31": "6.81310", "2014-12-31": "4.86190", "2013-12-31": "5.62070", "2012-12-31": "9.64170", "2011-12-31": "9.28300", "2010-12-31": "-12.95250", "2009-12-31": "-1.84500", "2008-12-31": "-193.77550", "2007-12-31": "7.93480", "2006-12-31": "6.49270", "2005-12-31": "10.05760"}, "Return On Tangible Equity": {"2019-12-31": "19.79340", "2018-12-31": "20.96310", "2017-12-31": "15.23080", "2016-12-31": "15.52250", "2015-12-31": "13.81890", "2014-12-31": "9.63890", "2013-12-31": "7.79920", "2012-12-31": "11.48580", "2011-12-31": "10.35520", "2010-12-31": "-15.28800", "2009-12-31": "-1.97480", "2008-12-31": "-216.81240", "2007-12-31": "27.15940", "2006-12-31": "19.97170", "2005-12-31": "28.36090"}, "ROA - Return On Assets": {"2019-12-31": "1.75050", "2018-12-31": "1.80850", "2017-12-31": "1.43160", "2016-12-31": "1.61030", "2015-12-31": "1.40740", "2014-12-31": "1.05000", "2013-12-31": "0.69610", "2012-12-31": "1.03960", "2011-12-31": "0.91720", "2010-12-31": "-1.12160", "2009-12-31": "-0.17560", "2008-12-31": "-16.19540", "2007-12-31": "1.74410", "2006-12-31": "1.36600", "2005-12-31": "1.56110"}, "ROI - Return On Investment": {"2019-12-31": "6.53430", "2018-12-31": "6.99700", "2017-12-31": "6.05710", "2016-12-31": "6.04510", "2015-12-31": "5.49190", "2014-12-31": "3.94310", "2013-12-31": "4.30870", "2012-12-31": "8.00060", "2011-12-31": "5.63080", "2010-12-31": "-7.44160", "2009-12-31": "-0.79280", "2008-12-31": "-76.17970", "2007-12-31": "4.78210", "2006-12-31": "4.17580", "2005-12-31": "6.43460"}, "Book Value Per Share": {"2019-12-31": "41.36460", "2018-12-31": "39.17190", "2017-12-31": "38.65110", "2016-12-31": "36.93030", "2015-12-31": "36.22060", "2014-12-31": "34.03380", "2013-12-31": "17.65690", "2012-12-31": "15.74310", "2011-12-31": "14.66160", "2010-12-31": "13.05620", "2009-12-31": "14.47300", "2008-12-31": "13.17600", "2007-12-31": "40.65250", "2006-12-31": "39.42260", "2005-12-31": "27.29480"}, "Operating Cash Flow Per Share": {"2019-12-31": -0.02, "2018-12-31": 0.9381, "2017-12-31": -0.8533, "2016-12-31": -0.7525, "2015-12-31": 1.7616, "2014-12-31": 2.5928, "2013-12-31": -2.0752, "2012-12-31": -1.4914, "2011-12-31": -1.876, "2010-12-31": 4.2903, "2009-12-31": -1.8081, "2008-12-31": -2.2818, "2007-12-31": 2.4859, "2006-12-31": -0.1678, "2005-12-31": 4.1551}, "Free Cash Flow Per Share": {"2019-12-31": -0.0834, "2018-12-31": 0.8263, "2017-12-31": -0.7325, "2016-12-31": -0.9782, "2015-12-31": 1.975, "2014-12-31": 1.7991, "2013-12-31": -1.1509, "2012-12-31": -1.4429, "2011-12-31": -1.8931, "2010-12-31": 4.2435, "2009-12-31": -1.7712, "2008-12-31": -2.5981, "2007-12-31": 2.9623, "2006-12-31": -0.2959, "2005-12-31": 3.9836}}, "financial ratios, quarterly": {"Current Ratio": {"2020-09-30": "", "2020-06-30": "", "2020-03-31": "", "2019-12-31": "", "2019-09-30": "", "2019-06-30": "", "2019-03-31": "", "2018-12-31": "", "2018-09-30": "", "2018-06-30": "", "2018-03-31": "", "2017-12-31": "", "2017-09-30": "", "2017-06-30": "", "2017-03-31": "", "2016-12-31": "", "2016-09-30": "", "2016-06-30": "", "2016-03-31": "", "2015-12-31": "", "2015-09-30": "", "2015-06-30": "", "2015-03-31": "", "2014-12-31": "", "2014-09-30": "", "2014-06-30": "", "2014-03-31": "", "2013-12-31": "", "2013-09-30": "", "2013-06-30": "", "2013-03-31": "", "2012-12-31": "", "2012-09-30": "", "2012-06-30": "", "2012-03-31": "", "2011-12-31": "", "2011-09-30": "", "2011-06-30": "", "2011-03-31": "", "2010-12-31": "", "2010-09-30": "", "2010-06-30": "", "2010-03-31": "", "2009-12-31": "", "2009-09-30": "", "2009-06-30": "", "2009-03-31": "", "2008-12-31": "", "2008-09-30": "", "2008-06-30": "", "2008-03-31": "", "2007-12-31": "", "2007-09-30": "", "2007-06-30": "", "2007-03-31": "", "2006-12-31": "", "2006-09-30": "", "2006-06-30": "", "2006-03-31": "", "2005-12-31": "", "2005-09-30": "", "2005-06-30": "", "2005-03-31": ""}, "Long-term Debt / Capital": {"2020-09-30": "0.13050", "2020-06-30": "0.13110", "2020-03-31": "0.44820", "2019-12-31": "0.30920", "2019-09-30": "0.25780", "2019-06-30": "0.32810", "2019-03-31": "0.28770", "2018-12-31": "0.27440", "2018-09-30": "0.29310", "2018-06-30": "0.25540", "2018-03-31": "0.17430", "2017-12-31": "0.15740", "2017-09-30": "0.13160", "2017-06-30": "0.12700", "2017-03-31": "0.16690", "2016-12-31": "0.23110", "2016-09-30": "0.17780", "2016-06-30": "0.23120", "2016-03-31": "0.18180", "2015-12-31": "0.19390", "2015-09-30": "0.21620", "2015-06-30": "0.10950", "2015-03-31": "0.22900", "2014-12-31": "0.18900", "2014-09-30": "0.18650", "2014-06-30": "0.11330", "2014-03-31": "0.14250", "2013-12-31": "0.23340", "2013-09-30": "0.14710", "2013-06-30": "0.15050", "2013-03-31": "0.16840", "2012-12-31": "0.17020", "2012-09-30": "0.17770", "2012-06-30": "0.17960", "2012-03-31": "0.35410", "2011-12-31": "0.39340", "2011-09-30": "0.39640", "2011-06-30": "0.40910", "2011-03-31": "0.41910", "2010-12-31": "0.42550", "2010-09-30": "0.45040", "2010-06-30": "0.45410", "2010-03-31": "0.53040", "2009-12-31": "0.57030", "2009-09-30": "0.62570", "2009-06-30": "0.60640", "2009-03-31": "0.55290", "2008-12-31": "0.60690", "2008-09-30": "0.66610", "2008-06-30": "0.66120", "2008-03-31": "0.43840", "2007-12-31": "0.39730", "2007-09-30": "0.25910", "2007-06-30": "0.26490", "2007-03-31": "0.25940", "2006-12-31": "0.35680", "2006-09-30": "0.41830", "2006-06-30": "0.34150", "2006-03-31": "0.36010", "2005-12-31": "0.36020", "2005-09-30": "0.33980", "2005-06-30": "0.37280", "2005-03-31": "0.38170"}, "Debt/Equity Ratio": {"2020-09-30": "0.15010", "2020-06-30": "0.15080", "2020-03-31": "0.81230", "2019-12-31": "0.44750", "2019-09-30": "0.34740", "2019-06-30": "0.48830", "2019-03-31": "0.40400", "2018-12-31": "0.37820", "2018-09-30": "0.41460", "2018-06-30": "0.34310", "2018-03-31": "0.21110", "2017-12-31": "0.18680", "2017-09-30": "0.15150", "2017-06-30": "0.14540", "2017-03-31": "0.20030", "2016-12-31": "0.30060", "2016-09-30": "0.21620", "2016-06-30": "0.30080", "2016-03-31": "0.22220", "2015-12-31": "0.24060", "2015-09-30": "0.27580", "2015-06-30": "0.12300", "2015-03-31": "0.29710", "2014-12-31": "0.23300", "2014-09-30": "0.22920", "2014-06-30": "0.12780", "2014-03-31": "0.16620", "2013-12-31": "0.30450", "2013-09-30": "0.17240", "2013-06-30": "0.17720", "2013-03-31": "0.20250", "2012-12-31": "0.20510", "2012-09-30": "0.21610", "2012-06-30": "0.21890", "2012-03-31": "0.54830", "2011-12-31": "0.64860", "2011-09-30": "0.65680", "2011-06-30": "0.69230", "2011-03-31": "0.72150", "2010-12-31": "0.74050", "2010-09-30": "0.81950", "2010-06-30": "0.83170", "2010-03-31": "1.12940", "2009-12-31": "1.32710", "2009-09-30": "1.67190", "2009-06-30": "1.54040", "2009-03-31": "1.23650", "2008-12-31": "1.54370", "2008-09-30": "1.99510", "2008-06-30": "1.95180", "2008-03-31": "0.78060", "2007-12-31": "0.65930", "2007-09-30": "0.34970", "2007-06-30": "0.36030", "2007-03-31": "0.35030", "2006-12-31": "0.55480", "2006-09-30": "0.71920", "2006-06-30": "0.51870", "2006-03-31": "0.56280", "2005-12-31": "0.56300", "2005-09-30": "0.51460", "2005-06-30": "0.59440", "2005-03-31": "0.61740"}, "Gross Margin": {"2020-09-30": "", "2020-06-30": "", "2020-03-31": "", "2019-12-31": "", "2019-09-30": "", "2019-06-30": "", "2019-03-31": "", "2018-12-31": "", "2018-09-30": "", "2018-06-30": "", "2018-03-31": "", "2017-12-31": "", "2017-09-30": "", "2017-06-30": "", "2017-03-31": "", "2016-12-31": "", "2016-09-30": "", "2016-06-30": "", "2016-03-31": "", "2015-12-31": "", "2015-09-30": "", "2015-06-30": "", "2015-03-31": "", "2014-12-31": "", "2014-09-30": "", "2014-06-30": "", "2014-03-31": "", "2013-12-31": "", "2013-09-30": "", "2013-06-30": "", "2013-03-31": "", "2012-12-31": "", "2012-09-30": "", "2012-06-30": "", "2012-03-31": "", "2011-12-31": "", "2011-09-30": "", "2011-06-30": "", "2011-03-31": "", "2010-12-31": "", "2010-09-30": "", "2010-06-30": "", "2010-03-31": "", "2009-12-31": "", "2009-09-30": "", "2009-06-30": "", "2009-03-31": "", "2008-12-31": "", "2008-09-30": "", "2008-06-30": "", "2008-03-31": "", "2007-12-31": "", "2007-09-30": "", "2007-06-30": "", "2007-03-31": "", "2006-12-31": "", "2006-09-30": "", "2006-06-30": "", "2006-03-31": "", "2005-12-31": "", "2005-09-30": "", "2005-06-30": "", "2005-03-31": ""}, "Operating Margin": {"2020-09-30": "", "2020-06-30": "", "2020-03-31": "", "2019-12-31": "", "2019-09-30": "", "2019-06-30": "", "2019-03-31": "", "2018-12-31": "", "2018-09-30": "", "2018-06-30": "", "2018-03-31": "", "2017-12-31": "", "2017-09-30": "", "2017-06-30": "", "2017-03-31": "", "2016-12-31": "", "2016-09-30": "", "2016-06-30": "", "2016-03-31": "", "2015-12-31": "", "2015-09-30": "", "2015-06-30": "", "2015-03-31": "", "2014-12-31": "", "2014-09-30": "", "2014-06-30": "", "2014-03-31": "", "2013-12-31": "", "2013-09-30": "", "2013-06-30": "", "2013-03-31": "", "2012-12-31": "", "2012-09-30": "", "2012-06-30": "", "2012-03-31": "", "2011-12-31": "", "2011-09-30": "", "2011-06-30": "", "2011-03-31": "", "2010-12-31": "", "2010-09-30": "", "2010-06-30": "", "2010-03-31": "", "2009-12-31": "", "2009-09-30": "", "2009-06-30": "", "2009-03-31": "", "2008-12-31": "", "2008-09-30": "", "2008-06-30": "", "2008-03-31": "", "2007-12-31": "", "2007-09-30": "", "2007-06-30": "", "2007-03-31": "", "2006-12-31": "", "2006-09-30": "", "2006-06-30": "", "2006-03-31": "", "2005-12-31": "", "2005-09-30": "", "2005-06-30": "", "2005-03-31": ""}, "EBIT Margin": {"2020-09-30": "", "2020-06-30": "", "2020-03-31": "", "2019-12-31": "", "2019-09-30": "", "2019-06-30": "", "2019-03-31": "", "2018-12-31": "", "2018-09-30": "", "2018-06-30": "", "2018-03-31": "", "2017-12-31": "", "2017-09-30": "", "2017-06-30": "", "2017-03-31": "", "2016-12-31": "", "2016-09-30": "", "2016-06-30": "", "2016-03-31": "", "2015-12-31": "", "2015-09-30": "", "2015-06-30": "", "2015-03-31": "", "2014-12-31": "", "2014-09-30": "", "2014-06-30": "", "2014-03-31": "", "2013-12-31": "", "2013-09-30": "", "2013-06-30": "", "2013-03-31": "", "2012-12-31": "", "2012-09-30": "", "2012-06-30": "", "2012-03-31": "", "2011-12-31": "", "2011-09-30": "", "2011-06-30": "", "2011-03-31": "", "2010-12-31": "", "2010-09-30": "", "2010-06-30": "", "2010-03-31": "", "2009-12-31": "", "2009-09-30": "", "2009-06-30": "", "2009-03-31": "", "2008-12-31": "", "2008-09-30": "", "2008-06-30": "", "2008-03-31": "", "2007-12-31": "", "2007-09-30": "", "2007-06-30": "", "2007-03-31": "", "2006-12-31": "", "2006-09-30": "", "2006-06-30": "", "2006-03-31": "", "2005-12-31": "", "2005-09-30": "", "2005-06-30": "", "2005-03-31": ""}, "EBITDA Margin": {"2020-09-30": "", "2020-06-30": "", "2020-03-31": "", "2019-12-31": "", "2019-09-30": "", "2019-06-30": "", "2019-03-31": "", "2018-12-31": "", "2018-09-30": "", "2018-06-30": "", "2018-03-31": "", "2017-12-31": "", "2017-09-30": "", "2017-06-30": "", "2017-03-31": "", "2016-12-31": "", "2016-09-30": "", "2016-06-30": "", "2016-03-31": "", "2015-12-31": "", "2015-09-30": "", "2015-06-30": "", "2015-03-31": "", "2014-12-31": "", "2014-09-30": "", "2014-06-30": "", "2014-03-31": "", "2013-12-31": "", "2013-09-30": "", "2013-06-30": "", "2013-03-31": "", "2012-12-31": "", "2012-09-30": "", "2012-06-30": "", "2012-03-31": "", "2011-12-31": "", "2011-09-30": "", "2011-06-30": "", "2011-03-31": "", "2010-12-31": "", "2010-09-30": "", "2010-06-30": "", "2010-03-31": "", "2009-12-31": "", "2009-09-30": "", "2009-06-30": "", "2009-03-31": "", "2008-12-31": "", "2008-09-30": "", "2008-06-30": "", "2008-03-31": "", "2007-12-31": "", "2007-09-30": "", "2007-06-30": "", "2007-03-31": "", "2006-12-31": "", "2006-09-30": "", "2006-06-30": "", "2006-03-31": "", "2005-12-31": "", "2005-09-30": "", "2005-06-30": "", "2005-03-31": ""}, "Pre-Tax Profit Margin": {"2020-09-30": "30.72760", "2020-06-30": "26.66790", "2020-03-31": "-851.75220", "2019-12-31": "54.30940", "2019-09-30": "54.49410", "2019-06-30": "58.71270", "2019-03-31": "55.20780", "2018-12-31": "54.38080", "2018-09-30": "55.14880", "2018-06-30": "55.54930", "2018-03-31": "56.23050", "2017-12-31": "49.57810", "2017-09-30": "54.04510", "2017-06-30": "55.79180", "2017-03-31": "52.00750", "2016-12-31": "53.29570", "2016-09-30": "56.25560", "2016-06-30": "54.50730", "2016-03-31": "57.26220", "2015-12-31": "49.78580", "2015-09-30": "54.82480", "2015-06-30": "60.45560", "2015-03-31": "58.54790", "2014-12-31": "55.59590", "2014-09-30": "52.56460", "2014-06-30": "13.66550", "2014-03-31": "45.08590", "2013-12-31": "15.99340", "2013-09-30": "38.63490", "2013-06-30": "8.93670", "2013-03-31": "32.43780", "2012-12-31": "42.72500", "2012-09-30": "34.27360", "2012-06-30": "35.30690", "2012-03-31": "10.54460", "2011-12-31": "35.98560", "2011-09-30": "31.79430", "2011-06-30": "32.10000", "2011-03-31": "30.79060", "2010-12-31": "-37.83600", "2010-09-30": "10.34520", "2010-06-30": "8.50500", "2010-03-31": "193.76100", "2009-12-31": "-44.65850", "2009-09-30": "9.19940", "2009-06-30": "-25.86260", "2009-03-31": "4.61400", "2008-12-31": "30.22260", "2008-09-30": "29.27500", "2008-06-30": "-809.23560", "2008-03-31": "-709.34010", "2007-12-31": "44.33720", "2007-09-30": "52.02670", "2007-06-30": "51.34420", "2007-03-31": "57.75790", "2006-12-31": "50.46610", "2006-09-30": "54.62250", "2006-06-30": "46.15840", "2006-03-31": "52.83230", "2005-12-31": "51.78670", "2005-09-30": "49.85100", "2005-06-30": "50.17410", "2005-03-31": "45.27910"}, "Net Profit Margin": {"2020-09-30": "23.62860", "2020-06-30": "19.17790", "2020-03-31": "-859.50000", "2019-12-31": "42.99300", "2019-09-30": "39.48330", "2019-06-30": "41.78370", "2019-03-31": "39.52650", "2018-12-31": "40.17850", "2018-09-30": "40.19860", "2018-06-30": "40.21060", "2018-03-31": "40.25340", "2017-12-31": "29.32330", "2017-09-30": "38.88960", "2017-06-30": "34.76620", "2017-03-31": "31.98390", "2016-12-31": "33.32600", "2016-09-30": "37.10030", "2016-06-30": "33.60060", "2016-03-31": "34.51410", "2015-12-31": "29.22190", "2015-09-30": "34.88960", "2015-06-30": "39.08070", "2015-03-31": "35.50650", "2014-12-31": "34.13480", "2014-09-30": "30.77860", "2014-06-30": "5.23770", "2014-03-31": "26.90750", "2013-12-31": "3.59600", "2013-09-30": "25.52550", "2013-06-30": "5.86660", "2013-03-31": "20.13580", "2012-12-31": "25.28390", "2012-09-30": "19.73940", "2012-06-30": "20.41870", "2012-03-31": "6.67650", "2011-12-31": "19.75260", "2011-09-30": "18.67600", "2011-06-30": "18.73530", "2011-03-31": "17.20250", "2010-12-31": "-21.50070", "2010-09-30": "6.79590", "2010-06-30": "5.78620", "2010-03-31": "112.23320", "2009-12-31": "-24.89200", "2009-09-30": "5.25430", "2009-06-30": "-15.07270", "2009-03-31": "3.53700", "2008-12-31": "19.85060", "2008-09-30": "17.84330", "2008-06-30": "-823.29460", "2008-03-31": "-711.53170", "2007-12-31": "26.12610", "2007-09-30": "30.84280", "2007-06-30": "30.44620", "2007-03-31": "34.07010", "2006-12-31": "30.72040", "2006-09-30": "32.19510", "2006-06-30": "27.35430", "2006-03-31": "31.36520", "2005-12-31": "30.40830", "2005-09-30": "29.33580", "2005-06-30": "29.60200", "2005-03-31": "26.80280"}, "Asset Turnover": {"2020-09-30": "0.00680", "2020-06-30": "0.00630", "2020-03-31": "0.00640", "2019-12-31": "0.01010", "2019-09-30": "0.01040", "2019-06-30": "0.01150", "2019-03-31": "0.01070", "2018-12-31": "0.01100", "2018-09-30": "0.01150", "2018-06-30": "0.01160", "2018-03-31": "0.01210", "2017-12-31": "0.01130", "2017-09-30": "0.01160", "2017-06-30": "0.01200", "2017-03-31": "0.01110", "2016-12-31": "0.01160", "2016-09-30": "0.01190", "2016-06-30": "0.01140", "2016-03-31": "0.01230", "2015-12-31": "0.01140", "2015-09-30": "0.01190", "2015-06-30": "0.01290", "2015-03-31": "0.01220", "2014-12-31": "0.01270", "2014-09-30": "0.01260", "2014-06-30": "0.01250", "2014-03-31": "0.01400", "2013-12-31": "0.01200", "2013-09-30": "0.01380", "2013-06-30": "0.01050", "2013-03-31": "0.01230", "2012-12-31": "0.01390", "2012-09-30": "0.01420", "2012-06-30": "0.01380", "2012-03-31": "0.01410", "2011-12-31": "0.01230", "2011-09-30": "0.01300", "2011-06-30": "0.01270", "2011-03-31": "0.01090", "2010-12-31": "0.00650", "2010-09-30": "0.00900", "2010-06-30": "0.00910", "2010-03-31": "-0.01040", "2009-12-31": "0.00590", "2009-09-30": "0.00950", "2009-06-30": "0.00850", "2009-03-31": "0.00910", "2008-12-31": "0.01080", "2008-09-30": "0.01230", "2008-06-30": "0.01330", "2008-03-31": "0.00780", "2007-12-31": "0.01260", "2007-09-30": "0.01420", "2007-06-30": "0.01440", "2007-03-31": "0.01570", "2006-12-31": "0.01330", "2006-09-30": "0.01440", "2006-06-30": "0.01160", "2006-03-31": "0.01510", "2005-12-31": "0.01560", "2005-09-30": "0.01420", "2005-06-30": "0.01400", "2005-03-31": "0.01360"}, "Inventory Turnover Ratio": {"2020-09-30": "", "2020-06-30": "", "2020-03-31": "", "2019-12-31": "", "2019-09-30": "", "2019-06-30": "", "2019-03-31": "", "2018-12-31": "", "2018-09-30": "", "2018-06-30": "", "2018-03-31": "", "2017-12-31": "", "2017-09-30": "", "2017-06-30": "", "2017-03-31": "", "2016-12-31": "", "2016-09-30": "", "2016-06-30": "", "2016-03-31": "", "2015-12-31": "", "2015-09-30": "", "2015-06-30": "", "2015-03-31": "", "2014-12-31": "", "2014-09-30": "", "2014-06-30": "", "2014-03-31": "", "2013-12-31": "", "2013-09-30": "", "2013-06-30": "", "2013-03-31": "", "2012-12-31": "", "2012-09-30": "", "2012-06-30": "", "2012-03-31": "", "2011-12-31": "", "2011-09-30": "", "2011-06-30": "", "2011-03-31": "", "2010-12-31": "", "2010-09-30": "", "2010-06-30": "", "2010-03-31": "", "2009-12-31": "", "2009-09-30": "", "2009-06-30": "", "2009-03-31": "", "2008-12-31": "", "2008-09-30": "", "2008-06-30": "", "2008-03-31": "", "2007-12-31": "", "2007-09-30": "", "2007-06-30": "", "2007-03-31": "", "2006-12-31": "", "2006-09-30": "", "2006-06-30": "", "2006-03-31": "", "2005-12-31": "", "2005-09-30": "", "2005-06-30": "", "2005-03-31": ""}, "Receiveable Turnover": {"2020-09-30": "", "2020-06-30": "", "2020-03-31": "", "2019-12-31": "", "2019-09-30": "", "2019-06-30": "", "2019-03-31": "", "2018-12-31": "", "2018-09-30": "", "2018-06-30": "", "2018-03-31": "", "2017-12-31": "", "2017-09-30": "", "2017-06-30": "", "2017-03-31": "", "2016-12-31": "", "2016-09-30": "", "2016-06-30": "", "2016-03-31": "", "2015-12-31": "", "2015-09-30": "", "2015-06-30": "", "2015-03-31": "", "2014-12-31": "", "2014-09-30": "", "2014-06-30": "", "2014-03-31": "", "2013-12-31": "", "2013-09-30": "", "2013-06-30": "", "2013-03-31": "", "2012-12-31": "", "2012-09-30": "", "2012-06-30": "", "2012-03-31": "", "2011-12-31": "", "2011-09-30": "", "2011-06-30": "", "2011-03-31": "", "2010-12-31": "", "2010-09-30": "", "2010-06-30": "", "2010-03-31": "", "2009-12-31": "", "2009-09-30": "", "2009-06-30": "", "2009-03-31": "", "2008-12-31": "", "2008-09-30": "", "2008-06-30": "", "2008-03-31": "", "2007-12-31": "", "2007-09-30": "", "2007-06-30": "", "2007-03-31": "", "2006-12-31": "", "2006-09-30": "", "2006-06-30": "", "2006-03-31": "", "2005-12-31": "", "2005-09-30": "", "2005-06-30": "", "2005-03-31": ""}, "Days Sales In Receivables": {"2020-09-30": "", "2020-06-30": "", "2020-03-31": "", "2019-12-31": "", "2019-09-30": "", "2019-06-30": "", "2019-03-31": "", "2018-12-31": "", "2018-09-30": "", "2018-06-30": "", "2018-03-31": "", "2017-12-31": "", "2017-09-30": "", "2017-06-30": "", "2017-03-31": "", "2016-12-31": "", "2016-09-30": "", "2016-06-30": "", "2016-03-31": "", "2015-12-31": "", "2015-09-30": "", "2015-06-30": "", "2015-03-31": "", "2014-12-31": "", "2014-09-30": "", "2014-06-30": "", "2014-03-31": "", "2013-12-31": "", "2013-09-30": "", "2013-06-30": "", "2013-03-31": "", "2012-12-31": "", "2012-09-30": "", "2012-06-30": "", "2012-03-31": "", "2011-12-31": "", "2011-09-30": "", "2011-06-30": "", "2011-03-31": "", "2010-12-31": "", "2010-09-30": "", "2010-06-30": "", "2010-03-31": "", "2009-12-31": "", "2009-09-30": "", "2009-06-30": "", "2009-03-31": "", "2008-12-31": "", "2008-09-30": "", "2008-06-30": "", "2008-03-31": "", "2007-12-31": "", "2007-09-30": "", "2007-06-30": "", "2007-03-31": "", "2006-12-31": "", "2006-09-30": "", "2006-06-30": "", "2006-03-31": "", "2005-12-31": "", "2005-09-30": "", "2005-06-30": "", "2005-03-31": ""}, "ROE - Return On Equity": {"2020-09-30": "1.30520", "2020-06-30": "0.96160", "2020-03-31": "-42.26980", "2019-12-31": "2.37920", "2019-09-30": "2.23630", "2019-06-30": "2.64070", "2019-03-31": "2.35030", "2018-12-31": "2.38400", "2018-09-30": "2.45240", "2018-06-30": "2.42230", "2018-03-31": "2.42990", "2017-12-31": "1.68830", "2017-09-30": "2.20070", "2017-06-30": "2.05370", "2017-03-31": "1.74500", "2016-12-31": "1.91220", "2016-09-30": "2.06700", "2016-06-30": "1.82060", "2016-03-31": "2.02970", "2015-12-31": "1.63360", "2015-09-30": "1.94370", "2015-06-30": "2.39570", "2015-03-31": "2.06830", "2014-12-31": "2.02660", "2014-09-30": "1.79040", "2014-06-30": "0.32660", "2014-03-31": "3.10720", "2013-12-31": "0.42600", "2013-09-30": "2.95730", "2013-06-30": "0.54830", "2013-03-31": "2.28790", "2012-12-31": "3.37660", "2012-09-30": "2.75440", "2012-06-30": "2.75030", "2012-03-31": "0.95770", "2011-12-31": "2.54170", "2011-09-30": "2.46610", "2011-06-30": "2.50820", "2011-03-31": "2.17270", "2010-12-31": "-1.60570", "2010-09-30": "0.70880", "2010-06-30": "0.55590", "2010-03-31": "-12.74800", "2009-12-31": "-1.53520", "2009-09-30": "0.52650", "2009-06-30": "-1.23680", "2009-03-31": "0.30810", "2008-12-31": "2.56060", "2008-09-30": "2.53820", "2008-06-30": "-126.62350", "2008-03-31": "-31.77430", "2007-12-31": "1.49860", "2007-09-30": "1.87660", "2007-06-30": "1.83860", "2007-03-31": "2.41450", "2006-12-31": "1.94890", "2006-09-30": "2.38970", "2006-06-30": "1.65090", "2006-03-31": "2.72150", "2005-12-31": "3.05360", "2005-09-30": "2.87420", "2005-06-30": "3.00530", "2005-03-31": "2.67960"}, "Return On Tangible Equity": {"2020-09-30": "1.91130", "2020-06-30": "1.41680", "2020-03-31": "-62.93100", "2019-12-31": "4.97890", "2019-09-30": "4.72440", "2019-06-30": "5.67940", "2019-03-31": "5.14160", "2018-12-31": "5.18250", "2018-09-30": "5.45720", "2018-06-30": "5.35410", "2018-03-31": "5.26720", "2017-12-31": "3.57710", "2017-09-30": "4.21100", "2017-06-30": "3.97530", "2017-03-31": "3.41910", "2016-12-31": "3.77510", "2016-09-30": "4.03140", "2016-06-30": "3.58230", "2016-03-31": "4.05150", "2015-12-31": "3.31340", "2015-09-30": "3.78220", "2015-06-30": "4.70360", "2015-03-31": "4.08430", "2014-12-31": "4.01780", "2014-09-30": "3.58470", "2014-06-30": "0.66360", "2014-03-31": "4.25320", "2013-12-31": "0.59110", "2013-09-30": "4.14960", "2013-06-30": "0.76810", "2013-03-31": "2.71740", "2012-12-31": "4.02240", "2012-09-30": "3.29270", "2012-06-30": "3.19640", "2012-03-31": "1.10560", "2011-12-31": "2.83530", "2011-09-30": "2.76550", "2011-06-30": "2.84350", "2011-03-31": "2.53540", "2010-12-31": "-1.89520", "2010-09-30": "0.83510", "2010-06-30": "0.59040", "2010-03-31": "-13.63440", "2009-12-31": "-1.64320", "2009-09-30": "0.56550", "2009-06-30": "-1.33900", "2009-03-31": "0.33500", "2008-12-31": "2.86510", "2008-09-30": "2.81090", "2008-06-30": "-141.23570", "2008-03-31": "-82.60780", "2007-12-31": "5.12930", "2007-09-30": "5.96360", "2007-06-30": "5.51880", "2007-03-31": "7.23440", "2006-12-31": "5.99470", "2006-09-30": "6.95120", "2006-06-30": "5.09160", "2006-03-31": "7.37570", "2005-12-31": "8.61090", "2005-09-30": "8.44240", "2005-06-30": "8.54420", "2005-03-31": "8.09140"}, "ROA - Return On Assets": {"2020-09-30": "0.16010", "2020-06-30": "0.12130", "2020-03-31": "-5.48180", "2019-12-31": "0.44030", "2019-09-30": "0.41170", "2019-06-30": "0.48630", "2019-03-31": "0.42780", "2018-12-31": "0.44710", "2018-09-30": "0.46920", "2018-06-30": "0.47180", "2018-03-31": "0.48980", "2017-12-31": "0.33620", "2017-09-30": "0.45620", "2017-06-30": "0.42090", "2017-03-31": "0.35880", "2016-12-31": "0.39160", "2016-09-30": "0.44050", "2016-06-30": "0.38860", "2016-03-31": "0.43010", "2015-12-31": "0.33750", "2015-09-30": "0.41400", "2015-06-30": "0.50960", "2015-03-31": "0.43910", "2014-12-31": "0.43770", "2014-09-30": "0.39070", "2014-06-30": "0.07160", "2014-03-31": "0.39740", "2013-12-31": "0.05280", "2013-09-30": "0.36480", "2013-06-30": "0.06550", "2013-03-31": "0.25460", "2012-12-31": "0.36410", "2012-09-30": "0.29050", "2012-06-30": "0.29230", "2012-03-31": "0.09660", "2011-12-31": "0.25110", "2011-09-30": "0.24220", "2011-06-30": "0.23800", "2011-03-31": "0.19520", "2010-12-31": "-0.13900", "2010-09-30": "0.06090", "2010-06-30": "0.05250", "2010-03-31": "-1.16340", "2009-12-31": "-0.14610", "2009-09-30": "0.04970", "2009-06-30": "-0.12820", "2009-03-31": "0.03210", "2008-12-31": "0.21400", "2008-09-30": "0.21890", "2008-06-30": "-10.92510", "2008-03-31": "-5.57410", "2007-12-31": "0.32940", "2007-09-30": "0.43650", "2007-06-30": "0.43790", "2007-03-31": "0.53530", "2006-12-31": "0.41000", "2006-09-30": "0.46450", "2006-06-30": "0.31710", "2006-03-31": "0.47030", "2005-12-31": "0.47400", "2005-09-30": "0.41520", "2005-06-30": "0.41570", "2005-03-31": "0.36510"}, "ROI - Return On Investment": {"2020-09-30": "1.13490", "2020-06-30": "0.83560", "2020-03-31": "-23.32390", "2019-12-31": "1.64360", "2019-09-30": "1.65970", "2019-06-30": "1.77430", "2019-03-31": "1.67400", "2018-12-31": "1.72980", "2018-09-30": "1.73360", "2018-06-30": "1.80360", "2018-03-31": "2.00640", "2017-12-31": "1.42260", "2017-09-30": "1.91110", "2017-06-30": "1.79290", "2017-03-31": "1.45380", "2016-12-31": "1.47020", "2016-09-30": "1.69950", "2016-06-30": "1.39960", "2016-03-31": "1.66070", "2015-12-31": "1.31680", "2015-09-30": "1.52350", "2015-06-30": "2.13340", "2015-03-31": "1.59460", "2014-12-31": "1.64360", "2014-09-30": "1.45660", "2014-06-30": "0.28960", "2014-03-31": "2.66450", "2013-12-31": "0.32660", "2013-09-30": "2.52240", "2013-06-30": "0.46580", "2013-03-31": "1.90260", "2012-12-31": "2.80180", "2012-09-30": "2.26490", "2012-06-30": "2.25650", "2012-03-31": "0.61860", "2011-12-31": "1.54170", "2011-09-30": "1.48850", "2011-06-30": "1.48210", "2011-03-31": "1.26220", "2010-12-31": "-0.92250", "2010-09-30": "0.38960", "2010-06-30": "0.30350", "2010-03-31": "-5.98660", "2009-12-31": "-0.65970", "2009-09-30": "0.19710", "2009-06-30": "-0.48690", "2009-03-31": "0.13780", "2008-12-31": "1.00670", "2008-09-30": "0.84740", "2008-06-30": "-42.89780", "2008-03-31": "-17.84500", "2007-12-31": "0.90310", "2007-09-30": "1.39040", "2007-06-30": "1.35170", "2007-03-31": "1.78820", "2006-12-31": "1.25340", "2006-09-30": "1.39000", "2006-06-30": "1.08710", "2006-03-31": "1.74140", "2005-12-31": "1.95370", "2005-09-30": "1.89760", "2005-06-30": "1.88490", "2005-03-31": "1.65670"}, "Book Value Per Share": {"2020-09-30": "29.42220", "2020-06-30": "29.16920", "2020-03-31": "28.75230", "2019-12-31": "41.36430", "2019-09-30": "41.05870", "2019-06-30": "40.49110", "2019-03-31": "39.85810", "2018-12-31": "39.17190", "2018-09-30": "38.46180", "2018-06-30": "38.35620", "2018-03-31": "39.01050", "2017-12-31": "38.65110", "2017-09-30": "37.96350", "2017-06-30": "37.54620", "2017-03-31": "37.13190", "2016-12-31": "36.93030", "2016-09-30": "37.29000", "2016-06-30": "37.04900", "2016-03-31": "36.59810", "2015-12-31": "36.22060", "2015-09-30": "34.75560", "2015-06-30": "34.46310", "2015-03-31": "34.28980", "2014-12-31": "34.03380", "2014-09-30": "33.76020", "2014-06-30": "33.36730", "2014-03-31": "18.21190", "2013-12-31": "17.65690", "2013-09-30": "17.71040", "2013-06-30": "17.39760", "2013-03-31": "15.90990", "2012-12-31": "15.74310", "2012-09-30": "15.60890", "2012-06-30": "15.12350", "2012-03-31": "14.73660", "2011-12-31": "14.66160", "2011-09-30": "14.47890", "2011-06-30": "14.94740", "2011-03-31": "13.20220", "2010-12-31": "13.05620", "2010-09-30": "13.45110", "2010-06-30": "13.25270", "2010-03-31": "12.92760", "2009-12-31": "14.47300", "2009-09-30": "14.77740", "2009-06-30": "14.36390", "2009-03-31": "14.49120", "2008-12-31": "13.17600", "2008-09-30": "13.36670", "2008-06-30": "13.29590", "2008-03-31": "30.49290", "2007-12-31": "40.65250", "2007-09-30": "40.49200", "2007-06-30": "40.54630", "2007-03-31": "39.76510", "2006-12-31": "39.42260", "2006-09-30": "35.79910", "2006-06-30": "35.16650", "2006-03-31": "30.39610", "2005-12-31": "27.29480", "2005-09-30": "25.80010", "2005-06-30": "23.88030", "2005-03-31": "23.32320"}, "Operating Cash Flow Per Share": {"2020-09-30": 0.6192, "2020-06-30": 1.3326, "2020-03-31": "0.98550", "2019-12-31": 1.0981, "2019-09-30": 1.4687, "2019-06-30": 1.1045, "2019-03-31": "1.25660", "2018-12-31": 1.1934, "2018-09-30": 1.3382, "2018-06-30": 1.3813, "2018-03-31": "1.07860", "2017-12-31": 0.8415, "2017-09-30": 1.4396, "2017-06-30": 0.349, "2017-03-31": "1.19480", "2016-12-31": 1.2715, "2016-09-30": 1.3016, "2016-06-30": 1.1695, "2016-03-31": "1.09940", "2015-12-31": 1.0287, "2015-09-30": 1.2152, "2015-06-30": 1.495, "2015-03-31": "1.24110", "2014-12-31": 1.8138, "2014-09-30": 0.9033, "2014-06-30": -0.0685, "2014-03-31": "0.61020", "2013-12-31": -0.3659, "2013-09-30": 0.4152, "2013-06-30": 0.3629, "2013-03-31": "0.72150", "2012-12-31": 1.266, "2012-09-30": 0.6332, "2012-06-30": 1.105, "2012-03-31": "0.29910", "2011-12-31": 1.3041, "2011-09-30": 1.6791, "2011-06-30": 1.0655, "2011-03-31": "0.74120", "2010-12-31": 2.3425, "2010-09-30": 0.8353, "2010-06-30": 1.882, "2010-03-31": "1.55760", "2009-12-31": 0.6743, "2009-09-30": 0.8126, "2009-06-30": 0.4522, "2009-03-31": "0.30430", "2008-12-31": 1.0747, "2008-09-30": 1.0149, "2008-06-30": 0.6941, "2008-03-31": "1.40360", "2007-12-31": 1.2489, "2007-09-30": 0.794, "2007-06-30": 2.8781, "2007-03-31": "1.75950", "2006-12-31": 1.6573, "2006-09-30": 0.6461, "2006-06-30": 0.8175, "2006-03-31": "0.86640", "2005-12-31": 1.4563, "2005-09-30": 0.9608, "2005-06-30": 0.9945, "2005-03-31": "0.74350"}, "Free Cash Flow Per Share": {"2020-09-30": 0.6094, "2020-06-30": 1.2893, "2020-03-31": "0.95270", "2019-12-31": 1.1002, "2019-09-30": 1.449, "2019-06-30": 1.0956, "2019-03-31": "1.22860", "2018-12-31": 1.2778, "2018-09-30": 1.3214, "2018-06-30": 1.3547, "2018-03-31": "1.04710", "2017-12-31": 0.9091, "2017-09-30": 1.4256, "2017-06-30": 0.3405, "2017-03-31": "1.26620", "2016-12-31": 1.2566, "2016-09-30": 1.2945, "2016-06-30": 1.1788, "2016-03-31": "1.11230", "2015-12-31": 1.1028, "2015-09-30": 1.2321, "2015-06-30": 1.5419, "2015-03-31": "1.30470", "2014-12-31": 1.81, "2014-09-30": 0.8996, "2014-06-30": -0.1093, "2014-03-31": "0.66920", "2013-12-31": 0.4268, "2013-09-30": 0.3982, "2013-06-30": 0.3505, "2013-03-31": "0.70080", "2012-12-31": 1.1905, "2012-09-30": 0.6227, "2012-06-30": 1.099, "2012-03-31": "0.27330", "2011-12-31": 1.261, "2011-09-30": 1.6512, "2011-06-30": 1.0004, "2011-03-31": "0.71110", "2010-12-31": 2.2639, "2010-09-30": 0.8153, "2010-06-30": 1.8571, "2010-03-31": "1.53300", "2009-12-31": 0.6554, "2009-09-30": 0.7898, "2009-06-30": 0.4275, "2009-03-31": "0.27410", "2008-12-31": 1.056, "2008-09-30": 0.9726, "2008-06-30": 0.6433, "2008-03-31": "1.37600", "2007-12-31": 1.2236, "2007-09-30": 1.099, "2007-06-30": 2.8366, "2007-03-31": "1.70380", "2006-12-31": 1.5732, "2006-09-30": 0.5924, "2006-06-30": 0.718, "2006-03-31": "0.80410", "2005-12-31": 1.2942, "2005-09-30": 1.0462, "2005-06-30": 0.9493, "2005-03-31": "0.69390"}}, "revenue": {"PacWest Bancorp Annual Revenue (Millions of US $)": {"2020": "$1,250", "2019": "$1,362", "2018": "$1,310", "2017": "$1,181", "2016": "$1,128", "2015": "$968", "2014": "$747", "2013": "$314", "2012": "$312", "2011": "$327", "2010": "$334", "2009": "$376", "2008": "$312", "2007": "$384", "2006": "$318", "2005": "$197"}, "PacWest Bancorp Quarterly Revenue (Millions of US $)": {"2020-12-31": "$312", "2020-09-30": "$304", "2020-06-30": "$313", "2020-03-31": "$320", "2019-12-31": "$321", "2019-09-30": "$341", "2019-06-30": "$365", "2019-03-31": "$336", "2018-12-31": "$336", "2018-09-30": "$330", "2018-06-30": "$328", "2018-03-31": "$316", "2017-12-31": "$311", "2017-09-30": "$292", "2017-06-30": "$295", "2017-03-31": "$283", "2016-12-31": "$291", "2016-09-30": "$275", "2016-06-30": "$269", "2016-03-31": "$294", "2015-12-31": "$272", "2015-09-30": "$223", "2015-06-30": "$238", "2015-03-31": "$235", "2014-12-31": "$222", "2014-09-30": "$219", "2014-06-30": "$213", "2014-03-31": "$93", "2013-12-31": "$80", "2013-09-30": "$90", "2013-06-30": "$72", "2013-03-31": "$72", "2012-12-31": "$76", "2012-09-30": "$81", "2012-06-30": "$78", "2012-03-31": "$78", "2011-12-31": "$79", "2011-09-30": "$80", "2011-06-30": "$88", "2011-03-31": "$79", "2010-12-31": "$83", "2010-09-30": "$85", "2010-06-30": "$79", "2010-03-31": "$90", "2009-12-31": "$97", "2009-09-30": "$140", "2009-06-30": "$69", "2009-03-31": "$70", "2008-12-31": "$75", "2008-09-30": "$77", "2008-06-30": "$77", "2008-03-31": "$84", "2007-12-31": "$90", "2007-09-30": "$93", "2007-06-30": "$94", "2007-03-31": "$107", "2006-12-31": "$95", "2006-09-30": "$82", "2006-06-30": "$75", "2006-03-31": "$66", "2005-12-31": "$57", "2005-09-30": "$50", "2005-06-30": "$46", "2005-03-31": "$44"}}, "gross-profit": {"PacWest Bancorp Annual Gross Profit (Millions of US $)": {"2020": "$1,161", "2019": "$1,157", "2018": "$1,190", "2017": "$1,108", "2016": "$1,074", "2015": "$908", "2014": "$705", "2013": "$302", "2012": "$292", "2011": "$294", "2010": "$293", "2009": "$322", "2008": "$244", "2007": "$298", "2006": "$258", "2005": "$174"}, "PacWest Bancorp Quarterly Gross Profit (Millions of US $)": {"2020-12-31": "$299", "2020-09-30": "$290", "2020-06-30": "$293", "2020-03-31": "$279", "2019-12-31": "$274", "2019-09-30": "$286", "2019-06-30": "$312", "2019-03-31": "$286", "2018-12-31": "$295", "2018-09-30": "$297", "2018-06-30": "$302", "2018-03-31": "$295", "2017-12-31": "$290", "2017-09-30": "$273", "2017-06-30": "$278", "2017-03-31": "$268", "2016-12-31": "$277", "2016-09-30": "$262", "2016-06-30": "$256", "2016-03-31": "$279", "2015-12-31": "$257", "2015-09-30": "$208", "2015-06-30": "$222", "2015-03-31": "$220", "2014-12-31": "$208", "2014-09-30": "$205", "2014-06-30": "$201", "2014-03-31": "$91", "2013-12-31": "$77", "2013-09-30": "$87", "2013-06-30": "$69", "2013-03-31": "$69", "2012-12-31": "$72", "2012-09-30": "$76", "2012-06-30": "$73", "2012-03-31": "$71", "2011-12-31": "$72", "2011-09-30": "$72", "2011-06-30": "$80", "2011-03-31": "$71", "2010-12-31": "$73", "2010-09-30": "$75", "2010-06-30": "$69", "2010-03-31": "$79", "2009-12-31": "$84", "2009-09-30": "$127", "2009-06-30": "$56", "2009-03-31": "$55", "2008-12-31": "$57", "2008-09-30": "$61", "2008-06-30": "$61", "2008-03-31": "$64", "2007-12-31": "$68", "2007-09-30": "$72", "2007-06-30": "$74", "2007-03-31": "$84", "2006-12-31": "$74", "2006-09-30": "$66", "2006-06-30": "$62", "2006-03-31": "$56", "2005-12-31": "$50", "2005-09-30": "$44", "2005-06-30": "$41", "2005-03-31": "$39"}}, "operating-income": {"PacWest Bancorp Annual Operating Income (Millions of US $)": {"2020": "$-1,161", "2019": "$633", "2018": "$635", "2017": "$574", "2016": "$558", "2015": "$501", "2014": "$388", "2013": "$119", "2012": "$98", "2011": "$88", "2010": "$-108", "2009": "$-17", "2008": "$-708", "2007": "$155", "2006": "$129", "2005": "$85"}, "PacWest Bancorp Quarterly Operating Income (Millions of US $)": {"2020-12-31": "$154", "2020-09-30": "$59", "2020-06-30": "$46", "2020-03-31": "$-1,421", "2019-12-31": "$147", "2019-09-30": "$152", "2019-06-30": "$178", "2019-03-31": "$156", "2018-12-31": "$154", "2018-09-30": "$158", "2018-06-30": "$158", "2018-03-31": "$164", "2017-12-31": "$157", "2017-09-30": "$141", "2017-06-30": "$150", "2017-03-31": "$127", "2016-12-31": "$135", "2016-09-30": "$142", "2016-06-30": "$132", "2016-03-31": "$149", "2015-12-31": "$139", "2015-09-30": "$110", "2015-06-30": "$131", "2015-03-31": "$121", "2014-12-31": "$122", "2014-09-30": "$110", "2014-06-30": "$113", "2014-03-31": "$43", "2013-12-31": "$17", "2013-09-30": "$41", "2013-06-30": "$24", "2013-03-31": "$22", "2012-12-31": "$34", "2012-09-30": "$29", "2012-06-30": "$27", "2012-03-31": "$8", "2011-12-31": "$25", "2011-09-30": "$23", "2011-06-30": "$22", "2011-03-31": "$18", "2010-12-31": "$-14", "2010-09-30": "$5", "2010-06-30": "$4", "2010-03-31": "$-105", "2009-12-31": "$-14", "2009-09-30": "$5", "2009-06-30": "$-10", "2009-03-31": "$3", "2008-12-31": "$15", "2008-09-30": "$16", "2008-06-30": "$-466", "2008-03-31": "$-272", "2007-12-31": "$29", "2007-09-30": "$37", "2007-06-30": "$39", "2007-03-31": "$49", "2006-12-31": "$39", "2006-09-30": "$36", "2006-06-30": "$25", "2006-03-31": "$29", "2005-12-31": "$26", "2005-09-30": "$22", "2005-06-30": "$20", "2005-03-31": "$17"}}, "ebitda": {"PacWest Bancorp Annual EBITDA (Millions of US $)": {"2019": "$", "2018": "$", "2017": "$", "2016": "$", "2015": "$", "2014": "$", "2013": "$", "2012": "$", "2011": "$", "2010": "$", "2009": "$", "2008": "$", "2007": "$", "2006": "$", "2005": "$"}, "PacWest Bancorp Quarterly EBITDA (Millions of US $)": {"2020-09-30": "", "2020-06-30": "", "2020-03-31": "", "2019-12-31": "", "2019-09-30": "", "2019-06-30": "", "2019-03-31": "", "2018-12-31": "", "2018-09-30": "", "2018-06-30": "", "2018-03-31": "", "2017-12-31": "", "2017-09-30": "", "2017-06-30": "", "2017-03-31": "", "2016-12-31": "", "2016-09-30": "", "2016-06-30": "", "2016-03-31": "", "2015-12-31": "", "2015-09-30": "", "2015-06-30": "", "2015-03-31": "", "2014-12-31": "", "2014-09-30": "", "2014-06-30": "", "2014-03-31": "", "2013-12-31": "", "2013-09-30": "", "2013-06-30": "", "2013-03-31": "", "2012-12-31": "", "2012-09-30": "", "2012-06-30": "", "2012-03-31": "", "2011-12-31": "", "2011-09-30": "", "2011-06-30": "", "2011-03-31": "", "2010-12-31": "", "2010-09-30": "", "2010-06-30": "", "2010-03-31": "", "2009-12-31": "", "2009-09-30": "", "2009-06-30": "", "2009-03-31": "", "2008-12-31": "", "2008-09-30": "", "2008-06-30": "", "2008-03-31": "", "2007-12-31": "", "2007-09-30": "", "2007-06-30": "", "2007-03-31": "", "2006-12-31": "", "2006-09-30": "", "2006-06-30": "", "2006-03-31": "", "2005-12-31": "", "2005-09-30": "", "2005-06-30": "", "2005-03-31": ""}}, "net-income": {"PacWest Bancorp Annual Net Income (Millions of US $)": {"2020": "$-1,239", "2019": "$463", "2018": "$460", "2017": "$354", "2016": "$348", "2015": "$297", "2014": "$167", "2013": "$44", "2012": "$57", "2011": "$51", "2010": "$-62", "2009": "$-9", "2008": "$-728", "2007": "$90", "2006": "$76", "2005": "$50"}, "PacWest Bancorp Quarterly Net Income (Millions of US $)": {"2020-12-31": "$115", "2020-09-30": "$46", "2020-06-30": "$33", "2020-03-31": "$-1,434", "2019-12-31": "$116", "2019-09-30": "$110", "2019-06-30": "$127", "2019-03-31": "$111", "2018-12-31": "$114", "2018-09-30": "$115", "2018-06-30": "$114", "2018-03-31": "$117", "2017-12-31": "$83", "2017-09-30": "$100", "2017-06-30": "$93", "2017-03-31": "$78", "2016-12-31": "$85", "2016-09-30": "$94", "2016-06-30": "$81", "2016-03-31": "$89", "2015-12-31": "$71", "2015-09-30": "$70", "2015-06-30": "$84", "2015-03-31": "$72", "2014-12-31": "$70", "2014-09-30": "$62", "2014-06-30": "$10", "2014-03-31": "$25", "2013-12-31": "$3", "2013-09-30": "$23", "2013-06-30": "$4", "2013-03-31": "$13", "2012-12-31": "$19", "2012-09-30": "$16", "2012-06-30": "$15", "2012-03-31": "$5", "2011-12-31": "$13", "2011-09-30": "$13", "2011-06-30": "$13", "2011-03-31": "$10", "2010-12-31": "$-8", "2010-09-30": "$4", "2010-06-30": "$3", "2010-03-31": "$-61", "2009-12-31": "$-8", "2009-09-30": "$3", "2009-06-30": "$-6", "2009-03-31": "$1", "2008-12-31": "$10", "2008-09-30": "$10", "2008-06-30": "$-475", "2008-03-31": "$-273", "2007-12-31": "$17", "2007-09-30": "$22", "2007-06-30": "$23", "2007-03-31": "$29", "2006-12-31": "$23", "2006-09-30": "$21", "2006-06-30": "$14", "2006-03-31": "$17", "2005-12-31": "$15", "2005-09-30": "$13", "2005-06-30": "$12", "2005-03-31": "$10"}}, "eps-earnings-per-share-diluted": {"PacWest Bancorp Annual EPS": {"2020": "$-10.61", "2019": "$3.90", "2018": "$3.72", "2017": "$2.91", "2016": "$2.90", "2015": "$2.79", "2014": "$1.92", "2013": "$1.08", "2012": "$1.54", "2011": "$1.37", "2010": "$-1.77", "2009": "$-0.30", "2008": "$-26.81", "2007": "$3.08", "2006": "$3.21", "2005": "$2.98"}, "PacWest Bancorp Quarterly EPS": {"2020-12-31": "$0.99", "2020-09-30": "$0.38", "2020-06-30": "$0.28", "2020-03-31": "$-12.23", "2019-12-31": "$0.98", "2019-09-30": "$0.92", "2019-06-30": "$1.07", "2019-03-31": "$0.92", "2018-12-31": "$0.93", "2018-09-30": "$0.94", "2018-06-30": "$0.92", "2018-03-31": "$0.93", "2017-12-31": "$0.66", "2017-09-30": "$0.84", "2017-06-30": "$0.77", "2017-03-31": "$0.65", "2016-12-31": "$0.71", "2016-09-30": "$0.77", "2016-06-30": "$0.68", "2016-03-31": "$0.74", "2015-12-31": "$0.60", "2015-09-30": "$0.68", "2015-06-30": "$0.83", "2015-03-31": "$0.71", "2014-12-31": "$0.69", "2014-09-30": "$0.60", "2014-06-30": "$0.10", "2014-03-31": "$0.55", "2013-12-31": "$0.06", "2013-09-30": "$0.53", "2013-06-30": "$0.11", "2013-03-31": "$0.37", "2012-12-31": "$0.54", "2012-09-30": "$0.43", "2012-06-30": "$0.42", "2012-03-31": "$0.14", "2011-12-31": "$0.38", "2011-09-30": "$0.36", "2011-06-30": "$0.35", "2011-03-31": "$0.29", "2010-12-31": "$-0.22", "2010-09-30": "$0.10", "2010-06-30": "$0.07", "2010-03-31": "$-1.76", "2009-12-31": "$-0.23", "2009-09-30": "$0.08", "2009-06-30": "$-0.18", "2009-03-31": "$0.04", "2008-12-31": "$0.34", "2008-09-30": "$0.35", "2008-06-30": "$-17.47", "2008-03-31": "$-10.05", "2007-12-31": "$0.62", "2007-09-30": "$0.77", "2007-06-30": "$0.78", "2007-03-31": "$0.98", "2006-12-31": "$0.81", "2006-09-30": "$0.88", "2006-06-30": "$0.64", "2006-03-31": "$0.88", "2005-12-31": "$0.85", "2005-09-30": "$0.78", "2005-06-30": "$0.72", "2005-03-31": "$0.63"}}, "shares-outstanding": {"PacWest Bancorp Annual Shares Outstanding (Millions of Shares)": {"2020": "117", "2019": "119", "2018": "124", "2017": "122", "2016": "120", "2015": "106", "2014": "87", "2013": "41", "2012": "36", "2011": "35", "2010": "35", "2009": "32", "2008": "27", "2007": "29", "2006": "24", "2005": "17"}, "PacWest Bancorp Quarterly Shares Outstanding (Millions of Shares)": {"2020-12-31": "117", "2020-09-30": "117", "2020-06-30": "118", "2020-03-31": "117", "2019-12-31": "118", "2019-09-30": "117", "2019-06-30": "119", "2019-03-31": "121", "2018-12-31": "122", "2018-09-30": "122", "2018-06-30": "125", "2018-03-31": "126", "2017-12-31": "127", "2017-09-30": "120", "2017-06-30": "120", "2017-03-31": "120", "2016-12-31": "120", "2016-09-30": "120", "2016-06-30": "120", "2016-03-31": "120", "2015-12-31": "119", "2015-09-30": "102", "2015-06-30": "102", "2015-03-31": "102", "2014-12-31": "102", "2014-09-30": "102", "2014-06-30": "98", "2014-03-31": "45", "2013-12-31": "44", "2013-09-30": "44", "2013-06-30": "39", "2013-03-31": "36", "2012-12-31": "36", "2012-09-30": "36", "2012-06-30": "36", "2012-03-31": "36", "2011-12-31": "36", "2011-09-30": "35", "2011-06-30": "35", "2011-03-31": "35", "2010-12-31": "35", "2010-09-30": "35", "2010-06-30": "35", "2010-03-31": "34", "2009-12-31": "34", "2009-09-30": "32", "2009-06-30": "31", "2009-03-31": "30", "2008-12-31": "27", "2008-09-30": "27", "2008-06-30": "27", "2008-03-31": "27", "2007-12-31": "28", "2007-09-30": "29", "2007-06-30": "29", "2007-03-31": "29", "2006-12-31": "24", "2006-09-30": "24", "2006-06-30": "23", "2006-03-31": "20", "2005-12-31": "17", "2005-09-30": "17", "2005-06-30": "16", "2005-03-31": "16"}}, "total-assets": {"PacWest Bancorp Annual Total Assets (Millions of US $)": {"2019": "$26,771", "2018": "$25,731", "2017": "$24,995", "2016": "$21,870", "2015": "$21,288", "2014": "$16,235", "2013": "$6,533", "2012": "$5,464", "2011": "$5,528", "2010": "$5,529", "2009": "$5,324", "2008": "$4,496", "2007": "$5,179", "2006": "$5,553", "2005": "$3,226"}, "PacWest Bancorp Quarterly Total Assets (Millions of US $)": {"2020-09-30": "$28,427", "2020-06-30": "$27,366", "2020-03-31": "$26,143", "2019-12-31": "$26,771", "2019-09-30": "$26,725", "2019-06-30": "$26,344", "2019-03-31": "$26,324", "2018-12-31": "$25,731", "2018-09-30": "$24,782", "2018-06-30": "$24,530", "2018-03-31": "$24,149", "2017-12-31": "$24,995", "2017-09-30": "$22,243", "2017-06-30": "$22,247", "2017-03-31": "$21,927", "2016-12-31": "$21,870", "2016-09-30": "$21,315", "2016-06-30": "$21,147", "2016-03-31": "$21,031", "2015-12-31": "$21,288", "2015-09-30": "$16,814", "2015-06-30": "$16,697", "2015-03-31": "$16,644", "2014-12-31": "$16,235", "2014-09-30": "$15,938", "2014-06-30": "$15,685", "2014-03-31": "$6,518", "2013-12-31": "$6,533", "2013-09-30": "$6,617", "2013-06-30": "$6,709", "2013-03-31": "$5,300", "2012-12-31": "$5,464", "2012-09-30": "$5,539", "2012-06-30": "$5,322", "2012-03-31": "$5,448", "2011-12-31": "$5,528", "2011-09-30": "$5,494", "2011-06-30": "$5,395", "2011-03-31": "$5,471", "2010-12-31": "$5,529", "2010-09-30": "$5,743", "2010-06-30": "$5,154", "2010-03-31": "$5,203", "2009-12-31": "$5,324", "2009-09-30": "$5,480", "2009-06-30": "$4,476", "2009-03-31": "$4,496", "2008-12-31": "$4,496", "2008-09-30": "$4,363", "2008-06-30": "$4,343", "2008-03-31": "$4,893", "2007-12-31": "$5,179", "2007-09-30": "$5,085", "2007-06-30": "$5,144", "2007-03-31": "$5,333", "2006-12-31": "$5,553", "2006-09-30": "$4,601", "2006-06-30": "$4,558", "2006-03-31": "$3,670", "2005-12-31": "$3,226", "2005-09-30": "$3,130", "2005-06-30": "$2,843", "2005-03-31": "$2,811"}}, "cash-on-hand": {"PacWest Bancorp Annual Cash on Hand (Millions of US $)": {"2019": "$638", "2018": "$386", "2017": "$398", "2016": "$420", "2015": "$396", "2014": "$313", "2013": "$147", "2012": "$164", "2011": "$296", "2010": "$164", "2009": "$211", "2008": "$160", "2007": "$102", "2006": "$151", "2005": "$105"}, "PacWest Bancorp Quarterly Cash on Hand (Millions of US $)": {"2020-09-30": "$2,953", "2020-06-30": "$1,921", "2020-03-31": "$612", "2019-12-31": "$638", "2019-09-30": "$736", "2019-06-30": "$608", "2019-03-31": "$557", "2018-12-31": "$386", "2018-09-30": "$382", "2018-06-30": "$452", "2018-03-31": "$548", "2017-12-31": "$398", "2017-09-30": "$270", "2017-06-30": "$287", "2017-03-31": "$297", "2016-12-31": "$420", "2016-09-30": "$540", "2016-06-30": "$445", "2016-03-31": "$520", "2015-12-31": "$396", "2015-09-30": "$236", "2015-06-30": "$641", "2015-03-31": "$392", "2014-12-31": "$313", "2014-09-30": "$261", "2014-06-30": "$363", "2014-03-31": "$342", "2013-12-31": "$147", "2013-09-30": "$178", "2013-06-30": "$219", "2013-03-31": "$132", "2012-12-31": "$164", "2012-09-30": "$160", "2012-06-30": "$123", "2012-03-31": "$134", "2011-12-31": "$296", "2011-09-30": "$167", "2011-06-30": "$151", "2011-03-31": "$194", "2010-12-31": "$164", "2010-09-30": "$160", "2010-06-30": "$413", "2010-03-31": "$519", "2009-12-31": "$211", "2009-09-30": "$299", "2009-06-30": "$182", "2009-03-31": "$214", "2008-12-31": "$160", "2008-09-30": "$130", "2008-06-30": "$127", "2008-03-31": "$130", "2007-12-31": "$102", "2007-09-30": "$160", "2007-06-30": "$143", "2007-03-31": "$352", "2006-12-31": "$151", "2006-09-30": "$127", "2006-06-30": "$153", "2006-03-31": "$119", "2005-12-31": "$105", "2005-09-30": "$186", "2005-06-30": "$103", "2005-03-31": "$89"}}, "long-term-debt": {"PacWest Bancorp Annual Long Term Debt (Millions of US $)": {"2019": "$2,217", "2018": "$1,825", "2017": "$930", "2016": "$1,347", "2015": "$1,058", "2014": "$817", "2013": "$246", "2012": "$121", "2011": "$354", "2010": "$355", "2009": "$673", "2008": "$580", "2007": "$750", "2006": "$648", "2005": "$282"}, "PacWest Bancorp Quarterly Long Term Debt (Millions of US $)": {"2020-09-30": "$523", "2020-06-30": "$521", "2020-03-31": "$2,754", "2019-12-31": "$2,217", "2019-09-30": "$1,709", "2019-06-30": "$2,369", "2019-03-31": "$1,936", "2018-12-31": "$1,825", "2018-09-30": "$1,966", "2018-06-30": "$1,639", "2018-03-31": "$1,028", "2017-12-31": "$930", "2017-09-30": "$699", "2017-06-30": "$663", "2017-03-31": "$903", "2016-12-31": "$1,347", "2016-09-30": "$982", "2016-06-30": "$1,358", "2016-03-31": "$990", "2015-12-31": "$1,058", "2015-09-30": "$988", "2015-06-30": "$437", "2015-03-31": "$1,050", "2014-12-31": "$817", "2014-09-30": "$797", "2014-06-30": "$439", "2014-03-31": "$139", "2013-12-31": "$246", "2013-09-30": "$141", "2013-06-30": "$142", "2013-03-31": "$119", "2012-12-31": "$121", "2012-09-30": "$126", "2012-06-30": "$124", "2012-03-31": "$301", "2011-12-31": "$354", "2011-09-30": "$354", "2011-06-30": "$354", "2011-03-31": "$354", "2010-12-31": "$355", "2010-09-30": "$405", "2010-06-30": "$405", "2010-03-31": "$536", "2009-12-31": "$673", "2009-09-30": "$865", "2009-06-30": "$715", "2009-03-31": "$580", "2008-12-31": "$580", "2008-09-30": "$751", "2008-06-30": "$731", "2008-03-31": "$670", "2007-12-31": "$750", "2007-09-30": "$414", "2007-06-30": "$441", "2007-03-31": "$414", "2006-12-31": "$648", "2006-09-30": "$643", "2006-06-30": "$454", "2006-03-31": "$357", "2005-12-31": "$282", "2005-09-30": "$233", "2005-06-30": "$234", "2005-03-31": "$236"}}, "total-liabilities": {"PacWest Bancorp Annual Total Liabilities (Millions of US $)": {"2019": "$21,816", "2018": "$20,906", "2017": "$20,017", "2016": "$17,391", "2015": "$16,891", "2014": "$12,728", "2013": "$5,724", "2012": "$4,875", "2011": "$4,982", "2010": "$5,050", "2009": "$4,817", "2008": "$4,120", "2007": "$4,041", "2006": "$4,385", "2005": "$2,726"}, "PacWest Bancorp Quarterly Total Liabilities (Millions of US $)": {"2020-09-30": "$24,940", "2020-06-30": "$23,913", "2020-03-31": "$22,753", "2019-12-31": "$21,816", "2019-09-30": "$21,805", "2019-06-30": "$21,492", "2019-03-31": "$21,533", "2018-12-31": "$20,906", "2018-09-30": "$20,040", "2018-06-30": "$19,752", "2018-03-31": "$19,282", "2017-12-31": "$20,017", "2017-09-30": "$17,632", "2017-06-30": "$17,687", "2017-03-31": "$17,419", "2016-12-31": "$17,391", "2016-09-30": "$16,773", "2016-06-30": "$16,634", "2016-03-31": "$16,574", "2015-12-31": "$16,891", "2015-09-30": "$13,232", "2015-06-30": "$13,146", "2015-03-31": "$13,111", "2014-12-31": "$12,728", "2014-09-30": "$12,460", "2014-06-30": "$12,247", "2014-03-31": "$5,684", "2013-12-31": "$5,724", "2013-09-30": "$5,801", "2013-06-30": "$5,907", "2013-03-31": "$4,710", "2012-12-31": "$4,875", "2012-09-30": "$4,954", "2012-06-30": "$4,756", "2012-03-31": "$4,898", "2011-12-31": "$4,982", "2011-09-30": "$4,954", "2011-06-30": "$4,883", "2011-03-31": "$4,979", "2010-12-31": "$5,050", "2010-09-30": "$5,249", "2010-06-30": "$4,667", "2010-03-31": "$4,728", "2009-12-31": "$4,817", "2009-09-30": "$4,962", "2009-06-30": "$4,012", "2009-03-31": "$4,027", "2008-12-31": "$4,120", "2008-09-30": "$3,987", "2008-06-30": "$3,969", "2008-03-31": "$4,034", "2007-12-31": "$4,041", "2007-09-30": "$3,903", "2007-06-30": "$3,919", "2007-03-31": "$4,151", "2006-12-31": "$4,385", "2006-09-30": "$3,707", "2006-06-30": "$3,682", "2006-03-31": "$3,036", "2005-12-31": "$2,726", "2005-09-30": "$2,677", "2005-06-30": "$2,450", "2005-03-31": "$2,428"}}, "total-share-holder-equity": {"PacWest Bancorp Annual Share Holder Equity (Millions of US $)": {"2019": "$4,955", "2018": "$4,826", "2017": "$4,978", "2016": "$4,479", "2015": "$4,398", "2014": "$3,506", "2013": "$809", "2012": "$589", "2011": "$546", "2010": "$479", "2009": "$507", "2008": "$376", "2007": "$1,138", "2006": "$1,168", "2005": "$501"}, "PacWest Bancorp Quarterly Share Holder Equity (Millions of US $)": {"2020-09-30": "$3,486", "2020-06-30": "$3,453", "2020-03-31": "$3,390", "2019-12-31": "$4,955", "2019-09-30": "$4,920", "2019-06-30": "$4,852", "2019-03-31": "$4,791", "2018-12-31": "$4,826", "2018-09-30": "$4,742", "2018-06-30": "$4,778", "2018-03-31": "$4,867", "2017-12-31": "$4,978", "2017-09-30": "$4,611", "2017-06-30": "$4,560", "2017-03-31": "$4,508", "2016-12-31": "$4,479", "2016-09-30": "$4,543", "2016-06-30": "$4,513", "2016-03-31": "$4,457", "2015-12-31": "$4,398", "2015-09-30": "$3,582", "2015-06-30": "$3,551", "2015-03-31": "$3,533", "2014-12-31": "$3,506", "2014-09-30": "$3,478", "2014-06-30": "$3,438", "2014-03-31": "$834", "2013-12-31": "$809", "2013-09-30": "$816", "2013-06-30": "$802", "2013-03-31": "$590", "2012-12-31": "$589", "2012-09-30": "$584", "2012-06-30": "$566", "2012-03-31": "$550", "2011-12-31": "$546", "2011-09-30": "$539", "2011-06-30": "$512", "2011-03-31": "$491", "2010-12-31": "$479", "2010-09-30": "$494", "2010-06-30": "$487", "2010-03-31": "$475", "2009-12-31": "$507", "2009-09-30": "$518", "2009-06-30": "$464", "2009-03-31": "$469", "2008-12-31": "$376", "2008-09-30": "$376", "2008-06-30": "$375", "2008-03-31": "$858", "2007-12-31": "$1,138", "2007-09-30": "$1,183", "2007-06-30": "$1,225", "2007-03-31": "$1,182", "2006-12-31": "$1,168", "2006-09-30": "$894", "2006-06-30": "$875", "2006-03-31": "$634", "2005-12-31": "$501", "2005-09-30": "$452", "2005-06-30": "$393", "2005-03-31": "$383"}}, "profit-margins": {"current": "-99.04%"}, "gross margin": {"2020-12-31": "92.95%", "2020-09-30": "90.30%", "2020-06-30": "87.41%", "2020-03-31": "85.45%", "2019-12-31": "84.96%", "2019-09-30": "85.56%", "2019-06-30": "87.05%", "2019-03-31": "88.72%", "2018-12-31": "90.76%", "2018-09-30": "92.14%", "2018-06-30": "93.02%", "2018-03-31": "93.57%", "2017-12-31": "93.90%", "2017-09-30": "94.40%", "2017-06-30": "94.84%", "2017-03-31": "95.08%", "2016-12-31": "95.13%", "2016-09-30": "94.95%", "2016-06-30": "94.52%", "2016-03-31": "94.06%", "2015-12-31": "93.70%", "2015-09-30": "93.46%", "2015-06-30": "93.54%", "2015-03-31": "93.81%", "2014-12-31": "94.38%", "2014-09-30": "94.88%", "2014-06-30": "95.80%", "2014-03-31": "96.72%", "2013-12-31": "96.18%", "2013-09-30": "95.81%", "2013-06-30": "95.02%", "2013-03-31": "94.46%", "2012-12-31": "93.29%", "2012-09-30": "92.41%", "2012-06-30": "91.43%", "2012-03-31": "90.77%", "2011-12-31": "90.49%", "2011-09-30": "89.70%", "2011-06-30": "89.25%", "2011-03-31": "88.34%", "2010-12-31": "87.83%", "2010-09-30": "87.46%", "2010-06-30": "88.42%", "2010-03-31": "87.37%", "2009-12-31": "85.64%", "2009-09-30": "83.33%", "2009-06-30": "78.69%", "2009-03-31": "78.26%", "2008-12-31": "77.64%", "2008-09-30": "77.44%", "2008-06-30": "77.03%", "2008-03-31": "77.01%", "2007-12-31": "77.60%", "2007-09-30": "78.15%", "2007-06-30": "78.84%", "2007-03-31": "79.67%", "2006-12-31": "81.13%", "2006-09-30": "83.57%", "2006-06-30": "85.48%", "2006-03-31": "87.21%", "2005-12-31": "88.32%"}, "operating margin": {"2020-12-31": "-93.03%", "2020-09-30": "-92.93%", "2020-06-30": "-83.09%", "2020-03-31": "-70.08%", "2019-12-31": "46.44%", "2019-09-30": "46.44%", "2019-06-30": "47.26%", "2019-03-31": "47.07%", "2018-12-31": "48.40%", "2018-09-30": "49.57%", "2018-06-30": "49.72%", "2018-03-31": "50.41%", "2017-12-31": "48.69%", "2017-09-30": "47.63%", "2017-06-30": "48.43%", "2017-03-31": "47.94%", "2016-12-31": "49.42%", "2016-09-30": "50.63%", "2016-06-30": "50.09%", "2016-03-31": "51.51%", "2015-12-31": "51.76%", "2015-09-30": "52.72%", "2015-06-30": "52.95%", "2015-03-31": "52.42%", "2014-12-31": "51.94%", "2014-09-30": "46.78%", "2014-06-30": "44.96%", "2014-03-31": "37.31%", "2013-12-31": "33.12%", "2013-09-30": "39.03%", "2013-06-30": "36.21%", "2013-03-31": "36.48%", "2012-12-31": "31.31%", "2012-09-30": "28.16%", "2012-06-30": "26.35%", "2012-03-31": "24.00%", "2011-12-31": "26.99%", "2011-09-30": "14.85%", "2011-06-30": "9.25%", "2011-03-31": "3.99%", "2010-12-31": "-32.64%", "2010-09-30": "-31.34%", "2010-06-30": "-27.09%", "2010-03-31": "-31.31%", "2009-12-31": "-4.26%", "2009-09-30": "3.67%", "2009-06-30": "8.25%", "2009-03-31": "-144.48%", "2008-12-31": "-225.88%", "2008-09-30": "-211.28%", "2008-06-30": "-195.35%", "2008-03-31": "-46.26%", "2007-12-31": "40.10%", "2007-09-30": "42.16%", "2007-06-30": "43.12%", "2007-03-31": "41.50%", "2006-12-31": "40.57%", "2006-09-30": "41.43%", "2006-06-30": "41.13%", "2006-03-31": "44.29%", "2005-12-31": "43.15%"}, "ebitda margin": {"2020-09-30": "0.00%", "2020-06-30": "0.00%", "2020-03-31": "0.00%", "2019-12-31": "0.00%", "2019-09-30": "0.00%", "2019-06-30": "0.00%", "2019-03-31": "0.00%", "2018-12-31": "0.00%", "2018-09-30": "0.00%", "2018-06-30": "0.00%", "2018-03-31": "0.00%", "2017-12-31": "0.00%", "2017-09-30": "0.00%", "2017-06-30": "0.00%", "2017-03-31": "0.00%", "2016-12-31": "0.00%", "2016-09-30": "0.00%", "2016-06-30": "0.00%", "2016-03-31": "0.00%", "2015-12-31": "0.00%", "2015-09-30": "0.00%", "2015-06-30": "0.00%", "2015-03-31": "0.00%", "2014-12-31": "0.00%", "2014-09-30": "0.00%", "2014-06-30": "0.00%", "2014-03-31": "0.00%", "2013-12-31": "0.00%", "2013-09-30": "0.00%", "2013-06-30": "0.00%", "2013-03-31": "0.00%", "2012-12-31": "0.00%", "2012-09-30": "0.00%", "2012-06-30": "0.00%", "2012-03-31": "0.00%", "2011-12-31": "0.00%", "2011-09-30": "0.00%", "2011-06-30": "0.00%", "2011-03-31": "0.00%", "2010-12-31": "0.00%", "2010-09-30": "0.00%", "2010-06-30": "0.00%", "2010-03-31": "0.00%", "2009-12-31": "0.00%", "2009-09-30": "0.00%", "2009-06-30": "0.00%", "2009-03-31": "0.00%", "2008-12-31": "0.00%", "2008-09-30": "0.00%", "2008-06-30": "0.00%", "2008-03-31": "0.00%", "2007-12-31": "0.00%", "2007-09-30": "0.00%", "2007-06-30": "0.00%", "2007-03-31": "0.00%", "2006-12-31": "0.00%", "2006-09-30": "0.00%", "2006-06-30": "0.00%", "2006-03-31": "0.00%", "2005-12-31": "0.00%"}, "pre tax profit margin": {"2020-12-31": "-93.11%", "2020-09-30": "-92.93%", "2020-06-30": "-83.09%", "2020-03-31": "-70.08%", "2019-12-31": "46.44%", "2019-09-30": "46.44%", "2019-06-30": "47.26%", "2019-03-31": "47.07%", "2018-12-31": "48.40%", "2018-09-30": "48.25%", "2018-06-30": "48.20%", "2018-03-31": "48.76%", "2017-12-31": "46.91%", "2017-09-30": "47.29%", "2017-06-30": "48.25%", "2017-03-31": "47.85%", "2016-12-31": "49.34%", "2016-09-30": "48.92%", "2016-06-30": "48.20%", "2016-03-31": "49.46%", "2015-12-31": "49.48%", "2015-09-30": "51.42%", "2015-06-30": "51.20%", "2015-03-31": "41.06%", "2014-12-31": "38.42%", "2014-09-30": "30.74%", "2014-06-30": "24.37%", "2014-03-31": "28.36%", "2013-12-31": "23.89%", "2013-09-30": "30.32%", "2013-06-30": "28.57%", "2013-03-31": "34.53%", "2012-12-31": "29.71%", "2012-09-30": "26.90%", "2012-06-30": "25.71%", "2012-03-31": "23.69%", "2011-12-31": "26.69%", "2011-09-30": "14.85%", "2011-06-30": "9.25%", "2011-03-31": "3.99%", "2010-12-31": "-32.64%", "2010-09-30": "-31.34%", "2010-06-30": "-27.09%", "2010-03-31": "-31.31%", "2009-12-31": "-4.52%", "2009-09-30": "3.39%", "2009-06-30": "7.90%", "2009-03-31": "-144.82%", "2008-12-31": "-225.88%", "2008-09-30": "-211.28%", "2008-06-30": "-195.35%", "2008-03-31": "-46.54%", "2007-12-31": "39.58%", "2007-09-30": "41.13%", "2007-06-30": "42.06%", "2007-03-31": "40.39%", "2006-12-31": "39.62%", "2006-09-30": "41.07%", "2006-06-30": "40.73%", "2006-03-31": "44.29%", "2005-12-31": "43.15%"}, "net profit margin": {"2020-12-31": "-99.28%", "2020-09-30": "-98.49%", "2020-06-30": "-90.73%", "2020-03-31": "-80.25%", "2019-12-31": "34.04%", "2019-09-30": "33.53%", "2019-06-30": "34.16%", "2019-03-31": "34.14%", "2018-12-31": "35.11%", "2018-09-30": "33.39%", "2018-06-30": "33.20%", "2018-03-31": "32.37%", "2017-12-31": "29.97%", "2017-09-30": "30.66%", "2017-06-30": "30.59%", "2017-03-31": "30.23%", "2016-12-31": "30.91%", "2016-09-30": "30.18%", "2016-06-30": "29.40%", "2016-03-31": "30.57%", "2015-12-31": "30.68%", "2015-09-30": "32.24%", "2015-06-30": "31.51%", "2015-03-31": "24.07%", "2014-12-31": "22.36%", "2014-09-30": "16.53%", "2014-06-30": "12.82%", "2014-03-31": "16.42%", "2013-12-31": "13.69%", "2013-09-30": "19.03%", "2013-06-30": "17.28%", "2013-03-31": "20.52%", "2012-12-31": "17.57%", "2012-09-30": "15.51%", "2012-06-30": "14.60%", "2012-03-31": "13.54%", "2011-12-31": "15.03%", "2011-09-30": "8.48%", "2011-06-30": "5.67%", "2011-03-31": "2.76%", "2010-12-31": "-18.40%", "2010-09-30": "-17.66%", "2010-06-30": "-15.52%", "2010-03-31": "-18.18%", "2009-12-31": "-2.66%", "2009-09-30": "2.26%", "2009-06-30": "5.15%", "2009-03-31": "-151.84%", "2008-12-31": "-232.59%", "2008-09-30": "-219.82%", "2008-06-30": "-206.10%", "2008-03-31": "-58.45%", "2007-12-31": "23.70%", "2007-09-30": "24.94%", "2007-06-30": "25.40%", "2007-03-31": "24.23%", "2006-12-31": "23.58%", "2006-09-30": "23.93%", "2006-06-30": "23.79%", "2006-03-31": "26.03%", "2005-12-31": "25.38%"}, "pe ratio": {"current": "16.45", "2021-02-05": "0.00", "2020-12-31": "0.00", "2020-09-30": "0.00", "2020-06-30": "0.00", "2020-03-31": "0.00", "2019-12-31": "9.32", "2019-09-30": "8.82", "2019-06-30": "9.21", "2019-03-31": "9.14", "2018-12-31": "7.95", "2018-09-30": "12.09", "2018-06-30": "12.76", "2018-03-31": "13.24", "2017-12-31": "14.63", "2017-09-30": "14.26", "2017-06-30": "13.35", "2017-03-31": "15.55", "2016-12-31": "15.26", "2016-09-30": "12.37", "2016-06-30": "11.71", "2016-03-31": "10.23", "2015-12-31": "11.79", "2015-09-30": "11.23", "2015-06-30": "12.47", "2015-03-31": "16.67", "2014-12-31": "17.30", "2014-09-30": "22.99", "2014-06-30": "25.27", "2014-03-31": "24.82", "2013-12-31": "28.28", "2013-09-30": "15.76", "2013-06-30": "14.95", "2013-03-31": "11.46", "2012-12-31": "11.09", "2012-09-30": "11.54", "2012-06-30": "12.22", "2012-03-31": "13.36", "2011-12-31": "9.21", "2011-09-30": "11.87", "2011-06-30": "26.27", "2011-03-31": "60.15", "2010-12-31": "0.00", "2010-09-30": "0.00", "2010-06-30": "0.00", "2010-03-31": "0.00", "2009-12-31": "0.00", "2009-09-30": "42.01", "2009-06-30": "15.27", "2009-03-31": "0.00", "2008-12-31": "0.00", "2008-09-30": "0.00", "2008-06-30": "0.00", "2008-03-31": "0.00", "2007-12-31": "8.05", "2007-09-30": "9.97", "2007-06-30": "10.03", "2007-03-31": "10.27", "2006-12-31": "9.70"}, "price sales": {"2021-02-05": "3.07", "2020-12-31": "2.38", "2020-09-30": "1.58", "2020-06-30": "1.75", "2020-03-31": "1.51", "2019-12-31": "3.15", "2019-09-30": "2.94", "2019-06-30": "3.14", "2019-03-31": "3.12", "2018-12-31": "2.79", "2018-09-30": "4.05", "2018-06-30": "4.26", "2018-03-31": "4.30", "2017-12-31": "4.40", "2017-09-30": "4.38", "2017-06-30": "4.07", "2017-03-31": "4.70", "2016-12-31": "4.72", "2016-09-30": "3.74", "2016-06-30": "3.46", "2016-03-31": "3.15", "2015-12-31": "3.65", "2015-09-30": "3.62", "2015-06-30": "3.93", "2015-03-31": "3.98", "2014-12-31": "3.91", "2014-09-30": "3.67", "2014-06-30": "3.87", "2014-03-31": "3.99", "2013-12-31": "3.93", "2013-09-30": "3.04", "2013-06-30": "2.63", "2013-03-31": "2.38", "2012-12-31": "1.97", "2012-09-30": "1.81", "2012-06-30": "1.83", "2012-03-31": "1.80", "2011-12-31": "1.38", "2011-09-30": "0.99", "2011-06-30": "1.44", "2011-03-31": "1.57", "2010-12-31": "1.48", "2010-09-30": "1.25", "2010-06-30": "1.00", "2010-03-31": "1.25", "2009-12-31": "1.14", "2009-09-30": "1.09", "2009-06-30": "0.86", "2009-03-31": "0.89", "2008-12-31": "1.52", "2008-09-30": "1.53", "2008-06-30": "0.76", "2008-03-31": "1.30", "2007-12-31": "1.89", "2007-09-30": "2.36", "2007-06-30": "2.43", "2007-03-31": "2.37", "2006-12-31": "2.23"}, "price book": {"current": "1.06", "2021-02-05": "1.11", "2020-09-30": "0.57", "2020-06-30": "0.66", "2020-03-31": "0.60", "2019-12-31": "0.88", "2019-09-30": "0.82", "2019-06-30": "0.88", "2019-03-31": "0.85", "2018-12-31": "0.75", "2018-09-30": "1.08", "2018-06-30": "1.11", "2018-03-31": "1.09", "2017-12-31": "1.11", "2017-09-30": "1.12", "2017-06-30": "1.03", "2017-03-31": "1.18", "2016-12-31": "1.20", "2016-09-30": "0.93", "2016-06-30": "0.85", "2016-03-31": "0.80", "2015-12-31": "0.92", "2015-09-30": "0.94", "2015-06-30": "1.02", "2015-03-31": "1.02", "2014-12-31": "0.99", "2014-09-30": "0.89", "2014-06-30": "0.94", "2014-03-31": "1.70", "2013-12-31": "1.71", "2013-09-30": "1.38", "2013-06-30": "1.25", "2013-03-31": "1.28", "2012-12-31": "1.09", "2012-09-30": "1.03", "2012-06-30": "1.07", "2012-03-31": "1.12", "2011-12-31": "0.87", "2011-09-30": "0.64", "2011-06-30": "0.91", "2011-03-31": "1.09", "2010-12-31": "1.09", "2010-09-30": "0.94", "2010-06-30": "0.92", "2010-03-31": "1.17", "2009-12-31": "0.92", "2009-09-30": "0.85", "2009-06-30": "0.61", "2009-03-31": "0.65", "2008-12-31": "1.32", "2008-09-30": "1.37", "2008-06-30": "0.70", "2008-03-31": "0.55", "2007-12-31": "0.62", "2007-09-30": "0.82", "2007-06-30": "0.86", "2007-03-31": "0.86", "2006-12-31": "0.80", "2006-09-30": "0.93", "2006-06-30": "1.00", "2006-03-31": "1.12"}, "price fcf": {"2021-02-05": "", "2020-09-30": "$3.95", "2020-06-30": "$4.79", "2020-03-31": "$4.60", "2019-12-31": "$4.87", "2019-09-30": "$5.05", "2019-06-30": "$4.92", "2019-03-31": "$5.18", "2018-12-31": "$5.00", "2018-09-30": "$4.63", "2018-06-30": "$4.74", "2018-03-31": "$3.72", "2017-12-31": "$3.94", "2017-09-30": "$4.29", "2017-06-30": "$4.16", "2017-03-31": "$5.00", "2016-12-31": "$4.84", "2016-09-30": "$4.69", "2016-06-30": "$4.63", "2016-03-31": "$4.99", "2015-12-31": "$5.18", "2015-09-30": "$5.89", "2015-06-30": "$5.56", "2015-03-31": "$3.91", "2014-12-31": "$3.27", "2014-09-30": "$1.89", "2014-06-30": "$1.38", "2014-03-31": "$1.84", "2013-12-31": "$1.88", "2013-09-30": "$2.64", "2013-06-30": "$2.86", "2013-03-31": "$3.61", "2012-12-31": "$3.19", "2012-09-30": "$3.26", "2012-06-30": "$4.28", "2012-03-31": "$4.19", "2011-12-31": "$4.62", "2011-09-30": "$5.63", "2011-06-30": "$4.79", "2011-03-31": "$5.65", "2010-12-31": "$6.47", "2010-09-30": "$4.86", "2010-06-30": "$4.84", "2010-03-31": "$3.41", "2009-12-31": "$2.15", "2009-09-30": "$2.55", "2009-06-30": "$2.73", "2009-03-31": "$2.95", "2008-12-31": "$4.05", "2008-09-30": "$4.22", "2008-06-30": "$4.34", "2008-03-31": "$6.54", "2007-12-31": "$6.86", "2007-09-30": "$7.21", "2007-06-30": "$6.71", "2007-03-31": "$4.59", "2006-12-31": "$3.69"}, "net worth": {"value": "$3.82B"}, "current ratio": {"2020-12-31": "0.86", "2020-09-30": "0.89", "2020-06-30": "0.91", "2020-03-31": "1.01", "2019-12-31": "0.99", "2019-09-30": "0.96", "2019-06-30": "0.99", "2019-03-31": "0.96", "2018-12-31": "0.95", "2018-09-30": "0.97", "2018-06-30": "0.95", "2018-03-31": "0.92", "2017-12-31": "0.93", "2017-09-30": "0.93", "2017-06-30": "0.93", "2017-03-31": "0.95", "2016-12-31": "0.98", "2016-09-30": "0.96", "2016-06-30": "0.98", "2016-03-31": "0.95", "2015-12-31": "0.93", "2015-09-30": "1.03", "2015-06-30": "0.99", "2015-03-31": "1.04", "2014-12-31": "1.02", "2014-09-30": "1.01", "2014-06-30": "0.97", "2014-03-31": "0.81", "2013-12-31": "0.80", "2013-09-30": "0.82", "2013-06-30": "0.81", "2013-03-31": "0.76", "2012-12-31": "0.77", "2012-09-30": "0.77", "2012-06-30": "0.76", "2012-03-31": "0.78", "2011-12-31": "0.80", "2011-09-30": "0.81", "2011-06-30": "0.83", "2011-03-31": "0.87", "2010-12-31": "0.88", "2010-09-30": "0.90", "2010-06-30": "0.96", "2010-03-31": "1.02", "2009-12-31": "1.07", "2009-09-30": "1.17", "2009-06-30": "1.22", "2009-03-31": "1.18", "2008-12-31": "1.16", "2008-09-30": "1.24", "2008-06-30": "1.23", "2008-03-31": "1.21", "2007-12-31": "1.24", "2007-09-30": "1.16", "2007-06-30": "1.17", "2007-03-31": "1.14", "2006-12-31": "1.20", "2006-09-30": "1.19", "2006-06-30": "1.10", "2006-03-31": "1.09", "2005-12-31": "1.05", "2005-09-30": "1.01", "2005-06-30": "1.01", "2005-03-31": "1.00"}, "quick ratio": {"2020-12-31": "0.00", "2020-09-30": "0.00", "2020-06-30": "0.00", "2020-03-31": "0.00", "2019-12-31": "0.00", "2019-09-30": "0.00", "2019-06-30": "0.00", "2019-03-31": "0.00", "2018-12-31": "0.00", "2018-09-30": "0.00", "2018-06-30": "0.00", "2018-03-31": "0.00", "2017-12-31": "0.00", "2017-09-30": "0.00", "2017-06-30": "0.00", "2017-03-31": "0.00", "2016-12-31": "0.00", "2016-09-30": "0.00", "2016-06-30": "0.00", "2016-03-31": "0.00", "2015-12-31": "0.00", "2015-09-30": "0.00", "2015-06-30": "0.00", "2015-03-31": "0.00", "2014-12-31": "0.00", "2014-09-30": "0.00", "2014-06-30": "0.00", "2014-03-31": "0.00", "2013-12-31": "0.00", "2013-09-30": "0.00", "2013-06-30": "0.00", "2013-03-31": "0.00", "2012-12-31": "0.00", "2012-09-30": "0.00", "2012-06-30": "0.00", "2012-03-31": "0.00", "2011-12-31": "0.00", "2011-09-30": "0.00", "2011-06-30": "0.00", "2011-03-31": "0.00", "2010-12-31": "0.00", "2010-09-30": "0.00", "2010-06-30": "0.00", "2010-03-31": "0.00", "2009-12-31": "0.00", "2009-09-30": "0.00", "2009-06-30": "0.00", "2009-03-31": "0.00", "2008-12-31": "0.00", "2008-09-30": "0.00", "2008-06-30": "0.00", "2008-03-31": "0.00", "2007-12-31": "0.00", "2007-09-30": "0.00", "2007-06-30": "0.00", "2007-03-31": "0.00", "2006-12-31": "0.00", "2006-09-30": "0.00", "2006-06-30": "0.00", "2006-03-31": "0.00", "2005-12-31": "0.00", "2005-09-30": "0.00", "2005-06-30": "0.00", "2005-03-31": "0.00"}, "debt equity ratio": {"current": "0.13", "2020-12-31": "7.21", "2020-09-30": "7.15", "2020-06-30": "6.93", "2020-03-31": "6.71", "2019-12-31": "4.40", "2019-09-30": "4.43", "2019-06-30": "4.43", "2019-03-31": "4.50", "2018-12-31": "4.33", "2018-09-30": "4.23", "2018-06-30": "4.13", "2018-03-31": "3.96", "2017-12-31": "4.02", "2017-09-30": "3.82", "2017-06-30": "3.88", "2017-03-31": "3.86", "2016-12-31": "3.88", "2016-09-30": "3.69", "2016-06-30": "3.69", "2016-03-31": "3.72", "2015-12-31": "3.84", "2015-09-30": "3.69", "2015-06-30": "3.70", "2015-03-31": "3.71", "2014-12-31": "3.63", "2014-09-30": "3.58", "2014-06-30": "3.56", "2014-03-31": "6.82", "2013-12-31": "7.08", "2013-09-30": "7.11", "2013-06-30": "7.37", "2013-03-31": "7.99", "2012-12-31": "8.27", "2012-09-30": "8.48", "2012-06-30": "8.41", "2012-03-31": "8.91", "2011-12-31": "9.12", "2011-09-30": "9.18", "2011-06-30": "9.54", "2011-03-31": "10.13", "2010-12-31": "10.55", "2010-09-30": "10.63", "2010-06-30": "9.59", "2010-03-31": "9.96", "2009-12-31": "9.51", "2009-09-30": "9.59", "2009-06-30": "8.65", "2009-03-31": "8.59", "2008-12-31": "10.97", "2008-09-30": "10.60", "2008-06-30": "10.59", "2008-03-31": "4.70", "2007-12-31": "3.55", "2007-09-30": "3.30", "2007-06-30": "3.20", "2007-03-31": "3.51", "2006-12-31": "3.75", "2006-09-30": "4.14", "2006-06-30": "4.21", "2006-03-31": "4.79", "2005-12-31": "5.44", "2005-09-30": "5.92", "2005-06-30": "6.23", "2005-03-31": "6.34"}, "return on equity": {"2020-12-31": "-35.62%", "2020-09-30": "-32.43%", "2020-06-30": "-28.11%", "2020-03-31": "-23.87%", "2019-12-31": "9.51%", "2019-09-30": "9.53%", "2019-06-30": "9.72%", "2019-03-31": "9.49%", "2018-12-31": "9.58%", "2018-09-30": "8.86%", "2018-06-30": "8.61%", "2018-03-31": "8.27%", "2017-12-31": "7.59%", "2017-09-30": "7.84%", "2017-06-30": "7.74%", "2017-03-31": "7.49%", "2016-12-31": "7.76%", "2016-09-30": "7.48%", "2016-06-30": "7.34%", "2016-03-31": "7.86%", "2015-12-31": "7.89%", "2015-09-30": "8.35%", "2015-06-30": "8.19%", "2015-03-31": "6.13%", "2014-12-31": "5.93%", "2014-09-30": "4.67%", "2014-06-30": "4.14%", "2014-03-31": "6.75%", "2013-12-31": "5.70%", "2013-09-30": "8.44%", "2013-06-30": "8.11%", "2013-03-31": "10.82%", "2012-12-31": "9.61%", "2012-09-30": "8.73%", "2012-06-30": "8.36%", "2012-03-31": "8.20%", "2011-12-31": "9.39%", "2011-09-30": "5.54%", "2011-06-30": "3.85%", "2011-03-31": "1.85%", "2010-12-31": "-12.82%", "2010-09-30": "-12.63%", "2010-06-30": "-12.68%", "2010-03-31": "-14.66%", "2009-12-31": "-2.04%", "2009-09-30": "1.75%", "2009-06-30": "3.56%", "2009-03-31": "-113.78%", "2008-12-31": "-146.70%", "2008-09-30": "-104.99%", "2008-06-30": "-79.80%", "2008-03-31": "-19.16%", "2007-12-31": "7.70%", "2007-09-30": "8.15%", "2007-06-30": "8.59%", "2007-03-31": "8.45%", "2006-12-31": "8.40%", "2006-09-30": "9.23%", "2006-06-30": "9.59%", "2006-03-31": "11.52%", "2005-12-31": "11.57%"}, "return on assets": {"2020-12-31": "-4.45%", "2020-09-30": "-4.56%", "2020-06-30": "-4.39%", "2020-03-31": "-4.08%", "2019-12-31": "1.75%", "2019-09-30": "1.76%", "2019-06-30": "1.81%", "2019-03-31": "1.79%", "2018-12-31": "1.85%", "2018-09-30": "1.74%", "2018-06-30": "1.73%", "2018-03-31": "1.68%", "2017-12-31": "1.55%", "2017-09-30": "1.61%", "2017-06-30": "1.60%", "2017-03-31": "1.57%", "2016-12-31": "1.64%", "2016-09-30": "1.58%", "2016-06-30": "1.55%", "2016-03-31": "1.66%", "2015-12-31": "1.66%", "2015-09-30": "1.78%", "2015-06-30": "1.76%", "2015-03-31": "1.33%", "2014-12-31": "1.23%", "2014-09-30": "0.90%", "2014-06-30": "0.69%", "2014-03-31": "0.83%", "2013-12-31": "0.68%", "2013-09-30": "0.98%", "2013-06-30": "0.90%", "2013-03-31": "1.17%", "2012-12-31": "1.01%", "2012-09-30": "0.90%", "2012-06-30": "0.84%", "2012-03-31": "0.80%", "2011-12-31": "0.90%", "2011-09-30": "0.51%", "2011-06-30": "0.34%", "2011-03-31": "0.16%", "2010-12-31": "-1.15%", "2010-09-30": "-1.16%", "2010-06-30": "-1.19%", "2010-03-31": "-1.41%", "2009-12-31": "-0.20%", "2009-09-30": "0.17%", "2009-06-30": "0.34%", "2009-03-31": "-10.26%", "2008-12-31": "-16.09%", "2008-09-30": "-15.36%", "2008-06-30": "-14.54%", "2008-03-31": "-4.16%", "2007-12-31": "1.75%", "2007-09-30": "1.84%", "2007-06-30": "1.86%", "2007-03-31": "1.74%", "2006-12-31": "1.63%", "2006-09-30": "1.67%", "2006-06-30": "1.62%", "2006-03-31": "1.77%", "2005-12-31": "1.67%"}, "return on investments": {"2020-12-31": "-25.55%", "2020-09-30": "-21.95%", "2020-06-30": "-17.99%", "2020-03-31": "-13.90%", "2019-12-31": "9.12%", "2019-09-30": "9.40%", "2019-06-30": "9.46%", "2019-03-31": "9.45%", "2018-12-31": "9.88%", "2018-09-30": "10.22%", "2018-06-30": "10.54%", "2018-03-31": "10.96%", "2017-12-31": "10.53%", "2017-09-30": "10.16%", "2017-06-30": "10.08%", "2017-03-31": "9.47%", "2016-12-31": "9.85%", "2016-09-30": "10.08%", "2016-06-30": "9.93%", "2016-03-31": "10.87%", "2015-12-31": "10.78%", "2015-09-30": "11.09%", "2015-06-30": "11.28%", "2015-03-31": "10.93%", "2014-12-31": "11.54%", "2014-09-30": "11.12%", "2014-06-30": "12.48%", "2014-03-31": "12.73%", "2013-12-31": "11.35%", "2013-09-30": "14.58%", "2013-06-30": "14.19%", "2013-03-31": "15.90%", "2012-12-31": "13.24%", "2012-09-30": "11.30%", "2012-06-30": "9.96%", "2012-03-31": "8.89%", "2011-12-31": "10.04%", "2011-09-30": "5.70%", "2011-06-30": "3.60%", "2011-03-31": "1.50%", "2010-12-31": "-12.11%", "2010-09-30": "-11.06%", "2010-06-30": "-9.86%", "2010-03-31": "-10.44%", "2009-12-31": "-1.34%", "2009-09-30": "1.14%", "2009-06-30": "2.23%", "2009-03-31": "-40.77%", "2008-12-31": "-59.95%", "2008-09-30": "-49.06%", "2008-06-30": "-43.93%", "2008-03-31": "-10.00%", "2007-12-31": "9.13%", "2007-09-30": "9.83%", "2007-06-30": "9.85%", "2007-03-31": "9.49%", "2006-12-31": "9.09%", "2006-09-30": "10.00%", "2006-06-30": "10.77%", "2006-03-31": "12.57%", "2005-12-31": "12.53%"}, "return on tangible equity": {"2020-09-30": "-52.89%", "2020-06-30": "-50.44%", "2020-03-31": "-46.85%", "2019-12-31": "20.30%", "2019-09-30": "20.54%", "2019-06-30": "21.23%", "2019-03-31": "20.87%", "2018-12-31": "21.01%", "2018-09-30": "19.31%", "2018-06-30": "18.06%", "2018-03-31": "16.79%", "2017-12-31": "15.04%", "2017-09-30": "15.25%", "2017-06-30": "15.13%", "2017-03-31": "14.71%", "2016-12-31": "15.30%", "2016-09-30": "14.85%", "2016-06-30": "14.57%", "2016-03-31": "15.60%", "2015-12-31": "15.62%", "2015-09-30": "16.43%", "2015-06-30": "16.22%", "2015-03-31": "12.25%", "2014-12-31": "11.50%", "2014-09-30": "8.66%", "2014-06-30": "7.04%", "2014-03-31": "9.38%", "2013-12-31": "7.70%", "2013-09-30": "11.00%", "2013-06-30": "10.13%", "2013-03-31": "12.80%", "2012-12-31": "11.30%", "2012-09-30": "10.09%", "2012-06-30": "9.51%", "2012-03-31": "9.27%", "2011-12-31": "10.63%", "2011-09-30": "6.36%", "2011-06-30": "4.48%", "2011-03-31": "2.11%", "2010-12-31": "-14.36%", "2010-09-30": "-13.82%", "2010-06-30": "-13.57%", "2010-03-31": "-15.75%", "2009-12-31": "-2.20%", "2009-09-30": "1.91%", "2009-06-30": "3.91%", "2009-03-31": "-125.85%", "2008-12-31": "-216.99%", "2008-09-30": "-215.38%", "2008-06-30": "-206.86%", "2008-03-31": "-58.49%", "2007-12-31": "24.14%", "2007-09-30": "24.95%", "2007-06-30": "25.75%", "2007-03-31": "25.46%", "2006-12-31": "24.88%", "2006-09-30": "26.69%", "2006-06-30": "27.76%", "2006-03-31": "32.39%", "2005-12-31": "33.50%"}, "dividend yield history": {"last payout": "$1.00", "last yield": "3.05%"}}