{"ticker": "PANW", "price": {"title": "Palo Alto Networks Historical Annual Stock Price Data", "value": 379.85, "historical": {"2020": {"Average Stock Price": "238.0143", "Year Open": "235.4100", "Year High": "372.0600", "Year Low": "132.5800", "Year Close": "355.3900", "Annual % Change": "53.68%"}, "2019": {"Average Stock Price": "221.5373", "Year Open": "183.2100", "Year High": "254.8800", "Year Low": "179.7000", "Year Close": "231.2500", "Annual % Change": "22.78%"}, "2018": {"Average Stock Price": "193.2906", "Year Open": "148.5500", "Year High": "236.2300", "Year Low": "148.5500", "Year Close": "188.3500", "Annual % Change": "29.95%"}, "2017": {"Average Stock Price": "134.4898", "Year Open": "126.9400", "Year High": "156.9100", "Year Low": "108.0100", "Year Close": "144.9400", "Annual % Change": "15.91%"}, "2016": {"Average Stock Price": "141.6610", "Year Open": "171.5200", "Year High": "171.5200", "Year Low": "115.6900", "Year Close": "125.0500", "Annual % Change": "-29.01%"}, "2015": {"Average Stock Price": "161.4787", "Year Open": "121.4200", "Year High": "197.0900", "Year Low": "121.4200", "Year Close": "176.1400", "Annual % Change": "43.71%"}, "2014": {"Average Stock Price": "83.9429", "Year Open": "55.6600", "Year High": "127.4300", "Year Low": "55.6600", "Year Close": "122.5700", "Annual % Change": "113.28%"}, "2013": {"Average Stock Price": "49.8527", "Year Open": "51.2300", "Year High": "61.1300", "Year Low": "39.5600", "Year Close": "57.4700", "Annual % Change": "7.38%"}, "2012": {"Average Stock Price": "59.0238", "Year Open": "53.1300", "Year High": "71.7500", "Year Low": "48.8200", "Year Close": "53.5200", "Annual % Change": "0.00%"}}}, "market cap": {"value": "$36.29B"}, "income statement": {"Revenue": {"2020-07-31": "3408.40000", "2019-07-31": "2899.60000", "2018-07-31": "2273.60000", "2017-07-31": "1755.10000", "2016-07-31": "1378.50000", "2015-07-31": "928.10000", "2014-07-31": "598.20000", "2013-07-31": "396.10700", "2012-07-31": "255.13800", "2011-07-31": "118.59700", "2010-07-31": "48.78200"}, "Cost Of Goods Sold": {"2020-07-31": "999.50000", "2019-07-31": "808.40000", "2018-07-31": "645.10000", "2017-07-31": "476.40000", "2016-07-31": "370.00000", "2015-07-31": "251.50000", "2014-07-31": "159.60000", "2013-07-31": "109.75600", "2012-07-31": "70.55300", "2011-07-31": "32.27300", "2010-07-31": "15.63400"}, "Gross Profit": {"2020-07-31": "2408.90000", "2019-07-31": "2091.20000", "2018-07-31": "1628.50000", "2017-07-31": "1278.70000", "2016-07-31": "1008.50000", "2015-07-31": "676.60000", "2014-07-31": "438.60000", "2013-07-31": "286.35100", "2012-07-31": "184.58500", "2011-07-31": "86.32400", "2010-07-31": "33.14800"}, "Research And Development Expenses": {"2020-07-31": "768.10000", "2019-07-31": "539.50000", "2018-07-31": "400.70000", "2017-07-31": "347.40000", "2016-07-31": "284.20000", "2015-07-31": "185.80000", "2014-07-31": "104.80000", "2013-07-31": "62.48200", "2012-07-31": "38.57000", "2011-07-31": "21.36600", "2010-07-31": "12.78800"}, "SG&A Expenses": {"2020-07-31": "1819.80000", "2019-07-31": "1605.80000", "2018-07-31": "1332.00000", "2017-07-31": "1097.10000", "2016-07-31": "881.60000", "2015-07-31": "590.60000", "2014-07-31": "407.90000", "2013-07-31": "242.49000", "2012-07-31": "142.12400", "2011-07-31": "75.36200", "2010-07-31": "41.01700"}, "Other Operating Income Or Expenses": {"2020-07-31": "", "2019-07-31": "", "2018-07-31": "", "2017-07-31": "", "2016-07-31": "", "2015-07-31": "", "2014-07-31": "-141.20000", "2013-07-31": "0.00000", "2012-07-31": "0.00000", "2011-07-31": "", "2010-07-31": ""}, "Operating Expenses": {"2020-07-31": "3587.40000", "2019-07-31": "2953.70000", "2018-07-31": "2377.80000", "2017-07-31": "1920.90000", "2016-07-31": "1535.80000", "2015-07-31": "1027.90000", "2014-07-31": "813.50010", "2013-07-31": "414.72800", "2012-07-31": "251.24700", "2011-07-31": "129.00100", "2010-07-31": "69.43900"}, "Operating Income": {"2020-07-31": "-179.00000", "2019-07-31": "-54.10010", "2018-07-31": "-104.20000", "2017-07-31": "-165.79990", "2016-07-31": "-157.30000", "2015-07-31": "-99.79990", "2014-07-31": "-215.30000", "2013-07-31": "-18.62100", "2012-07-31": "3.89100", "2011-07-31": "-10.40400", "2010-07-31": "-20.65700"}, "Total Non-Operating Income/Expense": {"2020-07-31": "-52.80000", "2019-07-31": "-20.50000", "2018-07-31": "-1.10000", "2017-07-31": "-14.30000", "2016-07-31": "-15.00000", "2015-07-31": "-22.10000", "2014-07-31": "-6.90000", "2013-07-31": "-0.03500", "2012-07-31": "-1.09200", "2011-07-31": "-1.64800", "2010-07-31": "-0.42000"}, "Pre-Tax Income": {"2020-07-31": "-231.80000", "2019-07-31": "-74.60000", "2018-07-31": "-105.30000", "2017-07-31": "-180.10000", "2016-07-31": "-172.30000", "2015-07-31": "-121.90000", "2014-07-31": "-222.20000", "2013-07-31": "-18.65600", "2012-07-31": "2.79900", "2011-07-31": "-12.05200", "2010-07-31": "-21.07700"}, "Income Taxes": {"2020-07-31": "35.20000", "2019-07-31": "7.30000", "2018-07-31": "16.90000", "2017-07-31": "22.90000", "2016-07-31": "20.40000", "2015-07-31": "9.40000", "2014-07-31": "4.30000", "2013-07-31": "10.59000", "2012-07-31": "2.06200", "2011-07-31": "0.47600", "2010-07-31": "0.05600"}, "Income After Taxes": {"2020-07-31": "-267.00000", "2019-07-31": "-81.90000", "2018-07-31": "-122.20000", "2017-07-31": "-203.00000", "2016-07-31": "-192.70000", "2015-07-31": "-131.30000", "2014-07-31": "-226.50000", "2013-07-31": "-29.24600", "2012-07-31": "0.73700", "2011-07-31": "-12.52800", "2010-07-31": "-21.13300"}, "Other Income": {"2020-07-31": "", "2019-07-31": "", "2018-07-31": "", "2017-07-31": "", "2016-07-31": "", "2015-07-31": "", "2014-07-31": "", "2013-07-31": "", "2012-07-31": "", "2011-07-31": "", "2010-07-31": ""}, "Income From Continuous Operations": {"2020-07-31": "-267.00000", "2019-07-31": "-81.90000", "2018-07-31": "-122.20000", "2017-07-31": "-203.00000", "2016-07-31": "-192.70000", "2015-07-31": "-131.30000", "2014-07-31": "-226.50000", "2013-07-31": "-29.24600", "2012-07-31": "0.73700", "2011-07-31": "-12.52800", "2010-07-31": "-21.13300"}, "Income From Discontinued Operations": {"2020-07-31": "", "2019-07-31": "", "2018-07-31": "", "2017-07-31": "", "2016-07-31": "", "2015-07-31": "", "2014-07-31": "", "2013-07-31": "", "2012-07-31": "", "2011-07-31": "", "2010-07-31": ""}, "Net Income": {"2020-07-31": "-267.00000", "2019-07-31": "-81.90000", "2018-07-31": "-122.20000", "2017-07-31": "-203.00000", "2016-07-31": "-192.70000", "2015-07-31": "-131.30000", "2014-07-31": "-226.50000", "2013-07-31": "-29.24600", "2012-07-31": "0.00000", "2011-07-31": "-12.52800", "2010-07-31": "-21.13300"}, "EBITDA": {"2020-07-31": "396.60000", "2019-07-31": "376.19990", "2018-07-31": "171.30000", "2017-07-31": "28.60010", "2016-07-31": "-88.10010", "2015-07-31": "-45.39990", "2014-07-31": "-192.60010", "2013-07-31": "-6.78600", "2012-07-31": "10.02500", "2011-07-31": "-8.21500", "2010-07-31": "-19.53400"}, "EBIT": {"2020-07-31": "-179.00000", "2019-07-31": "-54.10010", "2018-07-31": "-104.20000", "2017-07-31": "-165.79990", "2016-07-31": "-157.30000", "2015-07-31": "-99.79990", "2014-07-31": "-215.30000", "2013-07-31": "-18.62100", "2012-07-31": "3.89100", "2011-07-31": "-10.40400", "2010-07-31": "-20.65700"}, "Basic Shares Outstanding": {"2020-07-31": "96.90000", "2019-07-31": "94.50000", "2018-07-31": "91.70000", "2017-07-31": "90.60000", "2016-07-31": "87.10000", "2015-07-31": "81.60000", "2014-07-31": "74.30000", "2013-07-31": "68.68200", "2012-07-31": "19.56900", "2011-07-31": "14.20100", "2010-07-31": "11.90100"}, "Shares Outstanding": {"2020-07-31": "96.90000", "2019-07-31": "94.50000", "2018-07-31": "91.70000", "2017-07-31": "90.60000", "2016-07-31": "87.10000", "2015-07-31": "81.60000", "2014-07-31": "74.30000", "2013-07-31": "68.68200", "2012-07-31": "19.56900", "2011-07-31": "14.20100", "2010-07-31": "11.90100"}, "Basic EPS": {"2020-07-31": "-2.76000", "2019-07-31": "-0.87000", "2018-07-31": "-1.33000", "2017-07-31": "-2.24000", "2016-07-31": "-2.21000", "2015-07-31": "-1.61000", "2014-07-31": "-3.05000", "2013-07-31": "-0.43000", "2012-07-31": "0.00000", "2011-07-31": "-0.88000", "2010-07-31": "-1.78000"}, "EPS - Earnings Per Share": {"2020-07-31": "-2.76000", "2019-07-31": "-0.87000", "2018-07-31": "-1.33000", "2017-07-31": "-2.24000", "2016-07-31": "-2.21000", "2015-07-31": "-1.61000", "2014-07-31": "-3.05000", "2013-07-31": "-0.43000", "2012-07-31": "0.00000", "2011-07-31": "-0.88000", "2010-07-31": "-1.78000"}}, "income statement, quarterly": {"Revenue": {"2020-10-31": "946.00000", "2020-07-31": "950.40000", "2020-04-30": "869.40000", "2020-01-31": "816.70000", "2019-10-31": "771.90000", "2019-07-31": "805.80000", "2019-04-30": "726.60000", "2019-01-31": "711.20000", "2018-10-31": "656.00000", "2018-07-31": "658.50020", "2018-04-30": "567.70000", "2018-01-31": "545.60000", "2017-10-31": "501.80000", "2017-07-31": "502.60010", "2017-04-30": "431.80000", "2017-01-31": "422.60000", "2016-10-31": "398.10000", "2016-07-31": "400.79990", "2016-04-30": "345.80000", "2016-01-31": "334.70000", "2015-10-31": "297.20000", "2015-07-31": "283.90000", "2015-04-30": "234.20000", "2015-01-31": "217.70000", "2014-10-31": "192.30000", "2014-07-31": "178.25200", "2014-04-30": "150.70000", "2014-01-31": "141.06800", "2013-10-31": "128.18000", "2013-07-31": "112.38500", "2013-04-30": "101.28900", "2013-01-31": "96.49900", "2012-10-31": "85.93400", "2012-07-31": "75.64200", "2012-04-30": "65.70000", "2012-01-31": "56.68300", "2011-10-31": "57.11300", "2011-07-31": "", "2010-07-31": ""}, "Cost Of Goods Sold": {"2020-10-31": "277.80000", "2020-07-31": "290.40000", "2020-04-30": "258.30000", "2020-01-31": "233.10000", "2019-10-31": "217.70000", "2019-07-31": "217.40000", "2019-04-30": "204.90000", "2019-01-31": "202.60000", "2018-10-31": "183.50000", "2018-07-31": "184.50000", "2018-04-30": "159.90000", "2018-01-31": "159.40000", "2017-10-31": "141.30000", "2017-07-31": "138.30000", "2017-04-30": "123.70000", "2017-01-31": "113.20000", "2016-10-31": "101.20000", "2016-07-31": "101.70000", "2016-04-30": "94.90000", "2016-01-31": "94.20000", "2015-10-31": "79.20000", "2015-07-31": "74.30000", "2015-04-30": "64.40000", "2015-01-31": "59.40000", "2014-10-31": "53.40000", "2014-07-31": "48.57900", "2014-04-30": "39.71000", "2014-01-31": "37.50400", "2013-10-31": "33.80700", "2013-07-31": "30.25800", "2013-04-30": "27.69000", "2013-01-31": "27.61800", "2012-10-31": "24.19000", "2012-07-31": "21.57000", "2012-04-30": "18.63300", "2012-01-31": "15.51300", "2011-10-31": "14.84000", "2011-07-31": "", "2010-07-31": ""}, "Gross Profit": {"2020-10-31": "668.20000", "2020-07-31": "660.00000", "2020-04-30": "611.10000", "2020-01-31": "583.60000", "2019-10-31": "554.20000", "2019-07-31": "588.40000", "2019-04-30": "521.70000", "2019-01-31": "508.60000", "2018-10-31": "472.50000", "2018-07-31": "474.00010", "2018-04-30": "407.80000", "2018-01-31": "386.20000", "2017-10-31": "360.50000", "2017-07-31": "364.30000", "2017-04-30": "308.10000", "2017-01-31": "309.40000", "2016-10-31": "296.90000", "2016-07-31": "299.09990", "2016-04-30": "250.90000", "2016-01-31": "240.50000", "2015-10-31": "218.00000", "2015-07-31": "209.60000", "2015-04-30": "169.80000", "2015-01-31": "158.30000", "2014-10-31": "138.90000", "2014-07-31": "129.67300", "2014-04-30": "110.99000", "2014-01-31": "103.56400", "2013-10-31": "94.37300", "2013-07-31": "82.12700", "2013-04-30": "73.59900", "2013-01-31": "68.88100", "2012-10-31": "61.74400", "2012-07-31": "54.07200", "2012-04-30": "47.06700", "2012-01-31": "41.17000", "2011-10-31": "42.27300", "2011-07-31": "", "2010-07-31": ""}, "Research And Development Expenses": {"2020-10-31": "237.40000", "2020-07-31": "215.90000", "2020-04-30": "196.30000", "2020-01-31": "185.40000", "2019-10-31": "170.50000", "2019-07-31": "158.70000", "2019-04-30": "139.10000", "2019-01-31": "128.30000", "2018-10-31": "113.40000", "2018-07-31": "110.30000", "2018-04-30": "99.60000", "2018-01-31": "96.60000", "2017-10-31": "94.20000", "2017-07-31": "87.30000", "2017-04-30": "86.00000", "2017-01-31": "89.90000", "2016-10-31": "84.20000", "2016-07-31": "76.50000", "2016-04-30": "74.00000", "2016-01-31": "74.00000", "2015-10-31": "59.70000", "2015-07-31": "53.10000", "2015-04-30": "48.40000", "2015-01-31": "47.00000", "2014-10-31": "37.30000", "2014-07-31": "32.81700", "2014-04-30": "27.83700", "2014-01-31": "24.25300", "2013-10-31": "19.89300", "2013-07-31": "17.62700", "2013-04-30": "16.04800", "2013-01-31": "15.49500", "2012-10-31": "13.31200", "2012-07-31": "11.76000", "2012-04-30": "10.46200", "2012-01-31": "8.51400", "2011-10-31": "7.84800", "2011-07-31": "", "2010-07-31": ""}, "SG&A Expenses": {"2020-10-31": "475.30000", "2020-07-31": "461.90000", "2020-04-30": "471.30000", "2020-01-31": "451.10000", "2019-10-31": "435.50000", "2019-07-31": "439.60000", "2019-04-30": "401.30000", "2019-01-31": "373.70000", "2018-10-31": "391.20000", "2018-07-31": "346.60000", "2018-04-30": "353.50000", "2018-01-31": "312.10000", "2017-10-31": "319.80000", "2017-07-31": "290.30000", "2017-04-30": "271.20000", "2017-01-31": "273.90000", "2016-10-31": "261.70000", "2016-07-31": "245.30010", "2016-04-30": "229.40000", "2016-01-31": "216.60000", "2015-10-31": "190.30000", "2015-07-31": "157.30000", "2015-04-30": "158.10000", "2015-01-31": "149.80000", "2014-10-31": "125.40000", "2014-07-31": "122.23000", "2014-04-30": "107.71200", "2014-01-31": "96.46700", "2013-10-31": "81.49100", "2013-07-31": "71.38300", "2013-04-30": "64.00100", "2013-01-31": "55.54300", "2012-10-31": "51.56300", "2012-07-31": "46.58000", "2012-04-30": "36.64600", "2012-01-31": "31.38000", "2011-10-31": "27.52500", "2011-07-31": "", "2010-07-31": ""}, "Other Operating Income Or Expenses": {"2020-10-31": "", "2020-07-31": "", "2020-04-30": "", "2020-01-31": "", "2019-10-31": "", "2019-07-31": "", "2019-04-30": "", "2019-01-31": "", "2018-10-31": "", "2018-07-31": "", "2018-04-30": "", "2018-01-31": "", "2017-10-31": "", "2017-07-31": "", "2017-04-30": "", "2017-01-31": "", "2016-10-31": "", "2016-07-31": "", "2016-04-30": "", "2016-01-31": "", "2015-10-31": "", "2015-07-31": "", "2015-04-30": "", "2015-01-31": "", "2014-10-31": "", "2014-07-31": "-0.02700", "2014-04-30": "-121.17300", "2014-01-31": "-20.00000", "2013-10-31": "", "2013-07-31": "", "2013-04-30": "", "2013-01-31": "", "2012-10-31": "", "2012-07-31": "", "2012-04-30": "", "2012-01-31": "", "2011-10-31": "", "2011-07-31": "", "2010-07-31": ""}, "Operating Expenses": {"2020-10-31": "990.50000", "2020-07-31": "968.20000", "2020-04-30": "925.90000", "2020-01-31": "869.60000", "2019-10-31": "823.70000", "2019-07-31": "815.70010", "2019-04-30": "745.30000", "2019-01-31": "704.60000", "2018-10-31": "688.10000", "2018-07-31": "641.40000", "2018-04-30": "613.00000", "2018-01-31": "568.10000", "2017-10-31": "555.30000", "2017-07-31": "515.90000", "2017-04-30": "480.90000", "2017-01-31": "477.00000", "2016-10-31": "447.10000", "2016-07-31": "423.50000", "2016-04-30": "398.30000", "2016-01-31": "384.80000", "2015-10-31": "329.20000", "2015-07-31": "284.69990", "2015-04-30": "270.90000", "2015-01-31": "256.20000", "2014-10-31": "216.10000", "2014-07-31": "203.65310", "2014-04-30": "296.43200", "2014-01-31": "178.22400", "2013-10-31": "135.19100", "2013-07-31": "119.26800", "2013-04-30": "107.73900", "2013-01-31": "98.65600", "2012-10-31": "89.06500", "2012-07-31": "79.91000", "2012-04-30": "65.74100", "2012-01-31": "55.40700", "2011-10-31": "50.21300", "2011-07-31": "", "2010-07-31": ""}, "Operating Income": {"2020-10-31": "-44.50000", "2020-07-31": "-17.80000", "2020-04-30": "-56.49990", "2020-01-31": "-52.90000", "2019-10-31": "-51.80000", "2019-07-31": "-9.90000", "2019-04-30": "-18.70000", "2019-01-31": "6.60000", "2018-10-31": "-32.10000", "2018-07-31": "17.10020", "2018-04-30": "-45.30000", "2018-01-31": "-22.50000", "2017-10-31": "-53.50010", "2017-07-31": "-13.30000", "2017-04-30": "-49.10000", "2017-01-31": "-54.40000", "2016-10-31": "-49.00000", "2016-07-31": "-22.70010", "2016-04-30": "-52.50000", "2016-01-31": "-50.10000", "2015-10-31": "-32.00000", "2015-07-31": "-0.79990", "2015-04-30": "-36.70000", "2015-01-31": "-38.50000", "2014-10-31": "-23.80000", "2014-07-31": "-25.40110", "2014-04-30": "-145.73200", "2014-01-31": "-37.15600", "2013-10-31": "-7.01100", "2013-07-31": "-6.88300", "2013-04-30": "-6.45000", "2013-01-31": "-2.15700", "2012-10-31": "-3.13100", "2012-07-31": "-4.26800", "2012-04-30": "-0.04100", "2012-01-31": "1.27600", "2011-10-31": "6.90000", "2011-07-31": "", "2010-07-31": ""}, "Total Non-Operating Income/Expense": {"2020-10-31": "-37.80000", "2020-07-31": "-30.60000", "2020-04-30": "-11.30000", "2020-01-31": "-8.20000", "2019-10-31": "-2.70000", "2019-07-31": "-3.80000", "2019-04-30": "-2.40000", "2019-01-31": "-4.60000", "2018-10-31": "-9.70000", "2018-07-31": "-0.20000", "2018-04-30": "2.10000", "2018-01-31": "-1.50000", "2017-10-31": "-1.50000", "2017-07-31": "-3.30000", "2017-04-30": "-4.10000", "2017-01-31": "-3.40000", "2016-10-31": "-3.50000", "2016-07-31": "-3.30000", "2016-04-30": "-4.80000", "2016-01-31": "-3.30000", "2015-10-31": "-3.60000", "2015-07-31": "-6.10000", "2015-04-30": "-5.70000", "2015-01-31": "-5.20000", "2014-10-31": "-5.10000", "2014-07-31": "-7.53000", "2014-04-30": "0.41700", "2014-01-31": "-0.18400", "2013-10-31": "0.39700", "2013-07-31": "0.00500", "2013-04-30": "-0.02400", "2013-01-31": "0.05600", "2012-10-31": "-0.07200", "2012-07-31": "-0.06000", "2012-04-30": "", "2012-01-31": "-0.56400", "2011-10-31": "-0.46200", "2011-07-31": "", "2010-07-31": ""}, "Pre-Tax Income": {"2020-10-31": "-82.30000", "2020-07-31": "-48.40000", "2020-04-30": "-67.80000", "2020-01-31": "-61.10000", "2019-10-31": "-54.50000", "2019-07-31": "-13.70000", "2019-04-30": "-21.10000", "2019-01-31": "2.00000", "2018-10-31": "-41.80000", "2018-07-31": "16.90000", "2018-04-30": "-43.20000", "2018-01-31": "-24.00000", "2017-10-31": "-55.00000", "2017-07-31": "-16.60000", "2017-04-30": "-53.20000", "2017-01-31": "-57.80000", "2016-10-31": "-52.50000", "2016-07-31": "-26.00000", "2016-04-30": "-57.30000", "2016-01-31": "-53.40000", "2015-10-31": "-35.60000", "2015-07-31": "-6.90000", "2015-04-30": "-42.40000", "2015-01-31": "-43.70000", "2014-10-31": "-28.90000", "2014-07-31": "-32.93100", "2014-04-30": "-145.31500", "2014-01-31": "-37.34000", "2013-10-31": "-6.61400", "2013-07-31": "-6.87800", "2013-04-30": "-6.47400", "2013-01-31": "-2.10100", "2012-10-31": "-3.20300", "2012-07-31": "-4.31000", "2012-04-30": "-0.04100", "2012-01-31": "0.71200", "2011-10-31": "6.43800", "2011-07-31": "", "2010-07-31": ""}, "Income Taxes": {"2020-10-31": "9.90000", "2020-07-31": "10.50000", "2020-04-30": "7.00000", "2020-01-31": "12.60000", "2019-10-31": "5.10000", "2019-07-31": "7.10000", "2019-04-30": "-0.90000", "2019-01-31": "4.60000", "2018-10-31": "-3.50000", "2018-07-31": "9.90000", "2018-04-30": "-2.80000", "2018-01-31": "1.60000", "2017-10-31": "8.20000", "2017-07-31": "8.00000", "2017-04-30": "7.70000", "2017-01-31": "2.80000", "2016-10-31": "4.40000", "2016-07-31": "5.40000", "2016-04-30": "6.80000", "2016-01-31": "3.90000", "2015-10-31": "4.30000", "2015-07-31": "5.40000", "2015-04-30": "3.50000", "2015-01-31": "-0.70000", "2014-10-31": "1.20000", "2014-07-31": "-0.82500", "2014-04-30": "1.27200", "2014-01-31": "2.60600", "2013-10-31": "1.24700", "2013-07-31": "8.95800", "2013-04-30": "0.80800", "2013-01-31": "0.51200", "2012-10-31": "0.31200", "2012-07-31": "0.29000", "2012-04-30": "-0.83700", "2012-01-31": "0.28800", "2011-10-31": "2.32200", "2011-07-31": "", "2010-07-31": ""}, "Income After Taxes": {"2020-10-31": "-92.20000", "2020-07-31": "-58.90000", "2020-04-30": "-74.80000", "2020-01-31": "-73.70000", "2019-10-31": "-59.60000", "2019-07-31": "-20.80000", "2019-04-30": "-20.20000", "2019-01-31": "-2.60000", "2018-10-31": "-38.30000", "2018-07-31": "7.00000", "2018-04-30": "-40.40000", "2018-01-31": "-25.60000", "2017-10-31": "-63.20000", "2017-07-31": "-24.60000", "2017-04-30": "-60.90000", "2017-01-31": "-60.60000", "2016-10-31": "-56.90000", "2016-07-31": "-31.40000", "2016-04-30": "-64.10000", "2016-01-31": "-57.30000", "2015-10-31": "-39.90000", "2015-07-31": "-12.30000", "2015-04-30": "-45.90000", "2015-01-31": "-43.00000", "2014-10-31": "-30.10000", "2014-07-31": "-32.10600", "2014-04-30": "-146.58700", "2014-01-31": "-39.94600", "2013-10-31": "-7.86100", "2013-07-31": "-15.83600", "2013-04-30": "-7.28200", "2013-01-31": "-2.61300", "2012-10-31": "-3.51500", "2012-07-31": "-4.60000", "2012-04-30": "0.79600", "2012-01-31": "0.42400", "2011-10-31": "4.11600", "2011-07-31": "", "2010-07-31": ""}, "Other Income": {"2020-10-31": "", "2020-07-31": "", "2020-04-30": "", "2020-01-31": "", "2019-10-31": "", "2019-07-31": "", "2019-04-30": "", "2019-01-31": "", "2018-10-31": "", "2018-07-31": "", "2018-04-30": "", "2018-01-31": "", "2017-10-31": "", "2017-07-31": "", "2017-04-30": "", "2017-01-31": "", "2016-10-31": "", "2016-07-31": "", "2016-04-30": "", "2016-01-31": "", "2015-10-31": "", "2015-07-31": "", "2015-04-30": "", "2015-01-31": "", "2014-10-31": "", "2014-07-31": "", "2014-04-30": "", "2014-01-31": "", "2013-10-31": "", "2013-07-31": "", "2013-04-30": "", "2013-01-31": "", "2012-10-31": "", "2012-07-31": "0.00000", "2012-04-30": "", "2012-01-31": "", "2011-10-31": "", "2011-07-31": "", "2010-07-31": ""}, "Income From Continuous Operations": {"2020-10-31": "-92.20000", "2020-07-31": "-58.90000", "2020-04-30": "-74.80000", "2020-01-31": "-73.70000", "2019-10-31": "-59.60000", "2019-07-31": "-20.80000", "2019-04-30": "-20.20000", "2019-01-31": "-2.60000", "2018-10-31": "-38.30000", "2018-07-31": "7.00000", "2018-04-30": "-40.40000", "2018-01-31": "-25.60000", "2017-10-31": "-63.20000", "2017-07-31": "-24.60000", "2017-04-30": "-60.90000", "2017-01-31": "-60.60000", "2016-10-31": "-56.90000", "2016-07-31": "-31.40000", "2016-04-30": "-64.10000", "2016-01-31": "-57.30000", "2015-10-31": "-39.90000", "2015-07-31": "-12.30000", "2015-04-30": "-45.90000", "2015-01-31": "-43.00000", "2014-10-31": "-30.10000", "2014-07-31": "-32.10600", "2014-04-30": "-146.58700", "2014-01-31": "-39.94600", "2013-10-31": "-7.86100", "2013-07-31": "-15.83600", "2013-04-30": "-7.28200", "2013-01-31": "-2.61300", "2012-10-31": "-3.51500", "2012-07-31": "-4.59900", "2012-04-30": "0.79600", "2012-01-31": "0.42400", "2011-10-31": "4.11600", "2011-07-31": "", "2010-07-31": ""}, "Income From Discontinued Operations": {"2020-10-31": "", "2020-07-31": "", "2020-04-30": "", "2020-01-31": "", "2019-10-31": "", "2019-07-31": "", "2019-04-30": "", "2019-01-31": "", "2018-10-31": "", "2018-07-31": "", "2018-04-30": "", "2018-01-31": "", "2017-10-31": "", "2017-07-31": "", "2017-04-30": "", "2017-01-31": "", "2016-10-31": "", "2016-07-31": "", "2016-04-30": "", "2016-01-31": "", "2015-10-31": "", "2015-07-31": "", "2015-04-30": "", "2015-01-31": "", "2014-10-31": "", "2014-07-31": "", "2014-04-30": "", "2014-01-31": "", "2013-10-31": "", "2013-07-31": "", "2013-04-30": "", "2013-01-31": "", "2012-10-31": "", "2012-07-31": "0.00000", "2012-04-30": "", "2012-01-31": "", "2011-10-31": "", "2011-07-31": "", "2010-07-31": ""}, "Net Income": {"2020-10-31": "-92.20000", "2020-07-31": "-58.90000", "2020-04-30": "-74.80000", "2020-01-31": "-73.70000", "2019-10-31": "-59.60000", "2019-07-31": "-20.80000", "2019-04-30": "-20.20000", "2019-01-31": "-2.60000", "2018-10-31": "-38.30000", "2018-07-31": "7.00000", "2018-04-30": "-40.40000", "2018-01-31": "-25.60000", "2017-10-31": "-63.20000", "2017-07-31": "-24.60000", "2017-04-30": "-60.90000", "2017-01-31": "-60.60000", "2016-10-31": "-56.90000", "2016-07-31": "-31.40000", "2016-04-30": "-64.10000", "2016-01-31": "-57.30000", "2015-10-31": "-39.90000", "2015-07-31": "-12.30000", "2015-04-30": "-45.90000", "2015-01-31": "-43.00000", "2014-10-31": "-30.10000", "2014-07-31": "-32.10600", "2014-04-30": "-146.58700", "2014-01-31": "-39.94600", "2013-10-31": "-7.86100", "2013-07-31": "-15.83600", "2013-04-30": "-7.28200", "2013-01-31": "-2.61300", "2012-10-31": "-3.51500", "2012-07-31": "-4.59900", "2012-04-30": "0.79600", "2012-01-31": "", "2011-10-31": "", "2011-07-31": "", "2010-07-31": ""}, "EBITDA": {"2020-10-31": "127.10000", "2020-07-31": "165.80000", "2020-04-30": "84.50010", "2020-01-31": "75.80000", "2019-10-31": "70.50000", "2019-07-31": "120.59990", "2019-04-30": "90.60000", "2019-01-31": "104.00000", "2018-10-31": "61.00000", "2018-07-31": "102.90010", "2018-04-30": "30.40000", "2018-01-31": "35.30000", "2017-10-31": "2.69990", "2017-07-31": "117.60010", "2017-04-30": "-27.10000", "2017-01-31": "-33.20000", "2016-10-31": "-28.70000", "2016-07-31": "-4.00010", "2016-04-30": "-34.60000", "2016-01-31": "-33.20000", "2015-10-31": "-16.30000", "2015-07-31": "14.40010", "2015-04-30": "-22.90000", "2015-01-31": "-25.40000", "2014-10-31": "-11.50000", "2014-07-31": "-15.51910", "2014-04-30": "-140.74300", "2014-01-31": "-32.85900", "2013-10-31": "-3.47900", "2013-07-31": "-3.71400", "2013-04-30": "-3.07400", "2013-01-31": "0.76400", "2012-10-31": "-0.76200", "2012-07-31": "-2.33100", "2012-04-30": "1.67800", "2012-01-31": "2.60000", "2011-10-31": "8.05000", "2011-07-31": "", "2010-07-31": ""}, "EBIT": {"2020-10-31": "-44.50000", "2020-07-31": "-17.80010", "2020-04-30": "-56.49990", "2020-01-31": "-52.90000", "2019-10-31": "-51.80000", "2019-07-31": "-9.90010", "2019-04-30": "-18.70000", "2019-01-31": "6.60000", "2018-10-31": "-32.10000", "2018-07-31": "17.10010", "2018-04-30": "-45.30000", "2018-01-31": "-22.50000", "2017-10-31": "-53.50010", "2017-07-31": "-13.30000", "2017-04-30": "-49.10000", "2017-01-31": "-54.40000", "2016-10-31": "-49.00000", "2016-07-31": "-22.70010", "2016-04-30": "-52.50000", "2016-01-31": "-50.10000", "2015-10-31": "-32.00000", "2015-07-31": "-0.79990", "2015-04-30": "-36.70000", "2015-01-31": "-38.50000", "2014-10-31": "-23.80000", "2014-07-31": "-25.40100", "2014-04-30": "-145.73200", "2014-01-31": "-37.15600", "2013-10-31": "-7.01100", "2013-07-31": "-6.88300", "2013-04-30": "-6.45000", "2013-01-31": "-2.15700", "2012-10-31": "-3.13100", "2012-07-31": "-4.26800", "2012-04-30": "-0.04100", "2012-01-31": "1.27600", "2011-10-31": "6.90000", "2011-07-31": "", "2010-07-31": ""}, "Basic Shares Outstanding": {"2020-10-31": "95.50000", "2020-07-31": "96.90000", "2020-04-30": "96.70000", "2020-01-31": "98.30000", "2019-10-31": "96.60000", "2019-07-31": "94.50000", "2019-04-30": "94.40000", "2019-01-31": "94.00000", "2018-10-31": "93.80000", "2018-07-31": "91.70000", "2018-04-30": "91.90000", "2018-01-31": "91.10000", "2017-10-31": "90.90000", "2017-07-31": "90.60000", "2017-04-30": "91.00000", "2017-01-31": "90.70000", "2016-10-31": "89.80000", "2016-07-31": "87.10000", "2016-04-30": "87.80000", "2016-01-31": "86.60000", "2015-10-31": "85.10000", "2015-07-31": "81.60000", "2015-04-30": "82.30000", "2015-01-31": "80.80000", "2014-10-31": "79.40000", "2014-07-31": "74.30000", "2014-04-30": "74.96700", "2014-01-31": "72.85400", "2013-10-31": "71.68100", "2013-07-31": "68.68200", "2013-04-30": "69.57500", "2013-01-31": "67.65100", "2012-10-31": "66.81300", "2012-07-31": "25.91900", "2012-04-30": "18.45900", "2012-01-31": "17.19200", "2011-10-31": "16.71500", "2011-07-31": "", "2010-07-31": ""}, "Shares Outstanding": {"2020-10-31": "95.50000", "2020-07-31": "96.90000", "2020-04-30": "96.70000", "2020-01-31": "98.30000", "2019-10-31": "96.60000", "2019-07-31": "94.50000", "2019-04-30": "94.40000", "2019-01-31": "94.00000", "2018-10-31": "93.80000", "2018-07-31": "91.70000", "2018-04-30": "91.90000", "2018-01-31": "91.10000", "2017-10-31": "90.90000", "2017-07-31": "90.60000", "2017-04-30": "91.00000", "2017-01-31": "90.70000", "2016-10-31": "89.80000", "2016-07-31": "87.10000", "2016-04-30": "87.80000", "2016-01-31": "86.60000", "2015-10-31": "85.10000", "2015-07-31": "81.60000", "2015-04-30": "82.30000", "2015-01-31": "80.80000", "2014-10-31": "79.40000", "2014-07-31": "74.30000", "2014-04-30": "74.96700", "2014-01-31": "72.85400", "2013-10-31": "71.68100", "2013-07-31": "68.68200", "2013-04-30": "69.57500", "2013-01-31": "67.65100", "2012-10-31": "66.81300", "2012-07-31": "25.91900", "2012-04-30": "24.88800", "2012-01-31": "17.19200", "2011-10-31": "16.71500", "2011-07-31": "", "2010-07-31": ""}, "Basic EPS": {"2020-10-31": "-0.97000", "2020-07-31": "-0.62000", "2020-04-30": "-0.77000", "2020-01-31": "-0.75000", "2019-10-31": "-0.62000", "2019-07-31": "-0.22000", "2019-04-30": "-0.21000", "2019-01-31": "-0.03000", "2018-10-31": "-0.41000", "2018-07-31": "0.09000", "2018-04-30": "-0.44000", "2018-01-31": "-0.28000", "2017-10-31": "-0.70000", "2017-07-31": "-0.27000", "2017-04-30": "-0.67000", "2017-01-31": "-0.67000", "2016-10-31": "-0.63000", "2016-07-31": "-0.35000", "2016-04-30": "-0.73000", "2016-01-31": "-0.66000", "2015-10-31": "-0.47000", "2015-07-31": "-0.14000", "2015-04-30": "-0.56000", "2015-01-31": "-0.53000", "2014-10-31": "-0.38000", "2014-07-31": "-0.43000", "2014-04-30": "-1.96000", "2014-01-31": "-0.55000", "2013-10-31": "-0.11000", "2013-07-31": "-0.24000", "2013-04-30": "-0.10000", "2013-01-31": "-0.04000", "2012-10-31": "-0.05000", "2012-07-31": "-0.18000", "2012-04-30": "0.00000", "2012-01-31": "0.00000", "2011-10-31": "0.00000", "2011-07-31": "", "2010-07-31": ""}, "EPS - Earnings Per Share": {"2020-10-31": "-0.97000", "2020-07-31": "-0.62000", "2020-04-30": "-0.77000", "2020-01-31": "-0.75000", "2019-10-31": "-0.62000", "2019-07-31": "-0.22000", "2019-04-30": "-0.21000", "2019-01-31": "-0.03000", "2018-10-31": "-0.41000", "2018-07-31": "0.09000", "2018-04-30": "-0.44000", "2018-01-31": "-0.28000", "2017-10-31": "-0.70000", "2017-07-31": "-0.27000", "2017-04-30": "-0.67000", "2017-01-31": "-0.67000", "2016-10-31": "-0.63000", "2016-07-31": "-0.35000", "2016-04-30": "-0.73000", "2016-01-31": "-0.66000", "2015-10-31": "-0.47000", "2015-07-31": "-0.14000", "2015-04-30": "-0.56000", "2015-01-31": "-0.53000", "2014-10-31": "-0.38000", "2014-07-31": "-0.43000", "2014-04-30": "-1.96000", "2014-01-31": "-0.55000", "2013-10-31": "-0.11000", "2013-07-31": "-0.24000", "2013-04-30": "-0.10000", "2013-01-31": "-0.04000", "2012-10-31": "-0.05000", "2012-07-31": "-0.18000", "2012-04-30": "0.00000", "2012-01-31": "0.00000", "2011-10-31": "0.00000", "2011-07-31": "0.00000", "2010-07-31": "0.00000"}}, "balance sheet": {"Cash On Hand": {"2020-07-31": "3747.80000", "2019-07-31": "2803.10000", "2018-07-31": "3403.40000", "2017-07-31": "1375.00000", "2016-07-31": "1285.60000", "2015-07-31": "789.00000", "2014-07-31": "772.50200", "2013-07-31": "419.62100", "2012-07-31": "322.64200", "2011-07-31": "40.51700", "2010-07-31": ""}, "Receivables": {"2020-07-31": "1037.10000", "2019-07-31": "582.40000", "2018-07-31": "467.00000", "2017-07-31": "432.10000", "2016-07-31": "348.70000", "2015-07-31": "212.40000", "2014-07-31": "135.51800", "2013-07-31": "87.46100", "2012-07-31": "45.64200", "2011-07-31": "29.67700", "2010-07-31": ""}, "Inventory": {"2020-07-31": "", "2019-07-31": "", "2018-07-31": "", "2017-07-31": "", "2016-07-31": "", "2015-07-31": "", "2014-07-31": "", "2013-07-31": "", "2012-07-31": "", "2011-07-31": "", "2010-07-31": ""}, "Pre-Paid Expenses": {"2020-07-31": "344.30000", "2019-07-31": "279.30000", "2018-07-31": "268.10000", "2017-07-31": "169.20000", "2016-07-31": "139.70000", "2015-07-31": "72.60000", "2014-07-31": "50.30600", "2013-07-31": "22.61700", "2012-07-31": "13.37300", "2011-07-31": "6.64600", "2010-07-31": ""}, "Other Current Assets": {"2020-07-31": "", "2019-07-31": "", "2018-07-31": "", "2017-07-31": "", "2016-07-31": "", "2015-07-31": "", "2014-07-31": "", "2013-07-31": "", "2012-07-31": "", "2011-07-31": "", "2010-07-31": ""}, "Total Current Assets": {"2020-07-31": "5129.20000", "2019-07-31": "3664.80000", "2018-07-31": "4138.50000", "2017-07-31": "1976.30000", "2016-07-31": "1774.00000", "2015-07-31": "1074.00000", "2014-07-31": "958.32600", "2013-07-31": "529.69900", "2012-07-31": "381.65700", "2011-07-31": "76.84000", "2010-07-31": ""}, "Property, Plant, And Equipment": {"2020-07-31": "348.10000", "2019-07-31": "296.00000", "2018-07-31": "273.10000", "2017-07-31": "211.10000", "2016-07-31": "117.20000", "2015-07-31": "62.90000", "2014-07-31": "48.74400", "2013-07-31": "32.08600", "2012-07-31": "20.97900", "2011-07-31": "12.66600", "2010-07-31": ""}, "Long-Term Investments": {"2020-07-31": "554.40000", "2019-07-31": "575.40000", "2018-07-31": "547.50000", "2017-07-31": "789.30000", "2016-07-31": "652.80000", "2015-07-31": "538.80000", "2014-07-31": "201.88000", "2013-07-31": "17.31400", "2012-07-31": "", "2011-07-31": "", "2010-07-31": ""}, "Goodwill And Intangible Assets": {"2020-07-31": "2171.10000", "2019-07-31": "1632.90000", "2018-07-31": "663.60000", "2017-07-31": "292.50000", "2016-07-31": "207.50000", "2015-07-31": "216.20000", "2014-07-31": "202.98800", "2013-07-31": "1.35800", "2012-07-31": "", "2011-07-31": "", "2010-07-31": "0.00000"}, "Other Long-Term Assets": {"2020-07-31": "603.90000", "2019-07-31": "423.10000", "2018-07-31": "326.20000", "2017-07-31": "169.10000", "2016-07-31": "106.70000", "2015-07-31": "73.30000", "2014-07-31": "66.52800", "2013-07-31": "5.14900", "2012-07-31": "5.16800", "2011-07-31": "1.66600", "2010-07-31": ""}, "Total Long-Term Assets": {"2020-07-31": "3936.20000", "2019-07-31": "2927.40000", "2018-07-31": "1810.40000", "2017-07-31": "1462.00000", "2016-07-31": "1084.20000", "2015-07-31": "891.20000", "2014-07-31": "520.14000", "2013-07-31": "55.90700", "2012-07-31": "26.14700", "2011-07-31": "14.33200", "2010-07-31": ""}, "Total Assets": {"2020-07-31": "9065.40000", "2019-07-31": "6592.20000", "2018-07-31": "5948.90000", "2017-07-31": "3438.30000", "2016-07-31": "2858.20000", "2015-07-31": "1965.20000", "2014-07-31": "1478.46600", "2013-07-31": "585.60600", "2012-07-31": "407.80400", "2011-07-31": "91.17200", "2010-07-31": "0.00000"}, "Total Current Liabilities": {"2020-07-31": "2691.70000", "2019-07-31": "2053.30000", "2018-07-31": "2101.70000", "2017-07-31": "1201.30000", "2016-07-31": "846.80000", "2015-07-31": "1032.20000", "2014-07-31": "348.17100", "2013-07-31": "206.10200", "2012-07-31": "122.00600", "2011-07-31": "67.10100", "2010-07-31": ""}, "Long Term Debt": {"2020-07-31": "3084.10000", "2019-07-31": "1430.00000", "2018-07-31": "1369.70000", "2017-07-31": "524.70000", "2016-07-31": "500.20000", "2015-07-31": "", "2014-07-31": "466.87500", "2013-07-31": "", "2012-07-31": "", "2011-07-31": "", "2010-07-31": ""}, "Other Non-Current Liabilities": {"2020-07-31": "90.10000", "2019-07-31": "216.00000", "2018-07-31": "251.50000", "2017-07-31": "147.60000", "2016-07-31": "79.40000", "2015-07-31": "155.30000", "2014-07-31": "32.17700", "2013-07-31": "11.79900", "2012-07-31": "7.21500", "2011-07-31": "6.96400", "2010-07-31": ""}, "Total Long Term Liabilities": {"2020-07-31": "5271.90000", "2019-07-31": "2952.60000", "2018-07-31": "2686.90000", "2017-07-31": "1477.40000", "2016-07-31": "1116.50000", "2015-07-31": "445.10000", "2014-07-31": "661.71200", "2013-07-31": "107.08400", "2012-07-31": "56.72700", "2011-07-31": "95.52500", "2010-07-31": ""}, "Total Liabilities": {"2020-07-31": "7963.60000", "2019-07-31": "5005.90000", "2018-07-31": "4788.60000", "2017-07-31": "2678.70000", "2016-07-31": "1963.30000", "2015-07-31": "1477.30000", "2014-07-31": "1009.88300", "2013-07-31": "313.18600", "2012-07-31": "178.73300", "2011-07-31": "162.62600", "2010-07-31": "0.00000"}, "Common Stock Net": {"2020-07-31": "2259.20000", "2019-07-31": "2490.90000", "2018-07-31": "1967.40000", "2017-07-31": "1599.70000", "2016-07-31": "1515.50000", "2015-07-31": "988.70000", "2014-07-31": "0.00800", "2013-07-31": "0.00700", "2012-07-31": "0.00700", "2011-07-31": "0.00200", "2010-07-31": "0.00000"}, "Retained Earnings (Accumulated Deficit)": {"2020-07-31": "-1167.90000", "2019-07-31": "-900.90000", "2018-07-31": "-790.70000", "2017-07-31": "-836.70000", "2016-07-31": "-621.60000", "2015-07-31": "-500.70000", "2014-07-31": "-335.72600", "2013-07-31": "-109.27400", "2012-07-31": "-80.02800", "2011-07-31": "-80.76500", "2010-07-31": ""}, "Comprehensive Income": {"2020-07-31": "10.50000", "2019-07-31": "-3.70000", "2018-07-31": "-16.40000", "2017-07-31": "-3.40000", "2016-07-31": "1.00000", "2015-07-31": "-0.10000", "2014-07-31": "-0.10500", "2013-07-31": "-0.01600", "2012-07-31": "", "2011-07-31": "", "2010-07-31": ""}, "Other Share Holders Equity": {"2020-07-31": "", "2019-07-31": "", "2018-07-31": "", "2017-07-31": "", "2016-07-31": "", "2015-07-31": "", "2014-07-31": "", "2013-07-31": "", "2012-07-31": "", "2011-07-31": "", "2010-07-31": "0.00000"}, "Share Holder Equity": {"2020-07-31": "1101.80000", "2019-07-31": "1586.30000", "2018-07-31": "1160.30000", "2017-07-31": "759.60000", "2016-07-31": "894.90000", "2015-07-31": "487.90000", "2014-07-31": "468.58300", "2013-07-31": "272.42000", "2012-07-31": "229.07100", "2011-07-31": "-71.45400", "2010-07-31": "0.00000"}, "Total Liabilities And Share Holders Equity": {"2020-07-31": "9065.40000", "2019-07-31": "6592.20000", "2018-07-31": "5948.90000", "2017-07-31": "3438.30000", "2016-07-31": "2858.20000", "2015-07-31": "1965.20000", "2014-07-31": "1478.46600", "2013-07-31": "585.60600", "2012-07-31": "407.80400", "2011-07-31": "91.17200", "2010-07-31": "0.00000"}}, "balance sheet, quarterly": {"Cash On Hand": {"2020-10-31": "3217.60000", "2020-07-31": "3747.80000", "2020-04-30": "2038.80000", "2020-01-31": "3133.90000", "2019-10-31": "2861.20000", "2019-07-31": "2803.10000", "2019-04-30": "3048.10000", "2019-01-31": "2830.00000", "2018-10-31": "3203.80000", "2018-07-31": "3403.40000", "2018-04-30": "1621.20000", "2018-01-31": "1635.70000", "2017-10-31": "1503.20000", "2017-07-31": "1375.00000", "2017-04-30": "1372.00000", "2017-01-31": "1354.40000", "2016-10-31": "1390.00000", "2016-07-31": "1285.60000", "2016-04-30": "1087.50000", "2016-01-31": "964.60000", "2015-10-31": "761.30000", "2015-07-31": "789.00000", "2015-04-30": "822.97300", "2015-01-31": "675.05700", "2014-10-31": "771.49900", "2014-07-31": "772.50200", "2014-04-30": "367.97000", "2014-01-31": "438.21200", "2013-10-31": "436.73300", "2013-07-31": "419.62100", "2013-04-30": "361.69700", "2013-01-31": "337.44400", "2012-10-31": "321.55700", "2012-07-31": "322.64200", "2012-04-30": "", "2012-01-31": "", "2011-10-31": "", "2011-07-31": "40.51000", "2010-07-31": ""}, "Receivables": {"2020-10-31": "675.50000", "2020-07-31": "1037.10000", "2020-04-30": "668.80000", "2020-01-31": "540.30000", "2019-10-31": "499.20000", "2019-07-31": "582.40000", "2019-04-30": "407.50000", "2019-01-31": "415.00000", "2018-10-31": "382.30000", "2018-07-31": "467.00000", "2018-04-30": "361.80000", "2018-01-31": "365.10000", "2017-10-31": "350.80000", "2017-07-31": "432.10000", "2017-04-30": "364.10000", "2017-01-31": "386.10000", "2016-10-31": "346.50000", "2016-07-31": "348.70000", "2016-04-30": "267.60000", "2016-01-31": "254.40000", "2015-10-31": "196.40000", "2015-07-31": "212.40000", "2015-04-30": "150.52300", "2015-01-31": "135.25100", "2014-10-31": "116.22400", "2014-07-31": "135.51800", "2014-04-30": "114.78900", "2014-01-31": "86.09000", "2013-10-31": "91.43900", "2013-07-31": "87.46100", "2013-04-30": "91.48900", "2013-01-31": "68.58600", "2012-10-31": "56.36900", "2012-07-31": "45.64200", "2012-04-30": "", "2012-01-31": "", "2011-10-31": "", "2011-07-31": "29.67000", "2010-07-31": ""}, "Inventory": {"2020-10-31": "", "2020-07-31": "", "2020-04-30": "", "2020-01-31": "", "2019-10-31": "", "2019-07-31": "", "2019-04-30": "", "2019-01-31": "", "2018-10-31": "", "2018-07-31": "", "2018-04-30": "", "2018-01-31": "", "2017-10-31": "", "2017-07-31": "", "2017-04-30": "", "2017-01-31": "", "2016-10-31": "", "2016-07-31": "", "2016-04-30": "", "2016-01-31": "", "2015-10-31": "", "2015-07-31": "", "2015-04-30": "", "2015-01-31": "", "2014-10-31": "", "2014-07-31": "", "2014-04-30": "", "2014-01-31": "", "2013-10-31": "", "2013-07-31": "", "2013-04-30": "", "2013-01-31": "", "2012-10-31": "", "2012-07-31": "", "2012-04-30": "", "2012-01-31": "", "2011-10-31": "", "2011-07-31": "", "2010-07-31": ""}, "Pre-Paid Expenses": {"2020-10-31": "407.80000", "2020-07-31": "344.30000", "2020-04-30": "306.40000", "2020-01-31": "304.00000", "2019-10-31": "289.40000", "2019-07-31": "279.30000", "2019-04-30": "261.90000", "2019-01-31": "242.50000", "2018-10-31": "229.10000", "2018-07-31": "268.10000", "2018-04-30": "222.50000", "2018-01-31": "209.40000", "2017-10-31": "185.50000", "2017-07-31": "169.20000", "2017-04-30": "159.10000", "2017-01-31": "139.90000", "2016-10-31": "129.40000", "2016-07-31": "139.70000", "2016-04-30": "91.10000", "2016-01-31": "88.10000", "2015-10-31": "82.20000", "2015-07-31": "72.60000", "2015-04-30": "67.01300", "2015-01-31": "51.19600", "2014-10-31": "45.84400", "2014-07-31": "50.30600", "2014-04-30": "33.68600", "2014-01-31": "30.98500", "2013-10-31": "24.16000", "2013-07-31": "22.61700", "2013-04-30": "19.53800", "2013-01-31": "20.64400", "2012-10-31": "16.81300", "2012-07-31": "13.37300", "2012-04-30": "", "2012-01-31": "", "2011-10-31": "", "2011-07-31": "", "2010-07-31": ""}, "Other Current Assets": {"2020-10-31": "", "2020-07-31": "", "2020-04-30": "", "2020-01-31": "", "2019-10-31": "", "2019-07-31": "", "2019-04-30": "", "2019-01-31": "", "2018-10-31": "", "2018-07-31": "", "2018-04-30": "", "2018-01-31": "", "2017-10-31": "", "2017-07-31": "", "2017-04-30": "", "2017-01-31": "", "2016-10-31": "", "2016-07-31": "", "2016-04-30": "", "2016-01-31": "", "2015-10-31": "", "2015-07-31": "", "2015-04-30": "", "2015-01-31": "", "2014-10-31": "", "2014-07-31": "", "2014-04-30": "", "2014-01-31": "", "2013-10-31": "", "2013-07-31": "", "2013-04-30": "", "2013-01-31": "", "2012-10-31": "", "2012-07-31": "", "2012-04-30": "", "2012-01-31": "", "2011-10-31": "", "2011-07-31": "6.64000", "2010-07-31": ""}, "Total Current Assets": {"2020-10-31": "4300.90000", "2020-07-31": "5129.20000", "2020-04-30": "3014.00000", "2020-01-31": "3978.20000", "2019-10-31": "3649.80000", "2019-07-31": "3664.80000", "2019-04-30": "3717.50000", "2019-01-31": "3487.50000", "2018-10-31": "3815.20000", "2018-07-31": "4138.50000", "2018-04-30": "2205.50000", "2018-01-31": "2210.20000", "2017-10-31": "2039.50000", "2017-07-31": "1976.30000", "2017-04-30": "1895.20000", "2017-01-31": "1880.40000", "2016-10-31": "1865.90000", "2016-07-31": "1774.00000", "2016-04-30": "1446.20000", "2016-01-31": "1307.10000", "2015-10-31": "1039.90000", "2015-07-31": "1074.00000", "2015-04-30": "1040.50900", "2015-01-31": "861.50400", "2014-10-31": "933.56700", "2014-07-31": "958.32600", "2014-04-30": "516.44500", "2014-01-31": "555.28700", "2013-10-31": "552.33200", "2013-07-31": "529.69900", "2013-04-30": "472.72400", "2013-01-31": "426.67400", "2012-10-31": "394.73900", "2012-07-31": "381.65700", "2012-04-30": "", "2012-01-31": "", "2011-10-31": "", "2011-07-31": "76.84000", "2010-07-31": ""}, "Property, Plant, And Equipment": {"2020-10-31": "337.90000", "2020-07-31": "348.10000", "2020-04-30": "357.20000", "2020-01-31": "311.40000", "2019-10-31": "316.40000", "2019-07-31": "296.00000", "2019-04-30": "275.00000", "2019-01-31": "273.20000", "2018-10-31": "276.50000", "2018-07-31": "273.10000", "2018-04-30": "264.20000", "2018-01-31": "264.70000", "2017-10-31": "256.90000", "2017-07-31": "211.10000", "2017-04-30": "192.30000", "2017-01-31": "154.10000", "2016-10-31": "125.00000", "2016-07-31": "117.20000", "2016-04-30": "100.50000", "2016-01-31": "92.60000", "2015-10-31": "76.70000", "2015-07-31": "62.90000", "2015-04-30": "59.54600", "2015-01-31": "52.63900", "2014-10-31": "49.82300", "2014-07-31": "48.74400", "2014-04-30": "48.48800", "2014-01-31": "45.73500", "2013-10-31": "42.40900", "2013-07-31": "32.08600", "2013-04-30": "29.50000", "2013-01-31": "25.98000", "2012-10-31": "22.96500", "2012-07-31": "20.97900", "2012-04-30": "", "2012-01-31": "", "2011-10-31": "", "2011-07-31": "17.59000", "2010-07-31": ""}, "Long-Term Investments": {"2020-10-31": "873.20000", "2020-07-31": "554.40000", "2020-04-30": "151.20000", "2020-01-31": "317.90000", "2019-10-31": "467.60000", "2019-07-31": "575.40000", "2019-04-30": "669.90000", "2019-01-31": "808.60000", "2018-10-31": "565.50000", "2018-07-31": "547.50000", "2018-04-30": "592.90000", "2018-01-31": "722.30000", "2017-10-31": "777.40000", "2017-07-31": "789.30000", "2017-04-30": "719.10000", "2017-01-31": "790.50000", "2016-10-31": "708.40000", "2016-07-31": "652.80000", "2016-04-30": "682.90000", "2016-01-31": "631.10000", "2015-10-31": "694.50000", "2015-07-31": "538.80000", "2015-04-30": "408.46500", "2015-01-31": "463.90800", "2014-10-31": "289.01100", "2014-07-31": "201.88000", "2014-04-30": "103.90200", "2014-01-31": "63.10500", "2013-10-31": "33.64200", "2013-07-31": "17.31400", "2013-04-30": "29.76700", "2013-01-31": "30.87100", "2012-10-31": "20.56700", "2012-07-31": "", "2012-04-30": "", "2012-01-31": "", "2011-10-31": "", "2011-07-31": "", "2010-07-31": ""}, "Goodwill And Intangible Assets": {"2020-10-31": "2357.40000", "2020-07-31": "2171.10000", "2020-04-30": "2193.50000", "2020-01-31": "1801.70000", "2019-10-31": "1684.50000", "2019-07-31": "1632.90000", "2019-04-30": "1261.50000", "2019-01-31": "808.20000", "2018-10-31": "822.60000", "2018-07-31": "663.60000", "2018-04-30": "669.90000", "2018-01-31": "287.10000", "2017-10-31": "289.80000", "2017-07-31": "292.50000", "2017-04-30": "295.30000", "2017-01-31": "203.00000", "2016-10-31": "205.20000", "2016-07-31": "207.50000", "2016-04-30": "209.90000", "2016-01-31": "212.20000", "2015-10-31": "214.50000", "2015-07-31": "216.20000", "2015-04-30": "199.28700", "2015-01-31": "201.25800", "2014-10-31": "202.48400", "2014-07-31": "202.98800", "2014-04-30": "204.69900", "2014-01-31": "", "2013-10-31": "", "2013-07-31": "1.35800", "2013-04-30": "", "2013-01-31": "", "2012-10-31": "", "2012-07-31": "", "2012-04-30": "0.00000", "2012-01-31": "0.00000", "2011-10-31": "0.00000", "2011-07-31": "0.00000", "2010-07-31": "0.00000"}, "Other Long-Term Assets": {"2020-10-31": "605.90000", "2020-07-31": "603.90000", "2020-04-30": "522.10000", "2020-01-31": "504.90000", "2019-10-31": "423.90000", "2019-07-31": "423.10000", "2019-04-30": "337.90000", "2019-01-31": "330.00000", "2018-10-31": "321.70000", "2018-07-31": "326.20000", "2018-04-30": "175.80000", "2018-01-31": "143.20000", "2017-10-31": "122.90000", "2017-07-31": "169.10000", "2017-04-30": "148.20000", "2017-01-31": "146.60000", "2016-10-31": "102.00000", "2016-07-31": "106.70000", "2016-04-30": "67.50000", "2016-01-31": "73.60000", "2015-10-31": "68.80000", "2015-07-31": "73.30000", "2015-04-30": "76.62500", "2015-01-31": "93.47500", "2014-10-31": "65.47100", "2014-07-31": "66.52800", "2014-04-30": "6.85300", "2014-01-31": "24.89900", "2013-10-31": "11.56000", "2013-07-31": "5.14900", "2013-04-30": "6.78600", "2013-01-31": "6.62400", "2012-10-31": "6.02600", "2012-07-31": "5.16800", "2012-04-30": "", "2012-01-31": "", "2011-10-31": "", "2011-07-31": "1.66000", "2010-07-31": ""}, "Total Long-Term Assets": {"2020-10-31": "4425.60000", "2020-07-31": "3936.20000", "2020-04-30": "3487.80000", "2020-01-31": "3205.90000", "2019-10-31": "3175.00000", "2019-07-31": "2927.40000", "2019-04-30": "2544.30000", "2019-01-31": "2220.00000", "2018-10-31": "1986.30000", "2018-07-31": "1810.40000", "2018-04-30": "1702.80000", "2018-01-31": "1417.30000", "2017-10-31": "1447.00000", "2017-07-31": "1462.00000", "2017-04-30": "1354.90000", "2017-01-31": "1294.20000", "2016-10-31": "1140.60000", "2016-07-31": "1084.20000", "2016-04-30": "1060.80000", "2016-01-31": "1009.50000", "2015-10-31": "1054.50000", "2015-07-31": "891.20000", "2015-04-30": "743.92300", "2015-01-31": "811.28000", "2014-10-31": "606.78900", "2014-07-31": "520.14000", "2014-04-30": "363.94200", "2014-01-31": "133.73900", "2013-10-31": "87.61100", "2013-07-31": "55.90700", "2013-04-30": "66.05300", "2013-01-31": "63.47500", "2012-10-31": "49.55800", "2012-07-31": "26.14700", "2012-04-30": "", "2012-01-31": "", "2011-10-31": "", "2011-07-31": "19.25000", "2010-07-31": ""}, "Total Assets": {"2020-10-31": "8726.50000", "2020-07-31": "9065.40000", "2020-04-30": "6501.80000", "2020-01-31": "7184.10000", "2019-10-31": "6824.80000", "2019-07-31": "6592.20000", "2019-04-30": "6261.80000", "2019-01-31": "5707.50000", "2018-10-31": "5801.50000", "2018-07-31": "5948.90000", "2018-04-30": "3908.30000", "2018-01-31": "3627.50000", "2017-10-31": "3486.50000", "2017-07-31": "3438.30000", "2017-04-30": "3250.10000", "2017-01-31": "3174.60000", "2016-10-31": "3006.50000", "2016-07-31": "2858.20000", "2016-04-30": "2507.00000", "2016-01-31": "2316.60000", "2015-10-31": "2094.40000", "2015-07-31": "1965.20000", "2015-04-30": "1784.43200", "2015-01-31": "1672.78400", "2014-10-31": "1540.35600", "2014-07-31": "1478.46600", "2014-04-30": "880.38700", "2014-01-31": "689.02600", "2013-10-31": "639.94300", "2013-07-31": "585.60600", "2013-04-30": "538.77700", "2013-01-31": "490.14900", "2012-10-31": "444.29700", "2012-07-31": "407.80400", "2012-04-30": "0.00000", "2012-01-31": "0.00000", "2011-10-31": "0.00000", "2011-07-31": "91.17000", "2010-07-31": "0.00000"}, "Total Current Liabilities": {"2020-10-31": "2635.10000", "2020-07-31": "2691.70000", "2020-04-30": "2335.70000", "2020-01-31": "2239.50000", "2019-10-31": "2051.60000", "2019-07-31": "2053.30000", "2019-04-30": "1998.80000", "2019-01-31": "1868.20000", "2018-10-31": "1815.70000", "2018-07-31": "2101.70000", "2018-04-30": "1943.10000", "2018-01-31": "1856.40000", "2017-10-31": "1743.00000", "2017-07-31": "1201.30000", "2017-04-30": "1054.70000", "2017-01-31": "993.60000", "2016-10-31": "1400.90000", "2016-07-31": "846.80000", "2016-04-30": "1239.00000", "2016-01-31": "1186.40000", "2015-10-31": "1078.20000", "2015-07-31": "1032.20000", "2015-04-30": "944.00700", "2015-01-31": "415.07400", "2014-10-31": "360.96600", "2014-07-31": "348.17100", "2014-04-30": "435.35100", "2014-01-31": "262.80900", "2013-10-31": "228.32900", "2013-07-31": "206.10200", "2013-04-30": "182.01800", "2013-01-31": "168.99600", "2012-10-31": "142.61600", "2012-07-31": "122.00600", "2012-04-30": "", "2012-01-31": "", "2011-10-31": "", "2011-07-31": "67.10000", "2010-07-31": ""}, "Long Term Debt": {"2020-10-31": "3119.20000", "2020-07-31": "3084.10000", "2020-04-30": "1477.00000", "2020-01-31": "1461.20000", "2019-10-31": "1445.50000", "2019-07-31": "1430.00000", "2019-04-30": "1414.70000", "2019-01-31": "1399.50000", "2018-10-31": "1384.50000", "2018-07-31": "1369.70000", "2018-04-30": "", "2018-01-31": "", "2017-10-31": "", "2017-07-31": "524.70000", "2017-04-30": "518.40000", "2017-01-31": "512.30000", "2016-10-31": "", "2016-07-31": "500.20000", "2016-04-30": "", "2016-01-31": "", "2015-10-31": "", "2015-07-31": "", "2015-04-30": "", "2015-01-31": "476.87200", "2014-10-31": "471.85600", "2014-07-31": "466.87500", "2014-04-30": "", "2014-01-31": "", "2013-10-31": "", "2013-07-31": "", "2013-04-30": "", "2013-01-31": "", "2012-10-31": "", "2012-07-31": "", "2012-04-30": "", "2012-01-31": "", "2011-10-31": "", "2011-07-31": "", "2010-07-31": ""}, "Other Non-Current Liabilities": {"2020-10-31": "92.00000", "2020-07-31": "90.10000", "2020-04-30": "83.80000", "2020-01-31": "80.60000", "2019-10-31": "82.60000", "2019-07-31": "216.00000", "2019-04-30": "212.20000", "2019-01-31": "211.50000", "2018-10-31": "233.70000", "2018-07-31": "251.50000", "2018-04-30": "253.70000", "2018-01-31": "230.10000", "2017-10-31": "231.40000", "2017-07-31": "147.60000", "2017-04-30": "137.10000", "2017-01-31": "127.50000", "2016-10-31": "147.20000", "2016-07-31": "79.40000", "2016-04-30": "150.20000", "2016-01-31": "149.80000", "2015-10-31": "145.20000", "2015-07-31": "155.30000", "2015-04-30": "147.64100", "2015-01-31": "53.41300", "2014-10-31": "30.28500", "2014-07-31": "32.17700", "2014-04-30": "36.63600", "2014-01-31": "19.51200", "2013-10-31": "14.49600", "2013-07-31": "11.79900", "2013-04-30": "7.54200", "2013-01-31": "6.88700", "2012-10-31": "6.89600", "2012-07-31": "7.21500", "2012-04-30": "", "2012-01-31": "", "2011-10-31": "", "2011-07-31": "71.45000", "2010-07-31": ""}, "Total Long Term Liabilities": {"2020-10-31": "5344.40000", "2020-07-31": "5271.90000", "2020-04-30": "3421.40000", "2020-01-31": "3336.10000", "2019-10-31": "3256.80000", "2019-07-31": "2952.60000", "2019-04-30": "2809.50000", "2019-01-31": "2767.50000", "2018-10-31": "2732.80000", "2018-07-31": "2686.90000", "2018-04-30": "1243.10000", "2018-01-31": "1138.00000", "2017-10-31": "1078.00000", "2017-07-31": "1477.40000", "2017-04-30": "1382.30000", "2017-01-31": "1310.40000", "2016-10-31": "748.70000", "2016-07-31": "1116.50000", "2016-04-30": "609.00000", "2016-01-31": "537.40000", "2015-10-31": "472.40000", "2015-07-31": "445.10000", "2015-04-30": "386.14700", "2015-01-31": "741.64900", "2014-10-31": "686.17900", "2014-07-31": "661.71200", "2014-04-30": "173.34300", "2014-01-31": "141.77300", "2013-10-31": "121.83500", "2013-07-31": "107.08400", "2013-04-30": "92.87800", "2013-01-31": "77.63300", "2012-10-31": "65.89200", "2012-07-31": "56.72700", "2012-04-30": "", "2012-01-31": "", "2011-10-31": "", "2011-07-31": "95.51000", "2010-07-31": ""}, "Total Liabilities": {"2020-10-31": "7979.50000", "2020-07-31": "7963.60000", "2020-04-30": "5757.10000", "2020-01-31": "5575.60000", "2019-10-31": "5308.40000", "2019-07-31": "5005.90000", "2019-04-30": "4808.30000", "2019-01-31": "4635.70000", "2018-10-31": "4548.50000", "2018-07-31": "4788.60000", "2018-04-30": "3186.20000", "2018-01-31": "2994.40000", "2017-10-31": "2821.00000", "2017-07-31": "2678.70000", "2017-04-30": "2437.00000", "2017-01-31": "2304.00000", "2016-10-31": "2149.60000", "2016-07-31": "1963.30000", "2016-04-30": "1848.00000", "2016-01-31": "1723.80000", "2015-10-31": "1550.60000", "2015-07-31": "1477.30000", "2015-04-30": "1330.15400", "2015-01-31": "1156.72300", "2014-10-31": "1047.14500", "2014-07-31": "1009.88300", "2014-04-30": "608.69400", "2014-01-31": "404.58200", "2013-10-31": "350.16400", "2013-07-31": "313.18600", "2013-04-30": "274.89600", "2013-01-31": "246.62900", "2012-10-31": "208.50800", "2012-07-31": "178.73300", "2012-04-30": "0.00000", "2012-01-31": "0.00000", "2011-10-31": "0.00000", "2011-07-31": "162.62000", "2010-07-31": "0.00000"}, "Common Stock Net": {"2020-10-31": "2003.90000", "2020-07-31": "2259.20000", "2020-04-30": "1855.70000", "2020-01-31": "2644.50000", "2019-10-31": "2477.50000", "2019-07-31": "2490.90000", "2019-04-30": "2340.80000", "2019-01-31": "1941.50000", "2018-10-31": "2129.30000", "2018-07-31": "1967.40000", "2018-04-30": "1717.60000", "2018-01-31": "1575.90000", "2017-10-31": "1573.20000", "2017-07-31": "1599.70000", "2017-04-30": "1615.80000", "2017-01-31": "1613.30000", "2016-10-31": "1542.20000", "2016-07-31": "1515.50000", "2016-04-30": "1330.50000", "2016-01-31": "1195.40000", "2015-10-31": "1083.60000", "2015-07-31": "988.70000", "2015-04-30": "0.00800", "2015-01-31": "0.00800", "2014-10-31": "0.00800", "2014-07-31": "0.00800", "2014-04-30": "0.00700", "2014-01-31": "0.00700", "2013-10-31": "0.00700", "2013-07-31": "0.00700", "2013-04-30": "0.00700", "2013-01-31": "0.00700", "2012-10-31": "0.00700", "2012-07-31": "0.00700", "2012-04-30": "0.00000", "2012-01-31": "0.00000", "2011-10-31": "0.00000", "2011-07-31": "0.00200", "2010-07-31": "0.00000"}, "Retained Earnings (Accumulated Deficit)": {"2020-10-31": "-1260.10000", "2020-07-31": "-1167.90000", "2020-04-30": "-1109.00000", "2020-01-31": "-1034.20000", "2019-10-31": "-960.50000", "2019-07-31": "-900.90000", "2019-04-30": "-880.10000", "2019-01-31": "-859.90000", "2018-10-31": "-857.30000", "2018-07-31": "-790.70000", "2018-04-30": "-982.30000", "2018-01-31": "-935.60000", "2017-10-31": "-900.70000", "2017-07-31": "-836.70000", "2017-04-30": "-798.50000", "2017-01-31": "-737.60000", "2016-10-31": "-683.40000", "2016-07-31": "-621.60000", "2016-04-30": "-672.10000", "2016-01-31": "-601.90000", "2015-10-31": "-539.40000", "2015-07-31": "-500.70000", "2015-04-30": "-454.73700", "2015-01-31": "-408.80200", "2014-10-31": "-365.79400", "2014-07-31": "-335.72600", "2014-04-30": "-303.66800", "2014-01-31": "-157.08100", "2013-10-31": "-117.13500", "2013-07-31": "-109.27400", "2013-04-30": "-93.43800", "2013-01-31": "-86.15600", "2012-10-31": "-83.54300", "2012-07-31": "-80.02800", "2012-04-30": "", "2012-01-31": "", "2011-10-31": "", "2011-07-31": "-80.76000", "2010-07-31": ""}, "Comprehensive Income": {"2020-10-31": "3.20000", "2020-07-31": "10.50000", "2020-04-30": "-2.00000", "2020-01-31": "-1.80000", "2019-10-31": "-0.60000", "2019-07-31": "-3.70000", "2019-04-30": "-7.20000", "2019-01-31": "-9.80000", "2018-10-31": "-19.00000", "2018-07-31": "-16.40000", "2018-04-30": "-13.20000", "2018-01-31": "-7.20000", "2017-10-31": "-7.00000", "2017-07-31": "-3.40000", "2017-04-30": "-4.20000", "2017-01-31": "-5.10000", "2016-10-31": "-1.90000", "2016-07-31": "1.00000", "2016-04-30": "0.60000", "2016-01-31": "-0.70000", "2015-10-31": "-0.40000", "2015-07-31": "-0.10000", "2015-04-30": "0.14000", "2015-01-31": "0.22100", "2014-10-31": "-0.01300", "2014-07-31": "-0.10500", "2014-04-30": "0.06100", "2014-01-31": "0.04300", "2013-10-31": "0.00500", "2013-07-31": "-0.01600", "2013-04-30": "0.02300", "2013-01-31": "-0.01100", "2012-10-31": "-0.02700", "2012-07-31": "", "2012-04-30": "", "2012-01-31": "", "2011-10-31": "", "2011-07-31": "", "2010-07-31": ""}, "Other Share Holders Equity": {"2020-10-31": "", "2020-07-31": "", "2020-04-30": "", "2020-01-31": "", "2019-10-31": "", "2019-07-31": "", "2019-04-30": "", "2019-01-31": "", "2018-10-31": "", "2018-07-31": "", "2018-04-30": "", "2018-01-31": "", "2017-10-31": "", "2017-07-31": "", "2017-04-30": "", "2017-01-31": "", "2016-10-31": "", "2016-07-31": "", "2016-04-30": "", "2016-01-31": "", "2015-10-31": "", "2015-07-31": "", "2015-04-30": "0.00000", "2015-01-31": "", "2014-10-31": "", "2014-07-31": "", "2014-04-30": "", "2014-01-31": "", "2013-10-31": "", "2013-07-31": "", "2013-04-30": "", "2013-01-31": "", "2012-10-31": "", "2012-07-31": "", "2012-04-30": "0.00000", "2012-01-31": "0.00000", "2011-10-31": "0.00000", "2011-07-31": "0.00000", "2010-07-31": "0.00000"}, "Share Holder Equity": {"2020-10-31": "747.00000", "2020-07-31": "1101.80000", "2020-04-30": "744.70000", "2020-01-31": "1608.50000", "2019-10-31": "1516.40000", "2019-07-31": "1586.30000", "2019-04-30": "1453.50000", "2019-01-31": "1071.80000", "2018-10-31": "1253.00000", "2018-07-31": "1160.30000", "2018-04-30": "722.10000", "2018-01-31": "633.10000", "2017-10-31": "665.50000", "2017-07-31": "759.60000", "2017-04-30": "813.10000", "2017-01-31": "870.60000", "2016-10-31": "856.90000", "2016-07-31": "894.90000", "2016-04-30": "659.00000", "2016-01-31": "592.80000", "2015-10-31": "543.80000", "2015-07-31": "487.90000", "2015-04-30": "454.27800", "2015-01-31": "516.06100", "2014-10-31": "493.21100", "2014-07-31": "468.58300", "2014-04-30": "271.69300", "2014-01-31": "284.44400", "2013-10-31": "289.77900", "2013-07-31": "272.42000", "2013-04-30": "263.88100", "2013-01-31": "243.52000", "2012-10-31": "235.78900", "2012-07-31": "229.07100", "2012-04-30": "0.00000", "2012-01-31": "0.00000", "2011-10-31": "0.00000", "2011-07-31": "-71.45000", "2010-07-31": "0.00000"}, "Total Liabilities And Share Holders Equity": {"2020-10-31": "8726.50000", "2020-07-31": "9065.40000", "2020-04-30": "6501.80000", "2020-01-31": "7184.10000", "2019-10-31": "6824.80000", "2019-07-31": "6592.20000", "2019-04-30": "6261.80000", "2019-01-31": "5707.50000", "2018-10-31": "5801.50000", "2018-07-31": "5948.90000", "2018-04-30": "3908.30000", "2018-01-31": "3627.50000", "2017-10-31": "3486.50000", "2017-07-31": "3438.30000", "2017-04-30": "3250.10000", "2017-01-31": "3174.60000", "2016-10-31": "3006.50000", "2016-07-31": "2858.20000", "2016-04-30": "2507.00000", "2016-01-31": "2316.60000", "2015-10-31": "2094.40000", "2015-07-31": "1965.20000", "2015-04-30": "1784.43200", "2015-01-31": "1672.78400", "2014-10-31": "1540.35600", "2014-07-31": "1478.46600", "2014-04-30": "880.38700", "2014-01-31": "689.02600", "2013-10-31": "639.94300", "2013-07-31": "585.60600", "2013-04-30": "538.77700", "2013-01-31": "490.14900", "2012-10-31": "444.29700", "2012-07-31": "407.80400", "2012-04-30": "0.00000", "2012-01-31": "0.00000", "2011-10-31": "0.00000", "2011-07-31": "91.17000", "2010-07-31": "0.00000"}}, "cash flow statement": {"Net Income/Loss": {"2020-07-31": "-267.00000", "2019-07-31": "-81.90000", "2018-07-31": "-122.20000", "2017-07-31": "-203.00000", "2016-07-31": "-192.70000", "2015-07-31": "-131.30000", "2014-07-31": "-226.50000", "2013-07-31": "-29.24600", "2012-07-31": "0.73700", "2011-07-31": "-12.52800", "2010-07-31": "-21.13300"}, "Total Depreciation And Amortization - Cash Flow": {"2020-07-31": "575.60000", "2019-07-31": "430.30000", "2018-07-31": "275.50000", "2017-07-31": "194.40000", "2016-07-31": "69.20000", "2015-07-31": "54.40000", "2014-07-31": "22.70000", "2013-07-31": "11.83500", "2012-07-31": "6.13400", "2011-07-31": "2.18900", "2010-07-31": "1.12300"}, "Other Non-Cash Items": {"2020-07-31": "655.30000", "2019-07-31": "479.70000", "2018-07-31": "537.80000", "2017-07-31": "495.40000", "2016-07-31": "392.80000", "2015-07-31": "221.30000", "2014-07-31": "150.90000", "2013-07-31": "37.20400", "2012-07-31": "14.58000", "2011-07-31": "6.31000", "2010-07-31": "1.29200"}, "Total Non-Cash Items": {"2020-07-31": "1230.90000", "2019-07-31": "910.00000", "2018-07-31": "813.30000", "2017-07-31": "689.80000", "2016-07-31": "462.00000", "2015-07-31": "275.70000", "2014-07-31": "173.60000", "2013-07-31": "49.03900", "2012-07-31": "20.71400", "2011-07-31": "8.49900", "2010-07-31": "2.41500"}, "Change In Accounts Receivable": {"2020-07-31": "-435.60000", "2019-07-31": "-108.70000", "2018-07-31": "-33.70000", "2017-07-31": "-42.10000", "2016-07-31": "-136.40000", "2015-07-31": "-76.80000", "2014-07-31": "-47.90000", "2013-07-31": "-41.81900", "2012-07-31": "-15.96500", "2011-07-31": "-15.43600", "2010-07-31": "-10.71200"}, "Change In Inventories": {"2020-07-31": "", "2019-07-31": "", "2018-07-31": "", "2017-07-31": "", "2016-07-31": "", "2015-07-31": "", "2014-07-31": "", "2013-07-31": "", "2012-07-31": "", "2011-07-31": "", "2010-07-31": ""}, "Change In Accounts Payable": {"2020-07-31": "-12.80000", "2019-07-31": "32.30000", "2018-07-31": "3.70000", "2017-07-31": "5.90000", "2016-07-31": "15.10000", "2015-07-31": "-3.50000", "2014-07-31": "-1.10000", "2013-07-31": "5.83000", "2012-07-31": "3.77900", "2011-07-31": "2.73400", "2010-07-31": "0.89400"}, "Change In Assets/Liabilities": {"2020-07-31": "484.30000", "2019-07-31": "257.70000", "2018-07-31": "283.50000", "2017-07-31": "321.30000", "2016-07-31": "495.90000", "2015-07-31": "222.00000", "2014-07-31": "162.90000", "2013-07-31": "104.55700", "2012-07-31": "58.19100", "2011-07-31": "42.49300", "2010-07-31": "17.36500"}, "Total Change In Assets/Liabilities": {"2020-07-31": "71.80000", "2019-07-31": "227.50000", "2018-07-31": "347.00000", "2017-07-31": "382.00000", "2016-07-31": "389.30000", "2015-07-31": "208.40000", "2014-07-31": "141.30000", "2013-07-31": "94.72600", "2012-07-31": "55.91700", "2011-07-31": "36.13100", "2010-07-31": "16.03500"}, "Cash Flow From Operating Activities": {"2020-07-31": "1035.70000", "2019-07-31": "1055.60000", "2018-07-31": "1038.10000", "2017-07-31": "868.80000", "2016-07-31": "658.60000", "2015-07-31": "352.80000", "2014-07-31": "88.40000", "2013-07-31": "114.51900", "2012-07-31": "77.36800", "2011-07-31": "32.10200", "2010-07-31": "-2.68300"}, "Net Change In Property, Plant, And Equipment": {"2020-07-31": "-214.40000", "2019-07-31": "-131.20000", "2018-07-31": "-112.00000", "2017-07-31": "-163.40000", "2016-07-31": "-72.50000", "2015-07-31": "-33.80000", "2014-07-31": "-36.10000", "2013-07-31": "-22.44200", "2012-07-31": "-14.56500", "2011-07-31": "-13.00000", "2010-07-31": "-1.68500"}, "Net Change In Intangible Assets": {"2020-07-31": "", "2019-07-31": "", "2018-07-31": "", "2017-07-31": "", "2016-07-31": "", "2015-07-31": "", "2014-07-31": "", "2013-07-31": "", "2012-07-31": "", "2011-07-31": "", "2010-07-31": ""}, "Net Acquisitions/Divestitures": {"2020-07-31": "-583.50000", "2019-07-31": "-773.70000", "2018-07-31": "-374.10000", "2017-07-31": "-90.70000", "2016-07-31": "", "2015-07-31": "-15.10000", "2014-07-31": "-85.70000", "2013-07-31": "", "2012-07-31": "", "2011-07-31": "", "2010-07-31": ""}, "Net Change In Short-term Investments": {"2020-07-31": "", "2019-07-31": "", "2018-07-31": "", "2017-07-31": "", "2016-07-31": "", "2015-07-31": "", "2014-07-31": "", "2013-07-31": "", "2012-07-31": "", "2011-07-31": "", "2010-07-31": ""}, "Net Change In Long-Term Investments": {"2020-07-31": "1085.90000", "2019-07-31": "-921.00000", "2018-07-31": "-33.90000", "2017-07-31": "-218.50000", "2016-07-31": "-266.40000", "2015-07-31": "-630.10000", "2014-07-31": "-198.50000", "2013-07-31": "-129.12300", "2012-07-31": "", "2011-07-31": "", "2010-07-31": ""}, "Net Change In Investments - Total": {"2020-07-31": "1085.90000", "2019-07-31": "-921.00000", "2018-07-31": "-33.90000", "2017-07-31": "-218.50000", "2016-07-31": "-266.40000", "2015-07-31": "-630.10000", "2014-07-31": "-198.50000", "2013-07-31": "-129.12300", "2012-07-31": "", "2011-07-31": "", "2010-07-31": ""}, "Investing Activities - Other": {"2020-07-31": "", "2019-07-31": "", "2018-07-31": "", "2017-07-31": "", "2016-07-31": "", "2015-07-31": "", "2014-07-31": "", "2013-07-31": "", "2012-07-31": "", "2011-07-31": "", "2010-07-31": ""}, "Cash Flow From Investing Activities": {"2020-07-31": "288.00000", "2019-07-31": "-1825.90000", "2018-07-31": "-520.00000", "2017-07-31": "-472.60000", "2016-07-31": "-338.90000", "2015-07-31": "-679.00000", "2014-07-31": "-320.30000", "2013-07-31": "-151.56500", "2012-07-31": "-14.56500", "2011-07-31": "-13.00000", "2010-07-31": "-1.68500"}, "Net Long-Term Debt": {"2020-07-31": "1608.30000", "2019-07-31": "-477.40000", "2018-07-31": "1350.40000", "2017-07-31": "", "2016-07-31": "", "2015-07-31": "", "2014-07-31": "449.40000", "2013-07-31": "", "2012-07-31": "", "2011-07-31": "", "2010-07-31": ""}, "Net Current Debt": {"2020-07-31": "", "2019-07-31": "", "2018-07-31": "", "2017-07-31": "", "2016-07-31": "", "2015-07-31": "", "2014-07-31": "", "2013-07-31": "", "2012-07-31": "", "2011-07-31": "", "2010-07-31": ""}, "Debt Issuance/Retirement Net - Total": {"2020-07-31": "1608.30000", "2019-07-31": "-477.40000", "2018-07-31": "1350.40000", "2017-07-31": "", "2016-07-31": "", "2015-07-31": "", "2014-07-31": "449.40000", "2013-07-31": "", "2012-07-31": "", "2011-07-31": "", "2010-07-31": ""}, "Net Common Equity Issued/Repurchased": {"2020-07-31": "-911.30000", "2019-07-31": "-258.30000", "2018-07-31": "-61.10000", "2017-07-31": "-364.60000", "2016-07-31": "45.30000", "2015-07-31": "48.20000", "2014-07-31": "124.70000", "2013-07-31": "20.95400", "2012-07-31": "217.24900", "2011-07-31": "1.68500", "2010-07-31": "1.83700"}, "Net Total Equity Issued/Repurchased": {"2020-07-31": "-911.30000", "2019-07-31": "-258.30000", "2018-07-31": "-61.10000", "2017-07-31": "-364.60000", "2016-07-31": "45.30000", "2015-07-31": "48.20000", "2014-07-31": "124.70000", "2013-07-31": "20.95400", "2012-07-31": "217.24900", "2011-07-31": "1.68500", "2010-07-31": "1.83700"}, "Total Common And Preferred Stock Dividends Paid": {"2020-07-31": "", "2019-07-31": "", "2018-07-31": "", "2017-07-31": "", "2016-07-31": "", "2015-07-31": "", "2014-07-31": "", "2013-07-31": "", "2012-07-31": "", "2011-07-31": "", "2010-07-31": ""}, "Financial Activities - Other": {"2020-07-31": "-24.00000", "2019-07-31": "-38.20000", "2018-07-31": "-43.70000", "2017-07-31": "-21.40000", "2016-07-31": "-6.40000", "2015-07-31": "", "2014-07-31": "1.00000", "2013-07-31": "4.06400", "2012-07-31": "2.07300", "2011-07-31": "0.89500", "2010-07-31": ""}, "Cash Flow From Financial Activities": {"2020-07-31": "673.00000", "2019-07-31": "-773.90000", "2018-07-31": "1245.60000", "2017-07-31": "-386.00000", "2016-07-31": "38.90000", "2015-07-31": "48.20000", "2014-07-31": "575.10000", "2013-07-31": "25.01800", "2012-07-31": "219.32200", "2011-07-31": "2.58000", "2010-07-31": "1.83700"}, "Net Cash Flow": {"2020-07-31": "1996.70000", "2019-07-31": "-1544.20000", "2018-07-31": "1763.70000", "2017-07-31": "10.20000", "2016-07-31": "358.60000", "2015-07-31": "-278.00000", "2014-07-31": "343.20000", "2013-07-31": "-12.02800", "2012-07-31": "282.12500", "2011-07-31": "21.68200", "2010-07-31": "-2.53100"}, "Stock-Based Compensation": {"2020-07-31": "658.40000", "2019-07-31": "567.70000", "2018-07-31": "496.70000", "2017-07-31": "474.50000", "2016-07-31": "392.80000", "2015-07-31": "221.30000", "2014-07-31": "99.80000", "2013-07-31": "43.70400", "2012-07-31": "13.83700", "2011-07-31": "4.73300", "2010-07-31": "0.86900"}, "Common Stock Dividends Paid": {"2020-07-31": "", "2019-07-31": "", "2018-07-31": "", "2017-07-31": "", "2016-07-31": "", "2015-07-31": "", "2014-07-31": "", "2013-07-31": "", "2012-07-31": "", "2011-07-31": "", "2010-07-31": ""}}, "cash flow statement, quarterly": {"Net Income/Loss": {"2020-10-31": "-92.20000", "2020-07-31": -58.9, "2020-04-30": -74.8, "2020-01-31": -73.7, "2019-10-31": "-59.60000", "2019-07-31": -20.8, "2019-04-30": -20.2, "2019-01-31": -2.6, "2018-10-31": "-38.30000", "2018-07-31": 7, "2018-04-30": -40.4, "2018-01-31": -25.6, "2017-10-31": "-63.20000", "2017-07-31": -24.6, "2017-04-30": -60.9, "2017-01-31": -60.6, "2016-10-31": "-56.90000", "2016-07-31": -31.4, "2016-04-30": -64.1, "2016-01-31": -57.3, "2015-10-31": "-39.90000", "2015-07-31": -12.3, "2015-04-30": -45.9, "2015-01-31": -43, "2014-10-31": "-30.10000", "2014-07-31": -32.106, "2014-04-30": -146.587, "2014-01-31": -39.946, "2013-10-31": "-7.86100", "2013-07-31": -15.836, "2013-04-30": -7.282, "2013-01-31": -2.613, "2012-10-31": "-3.51500", "2012-07-31": -4.606, "2012-04-30": 0.796, "2012-01-31": 0.424, "2011-10-31": "4.11600", "2011-07-31": 8.61, "2010-07-31": -21.13}, "Total Depreciation And Amortization - Cash Flow": {"2020-10-31": "171.60000", "2020-07-31": 183.6, "2020-04-30": 141, "2020-01-31": 128.7, "2019-10-31": "122.30000", "2019-07-31": 130.5, "2019-04-30": 109.3, "2019-01-31": 97.4, "2018-10-31": "93.10000", "2018-07-31": 85.8, "2018-04-30": 75.7, "2018-01-31": 57.8, "2017-10-31": "56.20000", "2017-07-31": 130.9, "2017-04-30": 22, "2017-01-31": 21.2, "2016-10-31": "20.30000", "2016-07-31": 18.7, "2016-04-30": 17.9, "2016-01-31": 16.9, "2015-10-31": "15.70000", "2015-07-31": 15.2, "2015-04-30": 13.8, "2015-01-31": 13.1, "2014-10-31": "12.30000", "2014-07-31": 9.882, "2014-04-30": 4.989, "2014-01-31": 4.297, "2013-10-31": "3.53200", "2013-07-31": 3.169, "2013-04-30": 3.376, "2013-01-31": 2.921, "2012-10-31": "2.36900", "2012-07-31": 1.937, "2012-04-30": 1.719, "2012-01-31": 1.324, "2011-10-31": "1.15000", "2011-07-31": 1.06, "2010-07-31": 1.12}, "Other Non-Cash Items": {"2020-10-31": "205.80000", "2020-07-31": 174.2, "2020-04-30": 165.8, "2020-01-31": 165.4, "2019-10-31": "149.90000", "2019-07-31": 122.6, "2019-04-30": 142.3, "2019-01-31": 128, "2018-10-31": "86.80000", "2018-07-31": 123.6, "2018-04-30": 141, "2018-01-31": 132.1, "2017-10-31": "141.10000", "2017-07-31": 138.6, "2017-04-30": 116.2, "2017-01-31": 127.3, "2016-10-31": "113.30000", "2016-07-31": 109.6, "2016-04-30": 108.4, "2016-01-31": 102.1, "2015-10-31": "72.70000", "2015-07-31": 66.3, "2015-04-30": 61, "2015-01-31": 55.9, "2014-10-31": "38.10000", "2014-07-31": 84.973, "2014-04-30": 27.872, "2014-01-31": 23.728, "2013-10-31": "14.32700", "2013-07-31": 7.773, "2013-04-30": 12.507, "2013-01-31": 8.64, "2012-10-31": "8.28400", "2012-07-31": 6.272, "2012-04-30": 3.851, "2012-01-31": 2.604, "2011-10-31": "1.85300", "2011-07-31": 0, "2010-07-31": 0}, "Total Non-Cash Items": {"2020-10-31": "377.40000", "2020-07-31": 357.8, "2020-04-30": 306.8, "2020-01-31": 294.1, "2019-10-31": "272.20000", "2019-07-31": 253.1, "2019-04-30": 251.6, "2019-01-31": 225.4, "2018-10-31": "179.90000", "2018-07-31": 209.4, "2018-04-30": 216.7, "2018-01-31": 189.9, "2017-10-31": "197.30000", "2017-07-31": 269.5, "2017-04-30": 138.2, "2017-01-31": 148.5, "2016-10-31": "133.60000", "2016-07-31": 128.3, "2016-04-30": 126.3, "2016-01-31": 119, "2015-10-31": "88.40000", "2015-07-31": 81.5, "2015-04-30": 74.8, "2015-01-31": 69, "2014-10-31": "50.40000", "2014-07-31": 94.855, "2014-04-30": 32.861, "2014-01-31": 28.025, "2013-10-31": "17.85900", "2013-07-31": 10.942, "2013-04-30": 15.883, "2013-01-31": 11.561, "2012-10-31": "10.65300", "2012-07-31": -6.371, "2012-04-30": 5.57, "2012-01-31": 3.928, "2011-10-31": "3.00300", "2011-07-31": 1.06, "2010-07-31": 1.12}, "Change In Accounts Receivable": {"2020-10-31": "382.30000", "2020-07-31": -368.4, "2020-04-30": -110.3, "2020-01-31": -40.8, "2019-10-31": "83.90000", "2019-07-31": -172.5, "2019-04-30": 9.9, "2019-01-31": -32.7, "2018-10-31": "86.60000", "2018-07-31": -105.5, "2018-04-30": 3.8, "2018-01-31": -12.3, "2017-10-31": "80.30000", "2017-07-31": -27.2, "2017-04-30": 22.4, "2017-01-31": -39.5, "2016-10-31": "2.20000", "2016-07-31": -81.1, "2016-04-30": -13.3, "2016-01-31": -58, "2015-10-31": "16.00000", "2015-07-31": -61.8, "2015-04-30": -15.3, "2015-01-31": -19, "2014-10-31": "19.30000", "2014-07-31": -20.68, "2014-04-30": -28.591, "2014-01-31": 5.349, "2013-10-31": "-3.97800", "2013-07-31": 4.028, "2013-04-30": -22.903, "2013-01-31": -12.217, "2012-10-31": "-10.72700", "2012-07-31": -6.846, "2012-04-30": -14.723, "2012-01-31": 11.206, "2011-10-31": "-5.60200", "2011-07-31": 0, "2010-07-31": 0}, "Change In Inventories": {"2020-10-31": "", "2020-07-31": 0, "2020-04-30": 0, "2020-01-31": 0, "2019-10-31": "", "2019-07-31": 0, "2019-04-30": 0, "2019-01-31": 0, "2018-10-31": "", "2018-07-31": 0, "2018-04-30": 0, "2018-01-31": 0, "2017-10-31": "", "2017-07-31": 0, "2017-04-30": 0, "2017-01-31": 0, "2016-10-31": "", "2016-07-31": 0, "2016-04-30": 0, "2016-01-31": 0, "2015-10-31": "", "2015-07-31": 0, "2015-04-30": 0, "2015-01-31": 0, "2014-10-31": "", "2014-07-31": 0, "2014-04-30": 0, "2014-01-31": 0, "2013-10-31": "", "2013-07-31": 0, "2013-04-30": 0, "2013-01-31": 0, "2012-10-31": "", "2012-07-31": 0, "2012-04-30": 0, "2012-01-31": 0, "2011-10-31": "", "2011-07-31": 0, "2010-07-31": 0}, "Change In Accounts Payable": {"2020-10-31": "-17.70000", "2020-07-31": 10, "2020-04-30": -5.5, "2020-01-31": -14.8, "2019-10-31": "-2.50000", "2019-07-31": 9.1, "2019-04-30": 34.4, "2019-01-31": -10.4, "2018-10-31": "-0.80000", "2018-07-31": 8.3, "2018-04-30": 1.8, "2018-01-31": -10.6, "2017-10-31": "4.20000", "2017-07-31": 3.1, "2017-04-30": 2.6, "2017-01-31": -1.6, "2016-10-31": "1.80000", "2016-07-31": 3.4, "2016-04-30": -1.9, "2016-01-31": 8.4, "2015-10-31": "5.20000", "2015-07-31": 0.4, "2015-04-30": -2, "2015-01-31": 2.6, "2014-10-31": "-4.50000", "2014-07-31": -10.065, "2014-04-30": 13.352, "2014-01-31": -4.182, "2013-10-31": "-0.20500", "2013-07-31": 2.483, "2013-04-30": 1.631, "2013-01-31": 0.64, "2012-10-31": "1.07600", "2012-07-31": -1.3, "2012-04-30": 6.244, "2012-01-31": -1.901, "2011-10-31": "0.73600", "2011-07-31": 0, "2010-07-31": 0}, "Change In Assets/Liabilities": {"2020-10-31": "39.90000", "2020-07-31": 238.6, "2020-04-30": 79.5, "2020-01-31": 99.9, "2019-10-31": "66.30000", "2019-07-31": 83, "2019-04-30": 21.5, "2019-01-31": 75.8, "2018-10-31": "77.40000", "2018-07-31": 82.4, "2018-04-30": 85.7, "2018-01-31": 60.8, "2017-10-31": "54.60000", "2017-07-31": -37, "2017-04-30": 104.3, "2017-01-31": 125.1, "2016-10-31": "128.90000", "2016-07-31": 158.2, "2016-04-30": 135.5, "2016-01-31": 104.1, "2015-10-31": "98.10000", "2015-07-31": 71.6, "2015-04-30": 69.5, "2015-01-31": 29.3, "2014-10-31": "51.60000", "2014-07-31": 52.275, "2014-04-30": 41.471, "2014-01-31": 41.135, "2013-10-31": "28.01900", "2013-07-31": 27.052, "2013-04-30": 32.42, "2013-01-31": 24.315, "2012-10-31": "20.77000", "2012-07-31": 17.344, "2012-04-30": 14.711, "2012-01-31": 9.893, "2011-10-31": "16.24300", "2011-07-31": 0, "2010-07-31": 0}, "Total Change In Assets/Liabilities": {"2020-10-31": "249.70000", "2020-07-31": 34.8, "2020-04-30": -62.1, "2020-01-31": 86.5, "2019-10-31": "12.60000", "2019-07-31": -0.8, "2019-04-30": 65, "2019-01-31": 52.6, "2018-10-31": "110.70000", "2018-07-31": 61.2, "2018-04-30": 65.6, "2018-01-31": 80.3, "2017-10-31": "139.90000", "2017-07-31": -5.1, "2017-04-30": 133.9, "2017-01-31": 126.4, "2016-10-31": "126.80000", "2016-07-31": 90.4, "2016-04-30": 108.1, "2016-01-31": 92.6, "2015-10-31": "98.20000", "2015-07-31": 44.6, "2015-04-30": 58.3, "2015-01-31": 50.9, "2014-10-31": "54.60000", "2014-07-31": -88.905, "2014-04-30": 148.005, "2014-01-31": 53.317, "2013-10-31": "28.88300", "2013-07-31": 46.624, "2013-04-30": 6.605, "2013-01-31": 25.559, "2012-10-31": "15.93800", "2012-07-31": 15.269, "2012-04-30": 4.409, "2012-01-31": 22.759, "2011-10-31": "13.47300", "2011-07-31": 20.1, "2010-07-31": 16.03}, "Cash Flow From Operating Activities": {"2020-10-31": "534.90000", "2020-07-31": 333.7, "2020-04-30": 169.9, "2020-01-31": 306.9, "2019-10-31": "225.20000", "2019-07-31": 231.5, "2019-04-30": 296.4, "2019-01-31": 275.4, "2018-10-31": "252.30000", "2018-07-31": 277.6, "2018-04-30": 241.9, "2018-01-31": 244.6, "2017-10-31": "274.00000", "2017-07-31": 239.8, "2017-04-30": 211.2, "2017-01-31": 214.3, "2016-10-31": "203.50000", "2016-07-31": 187.3, "2016-04-30": 170.3, "2016-01-31": 154.3, "2015-10-31": "146.70000", "2015-07-31": 113.8, "2015-04-30": 87.2, "2015-01-31": 76.9, "2014-10-31": "74.90000", "2014-07-31": -26.156, "2014-04-30": 34.279, "2014-01-31": 41.396, "2013-10-31": "38.88100", "2013-07-31": 41.73, "2013-04-30": 15.206, "2013-01-31": 34.507, "2012-10-31": "23.07600", "2012-07-31": 18.882, "2012-04-30": 10.775, "2012-01-31": 27.111, "2011-10-31": "20.59200", "2011-07-31": 34.78, "2010-07-31": -2.68}, "Net Change In Property, Plant, And Equipment": {"2020-10-31": "-29.60000", "2020-07-31": -31.8, "2020-04-30": -86.3, "2020-01-31": -49.1, "2019-10-31": "-47.20000", "2019-07-31": -53.1, "2019-04-30": -20.3, "2019-01-31": -23.5, "2018-10-31": "-34.30000", "2018-07-31": -25.4, "2018-04-30": -28.8, "2018-01-31": -25.6, "2017-10-31": "-32.20000", "2017-07-31": -49.2, "2017-04-30": -48.6, "2017-01-31": -44.7, "2016-10-31": "-20.90000", "2016-07-31": -16.3, "2016-04-30": -19.3, "2016-01-31": -17.4, "2015-10-31": "-19.50000", "2015-07-31": -11.9, "2015-04-30": -9.8, "2015-01-31": -6.2, "2014-10-31": "-5.90000", "2014-07-31": -4.721, "2014-04-30": -5.896, "2014-01-31": -9.803, "2013-10-31": "-15.68000", "2013-07-31": -5.847, "2013-04-30": -6.359, "2013-01-31": -6.221, "2012-10-31": "-4.01500", "2012-07-31": -3.279, "2012-04-30": -4.218, "2012-01-31": -4.331, "2011-10-31": "-2.73200", "2011-07-31": -11.32, "2010-07-31": -1.68}, "Net Change In Intangible Assets": {"2020-10-31": "", "2020-07-31": 0, "2020-04-30": 0, "2020-01-31": 0, "2019-10-31": "", "2019-07-31": 0, "2019-04-30": 0, "2019-01-31": 0, "2018-10-31": "", "2018-07-31": 0, "2018-04-30": 0, "2018-01-31": 0, "2017-10-31": "", "2017-07-31": 0, "2017-04-30": 0, "2017-01-31": 0, "2016-10-31": "", "2016-07-31": 0, "2016-04-30": 0, "2016-01-31": 0, "2015-10-31": "", "2015-07-31": 0, "2015-04-30": 0, "2015-01-31": 0, "2014-10-31": "", "2014-07-31": 0, "2014-04-30": 0, "2014-01-31": 0, "2013-10-31": "", "2013-07-31": 0, "2013-04-30": 0, "2013-01-31": 0, "2012-10-31": "", "2012-07-31": 0, "2012-04-30": 0, "2012-01-31": 0, "2011-10-31": "", "2011-07-31": 0, "2010-07-31": 0}, "Net Acquisitions/Divestitures": {"2020-10-31": "-225.10000", "2020-07-31": 0, "2020-04-30": -387.8, "2020-01-31": -129.3, "2019-10-31": "-66.40000", "2019-07-31": -390.9, "2019-04-30": -227.9, "2019-01-31": -0.1, "2018-10-31": "-154.80000", "2018-07-31": -4, "2018-04-30": -370.1, "2018-01-31": 0, "2017-10-31": "", "2017-07-31": 0, "2017-04-30": -90.7, "2017-01-31": 0, "2016-10-31": "", "2016-07-31": 0, "2016-04-30": 0, "2016-01-31": 0, "2015-10-31": "", "2015-07-31": -15.1, "2015-04-30": 0, "2015-01-31": 0, "2014-10-31": "", "2014-07-31": 0.026, "2014-04-30": -75.624, "2014-01-31": -10.102, "2013-10-31": "", "2013-07-31": 0, "2013-04-30": 0, "2013-01-31": 0, "2012-10-31": "", "2012-07-31": 0, "2012-04-30": 0, "2012-01-31": 0, "2011-10-31": "", "2011-07-31": 0, "2010-07-31": 0}, "Net Change In Short-term Investments": {"2020-10-31": "", "2020-07-31": 0, "2020-04-30": 0, "2020-01-31": 0, "2019-10-31": "", "2019-07-31": 0, "2019-04-30": 0, "2019-01-31": 0, "2018-10-31": "", "2018-07-31": 0, "2018-04-30": 0, "2018-01-31": 0, "2017-10-31": "", "2017-07-31": 0, "2017-04-30": 0, "2017-01-31": 0, "2016-10-31": "", "2016-07-31": 0, "2016-04-30": 0, "2016-01-31": 0, "2015-10-31": "", "2015-07-31": 0, "2015-04-30": 0, "2015-01-31": 0, "2014-10-31": "", "2014-07-31": 0, "2014-04-30": 0, "2014-01-31": 0, "2013-10-31": "", "2013-07-31": 0, "2013-04-30": 0, "2013-01-31": 0, "2012-10-31": "", "2012-07-31": 0, "2012-04-30": 0, "2012-01-31": 0, "2011-10-31": "", "2011-07-31": 0, "2010-07-31": 0}, "Net Change In Long-Term Investments": {"2020-10-31": "-631.50000", "2020-07-31": -635.8, "2020-04-30": 748.8, "2020-01-31": 614.8, "2019-10-31": "358.10000", "2019-07-31": -4.7, "2019-04-30": 107.9, "2019-01-31": -500.2, "2018-10-31": "-524.00000", "2018-07-31": -177, "2018-04-30": 173.8, "2018-01-31": -10.5, "2017-10-31": "-20.20000", "2017-07-31": -12.3, "2017-04-30": -27.5, "2017-01-31": -128.4, "2016-10-31": "-50.30000", "2016-07-31": 16.7, "2016-04-30": -35.3, "2016-01-31": -3.8, "2015-10-31": "-244.00000", "2015-07-31": -171.4, "2015-04-30": 16.6, "2015-01-31": -280.1, "2014-10-31": "-195.20000", "2014-07-31": -86.299, "2014-04-30": 1.876, "2014-01-31": -35.798, "2013-10-31": "-78.27900", "2013-07-31": 50.919, "2013-04-30": 1.95, "2013-01-31": -13.517, "2012-10-31": "-168.47500", "2012-07-31": 0, "2012-04-30": 0, "2012-01-31": 0, "2011-10-31": "", "2011-07-31": 0, "2010-07-31": 0}, "Net Change In Investments - Total": {"2020-10-31": "-631.50000", "2020-07-31": -635.8, "2020-04-30": 748.8, "2020-01-31": 614.8, "2019-10-31": "358.10000", "2019-07-31": -4.7, "2019-04-30": 107.9, "2019-01-31": -500.2, "2018-10-31": "-524.00000", "2018-07-31": -177, "2018-04-30": 173.8, "2018-01-31": -10.5, "2017-10-31": "-20.20000", "2017-07-31": -12.3, "2017-04-30": -27.5, "2017-01-31": -128.4, "2016-10-31": "-50.30000", "2016-07-31": 16.7, "2016-04-30": -35.3, "2016-01-31": -3.8, "2015-10-31": "-244.00000", "2015-07-31": -171.4, "2015-04-30": 16.6, "2015-01-31": -280.1, "2014-10-31": "-195.20000", "2014-07-31": -86.299, "2014-04-30": 1.876, "2014-01-31": -35.798, "2013-10-31": "-78.27900", "2013-07-31": 50.919, "2013-04-30": 1.95, "2013-01-31": -13.517, "2012-10-31": "-168.47500", "2012-07-31": 0, "2012-04-30": 0, "2012-01-31": 0, "2011-10-31": "", "2011-07-31": 0, "2010-07-31": 0}, "Investing Activities - Other": {"2020-10-31": "", "2020-07-31": 0, "2020-04-30": 0, "2020-01-31": 0, "2019-10-31": "", "2019-07-31": 0, "2019-04-30": 0, "2019-01-31": 0, "2018-10-31": "", "2018-07-31": 0, "2018-04-30": 0, "2018-01-31": 0, "2017-10-31": "", "2017-07-31": 0, "2017-04-30": 0, "2017-01-31": 0, "2016-10-31": "", "2016-07-31": 0, "2016-04-30": 0, "2016-01-31": 0, "2015-10-31": "", "2015-07-31": 0, "2015-04-30": 0, "2015-01-31": 0, "2014-10-31": "", "2014-07-31": 0, "2014-04-30": 0, "2014-01-31": 0, "2013-10-31": "", "2013-07-31": 0, "2013-04-30": 0, "2013-01-31": 0, "2012-10-31": "", "2012-07-31": 0, "2012-04-30": 0, "2012-01-31": 0, "2011-10-31": "", "2011-07-31": 0, "2010-07-31": 0}, "Cash Flow From Investing Activities": {"2020-10-31": "-886.20000", "2020-07-31": -667.6, "2020-04-30": 274.7, "2020-01-31": 436.4, "2019-10-31": "244.50000", "2019-07-31": -448.7, "2019-04-30": -140.3, "2019-01-31": -523.8, "2018-10-31": "-713.10000", "2018-07-31": -206.4, "2018-04-30": -225.1, "2018-01-31": -36.1, "2017-10-31": "-52.40000", "2017-07-31": -61.5, "2017-04-30": -166.8, "2017-01-31": -173.1, "2016-10-31": "-71.20000", "2016-07-31": 0.4, "2016-04-30": -54.6, "2016-01-31": -21.2, "2015-10-31": "-263.50000", "2015-07-31": -198.4, "2015-04-30": 6.8, "2015-01-31": -286.3, "2014-10-31": "-201.10000", "2014-07-31": -90.994, "2014-04-30": -79.644, "2014-01-31": -55.703, "2013-10-31": "-93.95900", "2013-07-31": 45.072, "2013-04-30": -4.409, "2013-01-31": -19.738, "2012-10-31": "-172.49000", "2012-07-31": -3.279, "2012-04-30": -4.218, "2012-01-31": -4.331, "2011-10-31": "-2.73200", "2011-07-31": -11.32, "2010-07-31": -1.68}, "Net Long-Term Debt": {"2020-10-31": "", "2020-07-31": 1608.3, "2020-04-30": 0, "2020-01-31": 0, "2019-10-31": "", "2019-07-31": -128.9, "2019-04-30": 0, "2019-01-31": -73.5, "2018-10-31": "-275.00000", "2018-07-31": 1350.4, "2018-04-30": 0, "2018-01-31": 0, "2017-10-31": "", "2017-07-31": 0, "2017-04-30": 0, "2017-01-31": 0, "2016-10-31": "", "2016-07-31": 0, "2016-04-30": 0, "2016-01-31": 0, "2015-10-31": "", "2015-07-31": 0, "2015-04-30": 0, "2015-01-31": 0, "2014-10-31": "", "2014-07-31": 449.4, "2014-04-30": 0, "2014-01-31": 0, "2013-10-31": "", "2013-07-31": 0, "2013-04-30": 0, "2013-01-31": 0, "2012-10-31": "", "2012-07-31": 0, "2012-04-30": 0, "2012-01-31": 0, "2011-10-31": "", "2011-07-31": 0, "2010-07-31": 0}, "Net Current Debt": {"2020-10-31": "", "2020-07-31": 0, "2020-04-30": 0, "2020-01-31": 0, "2019-10-31": "", "2019-07-31": 0, "2019-04-30": 0, "2019-01-31": 0, "2018-10-31": "", "2018-07-31": 0, "2018-04-30": 0, "2018-01-31": 0, "2017-10-31": "", "2017-07-31": 0, "2017-04-30": 0, "2017-01-31": 0, "2016-10-31": "", "2016-07-31": 0, "2016-04-30": 0, "2016-01-31": 0, "2015-10-31": "", "2015-07-31": 0, "2015-04-30": 0, "2015-01-31": 0, "2014-10-31": "", "2014-07-31": 0, "2014-04-30": 0, "2014-01-31": 0, "2013-10-31": "", "2013-07-31": 0, "2013-04-30": 0, "2013-01-31": 0, "2012-10-31": "", "2012-07-31": 0, "2012-04-30": 0, "2012-01-31": 0, "2011-10-31": "", "2011-07-31": 0, "2010-07-31": 0}, "Debt Issuance/Retirement Net - Total": {"2020-10-31": "", "2020-07-31": 1608.3, "2020-04-30": 0, "2020-01-31": 0, "2019-10-31": "", "2019-07-31": -128.9, "2019-04-30": 0, "2019-01-31": -73.5, "2018-10-31": "-275.00000", "2018-07-31": 1350.4, "2018-04-30": 0, "2018-01-31": 0, "2017-10-31": "", "2017-07-31": 0, "2017-04-30": 0, "2017-01-31": 0, "2016-10-31": "", "2016-07-31": 0, "2016-04-30": 0, "2016-01-31": 0, "2015-10-31": "", "2015-07-31": 0, "2015-04-30": 0, "2015-01-31": 0, "2014-10-31": "", "2014-07-31": 449.4, "2014-04-30": 0, "2014-01-31": 0, "2013-10-31": "", "2013-07-31": 0, "2013-04-30": 0, "2013-01-31": 0, "2012-10-31": "", "2012-07-31": 0, "2012-04-30": 0, "2012-01-31": 0, "2011-10-31": "", "2011-07-31": 0, "2010-07-31": 0}, "Net Common Equity Issued/Repurchased": {"2020-10-31": "-454.60000", "2020-07-31": 203.1, "2020-04-30": -953.2, "2020-01-31": 0.6, "2019-10-31": "-161.80000", "2019-07-31": 1.4, "2019-04-30": 36.7, "2019-01-31": -327.1, "2018-10-31": "30.70000", "2018-07-31": 145.4, "2018-04-30": 29.2, "2018-01-31": -123.7, "2017-10-31": "-112.00000", "2017-07-31": -115.3, "2017-04-30": -102.8, "2017-01-31": -119.2, "2016-10-31": "-27.30000", "2016-07-31": 3.1, "2016-04-30": 21.1, "2016-01-31": 4.5, "2015-10-31": "16.60000", "2015-07-31": 6.8, "2015-04-30": 17.9, "2015-01-31": 7.7, "2014-10-31": "15.80000", "2014-07-31": 86.532, "2014-04-30": 18.204, "2014-01-31": 9.374, "2013-10-31": "10.59000", "2013-07-31": 3.563, "2013-04-30": 14.872, "2013-01-31": 1.274, "2012-10-31": "1.24500", "2012-07-31": 215.835, "2012-04-30": 1.008, "2012-01-31": 0.178, "2011-10-31": "0.22800", "2011-07-31": 0, "2010-07-31": 0}, "Net Total Equity Issued/Repurchased": {"2020-10-31": "-454.60000", "2020-07-31": 203.1, "2020-04-30": -953.2, "2020-01-31": 0.6, "2019-10-31": "-161.80000", "2019-07-31": 1.4, "2019-04-30": 36.7, "2019-01-31": -327.1, "2018-10-31": "30.70000", "2018-07-31": 145.4, "2018-04-30": 29.2, "2018-01-31": -123.7, "2017-10-31": "-112.00000", "2017-07-31": -115.3, "2017-04-30": -102.8, "2017-01-31": -119.2, "2016-10-31": "-27.30000", "2016-07-31": 3.1, "2016-04-30": 21.1, "2016-01-31": 4.5, "2015-10-31": "16.60000", "2015-07-31": 6.8, "2015-04-30": 17.9, "2015-01-31": 7.7, "2014-10-31": "15.80000", "2014-07-31": 86.532, "2014-04-30": 18.204, "2014-01-31": 9.374, "2013-10-31": "10.59000", "2013-07-31": 3.563, "2013-04-30": 14.872, "2013-01-31": 1.274, "2012-10-31": "1.24500", "2012-07-31": 215.826, "2012-04-30": 1.008, "2012-01-31": 0.178, "2011-10-31": "0.22800", "2011-07-31": -0.15, "2010-07-31": 1.83}, "Total Common And Preferred Stock Dividends Paid": {"2020-10-31": "", "2020-07-31": 0, "2020-04-30": 0, "2020-01-31": 0, "2019-10-31": "", "2019-07-31": 0, "2019-04-30": 0, "2019-01-31": 0, "2018-10-31": "", "2018-07-31": 0, "2018-04-30": 0, "2018-01-31": 0, "2017-10-31": "", "2017-07-31": 0, "2017-04-30": 0, "2017-01-31": 0, "2016-10-31": "", "2016-07-31": 0, "2016-04-30": 0, "2016-01-31": 0, "2015-10-31": "", "2015-07-31": 0, "2015-04-30": 0, "2015-01-31": 0, "2014-10-31": "", "2014-07-31": 0, "2014-04-30": 0, "2014-01-31": 0, "2013-10-31": "", "2013-07-31": 0, "2013-04-30": 0, "2013-01-31": 0, "2012-10-31": "", "2012-07-31": 0, "2012-04-30": 0, "2012-01-31": 0, "2011-10-31": "", "2011-07-31": 0, "2010-07-31": 0}, "Financial Activities - Other": {"2020-10-31": "-9.90000", "2020-07-31": -5.9, "2020-04-30": -6.1, "2020-01-31": -6.7, "2019-10-31": "-5.30000", "2019-07-31": -8.6, "2019-04-30": -4.9, "2019-01-31": -7.2, "2018-10-31": "-17.50000", "2018-07-31": -9.4, "2018-04-30": -11.4, "2018-01-31": -11.5, "2017-10-31": "-11.40000", "2017-07-31": -10.4, "2017-04-30": -11, "2017-01-31": 0, "2016-10-31": "", "2016-07-31": -6.4, "2016-04-30": 0, "2016-01-31": -0.2, "2015-10-31": "0.20000", "2015-07-31": -0.5, "2015-04-30": -0.8, "2015-01-31": 1, "2014-10-31": "0.30000", "2014-07-31": 0.242, "2014-04-30": 0.084, "2014-01-31": 0.618, "2013-10-31": "0.05600", "2013-07-31": 6.585, "2013-04-30": 0.071, "2013-01-31": -2.592, "2012-10-31": "", "2012-07-31": 0.915, "2012-04-30": -0.104, "2012-01-31": 0.038, "2011-10-31": "1.22100", "2011-07-31": 0.89, "2010-07-31": 0}, "Cash Flow From Financial Activities": {"2020-10-31": "-464.50000", "2020-07-31": 1805.5, "2020-04-30": -959.3, "2020-01-31": -6.1, "2019-10-31": "-167.10000", "2019-07-31": -136.1, "2019-04-30": 31.8, "2019-01-31": -407.8, "2018-10-31": "-261.80000", "2018-07-31": 1486.4, "2018-04-30": 17.8, "2018-01-31": -135.2, "2017-10-31": "-123.40000", "2017-07-31": -125.7, "2017-04-30": -113.8, "2017-01-31": -119.2, "2016-10-31": "-27.30000", "2016-07-31": -3.3, "2016-04-30": 21.1, "2016-01-31": 4.3, "2015-10-31": "16.80000", "2015-07-31": 6.3, "2015-04-30": 17.1, "2015-01-31": 8.7, "2014-10-31": "16.10000", "2014-07-31": 536.174, "2014-04-30": 18.288, "2014-01-31": 9.992, "2013-10-31": "10.64600", "2013-07-31": 10.148, "2013-04-30": 14.943, "2013-01-31": -1.318, "2012-10-31": "1.24500", "2012-07-31": 216.751, "2012-04-30": 0.904, "2012-01-31": 0.216, "2011-10-31": "1.44900", "2011-07-31": 0.75, "2010-07-31": 1.83}, "Net Cash Flow": {"2020-10-31": "-815.80000", "2020-07-31": 1471.6, "2020-04-30": -514.7, "2020-01-31": 737.2, "2019-10-31": "302.60000", "2019-07-31": -353.3, "2019-04-30": 187.9, "2019-01-31": -656.2, "2018-10-31": "-722.60000", "2018-07-31": 1557.6, "2018-04-30": 34.6, "2018-01-31": 73.3, "2017-10-31": "98.20000", "2017-07-31": 52.6, "2017-04-30": -69.4, "2017-01-31": -78, "2016-10-31": "105.00000", "2016-07-31": 184.4, "2016-04-30": 136.8, "2016-01-31": 137.4, "2015-10-31": "-100.00000", "2015-07-31": -78.3, "2015-04-30": 111.1, "2015-01-31": -200.7, "2014-10-31": "-110.10000", "2014-07-31": 419.024, "2014-04-30": -27.077, "2014-01-31": -4.315, "2013-10-31": "-44.43200", "2013-07-31": 96.95, "2013-04-30": 25.74, "2013-01-31": 13.451, "2012-10-31": "-148.16900", "2012-07-31": 232.354, "2012-04-30": 7.461, "2012-01-31": 22.996, "2011-10-31": "19.30900", "2011-07-31": 24.21, "2010-07-31": -2.53}, "Stock-Based Compensation": {"2020-10-31": "205.80000", "2020-07-31": 174.2, "2020-04-30": 165.8, "2020-01-31": 168.5, "2019-10-31": "149.90000", "2019-07-31": 150.2, "2019-04-30": 138.2, "2019-01-31": 142.4, "2018-10-31": "136.90000", "2018-07-31": 123.6, "2018-04-30": 116.6, "2018-01-31": 130.8, "2017-10-31": "125.70000", "2017-07-31": 117.7, "2017-04-30": 116.2, "2017-01-31": 127.3, "2016-10-31": "113.30000", "2016-07-31": 109.6, "2016-04-30": 108.4, "2016-01-31": 101.9, "2015-10-31": "72.90000", "2015-07-31": 65.8, "2015-04-30": 60.2, "2015-01-31": 56.9, "2014-10-31": "38.40000", "2014-07-31": 33.115, "2014-04-30": 27.956, "2014-01-31": 24.346, "2013-10-31": "14.38300", "2013-07-31": 14.096, "2013-04-30": 12.578, "2013-01-31": 8.746, "2012-10-31": "8.28400", "2012-07-31": 6.487, "2012-04-30": 3.851, "2012-01-31": 2.05, "2011-10-31": "1.44900", "2011-07-31": 0, "2010-07-31": 0}, "Common Stock Dividends Paid": {"2020-10-31": "", "2020-07-31": 0, "2020-04-30": 0, "2020-01-31": 0, "2019-10-31": "", "2019-07-31": 0, "2019-04-30": 0, "2019-01-31": 0, "2018-10-31": "", "2018-07-31": 0, "2018-04-30": 0, "2018-01-31": 0, "2017-10-31": "", "2017-07-31": 0, "2017-04-30": 0, "2017-01-31": 0, "2016-10-31": "", "2016-07-31": 0, "2016-04-30": 0, "2016-01-31": 0, "2015-10-31": "", "2015-07-31": 0, "2015-04-30": 0, "2015-01-31": 0, "2014-10-31": "", "2014-07-31": 0, "2014-04-30": 0, "2014-01-31": 0, "2013-10-31": "", "2013-07-31": 0, "2013-04-30": 0, "2013-01-31": 0, "2012-10-31": "", "2012-07-31": 0, "2012-04-30": 0, "2012-01-31": 0, "2011-10-31": "", "2011-07-31": 0, "2010-07-31": 0}}, "financial ratios": {"Current Ratio": {"2020-07-31": "1.90560", "2019-07-31": "1.78480", "2018-07-31": "1.96910", "2017-07-31": "1.64510", "2016-07-31": "2.09490", "2015-07-31": "1.04050", "2014-07-31": "2.75250", "2013-07-31": "2.57010", "2012-07-31": "3.12820", "2011-07-31": "1.14510", "2010-07-31": ""}, "Long-term Debt / Capital": {"2020-07-31": "0.73680", "2019-07-31": "0.47410", "2018-07-31": "0.54140", "2017-07-31": "0.40850", "2016-07-31": "0.35850", "2015-07-31": "", "2014-07-31": "0.49910", "2013-07-31": "", "2012-07-31": "", "2011-07-31": "", "2010-07-31": ""}, "Debt/Equity Ratio": {"2020-07-31": "2.79910", "2019-07-31": "0.90150", "2018-07-31": "1.65480", "2017-07-31": "0.69080", "2016-07-31": "0.55890", "2015-07-31": "0.99840", "2014-07-31": "0.99640", "2013-07-31": "", "2012-07-31": "", "2011-07-31": "", "2010-07-31": ""}, "Gross Margin": {"2020-07-31": "70.67540", "2019-07-31": "72.12030", "2018-07-31": "71.62650", "2017-07-31": "72.85630", "2016-07-31": "73.15920", "2015-07-31": "72.90160", "2014-07-31": "73.32000", "2013-07-31": "72.29130", "2012-07-31": "72.34710", "2011-07-31": "72.78770", "2010-07-31": "67.95130"}, "Operating Margin": {"2020-07-31": "-5.25170", "2019-07-31": "-1.86580", "2018-07-31": "-4.58300", "2017-07-31": "-9.44680", "2016-07-31": "-11.41100", "2015-07-31": "-10.75310", "2014-07-31": "-35.99130", "2013-07-31": "-4.70100", "2012-07-31": "1.52510", "2011-07-31": "-8.77260", "2010-07-31": "-42.34550"}, "EBIT Margin": {"2020-07-31": "-5.25170", "2019-07-31": "-1.86580", "2018-07-31": "-4.58300", "2017-07-31": "-9.44680", "2016-07-31": "-11.41100", "2015-07-31": "-10.75310", "2014-07-31": "-35.99130", "2013-07-31": "-4.70100", "2012-07-31": "1.52510", "2011-07-31": "-8.77260", "2010-07-31": "-42.34550"}, "EBITDA Margin": {"2020-07-31": "11.63600", "2019-07-31": "12.97420", "2018-07-31": "7.53430", "2017-07-31": "1.62950", "2016-07-31": "-6.39100", "2015-07-31": "-4.89170", "2014-07-31": "-32.19660", "2013-07-31": "-1.71320", "2012-07-31": "3.92920", "2011-07-31": "-6.92680", "2010-07-31": "-40.04350"}, "Pre-Tax Profit Margin": {"2020-07-31": "-6.80080", "2019-07-31": "-2.57280", "2018-07-31": "-4.63140", "2017-07-31": "-10.26150", "2016-07-31": "-12.49910", "2015-07-31": "-13.13440", "2014-07-31": "-37.14480", "2013-07-31": "-4.70980", "2012-07-31": "1.09710", "2011-07-31": "-10.16220", "2010-07-31": "-43.20650"}, "Net Profit Margin": {"2020-07-31": "-7.83360", "2019-07-31": "-2.82450", "2018-07-31": "-5.37470", "2017-07-31": "-11.56630", "2016-07-31": "-13.97900", "2015-07-31": "-14.14720", "2014-07-31": "-37.86360", "2013-07-31": "-7.38340", "2012-07-31": "", "2011-07-31": "-10.56350", "2010-07-31": "-43.32130"}, "Asset Turnover": {"2020-07-31": "0.37600", "2019-07-31": "0.43990", "2018-07-31": "0.38220", "2017-07-31": "0.51050", "2016-07-31": "0.48230", "2015-07-31": "0.47230", "2014-07-31": "0.40460", "2013-07-31": "0.67640", "2012-07-31": "0.62560", "2011-07-31": "1.30080", "2010-07-31": ""}, "Inventory Turnover Ratio": {"2020-07-31": "", "2019-07-31": "", "2018-07-31": "", "2017-07-31": "", "2016-07-31": "", "2015-07-31": "", "2014-07-31": "", "2013-07-31": "", "2012-07-31": "", "2011-07-31": "", "2010-07-31": ""}, "Receiveable Turnover": {"2020-07-31": "3.28650", "2019-07-31": "4.97870", "2018-07-31": "4.86850", "2017-07-31": "4.06180", "2016-07-31": "3.95330", "2015-07-31": "4.36960", "2014-07-31": "4.41420", "2013-07-31": "4.52900", "2012-07-31": "5.59000", "2011-07-31": "3.99630", "2010-07-31": ""}, "Days Sales In Receivables": {"2020-07-31": "111.06130", "2019-07-31": "73.31220", "2018-07-31": "74.97140", "2017-07-31": "89.86180", "2016-07-31": "92.32900", "2015-07-31": "83.53200", "2014-07-31": "82.68820", "2013-07-31": "80.59250", "2012-07-31": "65.29540", "2011-07-31": "91.33540", "2010-07-31": ""}, "ROE - Return On Equity": {"2020-07-31": "-24.23310", "2019-07-31": "-5.16300", "2018-07-31": "-10.53180", "2017-07-31": "-26.72460", "2016-07-31": "-21.53310", "2015-07-31": "-26.91130", "2014-07-31": "-48.33720", "2013-07-31": "-10.73560", "2012-07-31": "0.32170", "2011-07-31": "17.53300", "2010-07-31": ""}, "Return On Tangible Equity": {"2020-07-31": "24.96960", "2019-07-31": "175.75210", "2018-07-31": "-24.60240", "2017-07-31": "-43.45960", "2016-07-31": "-28.03320", "2015-07-31": "-48.32540", "2014-07-31": "-85.28020", "2013-07-31": "-10.78940", "2012-07-31": "0.32170", "2011-07-31": "17.53300", "2010-07-31": ""}, "ROA - Return On Assets": {"2020-07-31": "-2.94530", "2019-07-31": "-1.24240", "2018-07-31": "-2.05420", "2017-07-31": "-5.90410", "2016-07-31": "-6.74200", "2015-07-31": "-6.68130", "2014-07-31": "-15.31990", "2013-07-31": "-4.99410", "2012-07-31": "0.18070", "2011-07-31": "-13.74110", "2010-07-31": ""}, "ROI - Return On Investment": {"2020-07-31": "-6.37860", "2019-07-31": "-2.71520", "2018-07-31": "-4.83000", "2017-07-31": "-15.80630", "2016-07-31": "-13.81260", "2015-07-31": "-26.91130", "2014-07-31": "-24.21270", "2013-07-31": "-10.73560", "2012-07-31": "0.32170", "2011-07-31": "17.53300", "2010-07-31": ""}, "Book Value Per Share": {"2020-07-31": "11.44130", "2019-07-31": "16.38740", "2018-07-31": "12.39640", "2017-07-31": "8.30160", "2016-07-31": "9.88840", "2015-07-31": "5.75350", "2014-07-31": "5.89270", "2013-07-31": "3.80410", "2012-07-31": "3.37600", "2011-07-31": "-3.61770", "2010-07-31": ""}, "Operating Cash Flow Per Share": {"2020-07-31": -0.4821, "2019-07-31": -0.1502, "2018-07-31": 1.7312, "2017-07-31": 2.028, "2016-07-31": 3.2379, "2015-07-31": 3.1337, "2014-07-31": -0.4776, "2013-07-31": -2.2862, "2012-07-31": 1.6931, "2011-07-31": 2.4859, "2010-07-31": -0.2254}, "Free Cash Flow Per Share": {"2020-07-31": -1.3063, "2019-07-31": -0.3172, "2018-07-31": 2.3133, "2017-07-31": 1.0569, "2016-07-31": 2.8197, "2015-07-31": 3.2054, "2014-07-31": -0.6367, "2013-07-31": -1.8687, "2012-07-31": 1.8642, "2011-07-31": 1.7121, "2010-07-31": -0.367}}, "financial ratios, quarterly": {"Current Ratio": {"2020-10-31": "1.63220", "2020-07-31": "1.90560", "2020-04-30": "1.29040", "2020-01-31": "1.77640", "2019-10-31": "1.77900", "2019-07-31": "1.78480", "2019-04-30": "1.85990", "2019-01-31": "1.86680", "2018-10-31": "2.10120", "2018-07-31": "1.96910", "2018-04-30": "1.13500", "2018-01-31": "1.19060", "2017-10-31": "1.17010", "2017-07-31": "1.64510", "2017-04-30": "1.79690", "2017-01-31": "1.89250", "2016-10-31": "1.33190", "2016-07-31": "2.09490", "2016-04-30": "1.16720", "2016-01-31": "1.10170", "2015-10-31": "0.96450", "2015-07-31": "1.04050", "2015-04-30": "1.10220", "2015-01-31": "2.07550", "2014-10-31": "2.58630", "2014-07-31": "2.75250", "2014-04-30": "1.18630", "2014-01-31": "2.11290", "2013-10-31": "2.41900", "2013-07-31": "2.57010", "2013-04-30": "2.59710", "2013-01-31": "2.52480", "2012-10-31": "2.76780", "2012-07-31": "3.12820", "2012-04-30": "", "2012-01-31": "", "2011-10-31": "", "2011-07-31": "", "2010-07-31": ""}, "Long-term Debt / Capital": {"2020-10-31": "0.80680", "2020-07-31": "0.73680", "2020-04-30": "0.66480", "2020-01-31": "0.47600", "2019-10-31": "0.48800", "2019-07-31": "0.47410", "2019-04-30": "0.49320", "2019-01-31": "0.56630", "2018-10-31": "0.52490", "2018-07-31": "0.54140", "2018-04-30": "", "2018-01-31": "", "2017-10-31": "", "2017-07-31": "0.40850", "2017-04-30": "0.38930", "2017-01-31": "0.37050", "2016-10-31": "", "2016-07-31": "0.35850", "2016-04-30": "", "2016-01-31": "", "2015-10-31": "", "2015-07-31": "", "2015-04-30": "", "2015-01-31": "0.48030", "2014-10-31": "0.48890", "2014-07-31": "0.49910", "2014-04-30": "", "2014-01-31": "", "2013-10-31": "", "2013-07-31": "", "2013-04-30": "", "2013-01-31": "", "2012-10-31": "", "2012-07-31": "", "2012-04-30": "", "2012-01-31": "", "2011-10-31": "", "2011-07-31": "", "2010-07-31": ""}, "Debt/Equity Ratio": {"2020-10-31": "4.17560", "2020-07-31": "2.79910", "2020-04-30": "1.98330", "2020-01-31": "0.90840", "2019-10-31": "0.95320", "2019-07-31": "0.90150", "2019-04-30": "1.08210", "2019-01-31": "1.45160", "2018-10-31": "1.29640", "2018-07-31": "1.65480", "2018-04-30": "0.75310", "2018-01-31": "0.84880", "2017-10-31": "0.79790", "2017-07-31": "0.69080", "2017-04-30": "0.63760", "2017-01-31": "0.58840", "2016-10-31": "0.59070", "2016-07-31": "0.55890", "2016-04-30": "0.76300", "2016-01-31": "0.83920", "2015-10-31": "0.90530", "2015-07-31": "0.99840", "2015-04-30": "1.06090", "2015-01-31": "0.92410", "2014-10-31": "0.95670", "2014-07-31": "0.99640", "2014-04-30": "", "2014-01-31": "", "2013-10-31": "", "2013-07-31": "", "2013-04-30": "", "2013-01-31": "", "2012-10-31": "", "2012-07-31": "", "2012-04-30": "", "2012-01-31": "", "2011-10-31": "", "2011-07-31": "", "2010-07-31": ""}, "Gross Margin": {"2020-10-31": "70.63430", "2020-07-31": "69.44440", "2020-04-30": "70.28990", "2020-01-31": "71.45830", "2019-10-31": "71.79690", "2019-07-31": "73.02060", "2019-04-30": "71.80020", "2019-01-31": "71.51290", "2018-10-31": "72.02740", "2018-07-31": "71.98170", "2018-04-30": "71.83370", "2018-01-31": "70.78450", "2017-10-31": "71.84140", "2017-07-31": "72.48310", "2017-04-30": "71.35250", "2017-01-31": "73.21340", "2016-10-31": "74.57930", "2016-07-31": "74.62580", "2016-04-30": "72.55640", "2016-01-31": "71.85540", "2015-10-31": "73.35130", "2015-07-31": "73.82880", "2015-04-30": "72.50210", "2015-01-31": "72.71470", "2014-10-31": "72.23090", "2014-07-31": "72.74700", "2014-04-30": "73.64960", "2014-01-31": "73.41430", "2013-10-31": "73.62540", "2013-07-31": "73.07650", "2013-04-30": "72.66240", "2013-01-31": "71.38000", "2012-10-31": "71.85050", "2012-07-31": "71.49470", "2012-04-30": "71.63930", "2012-01-31": "72.63200", "2011-10-31": "74.01640", "2011-07-31": "", "2010-07-31": ""}, "Operating Margin": {"2020-10-31": "-4.70400", "2020-07-31": "-1.87290", "2020-04-30": "-6.49870", "2020-01-31": "-6.47730", "2019-10-31": "-6.71070", "2019-07-31": "-1.22860", "2019-04-30": "-2.57360", "2019-01-31": "0.92800", "2018-10-31": "-4.89330", "2018-07-31": "2.59680", "2018-04-30": "-7.97960", "2018-01-31": "-4.12390", "2017-10-31": "-10.66160", "2017-07-31": "-2.64620", "2017-04-30": "-11.37100", "2017-01-31": "-12.87270", "2016-10-31": "-12.30850", "2016-07-31": "-5.66370", "2016-04-30": "-15.18220", "2016-01-31": "-14.96860", "2015-10-31": "-10.76720", "2015-07-31": "-0.28180", "2015-04-30": "-15.67040", "2015-01-31": "-17.68490", "2014-10-31": "-12.37650", "2014-07-31": "-14.25010", "2014-04-30": "-96.70340", "2014-01-31": "-26.33910", "2013-10-31": "-5.46970", "2013-07-31": "-6.12450", "2013-04-30": "-6.36790", "2013-01-31": "-2.23530", "2012-10-31": "-3.64350", "2012-07-31": "-5.64240", "2012-04-30": "-0.06240", "2012-01-31": "2.25110", "2011-10-31": "12.08130", "2011-07-31": "", "2010-07-31": ""}, "EBIT Margin": {"2020-10-31": "-4.70400", "2020-07-31": "-1.87290", "2020-04-30": "-6.49870", "2020-01-31": "-6.47730", "2019-10-31": "-6.71070", "2019-07-31": "-1.22860", "2019-04-30": "-2.57360", "2019-01-31": "0.92800", "2018-10-31": "-4.89330", "2018-07-31": "2.59680", "2018-04-30": "-7.97960", "2018-01-31": "-4.12390", "2017-10-31": "-10.66160", "2017-07-31": "-2.64620", "2017-04-30": "-11.37100", "2017-01-31": "-12.87270", "2016-10-31": "-12.30850", "2016-07-31": "-5.66370", "2016-04-30": "-15.18220", "2016-01-31": "-14.96860", "2015-10-31": "-10.76720", "2015-07-31": "-0.28170", "2015-04-30": "-15.67040", "2015-01-31": "-17.68490", "2014-10-31": "-12.37650", "2014-07-31": "-14.25010", "2014-04-30": "-96.70340", "2014-01-31": "-26.33910", "2013-10-31": "-5.46970", "2013-07-31": "-6.12450", "2013-04-30": "-6.36790", "2013-01-31": "-2.23530", "2012-10-31": "-3.64350", "2012-07-31": "-5.64240", "2012-04-30": "-0.06240", "2012-01-31": "2.25110", "2011-10-31": "12.08130", "2011-07-31": "", "2010-07-31": ""}, "EBITDA Margin": {"2020-10-31": "", "2020-07-31": "", "2020-04-30": "", "2020-01-31": "", "2019-10-31": "", "2019-07-31": "", "2019-04-30": "", "2019-01-31": "", "2018-10-31": "", "2018-07-31": "", "2018-04-30": "", "2018-01-31": "", "2017-10-31": "", "2017-07-31": "", "2017-04-30": "", "2017-01-31": "", "2016-10-31": "", "2016-07-31": "", "2016-04-30": "", "2016-01-31": "", "2015-10-31": "", "2015-07-31": "", "2015-04-30": "", "2015-01-31": "", "2014-10-31": "", "2014-07-31": "", "2014-04-30": "", "2014-01-31": "", "2013-10-31": "", "2013-07-31": "", "2013-04-30": "", "2013-01-31": "", "2012-10-31": "", "2012-07-31": "", "2012-04-30": "", "2012-01-31": "", "2011-10-31": "", "2011-07-31": "", "2010-07-31": ""}, "Pre-Tax Profit Margin": {"2020-10-31": "-8.69980", "2020-07-31": "-5.09260", "2020-04-30": "-7.79850", "2020-01-31": "-7.48130", "2019-10-31": "-7.06050", "2019-07-31": "-1.70020", "2019-04-30": "-2.90390", "2019-01-31": "0.28120", "2018-10-31": "-6.37200", "2018-07-31": "2.56640", "2018-04-30": "-7.60970", "2018-01-31": "-4.39880", "2017-10-31": "-10.96050", "2017-07-31": "-3.30280", "2017-04-30": "-12.32050", "2017-01-31": "-13.67720", "2016-10-31": "-13.18760", "2016-07-31": "-6.48700", "2016-04-30": "-16.57030", "2016-01-31": "-15.95460", "2015-10-31": "-11.97850", "2015-07-31": "-2.43040", "2015-04-30": "-18.10420", "2015-01-31": "-20.07350", "2014-10-31": "-15.02860", "2014-07-31": "-18.47440", "2014-04-30": "-96.42670", "2014-01-31": "-26.46950", "2013-10-31": "-5.15990", "2013-07-31": "-6.12000", "2013-04-30": "-6.39160", "2013-01-31": "-2.17720", "2012-10-31": "-3.72730", "2012-07-31": "-5.69790", "2012-04-30": "-0.06240", "2012-01-31": "1.25610", "2011-10-31": "11.27240", "2011-07-31": "", "2010-07-31": ""}, "Net Profit Margin": {"2020-10-31": "-9.74630", "2020-07-31": "-6.19740", "2020-04-30": "-8.60360", "2020-01-31": "-9.02410", "2019-10-31": "-7.72120", "2019-07-31": "-2.58130", "2019-04-30": "-2.78010", "2019-01-31": "-0.36560", "2018-10-31": "-5.83840", "2018-07-31": "1.06300", "2018-04-30": "-7.11640", "2018-01-31": "-4.69210", "2017-10-31": "-12.59470", "2017-07-31": "-4.89450", "2017-04-30": "-14.10380", "2017-01-31": "-14.33980", "2016-10-31": "-14.29290", "2016-07-31": "-7.83430", "2016-04-30": "-18.53670", "2016-01-31": "-17.11980", "2015-10-31": "-13.42530", "2015-07-31": "-4.33250", "2015-04-30": "-19.59860", "2015-01-31": "-19.75200", "2014-10-31": "-15.65260", "2014-07-31": "-18.01160", "2014-04-30": "-97.27070", "2014-01-31": "-28.31680", "2013-10-31": "-6.13280", "2013-07-31": "-14.09090", "2013-04-30": "-7.18930", "2013-01-31": "-2.70780", "2012-10-31": "-4.09030", "2012-07-31": "-6.08000", "2012-04-30": "1.21160", "2012-01-31": "", "2011-10-31": "", "2011-07-31": "", "2010-07-31": ""}, "Asset Turnover": {"2020-10-31": "0.10840", "2020-07-31": "0.10480", "2020-04-30": "0.13370", "2020-01-31": "0.11370", "2019-10-31": "0.11310", "2019-07-31": "0.12220", "2019-04-30": "0.11600", "2019-01-31": "0.12460", "2018-10-31": "0.11310", "2018-07-31": "0.11070", "2018-04-30": "0.14530", "2018-01-31": "0.15040", "2017-10-31": "0.14390", "2017-07-31": "0.14620", "2017-04-30": "0.13290", "2017-01-31": "0.13310", "2016-10-31": "0.13240", "2016-07-31": "0.14020", "2016-04-30": "0.13790", "2016-01-31": "0.14450", "2015-10-31": "0.14190", "2015-07-31": "0.14450", "2015-04-30": "0.13120", "2015-01-31": "0.13010", "2014-10-31": "0.12480", "2014-07-31": "0.12060", "2014-04-30": "0.17120", "2014-01-31": "0.20470", "2013-10-31": "0.20030", "2013-07-31": "0.19190", "2013-04-30": "0.18800", "2013-01-31": "0.19690", "2012-10-31": "0.19340", "2012-07-31": "0.18550", "2012-04-30": "", "2012-01-31": "", "2011-10-31": "", "2011-07-31": "", "2010-07-31": ""}, "Inventory Turnover Ratio": {"2020-10-31": "", "2020-07-31": "", "2020-04-30": "", "2020-01-31": "", "2019-10-31": "", "2019-07-31": "", "2019-04-30": "", "2019-01-31": "", "2018-10-31": "", "2018-07-31": "", "2018-04-30": "", "2018-01-31": "", "2017-10-31": "", "2017-07-31": "", "2017-04-30": "", "2017-01-31": "", "2016-10-31": "", "2016-07-31": "", "2016-04-30": "", "2016-01-31": "", "2015-10-31": "", "2015-07-31": "", "2015-04-30": "", "2015-01-31": "", "2014-10-31": "", "2014-07-31": "", "2014-04-30": "", "2014-01-31": "", "2013-10-31": "", "2013-07-31": "", "2013-04-30": "", "2013-01-31": "", "2012-10-31": "", "2012-07-31": "", "2012-04-30": "", "2012-01-31": "", "2011-10-31": "", "2011-07-31": "", "2010-07-31": ""}, "Receiveable Turnover": {"2020-10-31": "1.40040", "2020-07-31": "0.91640", "2020-04-30": "1.29990", "2020-01-31": "1.51160", "2019-10-31": "1.54630", "2019-07-31": "1.38360", "2019-04-30": "1.78310", "2019-01-31": "1.71370", "2018-10-31": "1.71590", "2018-07-31": "1.41010", "2018-04-30": "1.56910", "2018-01-31": "1.49440", "2017-10-31": "1.43040", "2017-07-31": "1.16320", "2017-04-30": "1.18590", "2017-01-31": "1.09450", "2016-10-31": "1.14890", "2016-07-31": "1.14940", "2016-04-30": "1.29220", "2016-01-31": "1.31560", "2015-10-31": "1.51320", "2015-07-31": "1.33660", "2015-04-30": "1.55590", "2015-01-31": "1.60960", "2014-10-31": "1.65460", "2014-07-31": "1.31530", "2014-04-30": "1.31280", "2014-01-31": "1.63860", "2013-10-31": "1.40180", "2013-07-31": "1.28500", "2013-04-30": "1.10710", "2013-01-31": "1.40700", "2012-10-31": "1.52450", "2012-07-31": "1.65730", "2012-04-30": "", "2012-01-31": "", "2011-10-31": "", "2011-07-31": "", "2010-07-31": ""}, "Days Sales In Receivables": {"2020-10-31": "64.26530", "2020-07-31": "98.21020", "2020-04-30": "69.23400", "2020-01-31": "59.54080", "2019-10-31": "58.20440", "2019-07-31": "65.04840", "2019-04-30": "50.47480", "2019-01-31": "52.51690", "2018-10-31": "52.44970", "2018-07-31": "63.82690", "2018-04-30": "57.35780", "2018-01-31": "60.22540", "2017-10-31": "62.91750", "2017-07-31": "77.37560", "2017-04-30": "75.88930", "2017-01-31": "82.22670", "2016-10-31": "78.33460", "2016-07-31": "78.30090", "2016-04-30": "69.64720", "2016-01-31": "68.40750", "2015-10-31": "59.47510", "2015-07-31": "67.33360", "2015-04-30": "57.84400", "2015-01-31": "55.91450", "2014-10-31": "54.39500", "2014-07-31": "68.42350", "2014-04-30": "68.55350", "2014-01-31": "54.92460", "2013-10-31": "64.20280", "2013-07-31": "70.04040", "2013-04-30": "81.29220", "2013-01-31": "63.96690", "2012-10-31": "59.03610", "2012-07-31": "54.30550", "2012-04-30": "", "2012-01-31": "", "2011-10-31": "", "2011-07-31": "", "2010-07-31": ""}, "ROE - Return On Equity": {"2020-10-31": "-12.34270", "2020-07-31": "-5.34580", "2020-04-30": "-10.04430", "2020-01-31": "-4.58190", "2019-10-31": "-3.93040", "2019-07-31": "-1.31120", "2019-04-30": "-1.38970", "2019-01-31": "-0.24260", "2018-10-31": "-3.05670", "2018-07-31": "0.60330", "2018-04-30": "-5.59480", "2018-01-31": "-4.04360", "2017-10-31": "-9.49660", "2017-07-31": "-3.23850", "2017-04-30": "-7.48990", "2017-01-31": "-6.96070", "2016-10-31": "-6.64020", "2016-07-31": "-3.50880", "2016-04-30": "-9.72690", "2016-01-31": "-9.66600", "2015-10-31": "-7.33730", "2015-07-31": "-2.52100", "2015-04-30": "-10.10400", "2015-01-31": "-8.33230", "2014-10-31": "-6.10290", "2014-07-31": "-6.85170", "2014-04-30": "-53.95320", "2014-01-31": "-14.04350", "2013-10-31": "-2.71280", "2013-07-31": "-5.81310", "2013-04-30": "-2.75960", "2013-01-31": "-1.07300", "2012-10-31": "-1.49070", "2012-07-31": "-2.00770", "2012-04-30": "", "2012-01-31": "", "2011-10-31": "", "2011-07-31": "", "2010-07-31": ""}, "Return On Tangible Equity": {"2020-10-31": "5.72530", "2020-07-31": "5.50830", "2020-04-30": "5.16290", "2020-01-31": "38.14700", "2019-10-31": "35.45510", "2019-07-31": "44.63550", "2019-04-30": "-10.52080", "2019-01-31": "-0.98630", "2018-10-31": "-8.89870", "2018-07-31": "1.40930", "2018-04-30": "-77.39450", "2018-01-31": "-7.39880", "2017-10-31": "-16.82190", "2017-07-31": "-5.26650", "2017-04-30": "-11.76130", "2017-01-31": "-9.07730", "2016-10-31": "-8.73100", "2016-07-31": "-4.56790", "2016-04-30": "-14.27300", "2016-01-31": "-15.05520", "2015-10-31": "-12.11660", "2015-07-31": "-4.52710", "2015-04-30": "-18.00060", "2015-01-31": "-13.65930", "2014-10-31": "-10.35340", "2014-07-31": "-12.08830", "2014-04-30": "-218.80600", "2014-01-31": "-14.04350", "2013-10-31": "-2.71280", "2013-07-31": "-5.84220", "2013-04-30": "-2.75960", "2013-01-31": "-1.07300", "2012-10-31": "-1.49070", "2012-07-31": "-2.00770", "2012-04-30": "", "2012-01-31": "", "2011-10-31": "", "2011-07-31": "", "2010-07-31": ""}, "ROA - Return On Assets": {"2020-10-31": "-1.05660", "2020-07-31": "-0.64970", "2020-04-30": "-1.15050", "2020-01-31": "-1.02590", "2019-10-31": "-0.87330", "2019-07-31": "-0.31550", "2019-04-30": "-0.32260", "2019-01-31": "-0.04560", "2018-10-31": "-0.66020", "2018-07-31": "0.11770", "2018-04-30": "-1.03370", "2018-01-31": "-0.70570", "2017-10-31": "-1.81270", "2017-07-31": "-0.71550", "2017-04-30": "-1.87380", "2017-01-31": "-1.90890", "2016-10-31": "-1.89260", "2016-07-31": "-1.09860", "2016-04-30": "-2.55680", "2016-01-31": "-2.47350", "2015-10-31": "-1.90510", "2015-07-31": "-0.62590", "2015-04-30": "-2.57220", "2015-01-31": "-2.57060", "2014-10-31": "-1.95410", "2014-07-31": "-2.17160", "2014-04-30": "-16.65030", "2014-01-31": "-5.79750", "2013-10-31": "-1.22840", "2013-07-31": "-2.70420", "2013-04-30": "-1.35160", "2013-01-31": "-0.53310", "2012-10-31": "-0.79110", "2012-07-31": "-1.12770", "2012-04-30": "", "2012-01-31": "", "2011-10-31": "", "2011-07-31": "", "2010-07-31": ""}, "ROI - Return On Investment": {"2020-10-31": "-2.38480", "2020-07-31": "-1.40710", "2020-04-30": "-3.36680", "2020-01-31": "-2.40090", "2019-10-31": "-2.01220", "2019-07-31": "-0.68960", "2019-04-30": "-0.70430", "2019-01-31": "-0.10520", "2018-10-31": "-1.45210", "2018-07-31": "0.27670", "2018-04-30": "-5.59480", "2018-01-31": "-4.04360", "2017-10-31": "-9.49660", "2017-07-31": "-1.91540", "2017-04-30": "-4.57380", "2017-01-31": "-4.38210", "2016-10-31": "-6.64020", "2016-07-31": "-2.25070", "2016-04-30": "-9.72690", "2016-01-31": "-9.66600", "2015-10-31": "-7.33730", "2015-07-31": "-2.52100", "2015-04-30": "-10.10400", "2015-01-31": "-4.33060", "2014-10-31": "-3.11900", "2014-07-31": "-3.43210", "2014-04-30": "-53.95320", "2014-01-31": "-14.04350", "2013-10-31": "-2.71280", "2013-07-31": "-5.81310", "2013-04-30": "-2.75960", "2013-01-31": "-1.07300", "2012-10-31": "-1.49070", "2012-07-31": "-2.00770", "2012-04-30": "", "2012-01-31": "", "2011-10-31": "", "2011-07-31": "", "2010-07-31": ""}, "Book Value Per Share": {"2020-10-31": "7.84660", "2020-07-31": "11.44130", "2020-04-30": "7.71710", "2020-01-31": "16.13340", "2019-10-31": "15.53690", "2019-07-31": "16.38740", "2019-04-30": "15.15640", "2019-01-31": "11.43860", "2018-10-31": "13.23130", "2018-07-31": "12.39640", "2018-04-30": "7.77290", "2018-01-31": "6.89650", "2017-10-31": "7.24160", "2017-07-31": "8.30160", "2017-04-30": "8.85730", "2017-01-31": "9.46300", "2016-10-31": "9.34460", "2016-07-31": "9.88840", "2016-04-30": "7.35490", "2016-01-31": "6.70590", "2015-10-31": "6.33060", "2015-07-31": "5.75350", "2015-04-30": "5.43400", "2015-01-31": "6.27320", "2014-10-31": "6.12550", "2014-07-31": "5.89270", "2014-04-30": "3.52600", "2014-01-31": "3.84390", "2013-10-31": "3.99790", "2013-07-31": "3.80410", "2013-04-30": "3.71130", "2013-01-31": "3.53460", "2012-10-31": "3.44490", "2012-07-31": "3.37600", "2012-04-30": "", "2012-01-31": "", "2011-10-31": "", "2011-07-31": "", "2010-07-31": ""}, "Operating Cash Flow Per Share": {"2020-10-31": "5.60100", "2020-07-31": 3.4287, "2020-04-30": 1.8466, "2020-01-31": 3.0817, "2019-10-31": "2.33130", "2019-07-31": 2.4405, "2019-04-30": 3.1161, "2019-01-31": 2.924, "2018-10-31": "2.68980", "2018-07-31": 3.0453, "2018-04-30": 2.5827, "2018-01-31": 2.6783, "2017-10-31": "3.01430", "2017-07-31": 2.6773, "2017-04-30": 2.3057, "2017-01-31": 2.3403, "2016-10-31": "2.26610", "2016-07-31": 2.1935, "2016-04-30": 1.8921, "2016-01-31": 1.7519, "2015-10-31": "1.72390", "2015-07-31": 1.4195, "2015-04-30": 1.0253, "2015-01-31": 0.9354, "2014-10-31": "0.94330", "2014-07-31": -0.3383, "2014-04-30": 0.4262, "2014-01-31": 0.5595, "2013-10-31": "0.54240", "2013-07-31": 0.6212, "2013-04-30": 0.195, "2013-01-31": 0.5058, "2012-10-31": "0.34540", "2012-07-31": 0.6351, "2012-04-30": -0.4251, "2012-01-31": 1.5428, "2011-10-31": "1.23190", "2011-07-31": 0, "2010-07-31": 0}, "Free Cash Flow Per Share": {"2020-10-31": "5.29110", "2020-07-31": 3.1044, "2020-04-30": 0.9379, "2020-01-31": 2.5907, "2019-10-31": "1.84270", "2019-07-31": 1.8795, "2019-04-30": 2.9036, "2019-01-31": 2.6748, "2018-10-31": "2.32410", "2018-07-31": 2.7662, "2018-04-30": 2.2748, "2018-01-31": 2.3981, "2017-10-31": "2.66010", "2017-07-31": 2.1288, "2017-04-30": 1.774, "2017-01-31": 1.8497, "2016-10-31": "2.03340", "2016-07-31": 2.0012, "2016-04-30": 1.6781, "2016-01-31": 1.555, "2015-10-31": "1.49470", "2015-07-31": 1.2714, "2015-04-30": 0.9089, "2015-01-31": 0.86, "2014-10-31": "0.86900", "2014-07-31": -0.4056, "2014-04-30": 0.3574, "2014-01-31": 0.4284, "2013-10-31": "0.32370", "2013-07-31": 0.5329, "2013-04-30": 0.1078, "2013-01-31": 0.4146, "2012-10-31": "0.28530", "2012-07-31": 0.5265, "2012-04-30": -0.4675, "2012-01-31": 1.2954, "2011-10-31": "1.06850", "2011-07-31": 0, "2010-07-31": 0}}, "revenue": {"Palo Alto Networks Annual Revenue (Millions of US $)": {"2020": "$3,408", "2019": "$2,900", "2018": "$2,274", "2017": "$1,755", "2016": "$1,379", "2015": "$928", "2014": "$598", "2013": "$396", "2012": "$255", "2011": "$119", "2010": "$49"}, "Palo Alto Networks Quarterly Revenue (Millions of US $)": {"2020-10-31": "$946", "2020-07-31": "$950", "2020-04-30": "$869", "2020-01-31": "$817", "2019-10-31": "$772", "2019-07-31": "$806", "2019-04-30": "$727", "2019-01-31": "$711", "2018-10-31": "$656", "2018-07-31": "$659", "2018-04-30": "$568", "2018-01-31": "$546", "2017-10-31": "$502", "2017-07-31": "$503", "2017-04-30": "$432", "2017-01-31": "$423", "2016-10-31": "$398", "2016-07-31": "$401", "2016-04-30": "$346", "2016-01-31": "$335", "2015-10-31": "$297", "2015-07-31": "$284", "2015-04-30": "$234", "2015-01-31": "$218", "2014-10-31": "$192", "2014-07-31": "$178", "2014-04-30": "$151", "2014-01-31": "$141", "2013-10-31": "$128", "2013-07-31": "$112", "2013-04-30": "$101", "2013-01-31": "$96", "2012-10-31": "$86", "2012-07-31": "$76", "2012-04-30": "$66", "2012-01-31": "$57", "2011-10-31": "$57", "2011-07-31": "", "2010-07-31": ""}}, "gross-profit": {"Palo Alto Networks Annual Gross Profit (Millions of US $)": {"2020": "$2,409", "2019": "$2,091", "2018": "$1,629", "2017": "$1,279", "2016": "$1,009", "2015": "$677", "2014": "$439", "2013": "$286", "2012": "$185", "2011": "$86", "2010": "$33"}, "Palo Alto Networks Quarterly Gross Profit (Millions of US $)": {"2020-10-31": "$668", "2020-07-31": "$660", "2020-04-30": "$611", "2020-01-31": "$584", "2019-10-31": "$554", "2019-07-31": "$588", "2019-04-30": "$522", "2019-01-31": "$509", "2018-10-31": "$473", "2018-07-31": "$474", "2018-04-30": "$408", "2018-01-31": "$386", "2017-10-31": "$361", "2017-07-31": "$364", "2017-04-30": "$308", "2017-01-31": "$309", "2016-10-31": "$297", "2016-07-31": "$299", "2016-04-30": "$251", "2016-01-31": "$241", "2015-10-31": "$218", "2015-07-31": "$210", "2015-04-30": "$170", "2015-01-31": "$158", "2014-10-31": "$139", "2014-07-31": "$130", "2014-04-30": "$111", "2014-01-31": "$104", "2013-10-31": "$94", "2013-07-31": "$82", "2013-04-30": "$74", "2013-01-31": "$69", "2012-10-31": "$62", "2012-07-31": "$54", "2012-04-30": "$47", "2012-01-31": "$41", "2011-10-31": "$42", "2011-07-31": "", "2010-07-31": ""}}, "operating-income": {"Palo Alto Networks Annual Operating Income (Millions of US $)": {"2020": "$-179", "2019": "$-54", "2018": "$-104", "2017": "$-166", "2016": "$-157", "2015": "$-100", "2014": "$-215", "2013": "$-19", "2012": "$4", "2011": "$-10", "2010": "$-21"}, "Palo Alto Networks Quarterly Operating Income (Millions of US $)": {"2020-10-31": "$-45", "2020-07-31": "$-18", "2020-04-30": "$-57", "2020-01-31": "$-53", "2019-10-31": "$-52", "2019-07-31": "$-10", "2019-04-30": "$-19", "2019-01-31": "$7", "2018-10-31": "$-32", "2018-07-31": "$17", "2018-04-30": "$-45", "2018-01-31": "$-23", "2017-10-31": "$-54", "2017-07-31": "$-13", "2017-04-30": "$-49", "2017-01-31": "$-54", "2016-10-31": "$-49", "2016-07-31": "$-23", "2016-04-30": "$-53", "2016-01-31": "$-50", "2015-10-31": "$-32", "2015-07-31": "$-1", "2015-04-30": "$-37", "2015-01-31": "$-39", "2014-10-31": "$-24", "2014-07-31": "$-25", "2014-04-30": "$-146", "2014-01-31": "$-37", "2013-10-31": "$-7", "2013-07-31": "$-7", "2013-04-30": "$-6", "2013-01-31": "$-2", "2012-10-31": "$-3", "2012-07-31": "$-4", "2012-04-30": "$-0", "2012-01-31": "$1", "2011-10-31": "$7", "2011-07-31": "", "2010-07-31": ""}}, "ebitda": {"Palo Alto Networks Annual EBITDA (Millions of US $)": {"2020": "$397", "2019": "$376", "2018": "$171", "2017": "$29", "2016": "$-88", "2015": "$-45", "2014": "$-193", "2013": "$-7", "2012": "$10", "2011": "$-8", "2010": "$-20"}, "Palo Alto Networks Quarterly EBITDA (Millions of US $)": {"2020-10-31": "$127", "2020-07-31": "$166", "2020-04-30": "$85", "2020-01-31": "$76", "2019-10-31": "$71", "2019-07-31": "$121", "2019-04-30": "$91", "2019-01-31": "$104", "2018-10-31": "$61", "2018-07-31": "$103", "2018-04-30": "$30", "2018-01-31": "$35", "2017-10-31": "$3", "2017-07-31": "$118", "2017-04-30": "$-27", "2017-01-31": "$-33", "2016-10-31": "$-29", "2016-07-31": "$-4", "2016-04-30": "$-35", "2016-01-31": "$-33", "2015-10-31": "$-16", "2015-07-31": "$14", "2015-04-30": "$-23", "2015-01-31": "$-25", "2014-10-31": "$-12", "2014-07-31": "$-16", "2014-04-30": "$-141", "2014-01-31": "$-33", "2013-10-31": "$-3", "2013-07-31": "$-4", "2013-04-30": "$-3", "2013-01-31": "$1", "2012-10-31": "$-1", "2012-07-31": "$-2", "2012-04-30": "$2", "2012-01-31": "$3", "2011-10-31": "$8", "2011-07-31": "", "2010-07-31": ""}}, "net-income": {"Palo Alto Networks Annual Net Income (Millions of US $)": {"2020": "$-267", "2019": "$-82", "2018": "$-122", "2017": "$-203", "2016": "$-193", "2015": "$-131", "2014": "$-227", "2013": "$-29", "2012": "$0", "2011": "$-13", "2010": "$-21"}, "Palo Alto Networks Quarterly Net Income (Millions of US $)": {"2020-10-31": "$-92", "2020-07-31": "$-59", "2020-04-30": "$-75", "2020-01-31": "$-74", "2019-10-31": "$-60", "2019-07-31": "$-21", "2019-04-30": "$-20", "2019-01-31": "$-3", "2018-10-31": "$-38", "2018-07-31": "$7", "2018-04-30": "$-40", "2018-01-31": "$-26", "2017-10-31": "$-63", "2017-07-31": "$-25", "2017-04-30": "$-61", "2017-01-31": "$-61", "2016-10-31": "$-57", "2016-07-31": "$-31", "2016-04-30": "$-64", "2016-01-31": "$-57", "2015-10-31": "$-40", "2015-07-31": "$-12", "2015-04-30": "$-46", "2015-01-31": "$-43", "2014-10-31": "$-30", "2014-07-31": "$-32", "2014-04-30": "$-147", "2014-01-31": "$-40", "2013-10-31": "$-8", "2013-07-31": "$-16", "2013-04-30": "$-7", "2013-01-31": "$-3", "2012-10-31": "$-4", "2012-07-31": "$-5", "2012-04-30": "$1", "2012-01-31": "", "2011-10-31": "", "2011-07-31": "", "2010-07-31": ""}}, "eps-earnings-per-share-diluted": {"Palo Alto Networks Annual EPS": {"2020": "$-2.76", "2019": "$-0.87", "2018": "$-1.33", "2017": "$-2.24", "2016": "$-2.21", "2015": "$-1.61", "2014": "$-3.05", "2013": "$-0.43", "2012": "$0.00", "2011": "$-0.88", "2010": "$-1.78"}, "Palo Alto Networks Quarterly EPS": {"2020-10-31": "$-0.97", "2020-07-31": "$-0.62", "2020-04-30": "$-0.77", "2020-01-31": "$-0.75", "2019-10-31": "$-0.62", "2019-07-31": "$-0.22", "2019-04-30": "$-0.21", "2019-01-31": "$-0.03", "2018-10-31": "$-0.41", "2018-07-31": "$0.09", "2018-04-30": "$-0.44", "2018-01-31": "$-0.28", "2017-10-31": "$-0.70", "2017-07-31": "$-0.27", "2017-04-30": "$-0.67", "2017-01-31": "$-0.67", "2016-10-31": "$-0.63", "2016-07-31": "$-0.35", "2016-04-30": "$-0.73", "2016-01-31": "$-0.66", "2015-10-31": "$-0.47", "2015-07-31": "$-0.14", "2015-04-30": "$-0.56", "2015-01-31": "$-0.53", "2014-10-31": "$-0.38", "2014-07-31": "$-0.43", "2014-04-30": "$-1.96", "2014-01-31": "$-0.55", "2013-10-31": "$-0.11", "2013-07-31": "$-0.24", "2013-04-30": "$-0.10", "2013-01-31": "$-0.04", "2012-10-31": "$-0.05", "2012-07-31": "$-0.18", "2012-04-30": "$0.00", "2012-01-31": "$0.00", "2011-10-31": "$0.00", "2011-07-31": "$0.00", "2010-07-31": "$0.00"}}, "shares-outstanding": {"Palo Alto Networks Annual Shares Outstanding (Millions of Shares)": {"2020": "97", "2019": "95", "2018": "92", "2017": "91", "2016": "87", "2015": "82", "2014": "74", "2013": "69", "2012": "20", "2011": "14", "2010": "12"}, "Palo Alto Networks Quarterly Shares Outstanding (Millions of Shares)": {"2020-10-31": "96", "2020-07-31": "97", "2020-04-30": "97", "2020-01-31": "98", "2019-10-31": "97", "2019-07-31": "95", "2019-04-30": "94", "2019-01-31": "94", "2018-10-31": "94", "2018-07-31": "92", "2018-04-30": "92", "2018-01-31": "91", "2017-10-31": "91", "2017-07-31": "91", "2017-04-30": "91", "2017-01-31": "91", "2016-10-31": "90", "2016-07-31": "87", "2016-04-30": "88", "2016-01-31": "87", "2015-10-31": "85", "2015-07-31": "82", "2015-04-30": "82", "2015-01-31": "81", "2014-10-31": "79", "2014-07-31": "74", "2014-04-30": "75", "2014-01-31": "73", "2013-10-31": "72", "2013-07-31": "69", "2013-04-30": "70", "2013-01-31": "68", "2012-10-31": "67", "2012-07-31": "26", "2012-04-30": "25", "2012-01-31": "17", "2011-10-31": "17", "2011-07-31": "", "2010-07-31": ""}}, "total-assets": {"Palo Alto Networks Annual Total Assets (Millions of US $)": {"2020": "$9,065", "2019": "$6,592", "2018": "$5,949", "2017": "$3,438", "2016": "$2,858", "2015": "$1,965", "2014": "$1,478", "2013": "$586", "2012": "$408", "2011": "$91", "2010": "$0"}, "Palo Alto Networks Quarterly Total Assets (Millions of US $)": {"2020-10-31": "$8,727", "2020-07-31": "$9,065", "2020-04-30": "$6,502", "2020-01-31": "$7,184", "2019-10-31": "$6,825", "2019-07-31": "$6,592", "2019-04-30": "$6,262", "2019-01-31": "$5,708", "2018-10-31": "$5,802", "2018-07-31": "$5,949", "2018-04-30": "$3,908", "2018-01-31": "$3,628", "2017-10-31": "$3,487", "2017-07-31": "$3,438", "2017-04-30": "$3,250", "2017-01-31": "$3,175", "2016-10-31": "$3,007", "2016-07-31": "$2,858", "2016-04-30": "$2,507", "2016-01-31": "$2,317", "2015-10-31": "$2,094", "2015-07-31": "$1,965", "2015-04-30": "$1,784", "2015-01-31": "$1,673", "2014-10-31": "$1,540", "2014-07-31": "$1,478", "2014-04-30": "$880", "2014-01-31": "$689", "2013-10-31": "$640", "2013-07-31": "$586", "2013-04-30": "$539", "2013-01-31": "$490", "2012-10-31": "$444", "2012-07-31": "$408", "2012-04-30": "$0", "2012-01-31": "$0", "2011-10-31": "$0", "2011-07-31": "$91", "2010-07-31": "$0"}}, "cash-on-hand": {"Palo Alto Networks Annual Cash on Hand (Millions of US $)": {"2020": "$3,748", "2019": "$2,803", "2018": "$3,403", "2017": "$1,375", "2016": "$1,286", "2015": "$789", "2014": "$773", "2013": "$420", "2012": "$323", "2011": "$41", "2010": "$"}, "Palo Alto Networks Quarterly Cash on Hand (Millions of US $)": {"2020-10-31": "$3,218", "2020-07-31": "$3,748", "2020-04-30": "$2,039", "2020-01-31": "$3,134", "2019-10-31": "$2,861", "2019-07-31": "$2,803", "2019-04-30": "$3,048", "2019-01-31": "$2,830", "2018-10-31": "$3,204", "2018-07-31": "$3,403", "2018-04-30": "$1,621", "2018-01-31": "$1,636", "2017-10-31": "$1,503", "2017-07-31": "$1,375", "2017-04-30": "$1,372", "2017-01-31": "$1,354", "2016-10-31": "$1,390", "2016-07-31": "$1,286", "2016-04-30": "$1,088", "2016-01-31": "$965", "2015-10-31": "$761", "2015-07-31": "$789", "2015-04-30": "$823", "2015-01-31": "$675", "2014-10-31": "$771", "2014-07-31": "$773", "2014-04-30": "$368", "2014-01-31": "$438", "2013-10-31": "$437", "2013-07-31": "$420", "2013-04-30": "$362", "2013-01-31": "$337", "2012-10-31": "$322", "2012-07-31": "$323", "2012-04-30": "", "2012-01-31": "", "2011-10-31": "", "2011-07-31": "$41", "2010-07-31": ""}}, "long-term-debt": {"Palo Alto Networks Annual Long Term Debt (Millions of US $)": {"2020": "$3,084", "2019": "$1,430", "2018": "$1,370", "2017": "$525", "2016": "$500", "2015": "$", "2014": "$467", "2013": "$", "2012": "$", "2011": "$", "2010": "$"}, "Palo Alto Networks Quarterly Long Term Debt (Millions of US $)": {"2020-10-31": "$3,119", "2020-07-31": "$3,084", "2020-04-30": "$1,477", "2020-01-31": "$1,461", "2019-10-31": "$1,446", "2019-07-31": "$1,430", "2019-04-30": "$1,415", "2019-01-31": "$1,400", "2018-10-31": "$1,385", "2018-07-31": "$1,370", "2018-04-30": "", "2018-01-31": "", "2017-10-31": "", "2017-07-31": "$525", "2017-04-30": "$518", "2017-01-31": "$512", "2016-10-31": "", "2016-07-31": "$500", "2016-04-30": "", "2016-01-31": "", "2015-10-31": "", "2015-07-31": "", "2015-04-30": "", "2015-01-31": "$477", "2014-10-31": "$472", "2014-07-31": "$467", "2014-04-30": "", "2014-01-31": "", "2013-10-31": "", "2013-07-31": "", "2013-04-30": "", "2013-01-31": "", "2012-10-31": "", "2012-07-31": "", "2012-04-30": "", "2012-01-31": "", "2011-10-31": "", "2011-07-31": "", "2010-07-31": ""}}, "total-liabilities": {"Palo Alto Networks Annual Total Liabilities (Millions of US $)": {"2020": "$7,964", "2019": "$5,006", "2018": "$4,789", "2017": "$2,679", "2016": "$1,963", "2015": "$1,477", "2014": "$1,010", "2013": "$313", "2012": "$179", "2011": "$163", "2010": "$0"}, "Palo Alto Networks Quarterly Total Liabilities (Millions of US $)": {"2020-10-31": "$7,980", "2020-07-31": "$7,964", "2020-04-30": "$5,757", "2020-01-31": "$5,576", "2019-10-31": "$5,308", "2019-07-31": "$5,006", "2019-04-30": "$4,808", "2019-01-31": "$4,636", "2018-10-31": "$4,549", "2018-07-31": "$4,789", "2018-04-30": "$3,186", "2018-01-31": "$2,994", "2017-10-31": "$2,821", "2017-07-31": "$2,679", "2017-04-30": "$2,437", "2017-01-31": "$2,304", "2016-10-31": "$2,150", "2016-07-31": "$1,963", "2016-04-30": "$1,848", "2016-01-31": "$1,724", "2015-10-31": "$1,551", "2015-07-31": "$1,477", "2015-04-30": "$1,330", "2015-01-31": "$1,157", "2014-10-31": "$1,047", "2014-07-31": "$1,010", "2014-04-30": "$609", "2014-01-31": "$405", "2013-10-31": "$350", "2013-07-31": "$313", "2013-04-30": "$275", "2013-01-31": "$247", "2012-10-31": "$209", "2012-07-31": "$179", "2012-04-30": "$0", "2012-01-31": "$0", "2011-10-31": "$0", "2011-07-31": "$163", "2010-07-31": "$0"}}, "total-share-holder-equity": {"Palo Alto Networks Annual Share Holder Equity (Millions of US $)": {"2020": "$1,102", "2019": "$1,586", "2018": "$1,160", "2017": "$760", "2016": "$895", "2015": "$488", "2014": "$469", "2013": "$272", "2012": "$229", "2011": "$-71", "2010": "$0"}, "Palo Alto Networks Quarterly Share Holder Equity (Millions of US $)": {"2020-10-31": "$747", "2020-07-31": "$1,102", "2020-04-30": "$745", "2020-01-31": "$1,609", "2019-10-31": "$1,516", "2019-07-31": "$1,586", "2019-04-30": "$1,454", "2019-01-31": "$1,072", "2018-10-31": "$1,253", "2018-07-31": "$1,160", "2018-04-30": "$722", "2018-01-31": "$633", "2017-10-31": "$666", "2017-07-31": "$760", "2017-04-30": "$813", "2017-01-31": "$871", "2016-10-31": "$857", "2016-07-31": "$895", "2016-04-30": "$659", "2016-01-31": "$593", "2015-10-31": "$544", "2015-07-31": "$488", "2015-04-30": "$454", "2015-01-31": "$516", "2014-10-31": "$493", "2014-07-31": "$469", "2014-04-30": "$272", "2014-01-31": "$284", "2013-10-31": "$290", "2013-07-31": "$272", "2013-04-30": "$264", "2013-01-31": "$244", "2012-10-31": "$236", "2012-07-31": "$229", "2012-04-30": "$0", "2012-01-31": "$0", "2011-10-31": "$0", "2011-07-31": "$-71", "2010-07-31": "$0"}}, "profit-margins": {"current": "-8.36%"}, "gross margin": {"2020-10-31": "70.44%", "2020-07-31": "70.69%", "2020-04-30": "71.60%", "2020-01-31": "72.01%", "2019-10-31": "72.05%", "2019-07-31": "72.14%", "2019-04-30": "71.85%", "2019-01-31": "71.86%", "2018-10-31": "71.68%", "2018-07-31": "71.60%", "2018-04-30": "71.68%", "2018-01-31": "71.56%", "2017-10-31": "72.15%", "2017-07-31": "72.78%", "2017-04-30": "73.34%", "2017-01-31": "73.72%", "2016-10-31": "73.51%", "2016-07-31": "73.17%", "2016-04-30": "72.90%", "2016-01-31": "72.96%", "2015-10-31": "73.18%", "2015-07-31": "72.95%", "2015-04-30": "72.63%", "2015-01-31": "72.80%", "2014-10-31": "73.11%", "2014-07-31": "73.41%", "2014-04-30": "73.50%", "2014-01-31": "73.44%", "2013-10-31": "73.00%", "2013-07-31": "72.66%", "2013-04-30": "72.14%", "2013-01-31": "71.60%", "2012-10-31": "71.58%", "2012-07-31": "71.88%"}, "operating margin": {"2020-10-31": "-4.80%", "2020-07-31": "-5.25%", "2020-04-30": "-5.24%", "2020-01-31": "-4.29%", "2019-10-31": "-2.45%", "2019-07-31": "-1.86%", "2019-04-30": "-0.98%", "2019-01-31": "-2.04%", "2018-10-31": "-3.42%", "2018-07-31": "-4.62%", "2018-04-30": "-6.37%", "2018-01-31": "-7.01%", "2017-10-31": "-9.14%", "2017-07-31": "-9.40%", "2017-04-30": "-10.58%", "2017-01-31": "-11.42%", "2016-10-31": "-11.82%", "2016-07-31": "-11.46%", "2016-04-30": "-10.78%", "2016-01-31": "-10.43%", "2015-10-31": "-10.55%", "2015-07-31": "-10.88%", "2015-04-30": "-15.21%", "2015-01-31": "-31.66%", "2014-10-31": "-35.05%", "2014-07-31": "-35.95%", "2014-04-30": "-37.03%", "2014-01-31": "-11.83%", "2013-10-31": "-5.03%", "2013-07-31": "-4.56%", "2013-04-30": "-4.18%", "2013-01-31": "-2.78%", "2012-10-31": "-2.11%", "2012-07-31": "1.56%"}, "ebitda margin": {"2020-10-31": "12.67%", "2020-07-31": "11.68%", "2020-04-30": "10.81%", "2020-01-31": "11.50%", "2019-10-31": "12.83%", "2019-07-31": "13.00%", "2019-04-30": "13.04%", "2019-01-31": "11.49%", "2018-10-31": "9.43%", "2018-07-31": "7.52%", "2018-04-30": "8.78%", "2018-01-31": "6.51%", "2017-10-31": "3.28%", "2017-07-31": "1.65%", "2017-04-30": "-5.62%", "2017-01-31": "-6.44%", "2016-10-31": "-6.82%", "2016-07-31": "-6.38%", "2016-04-30": "-5.55%", "2016-01-31": "-5.04%", "2015-10-31": "-4.84%", "2015-07-31": "-4.96%", "2015-04-30": "-9.25%", "2015-01-31": "-26.25%", "2014-10-31": "-30.51%", "2014-07-31": "-32.27%", "2014-04-30": "-34.02%", "2014-01-31": "-8.92%", "2013-10-31": "-2.06%", "2013-07-31": "-1.77%", "2013-04-30": "-1.39%", "2013-01-31": "0.00%", "2012-10-31": "0.70%", "2012-07-31": "4.30%"}, "pre tax profit margin": {"2020-10-31": "-7.23%", "2020-07-31": "-6.81%", "2020-04-30": "-6.07%", "2020-01-31": "-4.84%", "2019-10-31": "-2.92%", "2019-07-31": "-2.59%", "2019-04-30": "-1.60%", "2019-01-31": "-2.54%", "2018-10-31": "-3.79%", "2018-07-31": "-4.62%", "2018-04-30": "-6.56%", "2018-01-31": "-7.51%", "2017-10-31": "-9.84%", "2017-07-31": "-10.31%", "2017-04-30": "-11.49%", "2017-01-31": "-12.37%", "2016-10-31": "-12.77%", "2016-07-31": "-12.47%", "2016-04-30": "-12.12%", "2016-01-31": "-12.00%", "2015-10-31": "-12.49%", "2015-07-31": "-13.15%", "2015-04-30": "-18.00%", "2015-01-31": "-33.96%", "2014-10-31": "-36.86%", "2014-07-31": "-37.12%", "2014-04-30": "-36.84%", "2014-01-31": "-11.83%", "2013-10-31": "-5.03%", "2013-07-31": "-4.56%", "2013-04-30": "-4.18%", "2013-01-31": "-2.78%", "2012-10-31": "-2.11%", "2012-07-31": "1.17%"}, "net profit margin": {"2020-10-31": "-8.38%", "2020-07-31": "-7.86%", "2020-04-30": "-7.05%", "2020-01-31": "-5.61%", "2019-10-31": "-3.45%", "2019-07-31": "-2.83%", "2019-04-30": "-1.96%", "2019-01-31": "-2.85%", "2018-10-31": "-3.99%", "2018-07-31": "-5.36%", "2018-04-30": "-7.27%", "2018-01-31": "-8.83%", "2017-10-31": "-11.29%", "2017-07-31": "-11.62%", "2017-04-30": "-12.70%", "2017-01-31": "-13.58%", "2016-10-31": "-14.12%", "2016-07-31": "-13.92%", "2016-04-30": "-13.71%", "2016-01-31": "-13.48%", "2015-10-31": "-13.65%", "2015-07-31": "-14.12%", "2015-04-30": "-18.37%", "2015-01-31": "-34.10%", "2014-10-31": "-37.61%", "2014-07-31": "-37.96%", "2014-04-30": "-39.66%", "2014-01-31": "-14.73%", "2013-10-31": "-7.78%", "2013-07-31": "-7.59%", "2013-04-30": "-5.29%", "2013-01-31": "-3.40%", "2012-10-31": "-2.81%", "2012-07-31": "-1.56%"}, "pe ratio": {"current": "0.00", "2021-02-05": "0.00", "2020-10-31": "0.00", "2020-07-31": "0.00", "2020-04-30": "0.00", "2020-01-31": "0.00", "2019-10-31": "0.00", "2019-07-31": "0.00", "2019-04-30": "0.00", "2019-01-31": "0.00", "2018-10-31": "0.00", "2018-07-31": "0.00", "2018-04-30": "0.00", "2018-01-31": "0.00", "2017-10-31": "0.00", "2017-07-31": "0.00", "2017-04-30": "0.00", "2017-01-31": "0.00", "2016-10-31": "0.00", "2016-07-31": "0.00", "2016-04-30": "0.00", "2016-01-31": "0.00", "2015-10-31": "0.00", "2015-07-31": "0.00", "2015-04-30": "0.00", "2015-01-31": "0.00", "2014-10-31": "0.00", "2014-07-31": "0.00", "2014-04-30": "0.00", "2014-01-31": "0.00", "2013-10-31": "0.00", "2013-07-31": "0.00", "2013-04-30": "0.00"}, "price sales": {"2021-02-05": "10.26", "2020-10-31": "5.98", "2020-07-31": "7.29", "2020-04-30": "5.81", "2020-01-31": "7.22", "2019-10-31": "7.15", "2019-07-31": "7.36", "2019-04-30": "8.45", "2019-01-31": "7.69", "2018-10-31": "6.95", "2018-07-31": "7.97", "2018-04-30": "8.29", "2018-01-31": "7.24", "2017-10-31": "7.19", "2017-07-31": "6.80", "2017-04-30": "5.88", "2017-01-31": "8.37", "2016-10-31": "9.14", "2016-07-31": "8.23", "2016-04-30": "10.21", "2016-01-31": "10.93", "2015-10-31": "12.87", "2015-07-31": "16.24", "2015-04-30": "14.26", "2015-01-31": "13.27", "2014-10-31": "12.06", "2014-07-31": "9.94", "2014-04-30": "8.63", "2014-01-31": "8.72", "2013-10-31": "6.68", "2013-07-31": "8.43", "2013-04-30": "7.63"}, "price book": {"current": "48.42", "2021-02-05": "48.41", "2020-10-31": "28.19", "2020-07-31": "22.37", "2020-04-30": "25.46", "2020-01-31": "14.55", "2019-10-31": "14.64", "2019-07-31": "13.82", "2019-04-30": "16.42", "2019-01-31": "18.78", "2018-10-31": "13.83", "2018-07-31": "15.99", "2018-04-30": "24.77", "2018-01-31": "22.89", "2017-10-31": "20.33", "2017-07-31": "15.87", "2017-04-30": "12.24", "2017-01-31": "15.59", "2016-10-31": "16.46", "2016-07-31": "13.24", "2016-04-30": "20.51", "2016-01-31": "22.29", "2015-10-31": "25.43", "2015-07-31": "32.30", "2015-04-30": "27.18", "2015-01-31": "20.15", "2014-10-31": "17.26", "2014-07-31": "13.72", "2014-04-30": "18.03", "2014-01-31": "15.47", "2013-10-31": "10.55", "2013-07-31": "12.87", "2013-04-30": "14.58", "2013-01-31": "15.66", "2012-10-31": "15.96", "2012-07-31": "16.93"}, "price fcf": {"2021-02-05": "", "2020-10-31": "$11.92", "2020-07-31": "$8.48", "2020-04-30": "$7.25", "2020-01-31": "$9.22", "2019-10-31": "$9.30", "2019-07-31": "$9.78", "2019-04-30": "$10.67", "2019-01-31": "$10.04", "2018-10-31": "$9.76", "2018-07-31": "$10.10", "2018-04-30": "$9.46", "2018-01-31": "$8.96", "2017-10-31": "$8.41", "2017-07-31": "$7.79", "2017-04-30": "$7.66", "2017-01-31": "$7.56", "2016-10-31": "$7.27", "2016-07-31": "$6.73", "2016-04-30": "$6.00", "2016-01-31": "$5.23", "2015-10-31": "$4.54", "2015-07-31": "$3.91", "2015-04-30": "$2.23", "2015-01-31": "$1.68", "2014-10-31": "$1.25", "2014-07-31": "$0.70", "2014-04-30": "$1.64", "2014-01-31": "$1.39", "2013-10-31": "$1.38", "2013-07-31": "$1.34", "2013-04-30": "$3.23"}, "net worth": {"value": "$36.29B"}, "current ratio": {"current": "1.63", "2020-10-31": "1.63", "2020-07-31": "1.91", "2020-04-30": "1.29", "2020-01-31": "1.78", "2019-10-31": "1.78", "2019-07-31": "1.79", "2019-04-30": "1.86", "2019-01-31": "1.87", "2018-10-31": "2.10", "2018-07-31": "1.97", "2018-04-30": "1.14", "2018-01-31": "1.19", "2017-10-31": "1.17", "2017-07-31": "1.65", "2017-04-30": "1.80", "2017-01-31": "1.89", "2016-10-31": "1.33", "2016-07-31": "2.10", "2016-04-30": "1.17", "2016-01-31": "1.10", "2015-10-31": "0.96", "2015-07-31": "1.04", "2015-04-30": "1.10", "2015-01-31": "2.08", "2014-10-31": "2.59", "2014-07-31": "2.75", "2014-04-30": "1.19", "2014-01-31": "2.11", "2013-10-31": "2.42", "2013-07-31": "2.57", "2013-04-30": "2.60", "2013-01-31": "2.53", "2012-10-31": "2.77", "2012-07-31": "3.13", "2012-04-30": "0.00", "2012-01-31": "0.00", "2011-10-31": "0.00", "2011-07-31": "1.15", "2010-07-31": "0.00"}, "quick ratio": {"2020-10-31": "0.00", "2020-07-31": "0.00", "2020-04-30": "0.00", "2020-01-31": "0.00", "2019-10-31": "0.00", "2019-07-31": "0.00", "2019-04-30": "0.00", "2019-01-31": "0.00", "2018-10-31": "0.00", "2018-07-31": "0.00", "2018-04-30": "0.00", "2018-01-31": "0.00", "2017-10-31": "0.00", "2017-07-31": "0.00", "2017-04-30": "0.00", "2017-01-31": "0.00", "2016-10-31": "0.00", "2016-07-31": "0.00", "2016-04-30": "0.00", "2016-01-31": "0.00", "2015-10-31": "0.00", "2015-07-31": "0.00", "2015-04-30": "0.00", "2015-01-31": "0.00", "2014-10-31": "0.00", "2014-07-31": "0.00", "2014-04-30": "0.00", "2014-01-31": "0.00", "2013-10-31": "0.00", "2013-07-31": "0.00", "2013-04-30": "0.00", "2013-01-31": "0.00", "2012-10-31": "0.00", "2012-07-31": "0.00", "2012-04-30": "0.00", "2012-01-31": "0.00", "2011-10-31": "0.00", "2011-07-31": "0.00", "2010-07-31": "0.00"}, "debt equity ratio": {"current": "4.18", "2020-10-31": "10.68", "2020-07-31": "7.23", "2020-04-30": "7.73", "2020-01-31": "3.47", "2019-10-31": "3.50", "2019-07-31": "3.16", "2019-04-30": "3.31", "2019-01-31": "4.33", "2018-10-31": "3.63", "2018-07-31": "4.13", "2018-04-30": "4.41", "2018-01-31": "4.73", "2017-10-31": "4.24", "2017-07-31": "3.53", "2017-04-30": "3.00", "2017-01-31": "2.65", "2016-10-31": "2.51", "2016-07-31": "2.19", "2016-04-30": "2.80", "2016-01-31": "2.91", "2015-10-31": "2.85", "2015-07-31": "3.03", "2015-04-30": "2.93", "2015-01-31": "2.24", "2014-10-31": "2.12", "2014-07-31": "2.16", "2014-04-30": "2.24", "2014-01-31": "1.42", "2013-10-31": "1.21", "2013-07-31": "1.15", "2013-04-30": "1.04", "2013-01-31": "1.01", "2012-10-31": "0.88", "2012-07-31": "0.78", "2012-04-30": "0.00", "2012-01-31": "0.00", "2011-10-31": "0.00", "2011-07-31": "-2.28", "2010-07-31": "0.00"}, "return on equity": {"2020-10-31": "-28.55%", "2020-07-31": "-21.56%", "2020-04-30": "-16.86%", "2020-01-31": "-11.35%", "2019-10-31": "-7.39%", "2019-07-31": "-6.11%", "2019-04-30": "-4.37%", "2019-01-31": "-7.04%", "2018-10-31": "-10.30%", "2018-07-31": "-15.34%", "2018-04-30": "-22.15%", "2018-01-31": "-24.37%", "2017-10-31": "-27.01%", "2017-07-31": "-24.72%", "2017-04-30": "-24.45%", "2017-01-31": "-25.96%", "2016-10-31": "-27.83%", "2016-07-31": "-28.54%", "2016-04-30": "-30.30%", "2016-01-31": "-29.82%", "2015-10-31": "-28.17%", "2015-07-31": "-26.86%", "2015-04-30": "-31.26%", "2015-01-31": "-57.60%", "2014-10-31": "-65.61%", "2014-07-31": "-69.05%", "2014-04-30": "-75.49%", "2014-01-31": "-25.59%", "2013-10-31": "-12.71%", "2013-07-31": "-11.81%", "2013-04-30": "-7.81%", "2013-01-31": "-6.21%"}, "return on assets": {"2020-10-31": "-3.81%", "2020-07-31": "-3.62%", "2020-04-30": "-3.39%", "2020-01-31": "-2.61%", "2019-10-31": "-1.64%", "2019-07-31": "-1.35%", "2019-04-30": "-0.91%", "2019-01-31": "-1.39%", "2018-10-31": "-2.01%", "2018-07-31": "-2.88%", "2018-04-30": "-4.26%", "2018-01-31": "-5.07%", "2017-10-31": "-6.29%", "2017-07-31": "-6.34%", "2017-04-30": "-6.83%", "2017-01-31": "-7.38%", "2016-10-31": "-7.82%", "2016-07-31": "-7.86%", "2016-04-30": "-7.79%", "2016-01-31": "-7.60%", "2015-10-31": "-7.50%", "2015-07-31": "-7.53%", "2015-04-30": "-9.33%", "2015-01-31": "-18.09%", "2014-10-31": "-21.71%", "2014-07-31": "-24.63%", "2014-04-30": "-30.20%", "2014-01-31": "-11.57%", "2013-10-31": "-6.03%", "2013-07-31": "-5.83%", "2013-04-30": "-4.04%", "2013-01-31": "-3.28%"}, "return on investments": {"2020-10-31": "-5.16%", "2020-07-31": "-5.76%", "2020-04-30": "-6.07%", "2020-01-31": "-4.50%", "2019-10-31": "-2.62%", "2019-07-31": "-1.96%", "2019-04-30": "-1.03%", "2019-01-31": "-2.78%", "2018-10-31": "-6.42%", "2018-07-31": "-16.60%", "2018-04-30": "-42.06%", "2018-01-31": "-21.25%", "2017-10-31": "-17.00%", "2017-07-31": "-16.50%", "2017-04-30": "-17.03%", "2017-01-31": "-25.77%", "2016-10-31": "-50.18%", "2016-07-31": "-45.30%", "2016-04-30": "inf%", "2016-01-31": "inf%", "2015-10-31": "-43.91%", "2015-07-31": "-20.63%", "2015-04-30": "-17.28%", "2015-01-31": "-32.35%", "2014-10-31": "-48.84%", "2014-07-31": "-91.98%", "2014-04-30": "inf%", "2014-01-31": "inf%", "2013-10-31": "inf%", "2013-07-31": "inf%", "2013-04-30": "inf%", "2013-01-31": "inf%", "2012-10-31": "inf%", "2012-07-31": "inf%"}, "return on tangible equity": {"2020-10-31": "27.77%", "2020-07-31": "37.24%", "2020-04-30": "49.54%", "2020-01-31": "324.07%", "2019-10-31": "-172.61%", "2019-07-31": "-39.09%", "2019-04-30": "-15.62%", "2019-01-31": "-23.81%", "2018-10-31": "-29.28%", "2018-07-31": "-38.39%", "2018-04-30": "-49.64%", "2018-01-31": "-41.01%", "2017-10-31": "-41.40%", "2017-07-31": "-35.40%", "2017-04-30": "-33.27%", "2017-01-31": "-34.69%", "2016-10-31": "-38.54%", "2016-07-31": "-41.60%", "2016-04-30": "-48.36%", "2016-01-31": "-50.12%", "2015-10-31": "-48.16%", "2015-07-31": "-46.25%", "2015-04-30": "-53.59%", "2015-01-31": "-107.35%", "2014-10-31": "-109.69%", "2014-07-31": "-100.11%", "2014-04-30": "-92.54%", "2014-01-31": "-25.61%", "2013-10-31": "-12.72%", "2013-07-31": "-11.82%", "2013-04-30": "-7.81%", "2013-01-31": "-6.21%"}, "dividend yield history": {"last payout": "$0.00", "last yield": "0.00%"}}