{"ticker": "PK", "price": {"title": "Park Hotels & Resorts Historical Annual Stock Price Data", "value": 18.15, "historical": {"2020": {"Average Stock Price": "12.8287", "Year Open": "25.2500", "Year High": "25.3100", "Year Low": "4.9200", "Year Close": "17.1500", "Annual % Change": "-33.71%"}, "2019": {"Average Stock Price": "27.2523", "Year Open": "25.5600", "Year High": "32.9800", "Year Low": "22.0200", "Year Close": "25.8700", "Annual % Change": "-0.42%"}, "2018": {"Average Stock Price": "29.8431", "Year Open": "28.8500", "Year High": "34.0100", "Year Low": "24.4200", "Year Close": "25.9800", "Annual % Change": "-9.63%"}, "2017": {"Average Stock Price": "27.1835", "Year Open": "29.9000", "Year High": "29.9000", "Year Low": "24.9200", "Year Close": "28.7500", "Annual % Change": "0.00%"}}}, "market cap": {"value": "$4.28B"}, "income statement": {"Revenue": {"2019-12-31": "2844.00000", "2018-12-31": "2737.00000", "2017-12-31": "2791.00000", "2016-12-31": "2727.00000", "2015-12-31": "2688.00000", "2014-12-31": "2513.00000", "2013-12-31": "2333.00000"}, "Cost Of Goods Sold": {"2019-12-31": "985.00000", "2018-12-31": "944.00000", "2017-12-31": "977.00000", "2016-12-31": "967.00000", "2015-12-31": "941.00000", "2014-12-31": "911.00000", "2013-12-31": "859.00000"}, "Gross Profit": {"2019-12-31": "1859.00000", "2018-12-31": "1793.00000", "2017-12-31": "1814.00000", "2016-12-31": "1760.00000", "2015-12-31": "1747.00000", "2014-12-31": "1602.00000", "2013-12-31": "1474.00000"}, "Research And Development Expenses": {"2019-12-31": "", "2018-12-31": "", "2017-12-31": "", "2016-12-31": "", "2015-12-31": "", "2014-12-31": "", "2013-12-31": ""}, "SG&A Expenses": {"2019-12-31": "1058.00000", "2018-12-31": "1036.00000", "2017-12-31": "1067.00000", "2016-12-31": "1008.00000", "2015-12-31": "1001.00000", "2014-12-31": "914.00000", "2013-12-31": "898.00000"}, "Other Operating Income Or Expenses": {"2019-12-31": "-111.00000", "2018-12-31": "24.00000", "2017-12-31": "-88.00000", "2016-12-31": "-33.00000", "2015-12-31": "127.00000", "2014-12-31": "", "2013-12-31": ""}, "Operating Expenses": {"2019-12-31": "2418.00000", "2018-12-31": "2233.00000", "2017-12-31": "2420.00000", "2016-12-31": "2308.00000", "2015-12-31": "2102.00000", "2014-12-31": "2073.00000", "2013-12-31": "2003.00000"}, "Operating Income": {"2019-12-31": "426.00000", "2018-12-31": "504.00000", "2017-12-31": "371.00000", "2016-12-31": "419.00000", "2015-12-31": "586.00000", "2014-12-31": "440.00000", "2013-12-31": "330.00000"}, "Total Non-Operating Income/Expense": {"2019-12-31": "-75.00000", "2018-12-31": "-4.00000", "2017-12-31": "-86.00000", "2016-12-31": "-198.00000", "2015-12-31": "-169.00000", "2014-12-31": "-142.00000", "2013-12-31": "-79.00000"}, "Pre-Tax Income": {"2019-12-31": "351.00000", "2018-12-31": "500.00000", "2017-12-31": "285.00000", "2016-12-31": "221.00000", "2015-12-31": "417.00000", "2014-12-31": "298.00000", "2013-12-31": "251.00000"}, "Income Taxes": {"2019-12-31": "35.00000", "2018-12-31": "23.00000", "2017-12-31": "-2346.00000", "2016-12-31": "82.00000", "2015-12-31": "118.00000", "2014-12-31": "117.00000", "2013-12-31": "104.00000"}, "Income After Taxes": {"2019-12-31": "316.00000", "2018-12-31": "477.00000", "2017-12-31": "2631.00000", "2016-12-31": "139.00000", "2015-12-31": "299.00000", "2014-12-31": "181.00000", "2013-12-31": "147.00000"}, "Other Income": {"2019-12-31": "", "2018-12-31": "", "2017-12-31": "", "2016-12-31": "", "2015-12-31": "", "2014-12-31": "", "2013-12-31": ""}, "Income From Continuous Operations": {"2019-12-31": "316.00000", "2018-12-31": "477.00000", "2017-12-31": "2631.00000", "2016-12-31": "139.00000", "2015-12-31": "299.00000", "2014-12-31": "181.00000", "2013-12-31": "147.00000"}, "Income From Discontinued Operations": {"2019-12-31": "", "2018-12-31": "", "2017-12-31": "", "2016-12-31": "", "2015-12-31": "", "2014-12-31": "", "2013-12-31": ""}, "Net Income": {"2019-12-31": "306.00000", "2018-12-31": "472.00000", "2017-12-31": "2625.00000", "2016-12-31": "133.00000", "2015-12-31": "292.00000", "2014-12-31": "176.00000", "2013-12-31": "144.00000"}, "EBITDA": {"2019-12-31": "695.00000", "2018-12-31": "785.00000", "2017-12-31": "664.00000", "2016-12-31": "730.00000", "2015-12-31": "884.00000", "2014-12-31": "701.00000", "2013-12-31": "573.00000"}, "EBIT": {"2019-12-31": "426.00000", "2018-12-31": "504.00000", "2017-12-31": "371.00000", "2016-12-31": "419.00000", "2015-12-31": "586.00000", "2014-12-31": "440.00000", "2013-12-31": "330.00000"}, "Basic Shares Outstanding": {"2019-12-31": "212.00000", "2018-12-31": "203.00000", "2017-12-31": "211.00000", "2016-12-31": "198.00000", "2015-12-31": "198.00000", "2014-12-31": "", "2013-12-31": ""}, "Shares Outstanding": {"2019-12-31": "213.00000", "2018-12-31": "204.00000", "2017-12-31": "214.00000", "2016-12-31": "198.00000", "2015-12-31": "198.00000", "2014-12-31": "", "2013-12-31": ""}, "Basic EPS": {"2019-12-31": "1.44000", "2018-12-31": "2.32000", "2017-12-31": "12.38000", "2016-12-31": "0.67000", "2015-12-31": "1.48000", "2014-12-31": "", "2013-12-31": ""}, "EPS - Earnings Per Share": {"2019-12-31": "1.44000", "2018-12-31": "2.31000", "2017-12-31": "12.21000", "2016-12-31": "0.67000", "2015-12-31": "1.48000", "2014-12-31": "0.00000", "2013-12-31": "0.00000"}}, "income statement, quarterly": {"Revenue": {"2020-09-30": "98.00000", "2020-06-30": "42.00000", "2020-03-31": "599.00000", "2019-12-31": "810.00000", "2019-09-30": "672.00000", "2019-06-30": "703.00000", "2019-03-31": "659.00000", "2018-12-31": "686.00000", "2018-09-30": "652.00000", "2018-06-30": "731.00000", "2018-03-31": "668.00000", "2017-12-31": "686.00000", "2017-09-30": "688.00000", "2017-06-30": "733.00000", "2017-03-31": "684.00000", "2016-12-31": "670.00000", "2016-09-30": "671.00000", "2016-06-30": "725.00000", "2016-03-31": "661.00000", "2015-12-31": "", "2015-09-30": "", "2014-12-31": "", "2013-12-31": ""}, "Cost Of Goods Sold": {"2020-09-30": "48.00000", "2020-06-30": "34.00000", "2020-03-31": "235.00000", "2019-12-31": "280.00000", "2019-09-30": "231.00000", "2019-06-30": "243.00000", "2019-03-31": "231.00000", "2018-12-31": "239.00000", "2018-09-30": "224.00000", "2018-06-30": "243.00000", "2018-03-31": "238.00000", "2017-12-31": "244.00000", "2017-09-30": "239.00000", "2017-06-30": "250.00000", "2017-03-31": "244.00000", "2016-12-31": "240.00000", "2016-09-30": "237.00000", "2016-06-30": "249.00000", "2016-03-31": "241.00000", "2015-12-31": "", "2015-09-30": "", "2014-12-31": "", "2013-12-31": ""}, "Gross Profit": {"2020-09-30": "50.00000", "2020-06-30": "8.00000", "2020-03-31": "364.00000", "2019-12-31": "530.00000", "2019-09-30": "441.00000", "2019-06-30": "460.00000", "2019-03-31": "428.00000", "2018-12-31": "447.00000", "2018-09-30": "428.00000", "2018-06-30": "488.00000", "2018-03-31": "430.00000", "2017-12-31": "442.00000", "2017-09-30": "449.00000", "2017-06-30": "483.00000", "2017-03-31": "440.00000", "2016-12-31": "430.00000", "2016-09-30": "434.00000", "2016-06-30": "476.00000", "2016-03-31": "420.00000", "2015-12-31": "", "2015-09-30": "", "2014-12-31": "", "2013-12-31": ""}, "Research And Development Expenses": {"2020-09-30": "", "2020-06-30": "", "2020-03-31": "", "2019-12-31": "", "2019-09-30": "", "2019-06-30": "", "2019-03-31": "", "2018-12-31": "", "2018-09-30": "", "2018-06-30": "", "2018-03-31": "", "2017-12-31": "", "2017-09-30": "", "2017-06-30": "", "2017-03-31": "", "2016-12-31": "", "2016-09-30": "", "2016-06-30": "", "2016-03-31": "", "2015-12-31": "", "2015-09-30": "0.00000", "2014-12-31": "", "2013-12-31": ""}, "SG&A Expenses": {"2020-09-30": "163.00000", "2020-06-30": "130.00000", "2020-03-31": "273.00000", "2019-12-31": "299.00000", "2019-09-30": "253.00000", "2019-06-30": "258.00000", "2019-03-31": "248.00000", "2018-12-31": "260.00000", "2018-09-30": "259.00000", "2018-06-30": "259.00000", "2018-03-31": "258.00000", "2017-12-31": "266.00000", "2017-09-30": "266.00000", "2017-06-30": "272.00000", "2017-03-31": "263.00000", "2016-12-31": "244.00000", "2016-09-30": "251.00000", "2016-06-30": "261.00000", "2016-03-31": "252.00000", "2015-12-31": "", "2015-09-30": "", "2014-12-31": "", "2013-12-31": ""}, "Other Operating Income Or Expenses": {"2020-09-30": "-18.00000", "2020-06-30": "-3.00000", "2020-03-31": "-653.00000", "2019-12-31": "-3.00000", "2019-09-30": "-89.00000", "2019-06-30": "-30.00000", "2019-03-31": "11.00000", "2018-12-31": "-21.00000", "2018-09-30": "-16.00000", "2018-06-30": "-11.00000", "2018-03-31": "72.00000", "2017-12-31": "-40.00000", "2017-09-30": "-20.00000", "2017-06-30": "-15.00000", "2017-03-31": "-13.00000", "2016-12-31": "-19.00000", "2016-09-30": "", "2016-06-30": "1.00000", "2016-03-31": "-15.00000", "2015-12-31": "", "2015-09-30": "", "2014-12-31": "", "2013-12-31": ""}, "Operating Expenses": {"2020-09-30": "304.00000", "2020-06-30": "242.00000", "2020-03-31": "1236.00000", "2019-12-31": "662.00000", "2019-09-30": "634.00000", "2019-06-30": "592.00000", "2019-03-31": "530.00000", "2018-12-31": "589.00000", "2018-09-30": "568.00000", "2018-06-30": "582.00000", "2018-03-31": "494.00000", "2017-12-31": "621.00000", "2017-09-30": "599.00000", "2017-06-30": "610.00000", "2017-03-31": "590.00000", "2016-12-31": "583.00000", "2016-09-30": "561.00000", "2016-06-30": "583.00000", "2016-03-31": "581.00000", "2015-12-31": "", "2015-09-30": "", "2014-12-31": "", "2013-12-31": ""}, "Operating Income": {"2020-09-30": "-206.00000", "2020-06-30": "-200.00000", "2020-03-31": "-637.00000", "2019-12-31": "148.00000", "2019-09-30": "38.00000", "2019-06-30": "111.00000", "2019-03-31": "129.00000", "2018-12-31": "97.00000", "2018-09-30": "84.00000", "2018-06-30": "149.00000", "2018-03-31": "174.00000", "2017-12-31": "65.00000", "2017-09-30": "89.00000", "2017-06-30": "123.00000", "2017-03-31": "94.00000", "2016-12-31": "87.00000", "2016-09-30": "110.00000", "2016-06-30": "142.00000", "2016-03-31": "80.00000", "2015-12-31": "", "2015-09-30": "", "2014-12-31": "", "2013-12-31": ""}, "Total Non-Operating Income/Expense": {"2020-09-30": "-69.00000", "2020-06-30": "-58.00000", "2020-03-31": "-42.00000", "2019-12-31": "1.00000", "2019-09-30": "-29.00000", "2019-06-30": "-22.00000", "2019-03-31": "-25.00000", "2018-12-31": "-32.00000", "2018-09-30": "-29.00000", "2018-06-30": "82.00000", "2018-03-31": "-25.00000", "2017-12-31": "-6.00000", "2017-09-30": "-28.00000", "2017-06-30": "-27.00000", "2017-03-31": "-25.00000", "2016-12-31": "-67.00000", "2016-09-30": "-47.00000", "2016-06-30": "-41.00000", "2016-03-31": "-43.00000", "2015-12-31": "", "2015-09-30": "", "2014-12-31": "", "2013-12-31": ""}, "Pre-Tax Income": {"2020-09-30": "-275.00000", "2020-06-30": "-258.00000", "2020-03-31": "-679.00000", "2019-12-31": "149.00000", "2019-09-30": "9.00000", "2019-06-30": "89.00000", "2019-03-31": "104.00000", "2018-12-31": "65.00000", "2018-09-30": "55.00000", "2018-06-30": "231.00000", "2018-03-31": "149.00000", "2017-12-31": "59.00000", "2017-09-30": "61.00000", "2017-06-30": "96.00000", "2017-03-31": "69.00000", "2016-12-31": "20.00000", "2016-09-30": "63.00000", "2016-06-30": "101.00000", "2016-03-31": "37.00000", "2015-12-31": "", "2015-09-30": "0.00000", "2014-12-31": "", "2013-12-31": ""}, "Income Taxes": {"2020-09-30": "1.00000", "2020-06-30": "3.00000", "2020-03-31": "10.00000", "2019-12-31": "23.00000", "2019-09-30": "", "2019-06-30": "5.00000", "2019-03-31": "7.00000", "2018-12-31": "10.00000", "2018-09-30": "", "2018-06-30": "13.00000", "2018-03-31": "0.00000", "2017-12-31": "-2.00000", "2017-09-30": "-44.00000", "2017-06-30": "-19.00000", "2017-03-31": "-2281.00000", "2016-12-31": "3.00000", "2016-09-30": "26.00000", "2016-06-30": "39.00000", "2016-03-31": "14.00000", "2015-12-31": "", "2015-09-30": "0.00000", "2014-12-31": "", "2013-12-31": ""}, "Income After Taxes": {"2020-09-30": "-276.00000", "2020-06-30": "-261.00000", "2020-03-31": "-689.00000", "2019-12-31": "126.00000", "2019-09-30": "9.00000", "2019-06-30": "84.00000", "2019-03-31": "97.00000", "2018-12-31": "55.00000", "2018-09-30": "55.00000", "2018-06-30": "218.00000", "2018-03-31": "149.00000", "2017-12-31": "61.00000", "2017-09-30": "105.00000", "2017-06-30": "115.00000", "2017-03-31": "2350.00000", "2016-12-31": "17.00000", "2016-09-30": "37.00000", "2016-06-30": "62.00000", "2016-03-31": "23.00000", "2015-12-31": "", "2015-09-30": "", "2014-12-31": "", "2013-12-31": ""}, "Other Income": {"2020-09-30": "", "2020-06-30": "", "2020-03-31": "", "2019-12-31": "", "2019-09-30": "", "2019-06-30": "", "2019-03-31": "", "2018-12-31": "", "2018-09-30": "", "2018-06-30": "", "2018-03-31": "", "2017-12-31": "", "2017-09-30": "", "2017-06-30": "", "2017-03-31": "", "2016-12-31": "", "2016-09-30": "", "2016-06-30": "", "2016-03-31": "", "2015-12-31": "", "2015-09-30": "0.00000", "2014-12-31": "", "2013-12-31": ""}, "Income From Continuous Operations": {"2020-09-30": "-276.00000", "2020-06-30": "-261.00000", "2020-03-31": "-689.00000", "2019-12-31": "126.00000", "2019-09-30": "9.00000", "2019-06-30": "84.00000", "2019-03-31": "97.00000", "2018-12-31": "55.00000", "2018-09-30": "55.00000", "2018-06-30": "218.00000", "2018-03-31": "149.00000", "2017-12-31": "61.00000", "2017-09-30": "105.00000", "2017-06-30": "115.00000", "2017-03-31": "2350.00000", "2016-12-31": "17.00000", "2016-09-30": "37.00000", "2016-06-30": "62.00000", "2016-03-31": "23.00000", "2015-12-31": "", "2015-09-30": "0.00000", "2014-12-31": "", "2013-12-31": ""}, "Income From Discontinued Operations": {"2020-09-30": "", "2020-06-30": "", "2020-03-31": "", "2019-12-31": "", "2019-09-30": "", "2019-06-30": "", "2019-03-31": "", "2018-12-31": "", "2018-09-30": "", "2018-06-30": "", "2018-03-31": "", "2017-12-31": "", "2017-09-30": "", "2017-06-30": "", "2017-03-31": "", "2016-12-31": "", "2016-09-30": "", "2016-06-30": "", "2016-03-31": "", "2015-12-31": "", "2015-09-30": "0.00000", "2014-12-31": "", "2013-12-31": ""}, "Net Income": {"2020-09-30": "-276.00000", "2020-06-30": "-259.00000", "2020-03-31": "-688.00000", "2019-12-31": "123.00000", "2019-09-30": "5.00000", "2019-06-30": "82.00000", "2019-03-31": "96.00000", "2018-12-31": "54.00000", "2018-09-30": "52.00000", "2018-06-30": "216.00000", "2018-03-31": "150.00000", "2017-12-31": "60.00000", "2017-09-30": "103.00000", "2017-06-30": "112.00000", "2017-03-31": "2350.00000", "2016-12-31": "17.00000", "2016-09-30": "34.00000", "2016-06-30": "60.00000", "2016-03-31": "22.00000", "2015-12-31": "", "2015-09-30": "", "2014-12-31": "", "2013-12-31": ""}, "EBITDA": {"2020-09-30": "-128.00000", "2020-06-30": "-123.00000", "2020-03-31": "-561.00000", "2019-12-31": "230.00000", "2019-09-30": "100.00000", "2019-06-30": "173.00000", "2019-03-31": "192.00000", "2018-12-31": "167.00000", "2018-09-30": "154.00000", "2018-06-30": "219.00000", "2018-03-31": "245.00000", "2017-12-31": "138.00000", "2017-09-30": "164.00000", "2017-06-30": "197.00000", "2017-03-31": "165.00000", "2016-12-31": "170.00000", "2016-09-30": "186.00000", "2016-06-30": "219.00000", "2016-03-31": "155.00000", "2015-12-31": "", "2015-09-30": "", "2014-12-31": "", "2013-12-31": ""}, "EBIT": {"2020-09-30": "-206.00000", "2020-06-30": "-200.00000", "2020-03-31": "-637.00000", "2019-12-31": "148.00000", "2019-09-30": "38.00000", "2019-06-30": "111.00000", "2019-03-31": "129.00000", "2018-12-31": "97.00000", "2018-09-30": "84.00000", "2018-06-30": "149.00000", "2018-03-31": "174.00000", "2017-12-31": "65.00000", "2017-09-30": "89.00000", "2017-06-30": "123.00000", "2017-03-31": "94.00000", "2016-12-31": "87.00000", "2016-09-30": "110.00000", "2016-06-30": "142.00000", "2016-03-31": "80.00000", "2015-12-31": "", "2015-09-30": "", "2014-12-31": "", "2013-12-31": ""}, "Basic Shares Outstanding": {"2020-09-30": "235.00000", "2020-06-30": "235.00000", "2020-03-31": "238.00000", "2019-12-31": "212.00000", "2019-09-30": "206.00000", "2019-06-30": "201.00000", "2019-03-31": "201.00000", "2018-12-31": "203.00000", "2018-09-30": "200.00000", "2018-06-30": "200.00000", "2018-03-31": "211.00000", "2017-12-31": "211.00000", "2017-09-30": "214.00000", "2017-06-30": "214.00000", "2017-03-31": "202.00000", "2016-12-31": "198.00000", "2016-09-30": "198.00000", "2016-06-30": "198.00000", "2016-03-31": "198.00000", "2015-12-31": "", "2015-09-30": "", "2014-12-31": "", "2013-12-31": ""}, "Shares Outstanding": {"2020-09-30": "235.00000", "2020-06-30": "235.00000", "2020-03-31": "238.00000", "2019-12-31": "213.00000", "2019-09-30": "207.00000", "2019-06-30": "202.00000", "2019-03-31": "202.00000", "2018-12-31": "204.00000", "2018-09-30": "201.00000", "2018-06-30": "201.00000", "2018-03-31": "212.00000", "2017-12-31": "214.00000", "2017-09-30": "215.00000", "2017-06-30": "215.00000", "2017-03-31": "213.00000", "2016-12-31": "198.00000", "2016-09-30": "198.00000", "2016-06-30": "198.00000", "2016-03-31": "198.00000", "2015-12-31": "", "2015-09-30": "", "2014-12-31": "", "2013-12-31": ""}, "Basic EPS": {"2020-09-30": "-1.17000", "2020-06-30": "-1.10000", "2020-03-31": "-2.89000", "2019-12-31": "0.54000", "2019-09-30": "0.02000", "2019-06-30": "0.40000", "2019-03-31": "0.48000", "2018-12-31": "0.28000", "2018-09-30": "0.26000", "2018-06-30": "1.07000", "2018-03-31": "0.71000", "2017-12-31": "-0.25000", "2017-09-30": "0.48000", "2017-06-30": "0.52000", "2017-03-31": "11.63000", "2016-12-31": "0.09000", "2016-09-30": "0.17000", "2016-06-30": "0.30000", "2016-03-31": "0.11000", "2015-12-31": "", "2015-09-30": "", "2014-12-31": "", "2013-12-31": ""}, "EPS - Earnings Per Share": {"2020-09-30": "-1.17000", "2020-06-30": "-1.10000", "2020-03-31": "-2.89000", "2019-12-31": "0.54000", "2019-09-30": "0.02000", "2019-06-30": "0.40000", "2019-03-31": "0.48000", "2018-12-31": "0.27000", "2018-09-30": "0.26000", "2018-06-30": "1.07000", "2018-03-31": "0.71000", "2017-12-31": "0.20000", "2017-09-30": "0.48000", "2017-06-30": "0.52000", "2017-03-31": "11.01000", "2016-12-31": "0.09000", "2016-09-30": "0.17000", "2016-06-30": "0.30000", "2016-03-31": "0.11000", "2015-12-31": "0.00000", "2015-09-30": "0.00000", "2014-12-31": "0.00000", "2013-12-31": "0.00000"}}, "balance sheet": {"Cash On Hand": {"2019-12-31": "386.00000", "2018-12-31": "425.00000", "2017-12-31": "379.00000", "2016-12-31": "350.00000", "2015-12-31": "144.00000", "2014-12-31": "74.00000", "2013-12-31": ""}, "Receivables": {"2019-12-31": "180.00000", "2018-12-31": "153.00000", "2017-12-31": "125.00000", "2016-12-31": "130.00000", "2015-12-31": "122.00000", "2014-12-31": "99.00000", "2013-12-31": ""}, "Inventory": {"2019-12-31": "", "2018-12-31": "", "2017-12-31": "", "2016-12-31": "", "2015-12-31": "", "2014-12-31": "", "2013-12-31": ""}, "Pre-Paid Expenses": {"2019-12-31": "83.00000", "2018-12-31": "82.00000", "2017-12-31": "48.00000", "2016-12-31": "58.00000", "2015-12-31": "53.00000", "2014-12-31": "48.00000", "2013-12-31": ""}, "Other Current Assets": {"2019-12-31": "40.00000", "2018-12-31": "44.00000", "2017-12-31": "83.00000", "2016-12-31": "26.00000", "2015-12-31": "19.00000", "2014-12-31": "14.00000", "2013-12-31": ""}, "Total Current Assets": {"2019-12-31": "689.00000", "2018-12-31": "704.00000", "2017-12-31": "635.00000", "2016-12-31": "564.00000", "2015-12-31": "338.00000", "2014-12-31": "235.00000", "2013-12-31": ""}, "Property, Plant, And Equipment": {"2019-12-31": "9594.00000", "2018-12-31": "7975.00000", "2017-12-31": "8311.00000", "2016-12-31": "8541.00000", "2015-12-31": "8676.00000", "2014-12-31": "6911.00000", "2013-12-31": ""}, "Long-Term Investments": {"2019-12-31": "35.00000", "2018-12-31": "50.00000", "2017-12-31": "84.00000", "2016-12-31": "81.00000", "2015-12-31": "104.00000", "2014-12-31": "126.00000", "2013-12-31": ""}, "Goodwill And Intangible Assets": {"2019-12-31": "653.00000", "2018-12-31": "634.00000", "2017-12-31": "647.00000", "2016-12-31": "648.00000", "2015-12-31": "669.00000", "2014-12-31": "857.00000", "2013-12-31": "0.00000"}, "Other Long-Term Assets": {"2019-12-31": "71.00000", "2018-12-31": "", "2017-12-31": "37.00000", "2016-12-31": "", "2015-12-31": "", "2014-12-31": "1585.00000", "2013-12-31": ""}, "Total Long-Term Assets": {"2019-12-31": "10601.00000", "2018-12-31": "8659.00000", "2017-12-31": "9079.00000", "2016-12-31": "9270.00000", "2015-12-31": "9449.00000", "2014-12-31": "9479.00000", "2013-12-31": ""}, "Total Assets": {"2019-12-31": "11290.00000", "2018-12-31": "9363.00000", "2017-12-31": "9714.00000", "2016-12-31": "9834.00000", "2015-12-31": "9787.00000", "2014-12-31": "9714.00000", "2013-12-31": "0.00000"}, "Total Current Liabilities": {"2019-12-31": "376.00000", "2018-12-31": "455.00000", "2017-12-31": "477.00000", "2016-12-31": "468.00000", "2015-12-31": "333.00000", "2014-12-31": "284.00000", "2013-12-31": ""}, "Long Term Debt": {"2019-12-31": "3871.00000", "2018-12-31": "2948.00000", "2017-12-31": "2961.00000", "2016-12-31": "3012.00000", "2015-12-31": "4057.00000", "2014-12-31": "4246.00000", "2013-12-31": ""}, "Other Non-Current Liabilities": {"2019-12-31": "282.00000", "2018-12-31": "332.00000", "2017-12-31": "249.00000", "2016-12-31": "94.00000", "2015-12-31": "98.00000", "2014-12-31": "74.00000", "2013-12-31": ""}, "Total Long Term Liabilities": {"2019-12-31": "4463.00000", "2018-12-31": "3322.00000", "2017-12-31": "3275.00000", "2016-12-31": "5543.00000", "2015-12-31": "6657.00000", "2014-12-31": "6837.00000", "2013-12-31": ""}, "Total Liabilities": {"2019-12-31": "4839.00000", "2018-12-31": "3777.00000", "2017-12-31": "3752.00000", "2016-12-31": "6011.00000", "2015-12-31": "6990.00000", "2014-12-31": "7121.00000", "2013-12-31": "0.00000"}, "Common Stock Net": {"2019-12-31": "2.00000", "2018-12-31": "2.00000", "2017-12-31": "2.00000", "2016-12-31": "3939.00000", "2015-12-31": "2884.00000", "2014-12-31": "2668.00000", "2013-12-31": "0.00000"}, "Retained Earnings (Accumulated Deficit)": {"2019-12-31": "1922.00000", "2018-12-31": "2047.00000", "2017-12-31": "2229.00000", "2016-12-31": "", "2015-12-31": "", "2014-12-31": "", "2013-12-31": ""}, "Comprehensive Income": {"2019-12-31": "-3.00000", "2018-12-31": "-6.00000", "2017-12-31": "-45.00000", "2016-12-31": "-67.00000", "2015-12-31": "-63.00000", "2014-12-31": "-51.00000", "2013-12-31": ""}, "Other Share Holders Equity": {"2019-12-31": "", "2018-12-31": "", "2017-12-31": "", "2016-12-31": "", "2015-12-31": "", "2014-12-31": "", "2013-12-31": "0.00000"}, "Share Holder Equity": {"2019-12-31": "6451.00000", "2018-12-31": "5586.00000", "2017-12-31": "5962.00000", "2016-12-31": "3823.00000", "2015-12-31": "2797.00000", "2014-12-31": "2593.00000", "2013-12-31": "0.00000"}, "Total Liabilities And Share Holders Equity": {"2019-12-31": "11290.00000", "2018-12-31": "9363.00000", "2017-12-31": "9714.00000", "2016-12-31": "9834.00000", "2015-12-31": "9787.00000", "2014-12-31": "9714.00000", "2013-12-31": "0.00000"}}, "balance sheet, quarterly": {"Cash On Hand": {"2020-09-30": "1169.00000", "2020-06-30": "1309.00000", "2020-03-31": "1342.00000", "2019-12-31": "386.00000", "2019-09-30": "364.00000", "2019-06-30": "480.00000", "2019-03-31": "290.00000", "2018-12-31": "425.00000", "2018-09-30": "415.00000", "2018-06-30": "438.00000", "2018-03-31": "280.00000", "2017-12-31": "379.00000", "2017-09-30": "377.00000", "2017-06-30": "324.00000", "2017-03-31": "336.00000", "2016-12-31": "350.00000", "2016-09-30": "425.00000", "2016-06-30": "", "2016-03-31": "", "2015-12-31": "", "2015-09-30": "", "2014-12-31": "74.00000", "2013-12-31": ""}, "Receivables": {"2020-09-30": "36.00000", "2020-06-30": "31.00000", "2020-03-31": "113.00000", "2019-12-31": "180.00000", "2019-09-30": "193.00000", "2019-06-30": "186.00000", "2019-03-31": "172.00000", "2018-12-31": "153.00000", "2018-09-30": "176.00000", "2018-06-30": "180.00000", "2018-03-31": "138.00000", "2017-12-31": "125.00000", "2017-09-30": "158.00000", "2017-06-30": "188.00000", "2017-03-31": "180.00000", "2016-12-31": "130.00000", "2016-09-30": "156.00000", "2016-06-30": "", "2016-03-31": "", "2015-12-31": "", "2015-09-30": "", "2014-12-31": "99.00000", "2013-12-31": ""}, "Inventory": {"2020-09-30": "", "2020-06-30": "", "2020-03-31": "", "2019-12-31": "", "2019-09-30": "", "2019-06-30": "", "2019-03-31": "", "2018-12-31": "", "2018-09-30": "", "2018-06-30": "", "2018-03-31": "", "2017-12-31": "", "2017-09-30": "", "2017-06-30": "", "2017-03-31": "", "2016-12-31": "", "2016-09-30": "", "2016-06-30": "", "2016-03-31": "", "2015-12-31": "", "2015-09-30": "", "2014-12-31": "", "2013-12-31": ""}, "Pre-Paid Expenses": {"2020-09-30": "43.00000", "2020-06-30": "43.00000", "2020-03-31": "73.00000", "2019-12-31": "83.00000", "2019-09-30": "76.00000", "2019-06-30": "88.00000", "2019-03-31": "76.00000", "2018-12-31": "82.00000", "2018-09-30": "62.00000", "2018-06-30": "46.00000", "2018-03-31": "54.00000", "2017-12-31": "48.00000", "2017-09-30": "48.00000", "2017-06-30": "53.00000", "2017-03-31": "51.00000", "2016-12-31": "58.00000", "2016-09-30": "43.00000", "2016-06-30": "", "2016-03-31": "", "2015-12-31": "", "2015-09-30": "", "2014-12-31": "", "2013-12-31": ""}, "Other Current Assets": {"2020-09-30": "53.00000", "2020-06-30": "46.00000", "2020-03-31": "46.00000", "2019-12-31": "40.00000", "2019-09-30": "29.00000", "2019-06-30": "45.00000", "2019-03-31": "42.00000", "2018-12-31": "44.00000", "2018-09-30": "42.00000", "2018-06-30": "98.00000", "2018-03-31": "91.00000", "2017-12-31": "83.00000", "2017-09-30": "23.00000", "2017-06-30": "22.00000", "2017-03-31": "28.00000", "2016-12-31": "26.00000", "2016-09-30": "22.00000", "2016-06-30": "", "2016-03-31": "", "2015-12-31": "", "2015-09-30": "", "2014-12-31": "62.00000", "2013-12-31": ""}, "Total Current Assets": {"2020-09-30": "1301.00000", "2020-06-30": "1429.00000", "2020-03-31": "1574.00000", "2019-12-31": "689.00000", "2019-09-30": "662.00000", "2019-06-30": "799.00000", "2019-03-31": "580.00000", "2018-12-31": "704.00000", "2018-09-30": "695.00000", "2018-06-30": "762.00000", "2018-03-31": "563.00000", "2017-12-31": "635.00000", "2017-09-30": "606.00000", "2017-06-30": "587.00000", "2017-03-31": "595.00000", "2016-12-31": "564.00000", "2016-09-30": "646.00000", "2016-06-30": "", "2016-03-31": "", "2015-12-31": "", "2015-09-30": "", "2014-12-31": "235.00000", "2013-12-31": ""}, "Property, Plant, And Equipment": {"2020-09-30": "9255.00000", "2020-06-30": "9323.00000", "2020-03-31": "9383.00000", "2019-12-31": "9594.00000", "2019-09-30": "9986.00000", "2019-06-30": "7764.00000", "2019-03-31": "7944.00000", "2018-12-31": "7975.00000", "2018-09-30": "7974.00000", "2018-06-30": "7999.00000", "2018-03-31": "8051.00000", "2017-12-31": "8311.00000", "2017-09-30": "8464.00000", "2017-06-30": "8495.00000", "2017-03-31": "8516.00000", "2016-12-31": "8541.00000", "2016-09-30": "8573.00000", "2016-06-30": "", "2016-03-31": "", "2015-12-31": "", "2015-09-30": "", "2014-12-31": "8318.00000", "2013-12-31": ""}, "Long-Term Investments": {"2020-09-30": "17.00000", "2020-06-30": "23.00000", "2020-03-31": "30.00000", "2019-12-31": "35.00000", "2019-09-30": "52.00000", "2019-06-30": "52.00000", "2019-03-31": "49.00000", "2018-12-31": "50.00000", "2018-09-30": "53.00000", "2018-06-30": "56.00000", "2018-03-31": "87.00000", "2017-12-31": "84.00000", "2017-09-30": "85.00000", "2017-06-30": "87.00000", "2017-03-31": "82.00000", "2016-12-31": "81.00000", "2016-09-30": "100.00000", "2016-06-30": "", "2016-03-31": "", "2015-12-31": "", "2015-09-30": "", "2014-12-31": "126.00000", "2013-12-31": ""}, "Goodwill And Intangible Assets": {"2020-09-30": "45.00000", "2020-06-30": "45.00000", "2020-03-31": "46.00000", "2019-12-31": "653.00000", "2019-09-30": "653.00000", "2019-06-30": "609.00000", "2019-03-31": "609.00000", "2018-12-31": "634.00000", "2018-09-30": "633.00000", "2018-06-30": "634.00000", "2018-03-31": "635.00000", "2017-12-31": "647.00000", "2017-09-30": "648.00000", "2017-06-30": "648.00000", "2017-03-31": "647.00000", "2016-12-31": "648.00000", "2016-09-30": "650.00000", "2016-06-30": "0.00000", "2016-03-31": "0.00000", "2015-12-31": "", "2015-09-30": "0.00000", "2014-12-31": "857.00000", "2013-12-31": "0.00000"}, "Other Long-Term Assets": {"2020-09-30": "", "2020-06-30": "", "2020-03-31": "", "2019-12-31": "71.00000", "2019-09-30": "", "2019-06-30": "", "2019-03-31": "", "2018-12-31": "", "2018-09-30": "", "2018-06-30": "", "2018-03-31": "", "2017-12-31": "37.00000", "2017-09-30": "", "2017-06-30": "", "2017-03-31": "", "2016-12-31": "", "2016-09-30": "", "2016-06-30": "", "2016-03-31": "", "2015-12-31": "", "2015-09-30": "", "2014-12-31": "1585.00000", "2013-12-31": ""}, "Total Long-Term Assets": {"2020-09-30": "9552.00000", "2020-06-30": "9630.00000", "2020-03-31": "9703.00000", "2019-12-31": "10601.00000", "2019-09-30": "10958.00000", "2019-06-30": "8632.00000", "2019-03-31": "8814.00000", "2018-12-31": "8659.00000", "2018-09-30": "8660.00000", "2018-06-30": "8689.00000", "2018-03-31": "8773.00000", "2017-12-31": "9079.00000", "2017-09-30": "9197.00000", "2017-06-30": "9230.00000", "2017-03-31": "9245.00000", "2016-12-31": "9270.00000", "2016-09-30": "9323.00000", "2016-06-30": "", "2016-03-31": "", "2015-12-31": "", "2015-09-30": "", "2014-12-31": "10886.00000", "2013-12-31": ""}, "Total Assets": {"2020-09-30": "10853.00000", "2020-06-30": "11059.00000", "2020-03-31": "11277.00000", "2019-12-31": "11290.00000", "2019-09-30": "11620.00000", "2019-06-30": "9431.00000", "2019-03-31": "9394.00000", "2018-12-31": "9363.00000", "2018-09-30": "9355.00000", "2018-06-30": "9451.00000", "2018-03-31": "9336.00000", "2017-12-31": "9714.00000", "2017-09-30": "9803.00000", "2017-06-30": "9817.00000", "2017-03-31": "9840.00000", "2016-12-31": "9834.00000", "2016-09-30": "9969.00000", "2016-06-30": "0.00000", "2016-03-31": "0.00000", "2015-12-31": "0.00000", "2015-09-30": "0.00000", "2014-12-31": "9714.00000", "2013-12-31": "0.00000"}, "Total Current Liabilities": {"2020-09-30": "270.00000", "2020-06-30": "203.00000", "2020-03-31": "291.00000", "2019-12-31": "376.00000", "2019-09-30": "500.00000", "2019-06-30": "460.00000", "2019-03-31": "407.00000", "2018-12-31": "455.00000", "2018-09-30": "449.00000", "2018-06-30": "426.00000", "2018-03-31": "418.00000", "2017-12-31": "477.00000", "2017-09-30": "481.00000", "2017-06-30": "485.00000", "2017-03-31": "509.00000", "2016-12-31": "468.00000", "2016-09-30": "277.00000", "2016-06-30": "", "2016-03-31": "", "2015-12-31": "", "2015-09-30": "", "2014-12-31": "284.00000", "2013-12-31": ""}, "Long Term Debt": {"2020-09-30": "5121.00000", "2020-06-30": "5118.00000", "2020-03-31": "4870.00000", "2019-12-31": "3871.00000", "2019-09-30": "4100.00000", "2019-06-30": "2949.00000", "2019-03-31": "2949.00000", "2018-12-31": "2948.00000", "2018-09-30": "2948.00000", "2018-06-30": "2947.00000", "2018-03-31": "2946.00000", "2017-12-31": "2961.00000", "2017-09-30": "3015.00000", "2017-06-30": "3014.00000", "2017-03-31": "3012.00000", "2016-12-31": "3012.00000", "2016-09-30": "3073.00000", "2016-06-30": "", "2016-03-31": "", "2015-12-31": "", "2015-09-30": "", "2014-12-31": "4246.00000", "2013-12-31": ""}, "Other Non-Current Liabilities": {"2020-09-30": "124.00000", "2020-06-30": "123.00000", "2020-03-31": "241.00000", "2019-12-31": "282.00000", "2019-09-30": "241.00000", "2019-06-30": "204.00000", "2019-03-31": "213.00000", "2018-12-31": "332.00000", "2018-09-30": "198.00000", "2018-06-30": "285.00000", "2018-03-31": "211.00000", "2017-12-31": "249.00000", "2017-09-30": "210.00000", "2017-06-30": "194.00000", "2017-03-31": "202.00000", "2016-12-31": "94.00000", "2016-09-30": "100.00000", "2016-06-30": "", "2016-03-31": "", "2015-12-31": "", "2015-09-30": "", "2014-12-31": "74.00000", "2013-12-31": ""}, "Total Long Term Liabilities": {"2020-09-30": "5528.00000", "2020-06-30": "5530.00000", "2020-03-31": "5403.00000", "2019-12-31": "4463.00000", "2019-09-30": "4667.00000", "2019-06-30": "3395.00000", "2019-03-31": "3407.00000", "2018-12-31": "3322.00000", "2018-09-30": "3178.00000", "2018-06-30": "3268.00000", "2018-03-31": "3203.00000", "2017-12-31": "3275.00000", "2017-09-30": "3299.00000", "2017-06-30": "3331.00000", "2017-03-31": "3360.00000", "2016-12-31": "5543.00000", "2016-09-30": "5621.00000", "2016-06-30": "", "2016-03-31": "", "2015-12-31": "", "2015-09-30": "", "2014-12-31": "6837.00000", "2013-12-31": ""}, "Total Liabilities": {"2020-09-30": "5798.00000", "2020-06-30": "5733.00000", "2020-03-31": "5694.00000", "2019-12-31": "4839.00000", "2019-09-30": "5167.00000", "2019-06-30": "3855.00000", "2019-03-31": "3814.00000", "2018-12-31": "3777.00000", "2018-09-30": "3627.00000", "2018-06-30": "3694.00000", "2018-03-31": "3621.00000", "2017-12-31": "3752.00000", "2017-09-30": "3780.00000", "2017-06-30": "3816.00000", "2017-03-31": "3869.00000", "2016-12-31": "6011.00000", "2016-09-30": "5898.00000", "2016-06-30": "0.00000", "2016-03-31": "0.00000", "2015-12-31": "", "2015-09-30": "0.00000", "2014-12-31": "7121.00000", "2013-12-31": "0.00000"}, "Common Stock Net": {"2020-09-30": "2.00000", "2020-06-30": "2.00000", "2020-03-31": "2.00000", "2019-12-31": "2.00000", "2019-09-30": "2.00000", "2019-06-30": "2.00000", "2019-03-31": "2.00000", "2018-12-31": "2.00000", "2018-09-30": "2.00000", "2018-06-30": "2.00000", "2018-03-31": "2.00000", "2017-12-31": "2.00000", "2017-09-30": "2.00000", "2017-06-30": "2.00000", "2017-03-31": "2.00000", "2016-12-31": "3939.00000", "2016-09-30": "4145.00000", "2016-06-30": "0.00000", "2016-03-31": "0.00000", "2015-12-31": "", "2015-09-30": "0.00000", "2014-12-31": "2668.00000", "2013-12-31": "0.00000"}, "Retained Earnings (Accumulated Deficit)": {"2020-09-30": "595.00000", "2020-06-30": "871.00000", "2020-03-31": "1129.00000", "2019-12-31": "1922.00000", "2019-09-30": "1931.00000", "2019-06-30": "2034.00000", "2019-03-31": "2044.00000", "2018-12-31": "2047.00000", "2018-09-30": "2196.00000", "2018-06-30": "2231.00000", "2018-03-31": "2193.00000", "2017-12-31": "2229.00000", "2017-09-30": "2286.00000", "2017-06-30": "2277.00000", "2017-03-31": "2258.00000", "2016-12-31": "", "2016-09-30": "", "2016-06-30": "", "2016-03-31": "", "2015-12-31": "", "2015-09-30": "", "2014-12-31": "", "2013-12-31": ""}, "Comprehensive Income": {"2020-09-30": "-5.00000", "2020-06-30": "-6.00000", "2020-03-31": "-5.00000", "2019-12-31": "-3.00000", "2019-09-30": "-8.00000", "2019-06-30": "-5.00000", "2019-03-31": "-6.00000", "2018-12-31": "-6.00000", "2018-09-30": "-9.00000", "2018-06-30": "-8.00000", "2018-03-31": "-8.00000", "2017-12-31": "-45.00000", "2017-09-30": "-45.00000", "2017-06-30": "-53.00000", "2017-03-31": "-60.00000", "2016-12-31": "-67.00000", "2016-09-30": "-51.00000", "2016-06-30": "", "2016-03-31": "", "2015-12-31": "", "2015-09-30": "", "2014-12-31": "", "2013-12-31": ""}, "Other Share Holders Equity": {"2020-09-30": "", "2020-06-30": "", "2020-03-31": "", "2019-12-31": "", "2019-09-30": "", "2019-06-30": "", "2019-03-31": "", "2018-12-31": "", "2018-09-30": "", "2018-06-30": "", "2018-03-31": "", "2017-12-31": "", "2017-09-30": "", "2017-06-30": "", "2017-03-31": "", "2016-12-31": "", "2016-09-30": "", "2016-06-30": "0.00000", "2016-03-31": "0.00000", "2015-12-31": "", "2015-09-30": "0.00000", "2014-12-31": "-75.00000", "2013-12-31": "0.00000"}, "Share Holder Equity": {"2020-09-30": "5055.00000", "2020-06-30": "5326.00000", "2020-03-31": "5583.00000", "2019-12-31": "6451.00000", "2019-09-30": "6453.00000", "2019-06-30": "5576.00000", "2019-03-31": "5580.00000", "2018-12-31": "5586.00000", "2018-09-30": "5728.00000", "2018-06-30": "5757.00000", "2018-03-31": "5715.00000", "2017-12-31": "5962.00000", "2017-09-30": "6023.00000", "2017-06-30": "6001.00000", "2017-03-31": "5971.00000", "2016-12-31": "3823.00000", "2016-09-30": "4071.00000", "2016-06-30": "0.00000", "2016-03-31": "0.00000", "2015-12-31": "", "2015-09-30": "0.00000", "2014-12-31": "2593.00000", "2013-12-31": "0.00000"}, "Total Liabilities And Share Holders Equity": {"2020-09-30": "10853.00000", "2020-06-30": "11059.00000", "2020-03-31": "11277.00000", "2019-12-31": "11290.00000", "2019-09-30": "11620.00000", "2019-06-30": "9431.00000", "2019-03-31": "9394.00000", "2018-12-31": "9363.00000", "2018-09-30": "9355.00000", "2018-06-30": "9451.00000", "2018-03-31": "9336.00000", "2017-12-31": "9714.00000", "2017-09-30": "9803.00000", "2017-06-30": "9817.00000", "2017-03-31": "9840.00000", "2016-12-31": "9834.00000", "2016-09-30": "9969.00000", "2016-06-30": "0.00000", "2016-03-31": "0.00000", "2015-12-31": "", "2015-09-30": "0.00000", "2014-12-31": "9714.00000", "2013-12-31": "0.00000"}}, "cash flow statement": {"Net Income/Loss": {"2019-12-31": "316.00000", "2018-12-31": "477.00000", "2017-12-31": "2631.00000", "2016-12-31": "139.00000", "2015-12-31": "299.00000", "2014-12-31": "181.00000", "2013-12-31": "147.00000"}, "Total Depreciation And Amortization - Cash Flow": {"2019-12-31": "269.00000", "2018-12-31": "281.00000", "2017-12-31": "293.00000", "2016-12-31": "311.00000", "2015-12-31": "298.00000", "2014-12-31": "261.00000", "2013-12-31": "243.00000"}, "Other Non-Cash Items": {"2019-12-31": "-53.00000", "2018-12-31": "-200.00000", "2017-12-31": "-2366.00000", "2016-12-31": "-14.00000", "2015-12-31": "-139.00000", "2014-12-31": "62.00000", "2013-12-31": "-43.00000"}, "Total Non-Cash Items": {"2019-12-31": "216.00000", "2018-12-31": "81.00000", "2017-12-31": "-2073.00000", "2016-12-31": "297.00000", "2015-12-31": "159.00000", "2014-12-31": "323.00000", "2013-12-31": "200.00000"}, "Change In Accounts Receivable": {"2019-12-31": "-3.00000", "2018-12-31": "-27.00000", "2017-12-31": "4.00000", "2016-12-31": "-9.00000", "2015-12-31": "-25.00000", "2014-12-31": "-9.00000", "2013-12-31": "5.00000"}, "Change In Inventories": {"2019-12-31": "", "2018-12-31": "", "2017-12-31": "", "2016-12-31": "", "2015-12-31": "", "2014-12-31": "", "2013-12-31": ""}, "Change In Accounts Payable": {"2019-12-31": "", "2018-12-31": "", "2017-12-31": "", "2016-12-31": "", "2015-12-31": "", "2014-12-31": "", "2013-12-31": ""}, "Change In Assets/Liabilities": {"2019-12-31": "-2.00000", "2018-12-31": "-66.00000", "2017-12-31": "71.00000", "2016-12-31": "-27.00000", "2015-12-31": "102.00000", "2014-12-31": "-14.00000", "2013-12-31": "60.00000"}, "Total Change In Assets/Liabilities": {"2019-12-31": "-33.00000", "2018-12-31": "-114.00000", "2017-12-31": "95.00000", "2016-12-31": "-37.00000", "2015-12-31": "61.00000", "2014-12-31": "12.00000", "2013-12-31": "93.00000"}, "Cash Flow From Operating Activities": {"2019-12-31": "499.00000", "2018-12-31": "444.00000", "2017-12-31": "653.00000", "2016-12-31": "399.00000", "2015-12-31": "519.00000", "2014-12-31": "516.00000", "2013-12-31": "440.00000"}, "Net Change In Property, Plant, And Equipment": {"2019-12-31": "189.00000", "2018-12-31": "191.00000", "2017-12-31": "-185.00000", "2016-12-31": "-227.00000", "2015-12-31": "1640.00000", "2014-12-31": "-156.00000", "2013-12-31": "-184.00000"}, "Net Change In Intangible Assets": {"2019-12-31": "", "2018-12-31": "", "2017-12-31": "", "2016-12-31": "", "2015-12-31": "", "2014-12-31": "", "2013-12-31": ""}, "Net Acquisitions/Divestitures": {"2019-12-31": "-914.00000", "2018-12-31": "-10.00000", "2017-12-31": "", "2016-12-31": "", "2015-12-31": "-1402.00000", "2014-12-31": "", "2013-12-31": "-30.00000"}, "Net Change In Short-term Investments": {"2019-12-31": "", "2018-12-31": "", "2017-12-31": "", "2016-12-31": "", "2015-12-31": "", "2014-12-31": "", "2013-12-31": ""}, "Net Change In Long-Term Investments": {"2019-12-31": "51.00000", "2018-12-31": "150.00000", "2017-12-31": "-1.00000", "2016-12-31": "", "2015-12-31": "-1.00000", "2014-12-31": "-5.00000", "2013-12-31": "-1.00000"}, "Net Change In Investments - Total": {"2019-12-31": "51.00000", "2018-12-31": "150.00000", "2017-12-31": "-1.00000", "2016-12-31": "", "2015-12-31": "-1.00000", "2014-12-31": "-5.00000", "2013-12-31": "-1.00000"}, "Investing Activities - Other": {"2019-12-31": "39.00000", "2018-12-31": "88.00000", "2017-12-31": "21.00000", "2016-12-31": "3.00000", "2015-12-31": "15.00000", "2014-12-31": "41.00000", "2013-12-31": "15.00000"}, "Cash Flow From Investing Activities": {"2019-12-31": "-635.00000", "2018-12-31": "419.00000", "2017-12-31": "-165.00000", "2016-12-31": "-224.00000", "2015-12-31": "252.00000", "2014-12-31": "-120.00000", "2013-12-31": "-200.00000"}, "Net Long-Term Debt": {"2019-12-31": "618.00000", "2018-12-31": "", "2017-12-31": "-55.00000", "2016-12-31": "-765.00000", "2015-12-31": "-612.00000", "2014-12-31": "8.00000", "2013-12-31": "-525.00000"}, "Net Current Debt": {"2019-12-31": "", "2018-12-31": "", "2017-12-31": "", "2016-12-31": "", "2015-12-31": "", "2014-12-31": "", "2013-12-31": ""}, "Debt Issuance/Retirement Net - Total": {"2019-12-31": "618.00000", "2018-12-31": "", "2017-12-31": "-55.00000", "2016-12-31": "-765.00000", "2015-12-31": "-612.00000", "2014-12-31": "8.00000", "2013-12-31": "-525.00000"}, "Net Common Equity Issued/Repurchased": {"2019-12-31": "", "2018-12-31": "-348.00000", "2017-12-31": "", "2016-12-31": "", "2015-12-31": "", "2014-12-31": "", "2013-12-31": ""}, "Net Total Equity Issued/Repurchased": {"2019-12-31": "", "2018-12-31": "-348.00000", "2017-12-31": "", "2016-12-31": "", "2015-12-31": "", "2014-12-31": "", "2013-12-31": ""}, "Total Common And Preferred Stock Dividends Paid": {"2019-12-31": "-494.00000", "2018-12-31": "-464.00000", "2017-12-31": "-386.00000", "2016-12-31": "", "2015-12-31": "", "2014-12-31": "-351.00000", "2013-12-31": "-103.00000"}, "Financial Activities - Other": {"2019-12-31": "-27.00000", "2018-12-31": "-4.00000", "2017-12-31": "-18.00000", "2016-12-31": "794.00000", "2015-12-31": "-85.00000", "2014-12-31": "-58.00000", "2013-12-31": "413.00000"}, "Cash Flow From Financial Activities": {"2019-12-31": "97.00000", "2018-12-31": "-816.00000", "2017-12-31": "-459.00000", "2016-12-31": "29.00000", "2015-12-31": "-697.00000", "2014-12-31": "-401.00000", "2013-12-31": "-215.00000"}, "Net Cash Flow": {"2019-12-31": "-39.00000", "2018-12-31": "46.00000", "2017-12-31": "29.00000", "2016-12-31": "206.00000", "2015-12-31": "70.00000", "2014-12-31": "-6.00000", "2013-12-31": "21.00000"}, "Stock-Based Compensation": {"2019-12-31": "16.00000", "2018-12-31": "16.00000", "2017-12-31": "14.00000", "2016-12-31": "", "2015-12-31": "0.00000", "2014-12-31": "", "2013-12-31": ""}, "Common Stock Dividends Paid": {"2019-12-31": "-494.00000", "2018-12-31": "-464.00000", "2017-12-31": "-386.00000", "2016-12-31": "", "2015-12-31": "", "2014-12-31": "-351.00000", "2013-12-31": "-103.00000"}}, "cash flow statement, quarterly": {"Net Income/Loss": {"2020-09-30": -276, "2020-06-30": -261, "2020-03-31": "-689.00000", "2019-12-31": 126, "2019-09-30": 9, "2019-06-30": 84, "2019-03-31": "97.00000", "2018-12-31": 55, "2018-09-30": 55, "2018-06-30": 218, "2018-03-31": "149.00000", "2017-12-31": 61, "2017-09-30": 105, "2017-06-30": 115, "2017-03-31": "2350.00000", "2016-12-31": 17, "2016-09-30": 37, "2016-06-30": 62, "2016-03-31": "23.00000", "2015-12-31": 69, "2015-09-30": 49, "2014-12-31": 34, "2013-12-31": 147}, "Total Depreciation And Amortization - Cash Flow": {"2020-09-30": 78, "2020-06-30": 77, "2020-03-31": "76.00000", "2019-12-31": 82, "2019-09-30": 62, "2019-06-30": 62, "2019-03-31": "63.00000", "2018-12-31": 70, "2018-09-30": 70, "2018-06-30": 70, "2018-03-31": "71.00000", "2017-12-31": 73, "2017-09-30": 75, "2017-06-30": 74, "2017-03-31": "71.00000", "2016-12-31": 83, "2016-09-30": 76, "2016-06-30": 77, "2016-03-31": "75.00000", "2015-12-31": 77, "2015-09-30": -40, "2014-12-31": 18, "2013-12-31": 243}, "Other Non-Cash Items": {"2020-09-30": 17, "2020-06-30": 16, "2020-03-31": "640.00000", "2019-12-31": -52, "2019-09-30": 12, "2019-06-30": 15, "2019-03-31": "-28.00000", "2018-12-31": -4, "2018-09-30": 6, "2018-06-30": -108, "2018-03-31": "-94.00000", "2017-12-31": -20, "2017-09-30": -40, "2017-06-30": -17, "2017-03-31": "-2289.00000", "2016-12-31": 19, "2016-09-30": -21, "2016-06-30": -13, "2016-03-31": "1.00000", "2015-12-31": 140, "2015-09-30": -140, "2014-12-31": 0, "2013-12-31": 0}, "Total Non-Cash Items": {"2020-09-30": 95, "2020-06-30": 93, "2020-03-31": "716.00000", "2019-12-31": 30, "2019-09-30": 74, "2019-06-30": 77, "2019-03-31": "35.00000", "2018-12-31": 66, "2018-09-30": 76, "2018-06-30": -38, "2018-03-31": "-23.00000", "2017-12-31": 53, "2017-09-30": 35, "2017-06-30": 57, "2017-03-31": "-2218.00000", "2016-12-31": 102, "2016-09-30": 55, "2016-06-30": 64, "2016-03-31": "76.00000", "2015-12-31": 217, "2015-09-30": -180, "2014-12-31": 18, "2013-12-31": 243}, "Change In Accounts Receivable": {"2020-09-30": 0, "2020-06-30": 0, "2020-03-31": "", "2019-12-31": -3, "2019-09-30": 0, "2019-06-30": 0, "2019-03-31": "", "2018-12-31": -27, "2018-09-30": 0, "2018-06-30": 0, "2018-03-31": "", "2017-12-31": 4, "2017-09-30": 0, "2017-06-30": 0, "2017-03-31": "", "2016-12-31": -9, "2016-09-30": 0, "2016-06-30": 0, "2016-03-31": "", "2015-12-31": 0, "2015-09-30": 0, "2014-12-31": 0, "2013-12-31": 0}, "Change In Inventories": {"2020-09-30": 0, "2020-06-30": 0, "2020-03-31": "", "2019-12-31": 0, "2019-09-30": 0, "2019-06-30": 0, "2019-03-31": "", "2018-12-31": 0, "2018-09-30": 0, "2018-06-30": 0, "2018-03-31": "", "2017-12-31": 0, "2017-09-30": 0, "2017-06-30": 0, "2017-03-31": "", "2016-12-31": 0, "2016-09-30": 0, "2016-06-30": 0, "2016-03-31": "", "2015-12-31": 0, "2015-09-30": 0, "2014-12-31": 0, "2013-12-31": 0}, "Change In Accounts Payable": {"2020-09-30": 0, "2020-06-30": 0, "2020-03-31": "", "2019-12-31": 0, "2019-09-30": 0, "2019-06-30": 0, "2019-03-31": "", "2018-12-31": 0, "2018-09-30": 0, "2018-06-30": 0, "2018-03-31": "", "2017-12-31": 0, "2017-09-30": 0, "2017-06-30": 0, "2017-03-31": "", "2016-12-31": 0, "2016-09-30": 0, "2016-06-30": 0, "2016-03-31": "", "2015-12-31": 0, "2015-09-30": 0, "2014-12-31": 0, "2013-12-31": 0}, "Change In Assets/Liabilities": {"2020-09-30": 65, "2020-06-30": 23, "2020-03-31": "-40.00000", "2019-12-31": 25, "2019-09-30": 22, "2019-06-30": 11, "2019-03-31": "-60.00000", "2018-12-31": 76, "2018-09-30": 16, "2018-06-30": -75, "2018-03-31": "-83.00000", "2017-12-31": 57, "2017-09-30": 44, "2017-06-30": -39, "2017-03-31": "9.00000", "2016-12-31": -4, "2016-09-30": -17, "2016-06-30": -2, "2016-03-31": "-4.00000", "2015-12-31": -62, "2015-09-30": 62, "2014-12-31": 0, "2013-12-31": 0}, "Total Change In Assets/Liabilities": {"2020-09-30": 65, "2020-06-30": 23, "2020-03-31": "-40.00000", "2019-12-31": -6, "2019-09-30": 22, "2019-06-30": 11, "2019-03-31": "-60.00000", "2018-12-31": 28, "2018-09-30": 16, "2018-06-30": -75, "2018-03-31": "-83.00000", "2017-12-31": 81, "2017-09-30": 44, "2017-06-30": -39, "2017-03-31": "9.00000", "2016-12-31": -14, "2016-09-30": -17, "2016-06-30": -2, "2016-03-31": "-4.00000", "2015-12-31": -1, "2015-09-30": 50, "2014-12-31": -81, "2013-12-31": 93}, "Cash Flow From Operating Activities": {"2020-09-30": -116, "2020-06-30": -145, "2020-03-31": "-13.00000", "2019-12-31": 150, "2019-09-30": 105, "2019-06-30": 172, "2019-03-31": "72.00000", "2018-12-31": 149, "2018-09-30": 147, "2018-06-30": 105, "2018-03-31": "43.00000", "2017-12-31": 195, "2017-09-30": 184, "2017-06-30": 133, "2017-03-31": "141.00000", "2016-12-31": 105, "2016-09-30": 75, "2016-06-30": 124, "2016-03-31": "95.00000", "2015-12-31": 146, "2015-09-30": -143, "2014-12-31": 76, "2013-12-31": 440}, "Net Change In Property, Plant, And Equipment": {"2020-09-30": -14, "2020-06-30": -28, "2020-03-31": "179.00000", "2019-12-31": 141, "2019-09-30": -61, "2019-06-30": 108, "2019-03-31": "1.00000", "2018-12-31": -45, "2018-09-30": -46, "2018-06-30": -25, "2018-03-31": "307.00000", "2017-12-31": -60, "2017-09-30": -39, "2017-06-30": -49, "2017-03-31": "-37.00000", "2016-12-31": -57, "2016-09-30": -42, "2016-06-30": -63, "2016-03-31": "-65.00000", "2015-12-31": -64, "2015-09-30": 1860, "2014-12-31": 28, "2013-12-31": -184}, "Net Change In Intangible Assets": {"2020-09-30": 0, "2020-06-30": 0, "2020-03-31": "", "2019-12-31": 0, "2019-09-30": 0, "2019-06-30": 0, "2019-03-31": "", "2018-12-31": 0, "2018-09-30": 0, "2018-06-30": 0, "2018-03-31": "", "2017-12-31": 0, "2017-09-30": 0, "2017-06-30": 0, "2017-03-31": "", "2016-12-31": 0, "2016-09-30": 0, "2016-06-30": 0, "2016-03-31": "", "2015-12-31": 0, "2015-09-30": 0, "2014-12-31": 0, "2013-12-31": 0}, "Net Acquisitions/Divestitures": {"2020-09-30": 0, "2020-06-30": 0, "2020-03-31": "", "2019-12-31": -1, "2019-09-30": -913, "2019-06-30": 0, "2019-03-31": "", "2018-12-31": -10, "2018-09-30": 0, "2018-06-30": 0, "2018-03-31": "", "2017-12-31": 0, "2017-09-30": 0, "2017-06-30": 0, "2017-03-31": "", "2016-12-31": 0, "2016-09-30": 0, "2016-06-30": 0, "2016-03-31": "", "2015-12-31": 0, "2015-09-30": -1410, "2014-12-31": 30, "2013-12-31": -30}, "Net Change In Short-term Investments": {"2020-09-30": 0, "2020-06-30": 0, "2020-03-31": "", "2019-12-31": 0, "2019-09-30": 0, "2019-06-30": 0, "2019-03-31": "", "2018-12-31": 0, "2018-09-30": 0, "2018-06-30": 0, "2018-03-31": "", "2017-12-31": 0, "2017-09-30": 0, "2017-06-30": 0, "2017-03-31": "", "2016-12-31": 0, "2016-09-30": 0, "2016-06-30": 0, "2016-03-31": "", "2015-12-31": 0, "2015-09-30": 0, "2014-12-31": 0, "2013-12-31": 0}, "Net Change In Long-Term Investments": {"2020-09-30": 0, "2020-06-30": 0, "2020-03-31": "", "2019-12-31": 51, "2019-09-30": 0, "2019-06-30": 0, "2019-03-31": "", "2018-12-31": 0, "2018-09-30": 0, "2018-06-30": 150, "2018-03-31": "", "2017-12-31": 0, "2017-09-30": 0, "2017-06-30": 0, "2017-03-31": "-1.00000", "2016-12-31": 0, "2016-09-30": 0, "2016-06-30": 0, "2016-03-31": "", "2015-12-31": 1, "2015-09-30": -1, "2014-12-31": 0, "2013-12-31": 0}, "Net Change In Investments - Total": {"2020-09-30": 0, "2020-06-30": 0, "2020-03-31": "", "2019-12-31": 51, "2019-09-30": 0, "2019-06-30": 0, "2019-03-31": "", "2018-12-31": 0, "2018-09-30": 0, "2018-06-30": 150, "2018-03-31": "", "2017-12-31": 0, "2017-09-30": 0, "2017-06-30": 0, "2017-03-31": "-1.00000", "2016-12-31": 0, "2016-09-30": 0, "2016-06-30": 0, "2016-03-31": "", "2015-12-31": 0, "2015-09-30": 4, "2014-12-31": -4, "2013-12-31": -1}, "Investing Activities - Other": {"2020-09-30": 0, "2020-06-30": -2, "2020-03-31": "1.00000", "2019-12-31": 29, "2019-09-30": 8, "2019-06-30": 1, "2019-03-31": "1.00000", "2018-12-31": 1, "2018-09-30": 52, "2018-06-30": 17, "2018-03-31": "18.00000", "2017-12-31": 20, "2017-09-30": 0, "2017-06-30": 0, "2017-03-31": "1.00000", "2016-12-31": -13, "2016-09-30": 0, "2016-06-30": 0, "2016-03-31": "16.00000", "2015-12-31": -3, "2015-09-30": -37, "2014-12-31": 26, "2013-12-31": 15}, "Cash Flow From Investing Activities": {"2020-09-30": -14, "2020-06-30": -30, "2020-03-31": "180.00000", "2019-12-31": 220, "2019-09-30": -966, "2019-06-30": 109, "2019-03-31": "2.00000", "2018-12-31": -54, "2018-09-30": 6, "2018-06-30": 142, "2018-03-31": "325.00000", "2017-12-31": -40, "2017-09-30": -39, "2017-06-30": -49, "2017-03-31": "-37.00000", "2016-12-31": -70, "2016-09-30": -42, "2016-06-30": -63, "2016-03-31": "-49.00000", "2015-12-31": -67, "2015-09-30": 417, "2014-12-31": 80, "2013-12-31": -200}, "Net Long-Term Debt": {"2020-09-30": 13, "2020-06-30": 262, "2020-03-31": "998.00000", "2019-12-31": -232, "2019-09-30": 850, "2019-06-30": 0, "2019-03-31": "", "2018-12-31": 0, "2018-09-30": 0, "2018-06-30": 0, "2018-03-31": "", "2017-12-31": -55, "2017-09-30": 0, "2017-06-30": 0, "2017-03-31": "", "2016-12-31": 230, "2016-09-30": -993, "2016-06-30": -2, "2016-03-31": "", "2015-12-31": 525, "2015-09-30": -525, "2014-12-31": 0, "2013-12-31": 0}, "Net Current Debt": {"2020-09-30": 0, "2020-06-30": 0, "2020-03-31": "", "2019-12-31": 0, "2019-09-30": 0, "2019-06-30": 0, "2019-03-31": "", "2018-12-31": 0, "2018-09-30": 0, "2018-06-30": 0, "2018-03-31": "", "2017-12-31": 0, "2017-09-30": 0, "2017-06-30": 0, "2017-03-31": "", "2016-12-31": 0, "2016-09-30": 0, "2016-06-30": 0, "2016-03-31": "", "2015-12-31": 0, "2015-09-30": 0, "2014-12-31": 0, "2013-12-31": 0}, "Debt Issuance/Retirement Net - Total": {"2020-09-30": 13, "2020-06-30": 262, "2020-03-31": "998.00000", "2019-12-31": -232, "2019-09-30": 850, "2019-06-30": 0, "2019-03-31": "", "2018-12-31": 0, "2018-09-30": 0, "2018-06-30": 0, "2018-03-31": "", "2017-12-31": -55, "2017-09-30": 0, "2017-06-30": 0, "2017-03-31": "", "2016-12-31": 230, "2016-09-30": -993, "2016-06-30": -2, "2016-03-31": "", "2015-12-31": -87, "2015-09-30": -533, "2014-12-31": 533, "2013-12-31": -525}, "Net Common Equity Issued/Repurchased": {"2020-09-30": 0, "2020-06-30": 0, "2020-03-31": "-66.00000", "2019-12-31": 0, "2019-09-30": 0, "2019-06-30": 0, "2019-03-31": "", "2018-12-31": 0, "2018-09-30": 0, "2018-06-30": 0, "2018-03-31": "-348.00000", "2017-12-31": 0, "2017-09-30": 0, "2017-06-30": 0, "2017-03-31": "", "2016-12-31": 0, "2016-09-30": 0, "2016-06-30": 0, "2016-03-31": "", "2015-12-31": 0, "2015-09-30": 0, "2014-12-31": 0, "2013-12-31": 0}, "Net Total Equity Issued/Repurchased": {"2020-09-30": 0, "2020-06-30": 0, "2020-03-31": "-66.00000", "2019-12-31": 0, "2019-09-30": 0, "2019-06-30": 0, "2019-03-31": "", "2018-12-31": 0, "2018-09-30": 0, "2018-06-30": 0, "2018-03-31": "-348.00000", "2017-12-31": 0, "2017-09-30": 0, "2017-06-30": 0, "2017-03-31": "", "2016-12-31": 0, "2016-09-30": 0, "2016-06-30": 0, "2016-03-31": "", "2015-12-31": 0, "2015-09-30": 0, "2014-12-31": 0, "2013-12-31": 0}, "Total Common And Preferred Stock Dividends Paid": {"2020-09-30": 0, "2020-06-30": -105, "2020-03-31": "-136.00000", "2019-12-31": -112, "2019-09-30": -91, "2019-06-30": -90, "2019-03-31": "-201.00000", "2018-12-31": -85, "2018-09-30": -175, "2018-06-30": -85, "2018-03-31": "-119.00000", "2017-12-31": -92, "2017-09-30": -92, "2017-06-30": -92, "2017-03-31": "-110.00000", "2016-12-31": 0, "2016-09-30": 0, "2016-06-30": 0, "2016-03-31": "", "2015-12-31": 0, "2015-09-30": 270, "2014-12-31": -248, "2013-12-31": -103}, "Financial Activities - Other": {"2020-09-30": -23, "2020-06-30": -15, "2020-03-31": "-7.00000", "2019-12-31": -4, "2019-09-30": -14, "2019-06-30": -1, "2019-03-31": "-8.00000", "2018-12-31": -1, "2018-09-30": 0, "2018-06-30": -2, "2018-03-31": "-1.00000", "2017-12-31": -4, "2017-09-30": -1, "2017-06-30": -4, "2017-03-31": "-9.00000", "2016-12-31": -333, "2016-09-30": 1108, "2016-06-30": 20, "2016-03-31": "-1.00000", "2015-12-31": 26, "2015-09-30": 10, "2014-12-31": -471, "2013-12-31": 413}, "Cash Flow From Financial Activities": {"2020-09-30": -10, "2020-06-30": 142, "2020-03-31": "789.00000", "2019-12-31": -348, "2019-09-30": 745, "2019-06-30": -91, "2019-03-31": "-209.00000", "2018-12-31": -86, "2018-09-30": -175, "2018-06-30": -87, "2018-03-31": "-468.00000", "2017-12-31": -151, "2017-09-30": -93, "2017-06-30": -96, "2017-03-31": "-119.00000", "2016-12-31": -103, "2016-09-30": 115, "2016-06-30": 18, "2016-03-31": "-1.00000", "2015-12-31": -61, "2015-09-30": -253, "2014-12-31": -186, "2013-12-31": -215}, "Net Cash Flow": {"2020-09-30": -140, "2020-06-30": -33, "2020-03-31": "956.00000", "2019-12-31": 22, "2019-09-30": -116, "2019-06-30": 190, "2019-03-31": "-135.00000", "2018-12-31": 10, "2018-09-30": -23, "2018-06-30": 158, "2018-03-31": "-99.00000", "2017-12-31": 2, "2017-09-30": 53, "2017-06-30": -12, "2017-03-31": "-14.00000", "2016-12-31": -68, "2016-09-30": 148, "2016-06-30": 82, "2016-03-31": "44.00000", "2015-12-31": 18, "2015-09-30": 18, "2014-12-31": -27, "2013-12-31": 21}, "Stock-Based Compensation": {"2020-09-30": 4, "2020-06-30": 4, "2020-03-31": "2.00000", "2019-12-31": 4, "2019-09-30": 4, "2019-06-30": 4, "2019-03-31": "4.00000", "2018-12-31": 4, "2018-09-30": 4, "2018-06-30": 4, "2018-03-31": "4.00000", "2017-12-31": 3, "2017-09-30": 4, "2017-06-30": 7, "2017-03-31": "", "2016-12-31": 0, "2016-09-30": 0, "2016-06-30": 0, "2016-03-31": "", "2015-12-31": 0, "2015-09-30": 0, "2014-12-31": 0, "2013-12-31": 0}, "Common Stock Dividends Paid": {"2020-09-30": 0, "2020-06-30": -105, "2020-03-31": "-136.00000", "2019-12-31": -112, "2019-09-30": -91, "2019-06-30": -90, "2019-03-31": "-201.00000", "2018-12-31": -85, "2018-09-30": -175, "2018-06-30": -85, "2018-03-31": "-119.00000", "2017-12-31": -92, "2017-09-30": -92, "2017-06-30": -92, "2017-03-31": "-110.00000", "2016-12-31": 0, "2016-09-30": 0, "2016-06-30": 0, "2016-03-31": "", "2015-12-31": 81, "2015-09-30": -81, "2014-12-31": 0, "2013-12-31": 0}}, "financial ratios": {"Current Ratio": {"2019-12-31": "1.83240", "2018-12-31": "1.54730", "2017-12-31": "1.33120", "2016-12-31": "1.20510", "2015-12-31": "1.01500", "2014-12-31": "0.82750", "2013-12-31": ""}, "Long-term Debt / Capital": {"2019-12-31": "0.37500", "2018-12-31": "0.34540", "2017-12-31": "0.33180", "2016-12-31": "0.44070", "2015-12-31": "0.59190", "2014-12-31": "0.62090", "2013-12-31": ""}, "Debt/Equity Ratio": {"2019-12-31": "0.60010", "2018-12-31": "0.52770", "2017-12-31": "0.49660", "2016-12-31": "0.78790", "2015-12-31": "1.45050", "2014-12-31": "1.63750", "2013-12-31": ""}, "Gross Margin": {"2019-12-31": "65.36570", "2018-12-31": "65.50970", "2017-12-31": "64.99460", "2016-12-31": "64.53980", "2015-12-31": "64.99260", "2014-12-31": "63.74850", "2013-12-31": "63.18050"}, "Operating Margin": {"2019-12-31": "14.97890", "2018-12-31": "18.41430", "2017-12-31": "13.29270", "2016-12-31": "15.36490", "2015-12-31": "21.80060", "2014-12-31": "17.50900", "2013-12-31": "14.14490"}, "EBIT Margin": {"2019-12-31": "14.97890", "2018-12-31": "18.41430", "2017-12-31": "13.29270", "2016-12-31": "15.36490", "2015-12-31": "21.80060", "2014-12-31": "17.50900", "2013-12-31": "14.14490"}, "EBITDA Margin": {"2019-12-31": "24.43740", "2018-12-31": "28.68100", "2017-12-31": "23.79080", "2016-12-31": "26.76930", "2015-12-31": "32.88690", "2014-12-31": "27.89500", "2013-12-31": "24.56070"}, "Pre-Tax Profit Margin": {"2019-12-31": "12.34180", "2018-12-31": "18.26820", "2017-12-31": "10.21140", "2016-12-31": "8.10410", "2015-12-31": "15.51340", "2014-12-31": "11.85830", "2013-12-31": "10.75870"}, "Net Profit Margin": {"2019-12-31": "10.75950", "2018-12-31": "17.24520", "2017-12-31": "94.05230", "2016-12-31": "4.87720", "2015-12-31": "10.86310", "2014-12-31": "7.00360", "2013-12-31": "6.17230"}, "Asset Turnover": {"2019-12-31": "0.25190", "2018-12-31": "0.29230", "2017-12-31": "0.28730", "2016-12-31": "0.27730", "2015-12-31": "0.27470", "2014-12-31": "0.25870", "2013-12-31": ""}, "Inventory Turnover Ratio": {"2019-12-31": "", "2018-12-31": "", "2017-12-31": "", "2016-12-31": "", "2015-12-31": "", "2014-12-31": "", "2013-12-31": ""}, "Receiveable Turnover": {"2019-12-31": "15.80000", "2018-12-31": "17.88890", "2017-12-31": "22.32800", "2016-12-31": "20.97690", "2015-12-31": "22.03280", "2014-12-31": "25.38380", "2013-12-31": ""}, "Days Sales In Receivables": {"2019-12-31": "23.10130", "2018-12-31": "20.40370", "2017-12-31": "16.34720", "2016-12-31": "17.40010", "2015-12-31": "16.56620", "2014-12-31": "14.37920", "2013-12-31": ""}, "ROE - Return On Equity": {"2019-12-31": "4.89850", "2018-12-31": "8.53920", "2017-12-31": "44.12950", "2016-12-31": "3.63590", "2015-12-31": "10.69000", "2014-12-31": "6.98030", "2013-12-31": ""}, "Return On Tangible Equity": {"2019-12-31": "5.45020", "2018-12-31": "9.63250", "2017-12-31": "49.50140", "2016-12-31": "4.37800", "2015-12-31": "14.05080", "2014-12-31": "10.42630", "2013-12-31": ""}, "ROA - Return On Assets": {"2019-12-31": "2.79890", "2018-12-31": "5.09450", "2017-12-31": "27.08460", "2016-12-31": "1.41350", "2015-12-31": "3.05510", "2014-12-31": "1.86330", "2013-12-31": ""}, "ROI - Return On Investment": {"2019-12-31": "3.06140", "2018-12-31": "5.58940", "2017-12-31": "29.48560", "2016-12-31": "2.03370", "2015-12-31": "4.36240", "2014-12-31": "2.64660", "2013-12-31": ""}, "Book Value Per Share": {"2019-12-31": "26.94800", "2018-12-31": "27.76370", "2017-12-31": "27.75020", "2016-12-31": "19.34670", "2015-12-31": "14.12940", "2014-12-31": "13.09890", "2013-12-31": ""}, "Operating Cash Flow Per Share": {"2019-12-31": 0.1662, "2018-12-31": -0.8749, "2017-12-31": 1.0362, "2016-12-31": -0.606, "2015-12-31": 2.6212, "2014-12-31": 0, "2013-12-31": 0}, "Free Cash Flow Per Share": {"2019-12-31": 0.1173, "2018-12-31": 0.9258, "2017-12-31": 1.3182, "2016-12-31": -10.0353, "2015-12-31": 10.904, "2014-12-31": 0, "2013-12-31": 0}}, "financial ratios, quarterly": {"Current Ratio": {"2020-09-30": "4.81850", "2020-06-30": "7.03940", "2020-03-31": "5.40890", "2019-12-31": "1.83240", "2019-09-30": "1.32400", "2019-06-30": "1.73700", "2019-03-31": "1.42510", "2018-12-31": "1.54730", "2018-09-30": "1.54790", "2018-06-30": "1.78870", "2018-03-31": "1.34690", "2017-12-31": "1.33120", "2017-09-30": "1.25990", "2017-06-30": "1.21030", "2017-03-31": "1.16900", "2016-12-31": "1.20510", "2016-09-30": "2.33210", "2016-06-30": "", "2016-03-31": "", "2015-12-31": "", "2015-09-30": "", "2014-12-31": "", "2013-12-31": ""}, "Long-term Debt / Capital": {"2020-09-30": "0.50320", "2020-06-30": "0.49000", "2020-03-31": "0.46590", "2019-12-31": "0.37500", "2019-09-30": "0.38850", "2019-06-30": "0.34590", "2019-03-31": "0.34580", "2018-12-31": "0.34540", "2018-09-30": "0.33980", "2018-06-30": "0.33860", "2018-03-31": "0.34010", "2017-12-31": "0.33180", "2017-09-30": "0.33360", "2017-06-30": "0.33430", "2017-03-31": "0.33530", "2016-12-31": "0.44070", "2016-09-30": "0.43020", "2016-06-30": "", "2016-03-31": "", "2015-12-31": "", "2015-09-30": "", "2014-12-31": "", "2013-12-31": ""}, "Debt/Equity Ratio": {"2020-09-30": "1.01310", "2020-06-30": "0.96090", "2020-03-31": "0.87230", "2019-12-31": "0.60010", "2019-09-30": "0.63540", "2019-06-30": "0.52890", "2019-03-31": "0.52850", "2018-12-31": "0.52770", "2018-09-30": "0.51470", "2018-06-30": "0.51190", "2018-03-31": "0.51550", "2017-12-31": "0.49660", "2017-09-30": "0.50060", "2017-06-30": "0.50220", "2017-03-31": "0.50440", "2016-12-31": "0.78790", "2016-09-30": "0.75490", "2016-06-30": "", "2016-03-31": "", "2015-12-31": "", "2015-09-30": "", "2014-12-31": "", "2013-12-31": ""}, "Gross Margin": {"2020-09-30": "51.02040", "2020-06-30": "19.04760", "2020-03-31": "60.76800", "2019-12-31": "65.43210", "2019-09-30": "65.62500", "2019-06-30": "65.43390", "2019-03-31": "64.94690", "2018-12-31": "65.16040", "2018-09-30": "65.64420", "2018-06-30": "66.75790", "2018-03-31": "64.37130", "2017-12-31": "64.43150", "2017-09-30": "65.26160", "2017-06-30": "65.89360", "2017-03-31": "64.32750", "2016-12-31": "64.17910", "2016-09-30": "64.67960", "2016-06-30": "65.65520", "2016-03-31": "63.54010", "2015-12-31": "", "2015-09-30": "", "2014-12-31": "", "2013-12-31": ""}, "Operating Margin": {"2020-09-30": "-210.20410", "2020-06-30": "-476.19050", "2020-03-31": "-106.34390", "2019-12-31": "18.27160", "2019-09-30": "5.65480", "2019-06-30": "15.78950", "2019-03-31": "19.57510", "2018-12-31": "14.13990", "2018-09-30": "12.88340", "2018-06-30": "20.38300", "2018-03-31": "26.04790", "2017-12-31": "9.47520", "2017-09-30": "12.93610", "2017-06-30": "16.78040", "2017-03-31": "13.74270", "2016-12-31": "12.98510", "2016-09-30": "16.39340", "2016-06-30": "19.58620", "2016-03-31": "12.10290", "2015-12-31": "", "2015-09-30": "", "2014-12-31": "", "2013-12-31": ""}, "EBIT Margin": {"2020-09-30": "-210.20410", "2020-06-30": "-476.19050", "2020-03-31": "-106.34390", "2019-12-31": "18.27160", "2019-09-30": "5.65480", "2019-06-30": "15.78950", "2019-03-31": "19.57510", "2018-12-31": "14.13990", "2018-09-30": "12.88340", "2018-06-30": "20.38300", "2018-03-31": "26.04790", "2017-12-31": "9.47520", "2017-09-30": "12.93610", "2017-06-30": "16.78040", "2017-03-31": "13.74270", "2016-12-31": "12.98510", "2016-09-30": "16.39340", "2016-06-30": "19.58620", "2016-03-31": "12.10290", "2015-12-31": "", "2015-09-30": "", "2014-12-31": "", "2013-12-31": ""}, "EBITDA Margin": {"2020-09-30": "", "2020-06-30": "", "2020-03-31": "", "2019-12-31": "", "2019-09-30": "", "2019-06-30": "", "2019-03-31": "", "2018-12-31": "", "2018-09-30": "", "2018-06-30": "", "2018-03-31": "", "2017-12-31": "", "2017-09-30": "", "2017-06-30": "", "2017-03-31": "", "2016-12-31": "", "2016-09-30": "", "2016-06-30": "", "2016-03-31": "", "2015-12-31": "", "2015-09-30": "", "2014-12-31": "", "2013-12-31": ""}, "Pre-Tax Profit Margin": {"2020-09-30": "-280.61220", "2020-06-30": "-614.28570", "2020-03-31": "-113.35560", "2019-12-31": "18.39510", "2019-09-30": "1.33930", "2019-06-30": "12.66000", "2019-03-31": "15.78150", "2018-12-31": "9.47520", "2018-09-30": "8.43560", "2018-06-30": "31.60060", "2018-03-31": "22.30540", "2017-12-31": "8.60060", "2017-09-30": "8.86630", "2017-06-30": "13.09690", "2017-03-31": "10.08770", "2016-12-31": "2.98510", "2016-09-30": "9.38900", "2016-06-30": "13.93100", "2016-03-31": "5.59760", "2015-12-31": "", "2015-09-30": "", "2014-12-31": "", "2013-12-31": ""}, "Net Profit Margin": {"2020-09-30": "-281.63270", "2020-06-30": "-616.66660", "2020-03-31": "-114.85810", "2019-12-31": "15.18520", "2019-09-30": "0.74400", "2019-06-30": "11.66430", "2019-03-31": "14.56750", "2018-12-31": "7.87170", "2018-09-30": "7.97550", "2018-06-30": "29.54860", "2018-03-31": "22.45510", "2017-12-31": "8.74640", "2017-09-30": "14.97090", "2017-06-30": "15.27970", "2017-03-31": "343.56730", "2016-12-31": "2.53730", "2016-09-30": "5.06710", "2016-06-30": "8.27590", "2016-03-31": "3.32830", "2015-12-31": "", "2015-09-30": "", "2014-12-31": "", "2013-12-31": ""}, "Asset Turnover": {"2020-09-30": "0.00900", "2020-06-30": "0.00380", "2020-03-31": "0.05310", "2019-12-31": "0.07170", "2019-09-30": "0.05780", "2019-06-30": "0.07450", "2019-03-31": "0.07020", "2018-12-31": "0.07330", "2018-09-30": "0.06970", "2018-06-30": "0.07730", "2018-03-31": "0.07160", "2017-12-31": "0.07060", "2017-09-30": "0.07020", "2017-06-30": "0.07470", "2017-03-31": "0.06950", "2016-12-31": "0.06810", "2016-09-30": "0.06730", "2016-06-30": "", "2016-03-31": "", "2015-12-31": "", "2015-09-30": "", "2014-12-31": "", "2013-12-31": ""}, "Inventory Turnover Ratio": {"2020-09-30": "", "2020-06-30": "", "2020-03-31": "", "2019-12-31": "", "2019-09-30": "", "2019-06-30": "", "2019-03-31": "", "2018-12-31": "", "2018-09-30": "", "2018-06-30": "", "2018-03-31": "", "2017-12-31": "", "2017-09-30": "", "2017-06-30": "", "2017-03-31": "", "2016-12-31": "", "2016-09-30": "", "2016-06-30": "", "2016-03-31": "", "2015-12-31": "", "2015-09-30": "", "2014-12-31": "", "2013-12-31": ""}, "Receiveable Turnover": {"2020-09-30": "2.72220", "2020-06-30": "1.35480", "2020-03-31": "5.30090", "2019-12-31": "4.50000", "2019-09-30": "3.48190", "2019-06-30": "3.77960", "2019-03-31": "3.83140", "2018-12-31": "4.48370", "2018-09-30": "3.70450", "2018-06-30": "4.06110", "2018-03-31": "4.84060", "2017-12-31": "5.48800", "2017-09-30": "4.35440", "2017-06-30": "3.89890", "2017-03-31": "3.80000", "2016-12-31": "5.15380", "2016-09-30": "4.30130", "2016-06-30": "", "2016-03-31": "", "2015-12-31": "", "2015-09-30": "", "2014-12-31": "", "2013-12-31": ""}, "Days Sales In Receivables": {"2020-09-30": "33.06120", "2020-06-30": "66.42860", "2020-03-31": "16.97830", "2019-12-31": "20.00000", "2019-09-30": "25.84820", "2019-06-30": "23.81220", "2019-03-31": "23.49010", "2018-12-31": "20.07290", "2018-09-30": "24.29450", "2018-06-30": "22.16140", "2018-03-31": "18.59280", "2017-12-31": "16.39940", "2017-09-30": "20.66860", "2017-06-30": "23.08320", "2017-03-31": "23.68420", "2016-12-31": "17.46270", "2016-09-30": "20.92400", "2016-06-30": "", "2016-03-31": "", "2015-12-31": "", "2015-09-30": "", "2014-12-31": "", "2013-12-31": ""}, "ROE - Return On Equity": {"2020-09-30": "-5.45990", "2020-06-30": "-4.90050", "2020-03-31": "-12.34100", "2019-12-31": "1.95320", "2019-09-30": "0.13950", "2019-06-30": "1.50650", "2019-03-31": "1.73840", "2018-12-31": "0.98460", "2018-09-30": "0.96020", "2018-06-30": "3.78670", "2018-03-31": "2.60720", "2017-12-31": "1.02310", "2017-09-30": "1.74330", "2017-06-30": "1.91630", "2017-03-31": "39.35690", "2016-12-31": "0.44470", "2016-09-30": "0.90890", "2016-06-30": "", "2016-03-31": "", "2015-12-31": "", "2015-09-30": "", "2014-12-31": "", "2013-12-31": ""}, "Return On Tangible Equity": {"2020-09-30": "-5.50900", "2020-06-30": "-4.94220", "2020-03-31": "-12.44360", "2019-12-31": "2.17320", "2019-09-30": "0.15520", "2019-06-30": "1.69120", "2019-03-31": "1.95130", "2018-12-31": "1.11070", "2018-09-30": "1.07950", "2018-06-30": "4.25530", "2018-03-31": "2.93310", "2017-12-31": "1.14770", "2017-09-30": "1.95350", "2017-06-30": "2.14830", "2017-03-31": "44.13980", "2016-12-31": "0.53540", "2016-09-30": "1.08160", "2016-06-30": "", "2016-03-31": "", "2015-12-31": "", "2015-09-30": "", "2014-12-31": "", "2013-12-31": ""}, "ROA - Return On Assets": {"2020-09-30": "-2.54310", "2020-06-30": "-2.36010", "2020-03-31": "-6.10980", "2019-12-31": "1.11600", "2019-09-30": "0.07750", "2019-06-30": "0.89070", "2019-03-31": "1.03260", "2018-12-31": "0.58740", "2018-09-30": "0.58790", "2018-06-30": "2.30660", "2018-03-31": "1.59600", "2017-12-31": "0.62800", "2017-09-30": "1.07110", "2017-06-30": "1.17140", "2017-03-31": "23.88210", "2016-12-31": "0.17290", "2016-09-30": "0.37120", "2016-06-30": "", "2016-03-31": "", "2015-12-31": "", "2015-09-30": "", "2014-12-31": "", "2013-12-31": ""}, "ROI - Return On Investment": {"2020-09-30": "-2.71230", "2020-06-30": "-2.49900", "2020-03-31": "-6.59140", "2019-12-31": "1.22070", "2019-09-30": "0.08530", "2019-06-30": "0.98530", "2019-03-31": "1.13730", "2018-12-31": "0.64450", "2018-09-30": "0.63390", "2018-06-30": "2.50460", "2018-03-31": "1.72040", "2017-12-31": "0.68360", "2017-09-30": "1.16180", "2017-06-30": "1.27570", "2017-03-31": "26.16050", "2016-12-31": "0.24870", "2016-09-30": "0.51790", "2016-06-30": "", "2016-03-31": "", "2015-12-31": "", "2015-09-30": "", "2014-12-31": "", "2013-12-31": ""}, "Book Value Per Share": {"2020-09-30": "21.45470", "2020-06-30": "22.60560", "2020-03-31": "23.71430", "2019-12-31": "26.94800", "2019-09-30": "26.95620", "2019-06-30": "27.65590", "2019-03-31": "27.68700", "2018-12-31": "27.76370", "2018-09-30": "28.47360", "2018-06-30": "28.61630", "2018-03-31": "28.41930", "2017-12-31": "27.75020", "2017-09-30": "28.03160", "2017-06-30": "27.93310", "2017-03-31": "27.80220", "2016-12-31": "19.34670", "2016-09-30": "", "2016-06-30": "", "2016-03-31": "", "2015-12-31": "", "2015-09-30": "", "2014-12-31": "", "2013-12-31": ""}, "Operating Cash Flow Per Share": {"2020-09-30": -0.4937, "2020-06-30": -0.6177, "2020-03-31": "-0.05460", "2019-12-31": 0.6567, "2019-09-30": 0.4781, "2019-06-30": 0.8515, "2019-03-31": "0.35640", "2018-12-31": 0.7088, "2018-09-30": 0.7314, "2018-06-30": 0.5335, "2018-03-31": "0.20280", "2017-12-31": 0.9212, "2017-09-30": 0.8558, "2017-06-30": 0.6124, "2017-03-31": "0.66200", "2016-12-31": 0.5304, "2016-09-30": 0.3787, "2016-06-30": 0.6263, "2016-03-31": "0.47980", "2015-12-31": 0, "2015-09-30": 0, "2014-12-31": 0, "2013-12-31": 0}, "Free Cash Flow Per Share": {"2020-09-30": -0.5532, "2020-06-30": -0.7273, "2020-03-31": "0.69750", "2019-12-31": 1.3121, "2019-09-30": 0.1704, "2019-06-30": 1.3861, "2019-03-31": "0.36140", "2018-12-31": 0.4709, "2018-09-30": 0.5025, "2018-06-30": 0.4884, "2018-03-31": "1.65090", "2017-12-31": 0.6381, "2017-09-30": 0.6744, "2017-06-30": 0.3861, "2017-03-31": "0.48830", "2016-12-31": 0.2424, "2016-09-30": 0.1667, "2016-06-30": 0.3081, "2016-03-31": "0.15150", "2015-12-31": 0, "2015-09-30": 0, "2014-12-31": 0, "2013-12-31": 0}}, "revenue": {"Park Hotels & Resorts Annual Revenue (Millions of US $)": {"2019": "$2,844", "2018": "$2,737", "2017": "$2,791", "2016": "$2,727", "2015": "$2,688", "2014": "$2,513", "2013": "$2,333"}, "Park Hotels & Resorts Quarterly Revenue (Millions of US $)": {"2020-09-30": "$98", "2020-06-30": "$42", "2020-03-31": "$599", "2019-12-31": "$810", "2019-09-30": "$672", "2019-06-30": "$703", "2019-03-31": "$659", "2018-12-31": "$686", "2018-09-30": "$652", "2018-06-30": "$731", "2018-03-31": "$668", "2017-12-31": "$686", "2017-09-30": "$688", "2017-06-30": "$733", "2017-03-31": "$684", "2016-12-31": "$670", "2016-09-30": "$671", "2016-06-30": "$725", "2016-03-31": "$661", "2015-12-31": "", "2015-09-30": "", "2014-12-31": "", "2013-12-31": ""}}, "gross-profit": {"Park Hotels & Resorts Annual Gross Profit (Millions of US $)": {"2019": "$1,859", "2018": "$1,793", "2017": "$1,814", "2016": "$1,760", "2015": "$1,747", "2014": "$1,602", "2013": "$1,474"}, "Park Hotels & Resorts Quarterly Gross Profit (Millions of US $)": {"2020-09-30": "$50", "2020-06-30": "$8", "2020-03-31": "$364", "2019-12-31": "$530", "2019-09-30": "$441", "2019-06-30": "$460", "2019-03-31": "$428", "2018-12-31": "$447", "2018-09-30": "$428", "2018-06-30": "$488", "2018-03-31": "$430", "2017-12-31": "$442", "2017-09-30": "$449", "2017-06-30": "$483", "2017-03-31": "$440", "2016-12-31": "$430", "2016-09-30": "$434", "2016-06-30": "$476", "2016-03-31": "$420", "2015-12-31": "", "2015-09-30": "", "2014-12-31": "", "2013-12-31": ""}}, "operating-income": {"Park Hotels & Resorts Annual Operating Income (Millions of US $)": {"2019": "$426", "2018": "$504", "2017": "$371", "2016": "$419", "2015": "$586", "2014": "$440", "2013": "$330"}, "Park Hotels & Resorts Quarterly Operating Income (Millions of US $)": {"2020-09-30": "$-206", "2020-06-30": "$-200", "2020-03-31": "$-637", "2019-12-31": "$148", "2019-09-30": "$38", "2019-06-30": "$111", "2019-03-31": "$129", "2018-12-31": "$97", "2018-09-30": "$84", "2018-06-30": "$149", "2018-03-31": "$174", "2017-12-31": "$65", "2017-09-30": "$89", "2017-06-30": "$123", "2017-03-31": "$94", "2016-12-31": "$87", "2016-09-30": "$110", "2016-06-30": "$142", "2016-03-31": "$80", "2015-12-31": "", "2015-09-30": "", "2014-12-31": "", "2013-12-31": ""}}, "ebitda": {"Park Hotels & Resorts Annual EBITDA (Millions of US $)": {"2019": "$695", "2018": "$785", "2017": "$664", "2016": "$730", "2015": "$884", "2014": "$701", "2013": "$573"}, "Park Hotels & Resorts Quarterly EBITDA (Millions of US $)": {"2020-09-30": "$-128", "2020-06-30": "$-123", "2020-03-31": "$-561", "2019-12-31": "$230", "2019-09-30": "$100", "2019-06-30": "$173", "2019-03-31": "$192", "2018-12-31": "$167", "2018-09-30": "$154", "2018-06-30": "$219", "2018-03-31": "$245", "2017-12-31": "$138", "2017-09-30": "$164", "2017-06-30": "$197", "2017-03-31": "$165", "2016-12-31": "$170", "2016-09-30": "$186", "2016-06-30": "$219", "2016-03-31": "$155", "2015-12-31": "", "2015-09-30": "", "2014-12-31": "", "2013-12-31": ""}}, "net-income": {"Park Hotels & Resorts Annual Net Income (Millions of US $)": {"2019": "$306", "2018": "$472", "2017": "$2,625", "2016": "$133", "2015": "$292", "2014": "$176", "2013": "$144"}, "Park Hotels & Resorts Quarterly Net Income (Millions of US $)": {"2020-09-30": "$-276", "2020-06-30": "$-259", "2020-03-31": "$-688", "2019-12-31": "$123", "2019-09-30": "$5", "2019-06-30": "$82", "2019-03-31": "$96", "2018-12-31": "$54", "2018-09-30": "$52", "2018-06-30": "$216", "2018-03-31": "$150", "2017-12-31": "$60", "2017-09-30": "$103", "2017-06-30": "$112", "2017-03-31": "$2,350", "2016-12-31": "$17", "2016-09-30": "$34", "2016-06-30": "$60", "2016-03-31": "$22", "2015-12-31": "", "2015-09-30": "", "2014-12-31": "", "2013-12-31": ""}}, "eps-earnings-per-share-diluted": {"Park Hotels & Resorts Annual EPS": {"2019": "$1.44", "2018": "$2.31", "2017": "$12.21", "2016": "$0.67", "2015": "$1.48", "2014": "$0.00", "2013": "$0.00"}, "Park Hotels & Resorts Quarterly EPS": {"2020-09-30": "$-1.17", "2020-06-30": "$-1.10", "2020-03-31": "$-2.89", "2019-12-31": "$0.54", "2019-09-30": "$0.02", "2019-06-30": "$0.40", "2019-03-31": "$0.48", "2018-12-31": "$0.27", "2018-09-30": "$0.26", "2018-06-30": "$1.07", "2018-03-31": "$0.71", "2017-12-31": "$0.20", "2017-09-30": "$0.48", "2017-06-30": "$0.52", "2017-03-31": "$11.01", "2016-12-31": "$0.09", "2016-09-30": "$0.17", "2016-06-30": "$0.30", "2016-03-31": "$0.11", "2015-12-31": "$0.00", "2015-09-30": "$0.00", "2014-12-31": "$0.00", "2013-12-31": "$0.00"}}, "shares-outstanding": {"Park Hotels & Resorts Annual Shares Outstanding (Millions of Shares)": {"2019": "213", "2018": "204", "2017": "214", "2016": "198", "2015": "198", "2014": "", "2013": ""}, "Park Hotels & Resorts Quarterly Shares Outstanding (Millions of Shares)": {"2020-09-30": "235", "2020-06-30": "235", "2020-03-31": "238", "2019-12-31": "213", "2019-09-30": "207", "2019-06-30": "202", "2019-03-31": "202", "2018-12-31": "204", "2018-09-30": "201", "2018-06-30": "201", "2018-03-31": "212", "2017-12-31": "214", "2017-09-30": "215", "2017-06-30": "215", "2017-03-31": "213", "2016-12-31": "198", "2016-09-30": "198", "2016-06-30": "198", "2016-03-31": "198", "2015-12-31": "", "2015-09-30": "", "2014-12-31": "", "2013-12-31": ""}}, "total-assets": {"Park Hotels & Resorts Annual Total Assets (Millions of US $)": {"2019": "$11,290", "2018": "$9,363", "2017": "$9,714", "2016": "$9,834", "2015": "$9,787", "2014": "$9,714", "2013": "$0"}, "Park Hotels & Resorts Quarterly Total Assets (Millions of US $)": {"2020-09-30": "$10,853", "2020-06-30": "$11,059", "2020-03-31": "$11,277", "2019-12-31": "$11,290", "2019-09-30": "$11,620", "2019-06-30": "$9,431", "2019-03-31": "$9,394", "2018-12-31": "$9,363", "2018-09-30": "$9,355", "2018-06-30": "$9,451", "2018-03-31": "$9,336", "2017-12-31": "$9,714", "2017-09-30": "$9,803", "2017-06-30": "$9,817", "2017-03-31": "$9,840", "2016-12-31": "$9,834", "2016-09-30": "$9,969", "2016-06-30": "$0", "2016-03-31": "$0", "2015-12-31": "$0", "2015-09-30": "$0", "2014-12-31": "$9,714", "2013-12-31": "$0"}}, "cash-on-hand": {"Park Hotels & Resorts Annual Cash on Hand (Millions of US $)": {"2019": "$386", "2018": "$425", "2017": "$379", "2016": "$350", "2015": "$144", "2014": "$74", "2013": "$"}, "Park Hotels & Resorts Quarterly Cash on Hand (Millions of US $)": {"2020-09-30": "$1,169", "2020-06-30": "$1,309", "2020-03-31": "$1,342", "2019-12-31": "$386", "2019-09-30": "$364", "2019-06-30": "$480", "2019-03-31": "$290", "2018-12-31": "$425", "2018-09-30": "$415", "2018-06-30": "$438", "2018-03-31": "$280", "2017-12-31": "$379", "2017-09-30": "$377", "2017-06-30": "$324", "2017-03-31": "$336", "2016-12-31": "$350", "2016-09-30": "$425", "2016-06-30": "", "2016-03-31": "", "2015-12-31": "", "2015-09-30": "", "2014-12-31": "$74", "2013-12-31": ""}}, "long-term-debt": {"Park Hotels & Resorts Annual Long Term Debt (Millions of US $)": {"2019": "$3,871", "2018": "$2,948", "2017": "$2,961", "2016": "$3,012", "2015": "$4,057", "2014": "$4,246", "2013": "$"}, "Park Hotels & Resorts Quarterly Long Term Debt (Millions of US $)": {"2020-09-30": "$5,121", "2020-06-30": "$5,118", "2020-03-31": "$4,870", "2019-12-31": "$3,871", "2019-09-30": "$4,100", "2019-06-30": "$2,949", "2019-03-31": "$2,949", "2018-12-31": "$2,948", "2018-09-30": "$2,948", "2018-06-30": "$2,947", "2018-03-31": "$2,946", "2017-12-31": "$2,961", "2017-09-30": "$3,015", "2017-06-30": "$3,014", "2017-03-31": "$3,012", "2016-12-31": "$3,012", "2016-09-30": "$3,073", "2016-06-30": "", "2016-03-31": "", "2015-12-31": "", "2015-09-30": "", "2014-12-31": "$4,246", "2013-12-31": ""}}, "total-liabilities": {"Park Hotels & Resorts Annual Total Liabilities (Millions of US $)": {"2019": "$4,839", "2018": "$3,777", "2017": "$3,752", "2016": "$6,011", "2015": "$6,990", "2014": "$7,121", "2013": "$0"}, "Park Hotels & Resorts Quarterly Total Liabilities (Millions of US $)": {"2020-09-30": "$5,798", "2020-06-30": "$5,733", "2020-03-31": "$5,694", "2019-12-31": "$4,839", "2019-09-30": "$5,167", "2019-06-30": "$3,855", "2019-03-31": "$3,814", "2018-12-31": "$3,777", "2018-09-30": "$3,627", "2018-06-30": "$3,694", "2018-03-31": "$3,621", "2017-12-31": "$3,752", "2017-09-30": "$3,780", "2017-06-30": "$3,816", "2017-03-31": "$3,869", "2016-12-31": "$6,011", "2016-09-30": "$5,898", "2016-06-30": "$0", "2016-03-31": "$0", "2015-12-31": "", "2015-09-30": "$0", "2014-12-31": "$7,121", "2013-12-31": "$0"}}, "total-share-holder-equity": {"Park Hotels & Resorts Annual Share Holder Equity (Millions of US $)": {"2019": "$6,451", "2018": "$5,586", "2017": "$5,962", "2016": "$3,823", "2015": "$2,797", "2014": "$2,593", "2013": "$0"}, "Park Hotels & Resorts Quarterly Share Holder Equity (Millions of US $)": {"2020-09-30": "$5,055", "2020-06-30": "$5,326", "2020-03-31": "$5,583", "2019-12-31": "$6,451", "2019-09-30": "$6,453", "2019-06-30": "$5,576", "2019-03-31": "$5,580", "2018-12-31": "$5,586", "2018-09-30": "$5,728", "2018-06-30": "$5,757", "2018-03-31": "$5,715", "2017-12-31": "$5,962", "2017-09-30": "$6,023", "2017-06-30": "$6,001", "2017-03-31": "$5,971", "2016-12-31": "$3,823", "2016-09-30": "$4,071", "2016-06-30": "$0", "2016-03-31": "$0", "2015-12-31": "", "2015-09-30": "$0", "2014-12-31": "$2,593", "2013-12-31": "$0"}}, "profit-margins": {"current": "-71.01%"}, "gross margin": {"2020-09-30": "61.46%", "2020-06-30": "63.26%", "2020-03-31": "64.48%", "2019-12-31": "65.37%", "2019-09-30": "65.29%", "2019-06-30": "65.30%", "2019-03-31": "65.65%", "2018-12-31": "65.51%", "2018-09-30": "65.33%", "2018-06-30": "65.24%", "2018-03-31": "65.01%", "2017-12-31": "64.99%", "2017-09-30": "64.94%", "2017-06-30": "64.79%", "2017-03-31": "64.73%", "2016-12-31": "64.54%"}, "operating margin": {"2020-09-30": "-57.78%", "2020-06-30": "-30.66%", "2020-03-31": "-12.21%", "2019-12-31": "14.98%", "2019-09-30": "13.79%", "2019-06-30": "15.59%", "2019-03-31": "16.83%", "2018-12-31": "18.41%", "2018-09-30": "17.25%", "2018-06-30": "17.20%", "2018-03-31": "16.25%", "2017-12-31": "13.29%", "2017-09-30": "14.16%", "2017-06-30": "15.01%", "2017-03-31": "15.75%", "2016-12-31": "15.36%"}, "ebitda margin": {"2020-09-30": "-37.57%", "2020-06-30": "-16.67%", "2020-03-31": "-2.08%", "2019-12-31": "24.44%", "2019-09-30": "23.24%", "2019-06-30": "25.41%", "2019-03-31": "26.83%", "2018-12-31": "28.68%", "2018-09-30": "27.62%", "2018-06-30": "27.62%", "2018-03-31": "26.81%", "2017-12-31": "23.79%", "2017-09-30": "25.08%", "2017-06-30": "26.03%", "2017-03-31": "26.91%", "2016-12-31": "26.77%"}, "pre tax profit margin": {"2020-09-30": "-68.62%", "2020-06-30": "-36.69%", "2020-03-31": "-15.52%", "2019-12-31": "12.34%", "2019-09-30": "9.82%", "2019-06-30": "11.59%", "2019-03-31": "16.68%", "2018-12-31": "18.27%", "2018-09-30": "18.05%", "2018-06-30": "18.03%", "2018-03-31": "13.15%", "2017-12-31": "10.21%", "2017-09-30": "8.86%", "2017-06-30": "8.99%", "2017-03-31": "9.20%", "2016-12-31": "8.10%"}, "net profit margin": {"2020-09-30": "-71.01%", "2020-06-30": "-38.58%", "2020-03-31": "-17.17%", "2019-12-31": "10.76%", "2019-09-30": "8.71%", "2019-06-30": "10.52%", "2019-03-31": "15.32%", "2018-12-31": "17.25%", "2018-09-30": "17.46%", "2018-06-30": "19.08%", "2018-03-31": "15.32%", "2017-12-31": "94.05%", "2017-09-30": "93.05%", "2017-06-30": "91.12%", "2017-03-31": "89.49%", "2016-12-31": "4.88%"}, "pe ratio": {"current": "0.00", "2021-02-05": "0.00", "2020-09-30": "0.00", "2020-06-30": "0.00", "2020-03-31": "0.00", "2019-12-31": "17.39", "2019-09-30": "19.81", "2019-06-30": "17.82", "2019-03-31": "13.40", "2018-12-31": "9.94", "2018-09-30": "12.04", "2018-06-30": "10.13", "2018-03-31": "11.08", "2017-12-31": "1.88"}, "price sales": {"2021-02-05": "2.62", "2020-09-30": "1.44", "2020-06-30": "1.01", "2020-03-31": "0.61", "2019-12-31": "1.78", "2019-09-30": "1.74", "2019-06-30": "1.88", "2019-03-31": "2.06", "2018-12-31": "1.71", "2018-09-30": "2.11", "2018-06-30": "1.95", "2018-03-31": "1.70", "2017-12-31": "1.77"}, "price book": {"current": "0.85", "2021-02-05": "0.85", "2020-09-30": "0.47", "2020-06-30": "0.44", "2020-03-31": "0.33", "2019-12-31": "0.91", "2019-09-30": "0.86", "2019-06-30": "0.91", "2019-03-31": "1.01", "2018-12-31": "0.83", "2018-09-30": "0.98", "2018-06-30": "0.90", "2018-03-31": "0.78", "2017-12-31": "0.83", "2017-09-30": "0.77", "2017-06-30": "0.75", "2017-03-31": "0.71"}, "price fcf": {"2021-02-05": "", "2020-09-30": "$0.73", "2020-06-30": "$1.45", "2020-03-31": "$3.57", "2019-12-31": "$3.23", "2019-09-30": "$2.39", "2019-06-30": "$2.72", "2019-03-31": "$1.82", "2018-12-31": "$3.11", "2018-09-30": "$3.28", "2018-06-30": "$3.45", "2018-03-31": "$3.35", "2017-12-31": "$2.19"}, "net worth": {"value": "$4.28B"}, "current ratio": {"2020-09-30": "4.82", "2020-06-30": "7.04", "2020-03-31": "5.41", "2019-12-31": "1.83", "2019-09-30": "1.32", "2019-06-30": "1.74", "2019-03-31": "1.43", "2018-12-31": "1.55", "2018-09-30": "1.55", "2018-06-30": "1.79", "2018-03-31": "1.35", "2017-12-31": "1.33", "2017-09-30": "1.26", "2017-06-30": "1.21", "2017-03-31": "1.17", "2016-12-31": "1.21", "2016-09-30": "2.33", "2016-06-30": "0.00", "2016-03-31": "0.00", "2015-12-31": "0.00", "2015-09-30": "0.00", "2014-12-31": "0.83", "2013-12-31": "0.00"}, "quick ratio": {"2020-09-30": "0.00", "2020-06-30": "0.00", "2020-03-31": "0.00", "2019-12-31": "0.00", "2019-09-30": "0.00", "2019-06-30": "0.00", "2019-03-31": "0.00", "2018-12-31": "0.00", "2018-09-30": "0.00", "2018-06-30": "0.00", "2018-03-31": "0.00", "2017-12-31": "0.00", "2017-09-30": "0.00", "2017-06-30": "0.00", "2017-03-31": "0.00", "2016-12-31": "0.00", "2016-09-30": "0.00", "2016-06-30": "0.00", "2016-03-31": "0.00", "2015-12-31": "0.00", "2015-09-30": "0.00", "2014-12-31": "0.00", "2013-12-31": "0.00"}, "debt equity ratio": {"current": "1.01", "2020-09-30": "1.15", "2020-06-30": "1.08", "2020-03-31": "1.02", "2019-12-31": "0.75", "2019-09-30": "0.80", "2019-06-30": "0.69", "2019-03-31": "0.68", "2018-12-31": "0.68", "2018-09-30": "0.63", "2018-06-30": "0.64", "2018-03-31": "0.63", "2017-12-31": "0.63", "2017-09-30": "0.63", "2017-06-30": "0.64", "2017-03-31": "0.65", "2016-12-31": "1.57", "2016-09-30": "1.45", "2016-06-30": "0.00", "2016-03-31": "0.00", "2015-12-31": "0.00", "2015-09-30": "0.00", "2014-12-31": "2.75", "2013-12-31": "0.00"}, "return on equity": {"2020-09-30": "-19.63%", "2020-06-30": "-13.76%", "2020-03-31": "-7.95%", "2019-12-31": "5.09%", "2019-09-30": "4.09%", "2019-06-30": "5.06%", "2019-03-31": "7.38%", "2018-12-31": "8.29%", "2018-09-30": "8.25%", "2018-06-30": "9.02%", "2018-03-31": "7.17%", "2017-12-31": "43.83%", "2017-09-30": "47.34%", "2017-06-30": "50.60%", "2017-03-31": "71.00%", "2016-12-31": "6.74%"}, "return on assets": {"2020-09-30": "-9.89%", "2020-06-30": "-7.24%", "2020-03-31": "-4.38%", "2019-12-31": "2.93%", "2019-09-30": "2.38%", "2019-06-30": "3.03%", "2019-03-31": "4.45%", "2018-12-31": "5.03%", "2018-09-30": "5.05%", "2018-06-30": "5.52%", "2018-03-31": "4.40%", "2017-12-31": "26.80%", "2017-09-30": "26.28%", "2017-06-30": "25.47%", "2017-03-31": "33.21%", "2016-12-31": "2.69%"}, "return on investments": {"2020-09-30": "-8.65%", "2020-06-30": "-6.23%", "2020-03-31": "-3.41%", "2019-12-31": "4.49%", "2019-09-30": "4.15%", "2019-06-30": "4.91%", "2019-03-31": "5.33%", "2018-12-31": "5.83%", "2018-09-30": "5.40%", "2018-06-30": "5.40%", "2018-03-31": "5.06%", "2017-12-31": "4.13%", "2017-09-30": "4.64%", "2017-06-30": "5.18%", "2017-03-31": "7.54%", "2016-12-31": "11.99%"}, "return on tangible equity": {"2020-09-30": "-20.35%", "2020-06-30": "-14.61%", "2020-03-31": "-8.65%", "2019-12-31": "5.68%", "2019-09-30": "4.58%", "2019-06-30": "5.68%", "2019-03-31": "8.30%", "2018-12-31": "9.32%", "2018-09-30": "9.28%", "2018-06-30": "10.13%", "2018-03-31": "8.05%", "2017-12-31": "49.14%", "2017-09-30": "53.72%", "2017-06-30": "58.19%", "2017-03-31": "82.58%", "2016-12-31": "8.07%"}, "dividend yield history": {"last payout": "$0.00", "last yield": "0.00%"}}