{"ticker": "PH", "price": {"title": "Parker-Hannifin Historical Annual Stock Price Data", "value": 279.47, "historical": {"2021": {"Average Stock Price": "275.7650", "Year Open": "266.0200", "Year High": "291.1200", "Year Low": "249.9200", "Year Close": "279.4700", "Annual % Change": "2.59%"}, "2020": {"Average Stock Price": "196.9508", "Year Open": "209.7700", "Year High": "279.8600", "Year Low": "97.5600", "Year Close": "272.4100", "Annual % Change": "32.35%"}, "2019": {"Average Stock Price": "175.6567", "Year Open": "150.3900", "Year High": "209.3000", "Year Low": "144.8400", "Year Close": "205.8200", "Annual % Change": "38.00%"}, "2018": {"Average Stock Price": "173.2450", "Year Open": "199.8800", "Year High": "210.9400", "Year Low": "141.1100", "Year Close": "149.1400", "Annual % Change": "-25.27%"}, "2017": {"Average Stock Price": "165.1451", "Year Open": "142.5500", "Year High": "199.6900", "Year Low": "140.7800", "Year Close": "199.5800", "Annual % Change": "42.56%"}, "2016": {"Average Stock Price": "116.2999", "Year Open": "96.6600", "Year High": "144.9800", "Year Low": "86.5100", "Year Close": "140.0000", "Annual % Change": "44.36%"}, "2015": {"Average Stock Price": "112.8529", "Year Open": "129.1600", "Year High": "129.1600", "Year Low": "93.6200", "Year Close": "96.9800", "Annual % Change": "-24.79%"}, "2014": {"Average Stock Price": "121.2973", "Year Open": "127.2400", "Year High": "132.7800", "Year Low": "102.9600", "Year Close": "128.9500", "Annual % Change": "0.24%"}, "2013": {"Average Stock Price": "101.6891", "Year Open": "87.6600", "Year High": "128.8800", "Year Low": "85.5500", "Year Close": "128.6400", "Annual % Change": "51.23%"}, "2012": {"Average Stock Price": "82.5236", "Year Open": "78.8300", "Year High": "90.7500", "Year Low": "71.8400", "Year Close": "85.0600", "Annual % Change": "11.55%"}, "2011": {"Average Stock Price": "82.5115", "Year Open": "87.5300", "Year High": "98.4900", "Year Low": "60.8100", "Year Close": "76.2500", "Annual % Change": "-11.65%"}, "2010": {"Average Stock Price": "66.7475", "Year Open": "54.5200", "Year High": "86.3900", "Year Low": "54.0300", "Year Close": "86.3000", "Annual % Change": "60.17%"}, "2009": {"Average Stock Price": "45.7014", "Year Open": "45.1600", "Year High": "57.9700", "Year Low": "27.8600", "Year Close": "53.8800", "Annual % Change": "26.66%"}, "2008": {"Average Stock Price": "61.4471", "Year Open": "71.2800", "Year High": "85.6900", "Year Low": "31.8200", "Year Close": "42.5400", "Annual % Change": "-43.51%"}, "2007": {"Average Stock Price": "66.4571", "Year Open": "51.2067", "Year High": "86.1500", "Year Low": "50.7933", "Year Close": "75.3100", "Annual % Change": "46.94%"}, "2006": {"Average Stock Price": "52.1133", "Year Open": "44.4333", "Year High": "57.3400", "Year Low": "44.4333", "Year Close": "51.2533", "Annual % Change": "16.56%"}, "2005": {"Average Stock Price": "42.9959", "Year Open": "49.7867", "Year High": "49.7867", "Year Low": "38.0800", "Year Close": "43.9733", "Annual % Change": "-12.91%"}, "2004": {"Average Stock Price": "40.3679", "Year Open": "39.7400", "Year High": "51.8733", "Year Low": "35.0533", "Year Close": "50.4933", "Annual % Change": "27.29%"}, "2003": {"Average Stock Price": "30.4202", "Year Open": "31.8333", "Year High": "39.6667", "Year Low": "24.3067", "Year Close": "39.6667", "Annual % Change": "28.98%"}, "2002": {"Average Stock Price": "30.3176", "Year Open": "30.8600", "Year High": "36.4200", "Year Low": "23.1000", "Year Close": "30.7533", "Annual % Change": "0.48%"}, "2001": {"Average Stock Price": "28.6070", "Year Open": "29.3333", "Year High": "33.3533", "Year Low": "21.1000", "Year Close": "30.6067", "Annual % Change": "4.03%"}, "2000": {"Average Stock Price": "26.3647", "Year Open": "32.5400", "Year High": "34.7533", "Year Low": "21.2933", "Year Close": "29.4200", "Annual % Change": "-13.99%"}, "1999": {"Average Stock Price": "28.6949", "Year Open": "22.2067", "Year High": "34.2067", "Year Low": "19.7533", "Year Close": "34.2067", "Annual % Change": "56.67%"}, "1998": {"Average Stock Price": "25.7341", "Year Open": "30.4600", "Year High": "34.6667", "Year Low": "18.1267", "Year Close": "21.8333", "Annual % Change": "-28.62%"}, "1997": {"Average Stock Price": "25.3427", "Year Open": "16.9467", "Year High": "34.0000", "Year Low": "16.7778", "Year Close": "30.5867", "Annual % Change": "77.60%"}, "1996": {"Average Stock Price": "17.1586", "Year Open": "15.4444", "Year High": "19.4444", "Year Low": "14.6667", "Year Close": "17.2222", "Annual % Change": "13.14%"}, "1995": {"Average Stock Price": "15.5913", "Year Open": "13.3719", "Year High": "18.3333", "Year Low": "12.2963", "Year Close": "15.2222", "Annual % Change": "12.91%"}, "1994": {"Average Stock Price": "12.1838", "Year Open": "11.0756", "Year High": "13.8519", "Year Low": "10.3348", "Year Close": "13.4815", "Annual % Change": "20.53%"}, "1993": {"Average Stock Price": "9.8309", "Year Open": "9.0756", "Year High": "11.1852", "Year Low": "8.5185", "Year Close": "11.1852", "Annual % Change": "27.40%"}, "1992": {"Average Stock Price": "9.0943", "Year Open": "9.0370", "Year High": "10.7052", "Year Low": "7.8519", "Year Close": "8.7793", "Annual % Change": "-3.26%"}, "1991": {"Average Stock Price": "7.9115", "Year Open": "7.1111", "Year High": "9.1852", "Year Low": "5.2356", "Year Close": "9.0756", "Annual % Change": "28.27%"}, "1990": {"Average Stock Price": "7.7805", "Year Open": "7.8904", "Year High": "9.6681", "Year Low": "5.5941", "Year Close": "7.0756", "Annual % Change": "-5.43%"}, "1989": {"Average Stock Price": "8.2883", "Year Open": "8.2607", "Year High": "9.4074", "Year Low": "7.1852", "Year Close": "7.4815", "Annual % Change": "-10.21%"}, "1988": {"Average Stock Price": "9.6009", "Year Open": "10.8148", "Year High": "11.2978", "Year Low": "7.8904", "Year Close": "8.3319", "Annual % Change": "-22.70%"}, "1987": {"Average Stock Price": "10.4970", "Year Open": "7.9259", "Year High": "14.4444", "Year Low": "7.3333", "Year Close": "10.7793", "Annual % Change": "41.28%"}, "1986": {"Average Stock Price": "7.8169", "Year Open": "7.5556", "Year High": "9.0133", "Year Low": "6.2222", "Year Close": "7.6296", "Annual % Change": "0.32%"}}}, "market cap": {"value": "$36B"}, "income statement": {"Revenue": {"2020-06-30": "13695.52000", "2019-06-30": "14320.32000", "2018-06-30": "14302.39000", "2017-06-30": "12029.31000", "2016-06-30": "11360.75000", "2015-06-30": "12711.74000", "2014-06-30": "13215.97000", "2013-06-30": "13015.70000", "2012-06-30": "13145.94000", "2011-06-30": "12345.87000", "2010-06-30": "9993.16600", "2009-06-30": "10309.01000", "2008-06-30": "12145.61000", "2007-06-30": "10718.06000", "2006-06-30": "9385.88800", "2005-06-30": "8068.80500"}, "Cost Of Goods Sold": {"2020-06-30": "10286.52000", "2019-06-30": "10703.48000", "2018-06-30": "10737.75000", "2017-06-30": "9119.02900", "2016-06-30": "8823.38400", "2015-06-30": "9655.24500", "2014-06-30": "10188.23000", "2013-06-30": "10086.67000", "2012-06-30": "9958.33700", "2011-06-30": "9387.45700", "2010-06-30": "7847.06700", "2009-06-30": "8181.34800", "2008-06-30": "9339.07200", "2007-06-30": "8272.94900", "2006-06-30": "7367.61800", "2005-06-30": "6391.47700"}, "Gross Profit": {"2020-06-30": "3409.00200", "2019-06-30": "3616.84000", "2018-06-30": "3564.64600", "2017-06-30": "2910.28200", "2016-06-30": "2537.36900", "2015-06-30": "3056.49900", "2014-06-30": "3027.74400", "2013-06-30": "2929.02500", "2012-06-30": "3187.60400", "2011-06-30": "2958.41300", "2010-06-30": "2146.09900", "2009-06-30": "2127.66200", "2008-06-30": "2806.53800", "2007-06-30": "2445.11000", "2006-06-30": "2018.27000", "2005-06-30": "1677.32800"}, "Research And Development Expenses": {"2020-06-30": "", "2019-06-30": "", "2018-06-30": "", "2017-06-30": "", "2016-06-30": "", "2015-06-30": "", "2014-06-30": "", "2013-06-30": "", "2012-06-30": "", "2011-06-30": "", "2010-06-30": "", "2009-06-30": "", "2008-06-30": "", "2007-06-30": "", "2006-06-30": "", "2005-06-30": ""}, "SG&A Expenses": {"2020-06-30": "1656.55300", "2019-06-30": "1543.93900", "2018-06-30": "1639.98900", "2017-06-30": "1412.82000", "2016-06-30": "1359.36000", "2015-06-30": "1544.74600", "2014-06-30": "1633.99200", "2013-06-30": "1554.97300", "2012-06-30": "1519.31600", "2011-06-30": "1467.77300", "2010-06-30": "1277.08000", "2009-06-30": "1290.37900", "2008-06-30": "1364.08200", "2007-06-30": "1226.86100", "2006-06-30": "1036.64600", "2005-06-30": "860.27800"}, "Other Operating Income Or Expenses": {"2020-06-30": "", "2019-06-30": "", "2018-06-30": "", "2017-06-30": "", "2016-06-30": "", "2015-06-30": "", "2014-06-30": "", "2013-06-30": "", "2012-06-30": "", "2011-06-30": "", "2010-06-30": "", "2009-06-30": "", "2008-06-30": "", "2007-06-30": "", "2006-06-30": "", "2005-06-30": ""}, "Operating Expenses": {"2020-06-30": "11943.07000", "2019-06-30": "12247.42000", "2018-06-30": "12377.73000", "2017-06-30": "10531.85000", "2016-06-30": "10182.74000", "2015-06-30": "11199.99000", "2014-06-30": "11822.22000", "2013-06-30": "11641.65000", "2012-06-30": "11477.65000", "2011-06-30": "10855.23000", "2010-06-30": "9124.14600", "2009-06-30": "9471.72800", "2008-06-30": "10703.15000", "2007-06-30": "9499.81100", "2006-06-30": "8404.26400", "2005-06-30": "7251.75500"}, "Operating Income": {"2020-06-30": "1752.44900", "2019-06-30": "2072.90000", "2018-06-30": "1924.65700", "2017-06-30": "1497.46200", "2016-06-30": "1178.00900", "2015-06-30": "1511.75300", "2014-06-30": "1393.75200", "2013-06-30": "1374.05300", "2012-06-30": "1668.28700", "2011-06-30": "1490.64000", "2010-06-30": "869.01950", "2009-06-30": "837.28220", "2008-06-30": "1442.45600", "2007-06-30": "1218.24900", "2006-06-30": "981.62400", "2005-06-30": "817.05030"}, "Total Non-Operating Income/Expense": {"2020-06-30": "-239.82200", "2019-06-30": "-139.47600", "2018-06-30": "-222.38100", "2017-06-30": "-168.82200", "2016-06-30": "-63.28100", "2015-06-30": "-79.51300", "2014-06-30": "162.96800", "2013-06-30": "-63.05500", "2012-06-30": "-91.59100", "2011-06-30": "-76.91900", "2010-06-30": "-114.20200", "2009-06-30": "-154.20500", "2008-06-30": "-107.88000", "2007-06-30": "-58.96700", "2006-06-30": "-81.66600", "2005-06-30": "-78.77900"}, "Pre-Tax Income": {"2020-06-30": "1512.62700", "2019-06-30": "1933.42500", "2018-06-30": "1702.27700", "2017-06-30": "1328.64100", "2016-06-30": "1114.72800", "2015-06-30": "1432.24000", "2014-06-30": "1556.72000", "2013-06-30": "1311.00100", "2012-06-30": "1576.69800", "2011-06-30": "1413.72100", "2010-06-30": "754.81700", "2009-06-30": "683.08300", "2008-06-30": "1334.57100", "2007-06-30": "1159.28200", "2006-06-30": "899.95800", "2005-06-30": "738.27100"}, "Income Taxes": {"2020-06-30": "305.92400", "2019-06-30": "420.49400", "2018-06-30": "640.96200", "2017-06-30": "344.79700", "2016-06-30": "307.51200", "2015-06-30": "419.68700", "2014-06-30": "515.30200", "2013-06-30": "362.21700", "2012-06-30": "421.20600", "2011-06-30": "356.57100", "2010-06-30": "198.45200", "2009-06-30": "172.93900", "2008-06-30": "377.05800", "2007-06-30": "329.23600", "2006-06-30": "261.68200", "2005-06-30": "205.10500"}, "Income After Taxes": {"2020-06-30": "1206.70300", "2019-06-30": "1512.93100", "2018-06-30": "1061.31500", "2017-06-30": "983.84400", "2016-06-30": "807.21610", "2015-06-30": "1012.55300", "2014-06-30": "1041.41800", "2013-06-30": "948.78390", "2012-06-30": "1155.49200", "2011-06-30": "1057.15000", "2010-06-30": "556.36500", "2009-06-30": "510.14400", "2008-06-30": "957.51310", "2007-06-30": "830.04600", "2006-06-30": "638.27600", "2005-06-30": "533.16600"}, "Other Income": {"2020-06-30": "", "2019-06-30": "", "2018-06-30": "", "2017-06-30": "", "2016-06-30": "", "2015-06-30": "", "2014-06-30": "", "2013-06-30": "", "2012-06-30": "", "2011-06-30": "", "2010-06-30": "", "2009-06-30": "", "2008-06-30": "", "2007-06-30": "", "2006-06-30": "", "2005-06-30": ""}, "Income From Continuous Operations": {"2020-06-30": "1206.70300", "2019-06-30": "1512.93100", "2018-06-30": "1061.31500", "2017-06-30": "983.84400", "2016-06-30": "807.21610", "2015-06-30": "1012.55300", "2014-06-30": "1041.41800", "2013-06-30": "948.78390", "2012-06-30": "1155.49200", "2011-06-30": "1057.15000", "2010-06-30": "556.36500", "2009-06-30": "510.14400", "2008-06-30": "957.51310", "2007-06-30": "830.04600", "2006-06-30": "638.27600", "2005-06-30": "533.16600"}, "Income From Discontinued Operations": {"2020-06-30": "", "2019-06-30": "", "2018-06-30": "", "2017-06-30": "", "2016-06-30": "", "2015-06-30": "", "2014-06-30": "", "2013-06-30": "", "2012-06-30": "", "2011-06-30": "", "2010-06-30": "", "2009-06-30": "", "2008-06-30": "", "2007-06-30": "", "2006-06-30": "34.89100", "2005-06-30": "71.52600"}, "Net Income": {"2020-06-30": "1206.34100", "2019-06-30": "1512.36400", "2018-06-30": "1060.80100", "2017-06-30": "983.41200", "2016-06-30": "806.84000", "2015-06-30": "1012.14000", "2014-06-30": "1041.04800", "2013-06-30": "948.42700", "2012-06-30": "1151.82300", "2011-06-30": "1049.13000", "2010-06-30": "554.06500", "2009-06-30": "508.51500", "2008-06-30": "949.46600", "2007-06-30": "830.04600", "2006-06-30": "673.16700", "2005-06-30": "604.69200"}, "EBITDA": {"2020-06-30": "2289.98000", "2019-06-30": "2509.08900", "2018-06-30": "2390.74200", "2017-06-30": "1852.69100", "2016-06-30": "1484.85200", "2015-06-30": "1829.24400", "2014-06-30": "1730.45400", "2013-06-30": "1709.67700", "2012-06-30": "1990.21600", "2011-06-30": "1830.44000", "2010-06-30": "1231.52900", "2009-06-30": "1195.01900", "2008-06-30": "1769.18000", "2007-06-30": "1512.81500", "2006-06-30": "1262.59500", "2005-06-30": "1079.74000"}, "EBIT": {"2020-06-30": "1752.44900", "2019-06-30": "2072.90000", "2018-06-30": "1924.65700", "2017-06-30": "1497.46200", "2016-06-30": "1178.00900", "2015-06-30": "1511.75300", "2014-06-30": "1393.75200", "2013-06-30": "1374.05300", "2012-06-30": "1668.28700", "2011-06-30": "1490.64000", "2010-06-30": "869.01950", "2009-06-30": "837.28220", "2008-06-30": "1442.45600", "2007-06-30": "1218.24900", "2006-06-30": "981.62400", "2005-06-30": "817.05030"}, "Basic Shares Outstanding": {"2020-06-30": "128.41800", "2019-06-30": "129.99800", "2018-06-30": "133.00500", "2017-06-30": "133.37800", "2016-06-30": "135.35300", "2015-06-30": "142.92500", "2014-06-30": "149.09900", "2013-06-30": "149.21800", "2012-06-30": "151.22200", "2011-06-30": "161.12600", "2010-06-30": "160.91000", "2009-06-30": "161.56400", "2008-06-30": "168.28500", "2007-06-30": "174.64300", "2006-06-30": "178.81700", "2005-06-30": "178.19250"}, "Shares Outstanding": {"2020-06-30": "129.80500", "2019-06-30": "131.78200", "2018-06-30": "135.42700", "2017-06-30": "135.56000", "2016-06-30": "136.91200", "2015-06-30": "145.11200", "2014-06-30": "151.44400", "2013-06-30": "151.58800", "2012-06-30": "154.66500", "2011-06-30": "164.79800", "2010-06-30": "162.90200", "2009-06-30": "162.71900", "2008-06-30": "171.64400", "2007-06-30": "177.49500", "2006-06-30": "181.32600", "2005-06-30": "180.67350"}, "Basic EPS": {"2020-06-30": "9.39000", "2019-06-30": "11.63000", "2018-06-30": "7.98000", "2017-06-30": "7.37000", "2016-06-30": "5.96000", "2015-06-30": "7.08000", "2014-06-30": "6.98000", "2013-06-30": "6.36000", "2012-06-30": "7.62000", "2011-06-30": "6.51000", "2010-06-30": "3.44000", "2009-06-30": "3.15000", "2008-06-30": "5.64000", "2007-06-30": "4.75000", "2006-06-30": "3.76000", "2005-06-30": "3.39330"}, "EPS - Earnings Per Share": {"2020-06-30": "9.29000", "2019-06-30": "11.48000", "2018-06-30": "7.83000", "2017-06-30": "7.25000", "2016-06-30": "5.89000", "2015-06-30": "6.97000", "2014-06-30": "6.87000", "2013-06-30": "6.26000", "2012-06-30": "7.45000", "2011-06-30": "6.37000", "2010-06-30": "3.40000", "2009-06-30": "3.13000", "2008-06-30": "5.53000", "2007-06-30": "4.68000", "2006-06-30": "3.71000", "2005-06-30": "3.34670"}}, "income statement, quarterly": {"Revenue": {"2020-12-31": "3411.90500", "2020-09-30": "3230.54000", "2020-06-30": "3160.60300", "2020-03-31": "3702.43200", "2019-12-31": "3497.97400", "2019-09-30": "3334.51100", "2019-06-30": "3681.46800", "2019-03-31": "3687.51800", "2018-12-31": "3472.04500", "2018-09-30": "3479.29400", "2018-06-30": "3817.47700", "2018-03-31": "3749.59100", "2017-12-31": "3370.67300", "2017-09-30": "3364.65100", "2017-06-30": "3496.23800", "2017-03-31": "3119.13900", "2016-12-31": "2670.80400", "2016-09-30": "2743.13100", "2016-06-30": "2957.15000", "2016-03-31": "2828.66500", "2015-12-31": "2705.59000", "2015-09-30": "2869.34800", "2015-06-30": "3144.50900", "2015-03-31": "3162.31100", "2014-12-31": "3134.99300", "2014-09-30": "3269.93200", "2014-06-30": "3525.41500", "2014-03-31": "3358.40600", "2013-12-31": "3106.00600", "2013-09-30": "3226.14400", "2013-06-30": "3428.22900", "2013-03-31": "3307.04100", "2012-12-31": "3065.49500", "2012-09-30": "3214.93500", "2012-06-30": "3411.66400", "2012-03-31": "3393.56300", "2011-12-31": "3106.83200", "2011-09-30": "3233.88100", "2011-06-30": "3409.83100", "2011-03-31": "3240.10300", "2010-12-31": "2866.66400", "2010-09-30": "2829.27300", "2010-06-30": "2786.47000", "2010-03-31": "2614.82300", "2009-12-31": "2354.70800", "2009-09-30": "2237.16500", "2009-06-30": "2210.95300", "2009-03-31": "2344.71300", "2008-12-31": "2688.65600", "2008-09-30": "3064.68800", "2008-06-30": "3346.75700", "2008-03-31": "3182.53700", "2007-12-31": "2829.06000", "2007-09-30": "2787.25600", "2007-06-30": "2874.36500", "2007-03-31": "2780.96900", "2006-12-31": "2511.15200", "2006-09-30": "2551.57300", "2006-06-30": "2616.73100", "2006-03-31": "2498.06800", "2005-12-31": "2157.53700", "2005-09-30": "2113.55100", "2005-06-30": "2172.49700", "2005-03-31": "2112.46200"}, "Cost Of Goods Sold": {"2020-12-31": "2519.54500", "2020-09-30": "2384.32800", "2020-06-30": "2357.31900", "2020-03-31": "2766.69300", "2019-12-31": "2682.76500", "2019-09-30": "2479.74100", "2019-06-30": "2739.57800", "2019-03-31": "2766.74400", "2018-12-31": "2602.33900", "2018-09-30": "2594.82300", "2018-06-30": "2830.19800", "2018-03-31": "2819.80400", "2017-12-31": "2564.44900", "2017-09-30": "2523.29400", "2017-06-30": "2584.74900", "2017-03-31": "2383.79000", "2016-12-31": "2044.48400", "2016-09-30": "2106.00600", "2016-06-30": "2272.45500", "2016-03-31": "2209.40100", "2015-12-31": "2140.62400", "2015-09-30": "2200.90400", "2015-06-30": "2420.78000", "2015-03-31": "2373.01600", "2014-12-31": "2401.58400", "2014-09-30": "2459.86500", "2014-06-30": "2685.95300", "2014-03-31": "2605.89300", "2013-12-31": "2419.97100", "2013-09-30": "2476.40900", "2013-06-30": "2618.06700", "2013-03-31": "2569.18900", "2012-12-31": "2421.97200", "2012-09-30": "2477.44700", "2012-06-30": "2572.25800", "2012-03-31": "2590.31500", "2011-12-31": "2381.32200", "2011-09-30": "2414.44200", "2011-06-30": "2590.77200", "2011-03-31": "2463.08300", "2010-12-31": "2195.72800", "2010-09-30": "2137.87400", "2010-06-30": "2114.19000", "2010-03-31": "2062.45100", "2009-12-31": "1869.48100", "2009-09-30": "1800.94500", "2009-06-30": "1814.06900", "2009-03-31": "1908.60700", "2008-12-31": "2121.45000", "2008-09-30": "2337.22200", "2008-06-30": "2575.42300", "2008-03-31": "2447.21600", "2007-12-31": "2194.13700", "2007-09-30": "2122.29700", "2007-06-30": "2223.75600", "2007-03-31": "2163.82800", "2006-12-31": "1938.00700", "2006-09-30": "1947.35800", "2006-06-30": "2053.99100", "2006-03-31": "1952.19100", "2005-12-31": "1705.68300", "2005-09-30": "1655.75300", "2005-06-30": "1708.07400", "2005-03-31": "1688.80400"}, "Gross Profit": {"2020-12-31": "892.36010", "2020-09-30": "846.21220", "2020-06-30": "803.28420", "2020-03-31": "935.73880", "2019-12-31": "815.20920", "2019-09-30": "854.77000", "2019-06-30": "941.88940", "2019-03-31": "920.77420", "2018-12-31": "869.70580", "2018-09-30": "884.47090", "2018-06-30": "987.27880", "2018-03-31": "929.78710", "2017-12-31": "806.22410", "2017-09-30": "841.35690", "2017-06-30": "911.48880", "2017-03-31": "735.34890", "2016-12-31": "626.31990", "2016-09-30": "637.12500", "2016-06-30": "684.69530", "2016-03-31": "619.26420", "2015-12-31": "564.96610", "2015-09-30": "668.44380", "2015-06-30": "723.72850", "2015-03-31": "789.29490", "2014-12-31": "733.40890", "2014-09-30": "810.06690", "2014-06-30": "839.46120", "2014-03-31": "752.51290", "2013-12-31": "686.03520", "2013-09-30": "749.73510", "2013-06-30": "810.16240", "2013-03-31": "737.85210", "2012-12-31": "643.52320", "2012-09-30": "737.48800", "2012-06-30": "839.40550", "2012-03-31": "803.24800", "2011-12-31": "725.51000", "2011-09-30": "819.43920", "2011-06-30": "819.05860", "2011-03-31": "777.02000", "2010-12-31": "670.93600", "2010-09-30": "691.39890", "2010-06-30": "672.27930", "2010-03-31": "552.37210", "2009-12-31": "485.22710", "2009-09-30": "436.22010", "2009-06-30": "396.88350", "2009-03-31": "436.10580", "2008-12-31": "567.20610", "2008-09-30": "727.46610", "2008-06-30": "771.33450", "2008-03-31": "735.32100", "2007-12-31": "634.92310", "2007-09-30": "664.95900", "2007-06-30": "650.60910", "2007-03-31": "617.14110", "2006-12-31": "573.14510", "2006-09-30": "604.21500", "2006-06-30": "562.74000", "2006-03-31": "545.87710", "2005-12-31": "451.85410", "2005-09-30": "457.79800", "2005-06-30": "464.42320", "2005-03-31": "423.65800"}, "Research And Development Expenses": {"2020-12-31": "", "2020-09-30": "", "2020-06-30": "", "2020-03-31": "", "2019-12-31": "", "2019-09-30": "", "2019-06-30": "", "2019-03-31": "", "2018-12-31": "", "2018-09-30": "", "2018-06-30": "", "2018-03-31": "", "2017-12-31": "", "2017-09-30": "", "2017-06-30": "", "2017-03-31": "", "2016-12-31": "", "2016-09-30": "", "2016-06-30": "", "2016-03-31": "", "2015-12-31": "", "2015-09-30": "", "2015-06-30": "", "2015-03-31": "", "2014-12-31": "", "2014-09-30": "", "2014-06-30": "", "2014-03-31": "", "2013-12-31": "", "2013-09-30": "", "2013-06-30": "", "2013-03-31": "", "2012-12-31": "", "2012-09-30": "", "2012-06-30": "", "2012-03-31": "", "2011-12-31": "", "2011-09-30": "", "2011-06-30": "", "2011-03-31": "", "2010-12-31": "", "2010-09-30": "", "2010-06-30": "", "2010-03-31": "", "2009-12-31": "", "2009-09-30": "", "2009-06-30": "", "2009-03-31": "", "2008-12-31": "", "2008-09-30": "", "2008-06-30": "", "2008-03-31": "", "2007-12-31": "", "2007-09-30": "", "2007-06-30": "", "2007-03-31": "", "2006-12-31": "", "2006-09-30": "", "2006-06-30": "", "2006-03-31": "", "2005-12-31": "", "2005-09-30": "", "2005-06-30": "", "2005-03-31": ""}, "SG&A Expenses": {"2020-12-31": "356.57200", "2020-09-30": "369.85100", "2020-06-30": "352.79310", "2020-03-31": "413.46000", "2019-12-31": "491.12100", "2019-09-30": "399.17900", "2019-06-30": "391.49300", "2019-03-31": "360.86500", "2018-12-31": "397.25900", "2018-09-30": "394.32200", "2018-06-30": "418.21000", "2018-03-31": "416.45700", "2017-12-31": "408.33800", "2017-09-30": "396.98400", "2017-06-30": "361.23690", "2017-03-31": "392.03600", "2016-12-31": "336.57800", "2016-09-30": "322.96900", "2016-06-30": "338.57200", "2016-03-31": "335.90800", "2015-12-31": "314.66600", "2015-09-30": "370.21400", "2015-06-30": "391.79600", "2015-03-31": "372.30600", "2014-12-31": "379.80400", "2014-09-30": "400.84000", "2014-06-30": "421.18500", "2014-03-31": "407.24100", "2013-12-31": "398.63600", "2013-09-30": "406.93000", "2013-06-30": "413.06100", "2013-03-31": "379.69000", "2012-12-31": "381.10000", "2012-09-30": "381.12200", "2012-06-30": "386.68100", "2012-03-31": "377.47900", "2011-12-31": "368.69000", "2011-09-30": "386.46600", "2011-06-30": "413.44100", "2011-03-31": "375.06900", "2010-12-31": "345.67900", "2010-09-30": "333.58400", "2010-06-30": "349.32800", "2010-03-31": "316.06900", "2009-12-31": "309.84000", "2009-09-30": "301.84300", "2009-06-30": "302.52100", "2009-03-31": "317.99200", "2008-12-31": "337.18300", "2008-09-30": "332.68300", "2008-06-30": "373.13810", "2008-03-31": "347.02200", "2007-12-31": "318.96100", "2007-09-30": "324.96100", "2007-06-30": "333.43400", "2007-03-31": "308.56200", "2006-12-31": "292.85500", "2006-09-30": "292.01000", "2006-06-30": "277.08690", "2006-03-31": "276.70000", "2005-12-31": "245.84500", "2005-09-30": "237.01400", "2005-06-30": "232.79500", "2005-03-31": "215.23100"}, "Other Operating Income Or Expenses": {"2020-12-31": "", "2020-09-30": "", "2020-06-30": "", "2020-03-31": "", "2019-12-31": "", "2019-09-30": "", "2019-06-30": "", "2019-03-31": "", "2018-12-31": "", "2018-09-30": "", "2018-06-30": "", "2018-03-31": "", "2017-12-31": "", "2017-09-30": "", "2017-06-30": "", "2017-03-31": "", "2016-12-31": "", "2016-09-30": "", "2016-06-30": "", "2016-03-31": "", "2015-12-31": "", "2015-09-30": "", "2015-06-30": "", "2015-03-31": "", "2014-12-31": "", "2014-09-30": "", "2014-06-30": "", "2014-03-31": "", "2013-12-31": "", "2013-09-30": "", "2013-06-30": "", "2013-03-31": "", "2012-12-31": "", "2012-09-30": "", "2012-06-30": "", "2012-03-31": "", "2011-12-31": "", "2011-09-30": "", "2011-06-30": "", "2011-03-31": "", "2010-12-31": "", "2010-09-30": "", "2010-06-30": "", "2010-03-31": "", "2009-12-31": "", "2009-09-30": "", "2009-06-30": "", "2009-03-31": "", "2008-12-31": "", "2008-09-30": "", "2008-06-30": "", "2008-03-31": "", "2007-12-31": "", "2007-09-30": "", "2007-06-30": "", "2007-03-31": "", "2006-12-31": "", "2006-09-30": "", "2006-06-30": "", "2006-03-31": "", "2005-12-31": "", "2005-09-30": "", "2005-06-30": "", "2005-03-31": ""}, "Operating Expenses": {"2020-12-31": "2876.11700", "2020-09-30": "2754.17900", "2020-06-30": "2710.11100", "2020-03-31": "3180.15300", "2019-12-31": "3173.88600", "2019-09-30": "2878.92000", "2019-06-30": "3131.07100", "2019-03-31": "3127.60900", "2018-12-31": "2999.59800", "2018-09-30": "2989.14500", "2018-06-30": "3248.40900", "2018-03-31": "3236.26100", "2017-12-31": "2972.78700", "2017-09-30": "2920.27800", "2017-06-30": "2945.98600", "2017-03-31": "2775.82600", "2016-12-31": "2381.06200", "2016-09-30": "2428.97500", "2016-06-30": "2611.02700", "2016-03-31": "2545.30900", "2015-12-31": "2455.29000", "2015-09-30": "2571.11800", "2015-06-30": "2812.57600", "2015-03-31": "2745.32200", "2014-12-31": "2781.38800", "2014-09-30": "2860.70500", "2014-06-30": "3107.13900", "2014-03-31": "3013.13400", "2013-12-31": "2818.60700", "2013-09-30": "2883.33900", "2013-06-30": "3031.12700", "2013-03-31": "2948.87900", "2012-12-31": "2803.07200", "2012-09-30": "2858.56900", "2012-06-30": "2958.94000", "2012-03-31": "2967.79400", "2011-12-31": "2750.01200", "2011-09-30": "2800.90800", "2011-06-30": "3004.21300", "2011-03-31": "2838.15200", "2010-12-31": "2541.40700", "2010-09-30": "2471.45800", "2010-06-30": "2463.51800", "2010-03-31": "2378.52000", "2009-12-31": "2179.32100", "2009-09-30": "2102.78800", "2009-06-30": "2116.59000", "2009-03-31": "2226.59900", "2008-12-31": "2458.63300", "2008-09-30": "2669.90500", "2008-06-30": "2948.56000", "2008-03-31": "2794.23800", "2007-12-31": "2513.09800", "2007-09-30": "2447.25800", "2007-06-30": "2557.19000", "2007-03-31": "2472.39000", "2006-12-31": "2230.86200", "2006-09-30": "2239.36800", "2006-06-30": "2331.07800", "2006-03-31": "2228.89100", "2005-12-31": "1951.52800", "2005-09-30": "1892.76700", "2005-06-30": "1940.86900", "2005-03-31": "1904.03500"}, "Operating Income": {"2020-12-31": "535.78810", "2020-09-30": "476.36110", "2020-06-30": "450.49150", "2020-03-31": "522.27880", "2019-12-31": "324.08810", "2019-09-30": "455.59110", "2019-06-30": "550.39650", "2019-03-31": "559.90920", "2018-12-31": "472.44680", "2018-09-30": "490.14890", "2018-06-30": "569.06840", "2018-03-31": "513.33010", "2017-12-31": "397.88600", "2017-09-30": "444.37300", "2017-06-30": "550.25170", "2017-03-31": "343.31270", "2016-12-31": "289.74190", "2016-09-30": "314.15600", "2016-06-30": "346.12280", "2016-03-31": "283.35620", "2015-12-31": "250.30000", "2015-09-30": "298.22970", "2015-06-30": "331.93240", "2015-03-31": "416.98900", "2014-12-31": "353.60500", "2014-09-30": "409.22680", "2014-06-30": "418.27540", "2014-03-31": "345.27200", "2013-12-31": "287.39920", "2013-09-30": "342.80520", "2013-06-30": "397.10180", "2013-03-31": "358.16210", "2012-12-31": "262.42310", "2012-09-30": "356.36600", "2012-06-30": "452.72410", "2012-03-31": "425.76900", "2011-12-31": "356.82010", "2011-09-30": "432.97310", "2011-06-30": "405.61770", "2011-03-31": "401.95090", "2010-12-31": "325.25710", "2010-09-30": "357.81490", "2010-06-30": "322.95190", "2010-03-31": "236.30300", "2009-12-31": "175.38700", "2009-09-30": "134.37720", "2009-06-30": "94.36260", "2009-03-31": "118.11380", "2008-12-31": "230.02290", "2008-09-30": "394.78300", "2008-06-30": "398.19680", "2008-03-31": "388.29910", "2007-12-31": "315.96220", "2007-09-30": "339.99800", "2007-06-30": "317.17500", "2007-03-31": "308.57910", "2006-12-31": "280.29000", "2006-09-30": "312.20480", "2006-06-30": "285.65360", "2006-03-31": "269.17700", "2005-12-31": "206.00920", "2005-09-30": "220.78390", "2005-06-30": "231.62830", "2005-03-31": "208.42700"}, "Total Non-Operating Income/Expense": {"2020-12-31": "40.72400", "2020-09-30": "-61.06600", "2020-06-30": "-79.92300", "2020-03-31": "-68.12200", "2019-12-31": "-69.34200", "2019-09-30": "-22.43500", "2019-06-30": "-37.04800", "2019-03-31": "-30.70900", "2018-12-31": "-41.29300", "2018-09-30": "-30.42600", "2018-06-30": "-71.14200", "2018-03-31": "-43.50300", "2017-12-31": "-37.66500", "2017-09-30": "-70.07100", "2017-06-30": "-149.64100", "2017-03-31": "-28.25000", "2016-12-31": "30.98000", "2016-09-30": "-21.91100", "2016-06-30": "-9.91700", "2016-03-31": "-10.36300", "2015-12-31": "-20.42000", "2015-09-30": "-22.58100", "2015-06-30": "-27.95900", "2015-03-31": "-28.62300", "2014-12-31": "-10.33900", "2014-09-30": "-12.59200", "2014-06-30": "-10.45200", "2014-03-31": "-15.78200", "2013-12-31": "207.91700", "2013-09-30": "-18.71500", "2013-06-30": "-23.34200", "2013-03-31": "-19.61100", "2012-12-31": "0.20600", "2012-09-30": "-20.30800", "2012-06-30": "-27.38800", "2012-03-31": "-24.94200", "2011-12-31": "-17.87300", "2011-09-30": "-21.38800", "2011-06-30": "-24.22700", "2011-03-31": "-12.23400", "2010-12-31": "-19.00700", "2010-09-30": "-21.45100", "2010-06-30": "-30.79200", "2010-03-31": "-29.91000", "2009-12-31": "-33.15200", "2009-09-30": "-20.34800", "2009-06-30": "-31.17400", "2009-03-31": "-55.84600", "2008-12-31": "-30.79000", "2008-09-30": "-36.39500", "2008-06-30": "-35.32700", "2008-03-31": "-30.50500", "2007-12-31": "-19.79200", "2007-09-30": "-22.25600", "2007-06-30": "-19.24100", "2007-03-31": "-13.65300", "2006-12-31": "-15.52700", "2006-09-30": "-10.54600", "2006-06-30": "-20.32800", "2006-03-31": "-14.10900", "2005-12-31": "-30.48500", "2005-09-30": "-16.74400", "2005-06-30": "-16.71700", "2005-03-31": "-19.10500"}, "Pre-Tax Income": {"2020-12-31": "576.51200", "2020-09-30": "415.29500", "2020-06-30": "370.56800", "2020-03-31": "454.15700", "2019-12-31": "254.74600", "2019-09-30": "433.15600", "2019-06-30": "513.34810", "2019-03-31": "529.20000", "2018-12-31": "431.15400", "2018-09-30": "459.72300", "2018-06-30": "497.92690", "2018-03-31": "469.82700", "2017-12-31": "360.22100", "2017-09-30": "374.30200", "2017-06-30": "400.61100", "2017-03-31": "315.06300", "2016-12-31": "320.72200", "2016-09-30": "292.24500", "2016-06-30": "336.20600", "2016-03-31": "272.99300", "2015-12-31": "229.88000", "2015-09-30": "275.64900", "2015-06-30": "303.97300", "2015-03-31": "388.36600", "2014-12-31": "343.26600", "2014-09-30": "396.63500", "2014-06-30": "407.82390", "2014-03-31": "329.49000", "2013-12-31": "495.31600", "2013-09-30": "324.09000", "2013-06-30": "373.76290", "2013-03-31": "338.55100", "2012-12-31": "262.62900", "2012-09-30": "336.05800", "2012-06-30": "425.33900", "2012-03-31": "400.82700", "2011-12-31": "338.94700", "2011-09-30": "411.58500", "2011-06-30": "381.38990", "2011-03-31": "389.71700", "2010-12-31": "306.25000", "2010-09-30": "336.36400", "2010-06-30": "292.16000", "2010-03-31": "206.39300", "2009-12-31": "142.23500", "2009-09-30": "114.02900", "2009-06-30": "63.19400", "2009-03-31": "62.26800", "2008-12-31": "199.23300", "2008-09-30": "358.38800", "2008-06-30": "362.86510", "2008-03-31": "357.79400", "2007-12-31": "296.17000", "2007-09-30": "317.74200", "2007-06-30": "297.93400", "2007-03-31": "294.92600", "2006-12-31": "264.76300", "2006-09-30": "301.65900", "2006-06-30": "265.32600", "2006-03-31": "255.06800", "2005-12-31": "175.52400", "2005-09-30": "204.04000", "2005-06-30": "214.91100", "2005-03-31": "189.32200"}, "Income Taxes": {"2020-12-31": "129.01500", "2020-09-30": "93.57800", "2020-06-30": "74.87300", "2020-03-31": "86.78800", "2019-12-31": "50.14800", "2019-09-30": "94.11500", "2019-06-30": "99.61000", "2019-03-31": "117.81900", "2018-12-31": "119.24100", "2018-09-30": "83.82400", "2018-06-30": "144.59900", "2018-03-31": "103.69700", "2017-12-31": "303.89900", "2017-09-30": "88.76700", "2017-06-30": "107.25200", "2017-03-31": "76.21600", "2016-12-31": "79.32200", "2016-09-30": "82.00700", "2016-06-30": "94.29500", "2016-03-31": "85.85100", "2015-12-31": "46.74300", "2015-09-30": "80.62300", "2015-06-30": "124.38800", "2015-03-31": "102.90400", "2014-12-31": "75.93100", "2014-09-30": "116.46400", "2014-06-30": "106.64800", "2014-03-31": "86.97200", "2013-12-31": "241.91200", "2013-09-30": "79.77000", "2013-06-30": "102.63300", "2013-03-31": "81.95900", "2012-12-31": "81.51500", "2012-09-30": "96.11000", "2012-06-30": "123.03700", "2012-03-31": "88.13800", "2011-12-31": "96.60400", "2011-09-30": "113.42700", "2011-06-30": "86.73600", "2011-03-31": "108.06900", "2010-12-31": "74.43200", "2010-09-30": "87.33400", "2010-06-30": "69.10800", "2010-03-31": "52.01300", "2009-12-31": "37.27200", "2009-09-30": "40.05900", "2009-06-30": "14.80100", "2009-03-31": "9.11300", "2008-12-31": "42.47200", "2008-09-30": "106.55300", "2008-06-30": "102.25300", "2008-03-31": "102.35300", "2007-12-31": "84.30700", "2007-09-30": "88.14500", "2007-06-30": "80.74800", "2007-03-31": "85.61700", "2006-12-31": "71.79600", "2006-09-30": "91.07500", "2006-06-30": "77.44500", "2006-03-31": "77.54500", "2005-12-31": "46.50000", "2005-09-30": "60.19200", "2005-06-30": "58.84000", "2005-03-31": "48.67600"}, "Income After Taxes": {"2020-12-31": "447.49700", "2020-09-30": "321.71700", "2020-06-30": "295.69480", "2020-03-31": "367.36900", "2019-12-31": "204.59800", "2019-09-30": "339.04100", "2019-06-30": "413.73810", "2019-03-31": "411.38100", "2018-12-31": "311.91300", "2018-09-30": "375.89900", "2018-06-30": "353.32790", "2018-03-31": "366.13000", "2017-12-31": "56.32200", "2017-09-30": "285.53500", "2017-06-30": "293.35900", "2017-03-31": "238.84700", "2016-12-31": "241.40000", "2016-09-30": "210.23800", "2016-06-30": "241.91100", "2016-03-31": "187.14200", "2015-12-31": "183.13700", "2015-09-30": "195.02600", "2015-06-30": "179.58490", "2015-03-31": "285.46200", "2014-12-31": "267.33500", "2014-09-30": "280.17100", "2014-06-30": "301.17600", "2014-03-31": "242.51800", "2013-12-31": "253.40400", "2013-09-30": "244.32000", "2013-06-30": "271.12990", "2013-03-31": "256.59200", "2012-12-31": "181.11400", "2012-09-30": "239.94800", "2012-06-30": "302.30200", "2012-03-31": "312.68900", "2011-12-31": "242.34300", "2011-09-30": "298.15800", "2011-06-30": "294.65390", "2011-03-31": "281.64800", "2010-12-31": "231.81800", "2010-09-30": "249.03000", "2010-06-30": "223.05200", "2010-03-31": "154.38000", "2009-12-31": "104.96300", "2009-09-30": "73.97000", "2009-06-30": "48.39300", "2009-03-31": "53.15500", "2008-12-31": "156.76100", "2008-09-30": "251.83500", "2008-06-30": "260.61200", "2008-03-31": "255.44100", "2007-12-31": "211.86300", "2007-09-30": "229.59700", "2007-06-30": "217.18610", "2007-03-31": "209.30900", "2006-12-31": "192.96700", "2006-09-30": "210.58400", "2006-06-30": "187.88100", "2006-03-31": "177.52300", "2005-12-31": "129.02400", "2005-09-30": "143.84800", "2005-06-30": "156.07100", "2005-03-31": "140.64600"}, "Other Income": {"2020-12-31": "", "2020-09-30": "", "2020-06-30": "", "2020-03-31": "", "2019-12-31": "", "2019-09-30": "", "2019-06-30": "", "2019-03-31": "", "2018-12-31": "", "2018-09-30": "", "2018-06-30": "", "2018-03-31": "", "2017-12-31": "", "2017-09-30": "", "2017-06-30": "", "2017-03-31": "", "2016-12-31": "", "2016-09-30": "", "2016-06-30": "", "2016-03-31": "", "2015-12-31": "", "2015-09-30": "", "2015-06-30": "", "2015-03-31": "", "2014-12-31": "", "2014-09-30": "", "2014-06-30": "", "2014-03-31": "", "2013-12-31": "", "2013-09-30": "", "2013-06-30": "", "2013-03-31": "", "2012-12-31": "", "2012-09-30": "", "2012-06-30": "", "2012-03-31": "", "2011-12-31": "", "2011-09-30": "", "2011-06-30": "", "2011-03-31": "", "2010-12-31": "", "2010-09-30": "", "2010-06-30": "", "2010-03-31": "", "2009-12-31": "", "2009-09-30": "", "2009-06-30": "", "2009-03-31": "", "2008-12-31": "", "2008-09-30": "", "2008-06-30": "", "2008-03-31": "", "2007-12-31": "", "2007-09-30": "", "2007-06-30": "", "2007-03-31": "", "2006-12-31": "", "2006-09-30": "", "2006-06-30": "", "2006-03-31": "", "2005-12-31": "", "2005-09-30": "", "2005-06-30": "", "2005-03-31": ""}, "Income From Continuous Operations": {"2020-12-31": "447.49700", "2020-09-30": "321.71700", "2020-06-30": "295.69480", "2020-03-31": "367.36900", "2019-12-31": "204.59800", "2019-09-30": "339.04100", "2019-06-30": "413.73810", "2019-03-31": "411.38100", "2018-12-31": "311.91300", "2018-09-30": "375.89900", "2018-06-30": "353.32790", "2018-03-31": "366.13000", "2017-12-31": "56.32200", "2017-09-30": "285.53500", "2017-06-30": "293.35900", "2017-03-31": "238.84700", "2016-12-31": "241.40000", "2016-09-30": "210.23800", "2016-06-30": "241.91100", "2016-03-31": "187.14200", "2015-12-31": "183.13700", "2015-09-30": "195.02600", "2015-06-30": "179.58490", "2015-03-31": "285.46200", "2014-12-31": "267.33500", "2014-09-30": "280.17100", "2014-06-30": "301.17600", "2014-03-31": "242.51800", "2013-12-31": "253.40400", "2013-09-30": "244.32000", "2013-06-30": "271.12990", "2013-03-31": "256.59200", "2012-12-31": "181.11400", "2012-09-30": "239.94800", "2012-06-30": "302.30200", "2012-03-31": "312.68900", "2011-12-31": "242.34300", "2011-09-30": "298.15800", "2011-06-30": "294.65390", "2011-03-31": "281.64800", "2010-12-31": "231.81800", "2010-09-30": "249.03000", "2010-06-30": "223.05200", "2010-03-31": "154.38000", "2009-12-31": "104.96300", "2009-09-30": "73.97000", "2009-06-30": "48.39300", "2009-03-31": "53.15500", "2008-12-31": "156.76100", "2008-09-30": "251.83500", "2008-06-30": "260.61200", "2008-03-31": "255.44100", "2007-12-31": "211.86300", "2007-09-30": "229.59700", "2007-06-30": "217.18610", "2007-03-31": "209.30900", "2006-12-31": "192.96700", "2006-09-30": "210.58400", "2006-06-30": "187.88100", "2006-03-31": "177.52300", "2005-12-31": "129.02400", "2005-09-30": "143.84800", "2005-06-30": "156.07100", "2005-03-31": "140.64600"}, "Income From Discontinued Operations": {"2020-12-31": "", "2020-09-30": "", "2020-06-30": "", "2020-03-31": "", "2019-12-31": "", "2019-09-30": "", "2019-06-30": "", "2019-03-31": "", "2018-12-31": "", "2018-09-30": "", "2018-06-30": "", "2018-03-31": "", "2017-12-31": "", "2017-09-30": "", "2017-06-30": "", "2017-03-31": "", "2016-12-31": "", "2016-09-30": "", "2016-06-30": "", "2016-03-31": "", "2015-12-31": "", "2015-09-30": "", "2015-06-30": "", "2015-03-31": "", "2014-12-31": "", "2014-09-30": "", "2014-06-30": "", "2014-03-31": "", "2013-12-31": "", "2013-09-30": "", "2013-06-30": "", "2013-03-31": "", "2012-12-31": "", "2012-09-30": "", "2012-06-30": "", "2012-03-31": "", "2011-12-31": "", "2011-09-30": "", "2011-06-30": "", "2011-03-31": "", "2010-12-31": "", "2010-09-30": "", "2010-06-30": "", "2010-03-31": "", "2009-12-31": "", "2009-09-30": "", "2009-06-30": "", "2009-03-31": "", "2008-12-31": "", "2008-09-30": "", "2008-06-30": "", "2008-03-31": "", "2007-12-31": "", "2007-09-30": "", "2007-06-30": "", "2007-03-31": "", "2006-12-31": "", "2006-09-30": "", "2006-06-30": "6.00700", "2006-03-31": "", "2005-12-31": "", "2005-09-30": "28.88400", "2005-06-30": "5.34100", "2005-03-31": "-1.27600"}, "Net Income": {"2020-12-31": "447.30600", "2020-09-30": "321.40900", "2020-06-30": "295.71590", "2020-03-31": "367.25300", "2019-12-31": "204.47400", "2019-09-30": "338.89800", "2019-06-30": "413.66800", "2019-03-31": "411.24800", "2018-12-31": "311.73700", "2018-09-30": "375.71100", "2018-06-30": "353.25600", "2018-03-31": "365.98900", "2017-12-31": "56.15900", "2017-09-30": "285.39700", "2017-06-30": "293.30500", "2017-03-31": "238.67300", "2016-12-31": "241.30500", "2016-09-30": "210.12900", "2016-06-30": "241.79610", "2016-03-31": "187.08400", "2015-12-31": "182.98200", "2015-09-30": "194.97800", "2015-06-30": "179.45400", "2015-03-31": "285.34500", "2014-12-31": "267.25200", "2014-09-30": "280.08900", "2014-06-30": "301.03800", "2014-03-31": "242.40600", "2013-12-31": "253.28800", "2013-09-30": "244.31600", "2013-06-30": "271.16400", "2013-03-31": "256.56000", "2012-12-31": "180.96200", "2012-09-30": "239.74100", "2012-06-30": "301.96500", "2012-03-31": "312.07400", "2011-12-31": "240.76600", "2011-09-30": "297.01800", "2011-06-30": "292.19000", "2011-03-31": "279.58900", "2010-12-31": "230.18000", "2010-09-30": "247.17100", "2010-06-30": "222.16300", "2010-03-31": "153.86300", "2009-12-31": "104.54600", "2009-09-30": "73.49300", "2009-06-30": "49.51600", "2009-03-31": "53.42200", "2008-12-31": "155.40100", "2008-09-30": "250.17600", "2008-06-30": "252.56500", "2008-03-31": "255.44100", "2007-12-31": "211.86300", "2007-09-30": "229.59700", "2007-06-30": "217.18600", "2007-03-31": "209.30900", "2006-12-31": "192.96700", "2006-09-30": "210.58400", "2006-06-30": "193.88800", "2006-03-31": "177.52300", "2005-12-31": "129.02400", "2005-09-30": "172.73200", "2005-06-30": "161.41200", "2005-03-31": "139.37000"}, "EBITDA": {"2020-12-31": "", "2020-09-30": "624.80310", "2020-06-30": "597.07350", "2020-03-31": "659.92780", "2019-12-31": "468.31710", "2019-09-30": "564.66200", "2019-06-30": "655.78450", "2019-03-31": "668.16720", "2018-12-31": "582.49880", "2018-09-30": "602.63990", "2018-06-30": "683.83740", "2018-03-31": "630.43010", "2017-12-31": "515.99500", "2017-09-30": "560.48000", "2017-06-30": "668.93770", "2017-03-31": "430.77080", "2016-12-31": "363.49400", "2016-09-30": "389.48900", "2016-06-30": "421.18880", "2016-03-31": "359.04020", "2015-12-31": "328.17110", "2015-09-30": "376.45170", "2015-06-30": "412.19140", "2015-03-31": "493.59600", "2014-12-31": "432.46200", "2014-09-30": "490.99480", "2014-06-30": "501.82740", "2014-03-31": "428.33200", "2013-12-31": "371.90920", "2013-09-30": "428.38520", "2013-06-30": "482.15180", "2013-03-31": "444.90910", "2012-12-31": "345.07810", "2012-09-30": "437.53800", "2012-06-30": "530.25010", "2012-03-31": "506.04110", "2011-12-31": "436.11910", "2011-09-30": "517.80520", "2011-06-30": "491.29270", "2011-03-31": "485.78290", "2010-12-31": "410.56410", "2010-09-30": "442.80090", "2010-06-30": "407.44590", "2010-03-31": "324.38100", "2009-12-31": "272.36100", "2009-09-30": "227.34020", "2009-06-30": "187.76250", "2009-03-31": "206.56580", "2008-12-31": "319.74190", "2008-09-30": "480.94900", "2008-06-30": "493.24080", "2008-03-31": "464.83310", "2007-12-31": "394.93220", "2007-09-30": "416.17400", "2007-06-30": "389.72200", "2007-03-31": "382.40010", "2006-12-31": "354.24800", "2006-09-30": "386.44480", "2006-06-30": "357.35560", "2006-03-31": "341.76800", "2005-12-31": "277.33420", "2005-09-30": "286.13690", "2005-06-30": "298.55630", "2005-03-31": "273.08100"}, "EBIT": {"2020-12-31": "535.78810", "2020-09-30": "476.36110", "2020-06-30": "450.49120", "2020-03-31": "522.27880", "2019-12-31": "324.08810", "2019-09-30": "455.59110", "2019-06-30": "550.39550", "2019-03-31": "559.90920", "2018-12-31": "472.44680", "2018-09-30": "490.14890", "2018-06-30": "569.06810", "2018-03-31": "513.33010", "2017-12-31": "397.88600", "2017-09-30": "444.37300", "2017-06-30": "550.25120", "2017-03-31": "343.31270", "2016-12-31": "289.74190", "2016-09-30": "314.15600", "2016-06-30": "346.12280", "2016-03-31": "283.35620", "2015-12-31": "250.30000", "2015-09-30": "298.22970", "2015-06-30": "331.93210", "2015-03-31": "416.98900", "2014-12-31": "353.60500", "2014-09-30": "409.22680", "2014-06-30": "418.27560", "2014-03-31": "345.27200", "2013-12-31": "287.39920", "2013-09-30": "342.80520", "2013-06-30": "397.10160", "2013-03-31": "358.16210", "2012-12-31": "262.42310", "2012-09-30": "356.36600", "2012-06-30": "452.72490", "2012-03-31": "425.76900", "2011-12-31": "356.82010", "2011-09-30": "432.97310", "2011-06-30": "405.61670", "2011-03-31": "401.95090", "2010-12-31": "325.25710", "2010-09-30": "357.81490", "2010-06-30": "322.95240", "2010-03-31": "236.30300", "2009-12-31": "175.38700", "2009-09-30": "134.37720", "2009-06-30": "94.36260", "2009-03-31": "118.11380", "2008-12-31": "230.02290", "2008-09-30": "394.78300", "2008-06-30": "398.19680", "2008-03-31": "388.29910", "2007-12-31": "315.96220", "2007-09-30": "339.99800", "2007-06-30": "317.17500", "2007-03-31": "308.57910", "2006-12-31": "280.29000", "2006-09-30": "312.20480", "2006-06-30": "285.65390", "2006-03-31": "269.17700", "2005-12-31": "206.00920", "2005-09-30": "220.78390", "2005-06-30": "231.62820", "2005-03-31": "208.42700"}, "Basic Shares Outstanding": {"2020-12-31": "129.01400", "2020-09-30": "128.70800", "2020-06-30": "128.41800", "2020-03-31": "128.29000", "2019-12-31": "128.39700", "2019-09-30": "128.46400", "2019-06-30": "129.99800", "2019-03-31": "128.70600", "2018-12-31": "130.36100", "2018-09-30": "132.36200", "2018-06-30": "133.00500", "2018-03-31": "133.03240", "2017-12-31": "133.11300", "2017-09-30": "133.17700", "2017-06-30": "133.37800", "2017-03-31": "133.23200", "2016-12-31": "133.32000", "2016-09-30": "133.67900", "2016-06-30": "135.35300", "2016-03-31": "134.81000", "2015-12-31": "135.37300", "2015-09-30": "136.84500", "2015-06-30": "142.92500", "2015-03-31": "138.79500", "2014-12-31": "145.49300", "2014-09-30": "148.73900", "2014-06-30": "149.09900", "2014-03-31": "149.04000", "2013-12-31": "149.15400", "2013-09-30": "149.23700", "2013-06-30": "149.21800", "2013-03-31": "149.28800", "2012-12-31": "149.00100", "2012-09-30": "149.28600", "2012-06-30": "151.22200", "2012-03-31": "151.01800", "2011-12-31": "150.96000", "2011-09-30": "152.43900", "2011-06-30": "161.12600", "2011-03-31": "162.16000", "2010-12-31": "161.70100", "2010-09-30": "161.27300", "2010-06-30": "160.91000", "2010-03-31": "160.93100", "2009-12-31": "160.76800", "2009-09-30": "160.62900", "2009-06-30": "161.56400", "2009-03-31": "160.52900", "2008-12-31": "160.83900", "2008-09-30": "164.41500", "2008-06-30": "168.28500", "2008-03-31": "167.75100", "2007-12-31": "168.06300", "2007-09-30": "169.78300", "2007-06-30": "174.64300", "2007-03-31": "173.17600", "2006-12-31": "173.90700", "2006-09-30": "178.01000", "2006-06-30": "178.81700", "2006-03-31": "179.18100", "2005-12-31": "178.23150", "2005-09-30": "178.32450", "2005-06-30": "178.19250", "2005-03-31": "178.76100"}, "Shares Outstanding": {"2020-12-31": "131.07600", "2020-09-30": "130.29400", "2020-06-30": "129.80500", "2020-03-31": "129.74700", "2019-12-31": "130.49500", "2019-09-30": "130.13000", "2019-06-30": "131.78200", "2019-03-31": "130.88500", "2018-12-31": "132.31100", "2018-09-30": "134.66400", "2018-06-30": "135.42700", "2018-03-31": "135.76830", "2017-12-31": "136.19500", "2017-09-30": "135.79400", "2017-06-30": "135.56000", "2017-03-31": "136.10300", "2016-12-31": "135.81300", "2016-09-30": "135.82600", "2016-06-30": "136.91200", "2016-03-31": "136.55300", "2015-12-31": "137.06500", "2015-09-30": "138.57500", "2015-06-30": "145.11200", "2015-03-31": "141.19000", "2014-12-31": "148.18300", "2014-09-30": "151.07400", "2014-06-30": "151.44400", "2014-03-31": "151.74000", "2013-12-31": "152.15100", "2013-09-30": "151.86000", "2013-06-30": "151.58800", "2013-03-31": "152.36100", "2012-12-31": "152.19900", "2012-09-30": "152.61700", "2012-06-30": "154.66500", "2012-03-31": "154.94400", "2011-12-31": "154.71700", "2011-09-30": "155.42900", "2011-06-30": "164.79800", "2011-03-31": "166.69000", "2010-12-31": "166.10200", "2010-09-30": "164.10700", "2010-06-30": "162.90200", "2010-03-31": "163.63300", "2009-12-31": "162.74400", "2009-09-30": "162.04100", "2009-06-30": "162.71900", "2009-03-31": "161.01100", "2008-12-31": "161.75600", "2008-09-30": "166.91300", "2008-06-30": "171.64400", "2008-03-31": "170.89200", "2007-12-31": "171.99400", "2007-09-30": "173.22100", "2007-06-30": "177.49500", "2007-03-31": "176.21100", "2006-12-31": "176.89000", "2006-09-30": "180.60300", "2006-06-30": "181.32600", "2006-03-31": "181.77150", "2005-12-31": "180.48600", "2005-09-30": "180.67050", "2005-06-30": "180.67350", "2005-03-31": "181.15500"}, "Basic EPS": {"2020-12-31": "3.47000", "2020-09-30": "2.50000", "2020-06-30": "2.30000", "2020-03-31": "2.86000", "2019-12-31": "1.59000", "2019-09-30": "2.64000", "2019-06-30": "3.20000", "2019-03-31": "3.20000", "2018-12-31": "2.39000", "2018-09-30": "2.84000", "2018-06-30": "2.67000", "2018-03-31": "2.75000", "2017-12-31": "0.42000", "2017-09-30": "2.14000", "2017-06-30": "2.20000", "2017-03-31": "1.79000", "2016-12-31": "1.81000", "2016-09-30": "1.57000", "2016-06-30": "1.80000", "2016-03-31": "1.39000", "2015-12-31": "1.35000", "2015-09-30": "1.42000", "2015-06-30": "1.30000", "2015-03-31": "2.06000", "2014-12-31": "1.84000", "2014-09-30": "1.88000", "2014-06-30": "2.01000", "2014-03-31": "1.63000", "2013-12-31": "1.70000", "2013-09-30": "1.64000", "2013-06-30": "1.82000", "2013-03-31": "1.72000", "2012-12-31": "1.21000", "2012-09-30": "1.61000", "2012-06-30": "2.01000", "2012-03-31": "2.07000", "2011-12-31": "1.59000", "2011-09-30": "1.95000", "2011-06-30": "1.84000", "2011-03-31": "1.72000", "2010-12-31": "1.42000", "2010-09-30": "1.53000", "2010-06-30": "1.37000", "2010-03-31": "0.96000", "2009-12-31": "0.65000", "2009-09-30": "0.46000", "2009-06-30": "0.33000", "2009-03-31": "0.33000", "2008-12-31": "0.97000", "2008-09-30": "1.52000", "2008-06-30": "1.51000", "2008-03-31": "1.52000", "2007-12-31": "1.26000", "2007-09-30": "1.35000", "2007-06-30": "1.25000", "2007-03-31": "1.21000", "2006-12-31": "1.11000", "2006-09-30": "1.18000", "2006-06-30": "1.07330", "2006-03-31": "0.99330", "2005-12-31": "0.72670", "2005-09-30": "0.96670", "2005-06-30": "0.90670", "2005-03-31": "0.78000"}, "EPS - Earnings Per Share": {"2020-12-31": "3.41000", "2020-09-30": "2.47000", "2020-06-30": "2.29000", "2020-03-31": "2.83000", "2019-12-31": "1.57000", "2019-09-30": "2.60000", "2019-06-30": "3.19000", "2019-03-31": "3.14000", "2018-12-31": "2.36000", "2018-09-30": "2.79000", "2018-06-30": "2.62000", "2018-03-31": "2.70000", "2017-12-31": "0.41000", "2017-09-30": "2.10000", "2017-06-30": "2.17000", "2017-03-31": "1.75000", "2016-12-31": "1.78000", "2016-09-30": "1.55000", "2016-06-30": "1.78000", "2016-03-31": "1.37000", "2015-12-31": "1.33000", "2015-09-30": "1.41000", "2015-06-30": "1.30000", "2015-03-31": "2.02000", "2014-12-31": "1.80000", "2014-09-30": "1.85000", "2014-06-30": "2.00000", "2014-03-31": "1.60000", "2013-12-31": "1.66000", "2013-09-30": "1.61000", "2013-06-30": "1.82000", "2013-03-31": "1.68000", "2012-12-31": "1.19000", "2012-09-30": "1.57000", "2012-06-30": "1.97000", "2012-03-31": "2.01000", "2011-12-31": "1.56000", "2011-09-30": "1.91000", "2011-06-30": "1.79000", "2011-03-31": "1.68000", "2010-12-31": "1.39000", "2010-09-30": "1.51000", "2010-06-30": "1.37000", "2010-03-31": "0.94000", "2009-12-31": "0.64000", "2009-09-30": "0.45000", "2009-06-30": "0.34000", "2009-03-31": "0.33000", "2008-12-31": "0.96000", "2008-09-30": "1.50000", "2008-06-30": "1.48000", "2008-03-31": "1.49000", "2007-12-31": "1.23000", "2007-09-30": "1.33000", "2007-06-30": "1.23000", "2007-03-31": "1.19000", "2006-12-31": "1.09000", "2006-09-30": "1.17000", "2006-06-30": "1.07000", "2006-03-31": "0.97330", "2005-12-31": "0.71330", "2005-09-30": "0.95330", "2005-06-30": "0.90000", "2005-03-31": "0.76670"}}, "balance sheet": {"Cash On Hand": {"2020-06-30": "756.31900", "2019-06-30": "3370.69800", "2018-06-30": "855.13200", "2017-06-30": "924.20400", "2016-06-30": "2103.99500", "2015-06-30": "1914.07400", "2014-06-30": "2187.25600", "2013-06-30": "1781.41200", "2012-06-30": "838.31700", "2011-06-30": "657.46600", "2010-06-30": "575.52600", "2009-06-30": "187.61100", "2008-06-30": "326.04800", "2007-06-30": "172.70600", "2006-06-30": "171.55300", "2005-06-30": "336.08000"}, "Receivables": {"2020-06-30": "1854.39800", "2019-06-30": "2131.05400", "2018-06-30": "2145.51700", "2017-06-30": "1930.75100", "2016-06-30": "1593.92000", "2015-06-30": "1620.19400", "2014-06-30": "1858.17600", "2013-06-30": "1840.82000", "2012-06-30": "1992.28400", "2011-06-30": "1977.85600", "2010-06-30": "1599.94100", "2009-06-30": "1417.30500", "2008-06-30": "2046.72600", "2007-06-30": "1737.74800", "2006-06-30": "1592.32300", "2005-06-30": "1225.42300"}, "Inventory": {"2020-06-30": "1814.63100", "2019-06-30": "1678.13200", "2018-06-30": "1621.30400", "2017-06-30": "1549.49400", "2016-06-30": "1173.32900", "2015-06-30": "1300.45900", "2014-06-30": "1371.68100", "2013-06-30": "1377.40500", "2012-06-30": "1400.73200", "2011-06-30": "1412.15300", "2010-06-30": "1171.65500", "2009-06-30": "1254.55000", "2008-06-30": "1494.69400", "2007-06-30": "1265.80200", "2006-06-30": "1182.87800", "2005-06-30": "1017.04500"}, "Pre-Paid Expenses": {"2020-06-30": "214.98600", "2019-06-30": "182.49400", "2018-06-30": "134.88600", "2017-06-30": "120.28200", "2016-06-30": "104.36000", "2015-06-30": "241.68400", "2014-06-30": "129.83700", "2013-06-30": "182.66900", "2012-06-30": "137.42900", "2011-06-30": "111.93400", "2010-06-30": "111.54500", "2009-06-30": "142.33500", "2008-06-30": "82.32600", "2007-06-30": "69.65500", "2006-06-30": "64.23800", "2005-06-30": "49.66900"}, "Other Current Assets": {"2020-06-30": "", "2019-06-30": "", "2018-06-30": "", "2017-06-30": "", "2016-06-30": "", "2015-06-30": "", "2014-06-30": "", "2013-06-30": "", "2012-06-30": "", "2011-06-30": "", "2010-06-30": "", "2009-06-30": "", "2008-06-30": "", "2007-06-30": "", "2006-06-30": "", "2005-06-30": ""}, "Total Current Assets": {"2020-06-30": "4885.20400", "2019-06-30": "7673.08600", "2018-06-30": "5085.23800", "2017-06-30": "4779.71800", "2016-06-30": "5207.78700", "2015-06-30": "5440.94500", "2014-06-30": "6071.58000", "2013-06-30": "5531.18600", "2012-06-30": "4498.11400", "2011-06-30": "4305.25600", "2010-06-30": "3588.79600", "2009-06-30": "3123.78100", "2008-06-30": "4095.62500", "2007-06-30": "3386.17500", "2006-06-30": "3138.97800", "2005-06-30": "2755.70700"}, "Property, Plant, And Equipment": {"2020-06-30": "2292.73500", "2019-06-30": "1768.28700", "2018-06-30": "1856.23700", "2017-06-30": "1937.29200", "2016-06-30": "1568.10000", "2015-06-30": "1664.02200", "2014-06-30": "1824.29400", "2013-06-30": "1808.24000", "2012-06-30": "1719.96800", "2011-06-30": "1797.17900", "2010-06-30": "1697.88100", "2009-06-30": "1880.55400", "2008-06-30": "1926.52200", "2007-06-30": "1736.37200", "2006-06-30": "1693.79400", "2005-06-30": "1581.34800"}, "Long-Term Investments": {"2020-06-30": "764.56300", "2019-06-30": "747.77300", "2018-06-30": "801.04900", "2017-06-30": "842.47500", "2016-06-30": "827.49200", "2015-06-30": "811.93000", "2014-06-30": "1018.78100", "2013-06-30": "687.45800", "2012-06-30": "931.12600", "2011-06-30": "597.53200", "2010-06-30": "687.32000", "2009-06-30": "674.62800", "2008-06-30": "546.00600", "2007-06-30": "469.19000", "2006-06-30": "859.10700", "2005-06-30": "831.59500"}, "Goodwill And Intangible Assets": {"2020-06-30": "11668.85000", "2019-06-30": "7237.08200", "2018-06-30": "7519.94000", "2017-06-30": "7894.36200", "2016-06-30": "3825.60800", "2015-06-30": "3956.11800", "2014-06-30": "4359.70700", "2013-06-30": "4514.01400", "2012-06-30": "4021.07400", "2011-06-30": "4186.83800", "2010-06-30": "3936.38500", "2009-06-30": "4176.93900", "2008-06-30": "3818.70100", "2007-06-30": "2849.67600", "2006-06-30": "2481.55300", "2005-06-30": "1610.91500"}, "Other Long-Term Assets": {"2020-06-30": "", "2019-06-30": "", "2018-06-30": "", "2017-06-30": "", "2016-06-30": "", "2015-06-30": "", "2014-06-30": "", "2013-06-30": "", "2012-06-30": "", "2011-06-30": "", "2010-06-30": "", "2009-06-30": "", "2008-06-30": "", "2007-06-30": "", "2006-06-30": "", "2005-06-30": "81.13800"}, "Total Long-Term Assets": {"2020-06-30": "14852.98000", "2019-06-30": "9903.60400", "2018-06-30": "10234.85000", "2017-06-30": "10710.19000", "2016-06-30": "6826.35500", "2015-06-30": "6838.33700", "2014-06-30": "7202.78200", "2013-06-30": "7009.71200", "2012-06-30": "6672.16800", "2011-06-30": "6581.54900", "2010-06-30": "6321.58600", "2009-06-30": "6732.12100", "2008-06-30": "6291.22900", "2007-06-30": "5055.23800", "2006-06-30": "5034.45400", "2005-06-30": "4104.99600"}, "Total Assets": {"2020-06-30": "19738.19000", "2019-06-30": "17576.69000", "2018-06-30": "15320.09000", "2017-06-30": "15489.90000", "2016-06-30": "12034.14000", "2015-06-30": "12279.28000", "2014-06-30": "13274.36000", "2013-06-30": "12540.90000", "2012-06-30": "11170.28000", "2011-06-30": "10886.80000", "2010-06-30": "9910.38200", "2009-06-30": "9855.90200", "2008-06-30": "10386.85000", "2007-06-30": "8441.41300", "2006-06-30": "8173.43200", "2005-06-30": "6860.70300"}, "Total Current Liabilities": {"2020-06-30": "3148.37300", "2019-06-30": "3151.77300", "2018-06-30": "3197.48300", "2017-06-30": "3395.86000", "2016-06-30": "2365.88800", "2015-06-30": "2349.12000", "2014-06-30": "3252.79600", "2013-06-30": "3520.20300", "2012-06-30": "2486.01300", "2011-06-30": "2391.04300", "2010-06-30": "2204.89100", "2009-06-30": "2005.75400", "2008-06-30": "2183.25600", "2007-06-30": "1925.24500", "2006-06-30": "1681.10500", "2005-06-30": "1300.82400"}, "Long Term Debt": {"2020-06-30": "7652.25600", "2019-06-30": "6520.83100", "2018-06-30": "4318.55900", "2017-06-30": "4861.89500", "2016-06-30": "2652.45700", "2015-06-30": "2723.96000", "2014-06-30": "1508.14200", "2013-06-30": "1495.96000", "2012-06-30": "1503.94600", "2011-06-30": "1691.08600", "2010-06-30": "1413.63400", "2009-06-30": "1839.70500", "2008-06-30": "1952.45200", "2007-06-30": "1089.91600", "2006-06-30": "1059.46100", "2005-06-30": "938.42400"}, "Other Non-Current Liabilities": {"2020-06-30": "539.08900", "2019-06-30": "438.48900", "2018-06-30": "526.08900", "2017-06-30": "336.93100", "2016-06-30": "306.58100", "2015-06-30": "336.21400", "2014-06-30": "409.57300", "2013-06-30": "307.89700", "2012-06-30": "276.74700", "2011-06-30": "293.36700", "2010-06-30": "196.20800", "2009-06-30": "243.27500", "2008-06-30": "337.56200", "2007-06-30": "245.97000", "2006-06-30": "261.64000", "2005-06-30": "189.73800"}, "Total Long Term Liabilities": {"2020-06-30": "10461.29000", "2019-06-30": "8456.76500", "2018-06-30": "6257.11100", "2017-06-30": "6826.69800", "2016-06-30": "5089.57600", "2015-06-30": "4822.59300", "2014-06-30": "3358.75800", "2013-06-30": "3279.21400", "2012-06-30": "3778.53900", "2011-06-30": "3007.42600", "2010-06-30": "3246.09100", "2009-06-30": "3499.70800", "2008-06-30": "2944.62700", "2007-06-30": "1804.50300", "2006-06-30": "2251.12400", "2005-06-30": "2219.73200"}, "Total Liabilities": {"2020-06-30": "13609.66000", "2019-06-30": "11608.54000", "2018-06-30": "9454.59400", "2017-06-30": "10222.56000", "2016-06-30": "7455.46400", "2015-06-30": "7171.71300", "2014-06-30": "6611.55400", "2013-06-30": "6799.41700", "2012-06-30": "6264.55200", "2011-06-30": "5398.46900", "2010-06-30": "5450.98200", "2009-06-30": "5505.46200", "2008-06-30": "5127.88300", "2007-06-30": "3729.74800", "2006-06-30": "3932.22900", "2005-06-30": "3520.55600"}, "Common Stock Net": {"2020-06-30": "90.52300", "2019-06-30": "90.52300", "2018-06-30": "90.52300", "2017-06-30": "90.52300", "2016-06-30": "90.52300", "2015-06-30": "90.52300", "2014-06-30": "90.52300", "2013-06-30": "90.52300", "2012-06-30": "90.52300", "2011-06-30": "90.52300", "2010-06-30": "90.52300", "2009-06-30": "90.52300", "2008-06-30": "90.52300", "2007-06-30": "90.51300", "2006-06-30": "60.34200", "2005-06-30": "60.21900"}, "Retained Earnings (Accumulated Deficit)": {"2020-06-30": "13530.67000", "2019-06-30": "12777.54000", "2018-06-30": "11625.97000", "2017-06-30": "10930.35000", "2016-06-30": "10302.87000", "2015-06-30": "9841.88500", "2014-06-30": "9174.18900", "2013-06-30": "8421.27000", "2012-06-30": "7787.17500", "2011-06-30": "6891.40700", "2010-06-30": "6086.54500", "2009-06-30": "5722.03800", "2008-06-30": "5387.83600", "2007-06-30": "4625.19500", "2006-06-30": "3916.41200", "2005-06-30": "3352.88800"}, "Comprehensive Income": {"2020-06-30": "-2558.87500", "2019-06-30": "-2059.04800", "2018-06-30": "-1763.08600", "2017-06-30": "-1924.20400", "2016-06-30": "-2227.76500", "2015-06-30": "-1738.61800", "2014-06-30": "-823.49800", "2013-06-30": "-1107.83300", "2012-06-30": "-1415.90000", "2011-06-30": "-450.99000", "2010-06-30": "-1208.56100", "2009-06-30": "-843.01900", "2008-06-30": "117.64200", "2007-06-30": "-112.62100", "2006-06-30": "-194.81900", "2005-06-30": "-470.96400"}, "Other Share Holders Equity": {"2020-06-30": "", "2019-06-30": "", "2018-06-30": "", "2017-06-30": "", "2016-06-30": "", "2015-06-30": "", "2014-06-30": "", "2013-06-30": "", "2012-06-30": "", "2011-06-30": "", "2010-06-30": "", "2009-06-30": "", "2008-06-30": "", "2007-06-30": "", "2006-06-30": "", "2005-06-30": ""}, "Share Holder Equity": {"2020-06-30": "6128.52900", "2019-06-30": "5968.15200", "2018-06-30": "5865.49300", "2017-06-30": "5267.34600", "2016-06-30": "4578.67800", "2015-06-30": "5107.56900", "2014-06-30": "6662.80800", "2013-06-30": "5741.48100", "2012-06-30": "4905.73000", "2011-06-30": "5488.33600", "2010-06-30": "4459.40000", "2009-06-30": "4350.44000", "2008-06-30": "5258.97100", "2007-06-30": "4711.66500", "2006-06-30": "4241.20300", "2005-06-30": "3340.14700"}, "Total Liabilities And Share Holders Equity": {"2020-06-30": "19738.19000", "2019-06-30": "17576.69000", "2018-06-30": "15320.09000", "2017-06-30": "15489.90000", "2016-06-30": "12034.14000", "2015-06-30": "12279.28000", "2014-06-30": "13274.36000", "2013-06-30": "12540.90000", "2012-06-30": "11170.28000", "2011-06-30": "10886.80000", "2010-06-30": "9910.38200", "2009-06-30": "9855.90200", "2008-06-30": "10386.85000", "2007-06-30": "8441.41300", "2006-06-30": "8173.43200", "2005-06-30": "6860.70300"}}, "balance sheet, quarterly": {"Cash On Hand": {"2020-12-31": "608.04800", "2020-09-30": "775.85700", "2020-06-30": "756.31900", "2020-03-31": "790.15300", "2019-12-31": "1093.47500", "2019-09-30": "3909.49500", "2019-06-30": "3370.69800", "2019-03-31": "1168.91900", "2018-12-31": "1078.34100", "2018-09-30": "992.90900", "2018-06-30": "855.13200", "2018-03-31": "1190.73500", "2017-12-31": "1132.74600", "2017-09-30": "974.55800", "2017-06-30": "924.20400", "2017-03-31": "856.32100", "2016-12-31": "2205.03500", "2016-09-30": "2140.55800", "2016-06-30": "2103.99500", "2016-03-31": "2104.62900", "2015-12-31": "1868.17600", "2015-09-30": "1789.75100", "2015-06-30": "1914.07400", "2015-03-31": "2030.70500", "2014-12-31": "1962.18600", "2014-09-30": "2037.56800", "2014-06-30": "2187.25600", "2014-03-31": "2095.98900", "2013-12-31": "2139.52200", "2013-09-30": "1945.62300", "2013-06-30": "1781.41200", "2013-03-31": "1677.31900", "2012-12-31": "497.63500", "2012-09-30": "436.13100", "2012-06-30": "838.31700", "2012-03-31": "773.45900", "2011-12-31": "487.98400", "2011-09-30": "424.35400", "2011-06-30": "657.46600", "2011-03-31": "1107.95500", "2010-12-31": "808.73600", "2010-09-30": "923.83600", "2010-06-30": "575.52600", "2010-03-31": "380.56100", "2009-12-31": "233.89900", "2009-09-30": "189.84900", "2009-06-30": "187.61100", "2009-03-31": "166.54800", "2008-12-31": "261.99000", "2008-09-30": "608.32700", "2008-06-30": "326.04800", "2008-03-31": "182.13400", "2007-12-31": "197.65000", "2007-09-30": "187.91700", "2007-06-30": "172.70600", "2007-03-31": "183.72700", "2006-12-31": "157.09800", "2006-09-30": "175.85400", "2006-06-30": "171.55300", "2006-03-31": "250.74000", "2005-12-31": "313.33800", "2005-09-30": "242.93000", "2005-06-30": "336.08000", "2005-03-31": "104.28400"}, "Receivables": {"2020-12-31": "1816.73100", "2020-09-30": "1860.32400", "2020-06-30": "1854.39800", "2020-03-31": "2174.42500", "2019-12-31": "1973.18700", "2019-09-30": "1983.24200", "2019-06-30": "2131.05400", "2019-03-31": "2117.10300", "2018-12-31": "1938.70900", "2018-09-30": "2065.15800", "2018-06-30": "2145.51700", "2018-03-31": "2146.40800", "2017-12-31": "1857.28200", "2017-09-30": "1922.28800", "2017-06-30": "1930.75100", "2017-03-31": "1869.30300", "2016-12-31": "1411.07400", "2016-09-30": "1498.38400", "2016-06-30": "1593.92000", "2016-03-31": "1587.78500", "2015-12-31": "1419.93400", "2015-09-30": "1561.05400", "2015-06-30": "1620.19400", "2015-03-31": "1701.01700", "2014-12-31": "1572.86400", "2014-09-30": "1711.79800", "2014-06-30": "1858.17600", "2014-03-31": "2098.06300", "2013-12-31": "1861.84900", "2013-09-30": "1968.49000", "2013-06-30": "1840.82000", "2013-03-31": "2017.12600", "2012-12-31": "1802.40500", "2012-09-30": "1982.59000", "2012-06-30": "1992.28400", "2012-03-31": "2061.50100", "2011-12-31": "1828.11700", "2011-09-30": "1881.30300", "2011-06-30": "1977.85600", "2011-03-31": "1950.98000", "2010-12-31": "1636.90500", "2010-09-30": "1694.31300", "2010-06-30": "1599.94100", "2010-03-31": "1563.15000", "2009-12-31": "1368.44900", "2009-09-30": "1452.49400", "2009-06-30": "1417.30500", "2009-03-31": "1532.23200", "2008-12-31": "1682.33800", "2008-09-30": "1821.68100", "2008-06-30": "2046.72600", "2008-03-31": "1985.89400", "2007-12-31": "1745.68300", "2007-09-30": "1784.78400", "2007-06-30": "1737.74800", "2007-03-31": "1717.15300", "2006-12-31": "1524.24000", "2006-09-30": "1569.47900", "2006-06-30": "1592.32300", "2006-03-31": "1452.78300", "2005-12-31": "1250.44800", "2005-09-30": "1242.29500", "2005-06-30": "1225.42300", "2005-03-31": "1283.67500"}, "Inventory": {"2020-12-31": "1870.94800", "2020-09-30": "1795.77900", "2020-06-30": "1814.63100", "2020-03-31": "2011.36700", "2019-12-31": "2014.26000", "2019-09-30": "1790.04400", "2019-06-30": "1678.13200", "2019-03-31": "1755.99100", "2018-12-31": "1804.56400", "2018-09-30": "1762.64000", "2018-06-30": "1621.30400", "2018-03-31": "1732.75900", "2017-12-31": "1780.26200", "2017-09-30": "1707.00100", "2017-06-30": "1549.49400", "2017-03-31": "1538.64400", "2016-12-31": "1241.59300", "2016-09-30": "1247.97200", "2016-06-30": "1173.32900", "2016-03-31": "1248.21300", "2015-12-31": "1279.76000", "2015-09-30": "1320.20400", "2015-06-30": "1300.45900", "2015-03-31": "1387.68100", "2014-12-31": "1453.99600", "2014-09-30": "1441.43900", "2014-06-30": "1371.68100", "2014-03-31": "1448.98900", "2013-12-31": "1448.62800", "2013-09-30": "1465.43100", "2013-06-30": "1377.40500", "2013-03-31": "1473.07200", "2012-12-31": "1515.32500", "2012-09-30": "1489.74800", "2012-06-30": "1400.73200", "2012-03-31": "1429.01400", "2011-12-31": "1452.66400", "2011-09-30": "1456.07800", "2011-06-30": "1412.15300", "2011-03-31": "1390.86200", "2010-12-31": "1361.45700", "2010-09-30": "1295.13700", "2010-06-30": "1171.65500", "2010-03-31": "1196.55800", "2009-12-31": "1232.97900", "2009-09-30": "1266.31900", "2009-06-30": "1254.55000", "2009-03-31": "1335.18600", "2008-12-31": "1519.65100", "2008-09-30": "1506.79300", "2008-06-30": "1494.69400", "2008-03-31": "1488.79900", "2007-12-31": "1477.26700", "2007-09-30": "1353.77400", "2007-06-30": "1265.80200", "2007-03-31": "1270.97100", "2006-12-31": "1314.40000", "2006-09-30": "1250.82700", "2006-06-30": "1182.87800", "2006-03-31": "1137.10800", "2005-12-31": "1153.52100", "2005-09-30": "1068.06500", "2005-06-30": "1017.04500", "2005-03-31": "1072.24800"}, "Pre-Paid Expenses": {"2020-12-31": "191.36200", "2020-09-30": "163.53300", "2020-06-30": "214.98600", "2020-03-31": "183.29400", "2019-12-31": "261.10300", "2019-09-30": "166.53600", "2019-06-30": "182.49400", "2019-03-31": "178.36600", "2018-12-31": "188.86800", "2018-09-30": "165.21300", "2018-06-30": "134.88600", "2018-03-31": "165.08300", "2017-12-31": "202.84800", "2017-09-30": "134.35000", "2017-06-30": "120.28200", "2017-03-31": "118.96200", "2016-12-31": "133.59200", "2016-09-30": "144.44400", "2016-06-30": "104.36000", "2016-03-31": "124.02500", "2015-12-31": "141.03000", "2015-09-30": "196.91700", "2015-06-30": "241.68400", "2015-03-31": "188.85500", "2014-12-31": "160.33500", "2014-09-30": "116.96200", "2014-06-30": "129.83700", "2014-03-31": "183.11900", "2013-12-31": "169.26200", "2013-09-30": "176.24500", "2013-06-30": "182.66900", "2013-03-31": "136.26800", "2012-12-31": "152.47700", "2012-09-30": "161.12300", "2012-06-30": "137.42900", "2012-03-31": "100.33600", "2011-12-31": "129.43900", "2011-09-30": "93.59700", "2011-06-30": "111.93400", "2011-03-31": "89.69200", "2010-12-31": "106.41600", "2010-09-30": "104.21600", "2010-06-30": "111.54500", "2010-03-31": "90.15300", "2009-12-31": "98.98900", "2009-09-30": "100.18900", "2009-06-30": "142.33500", "2009-03-31": "151.50000", "2008-12-31": "69.49800", "2008-09-30": "72.87000", "2008-06-30": "82.32600", "2008-03-31": "70.33400", "2007-12-31": "63.77400", "2007-09-30": "69.14800", "2007-06-30": "69.65500", "2007-03-31": "64.20000", "2006-12-31": "49.28100", "2006-09-30": "60.65600", "2006-06-30": "64.23800", "2006-03-31": "48.50500", "2005-12-31": "51.95300", "2005-09-30": "45.74700", "2005-06-30": "49.66900", "2005-03-31": "42.46600"}, "Other Current Assets": {"2020-12-31": "", "2020-09-30": "", "2020-06-30": "", "2020-03-31": "", "2019-12-31": "", "2019-09-30": "", "2019-06-30": "", "2019-03-31": "", "2018-12-31": "", "2018-09-30": "", "2018-06-30": "", "2018-03-31": "", "2017-12-31": "", "2017-09-30": "", "2017-06-30": "", "2017-03-31": "", "2016-12-31": "", "2016-09-30": "", "2016-06-30": "", "2016-03-31": "", "2015-12-31": "", "2015-09-30": "", "2015-06-30": "", "2015-03-31": "", "2014-12-31": "", "2014-09-30": "", "2014-06-30": "", "2014-03-31": "", "2013-12-31": "", "2013-09-30": "", "2013-06-30": "", "2013-03-31": "", "2012-12-31": "", "2012-09-30": "", "2012-06-30": "", "2012-03-31": "", "2011-12-31": "", "2011-09-30": "", "2011-06-30": "", "2011-03-31": "", "2010-12-31": "", "2010-09-30": "", "2010-06-30": "", "2010-03-31": "", "2009-12-31": "", "2009-09-30": "", "2009-06-30": "", "2009-03-31": "", "2008-12-31": "", "2008-09-30": "", "2008-06-30": "", "2008-03-31": "", "2007-12-31": "", "2007-09-30": "", "2007-06-30": "", "2007-03-31": "", "2006-12-31": "", "2006-09-30": "", "2006-06-30": "", "2006-03-31": "", "2005-12-31": "", "2005-09-30": "", "2005-06-30": "", "2005-03-31": ""}, "Total Current Assets": {"2020-12-31": "4799.67900", "2020-09-30": "4869.48400", "2020-06-30": "4885.20400", "2020-03-31": "5481.42600", "2019-12-31": "5661.15100", "2019-09-30": "8138.07900", "2019-06-30": "7673.08600", "2019-03-31": "5537.79100", "2018-12-31": "5334.73600", "2018-09-30": "5298.08200", "2018-06-30": "5085.23800", "2018-03-31": "5563.09600", "2017-12-31": "5286.35900", "2017-09-30": "5004.61800", "2017-06-30": "4779.71800", "2017-03-31": "4619.15400", "2016-12-31": "5247.83900", "2016-09-30": "5281.87800", "2016-06-30": "5207.78700", "2016-03-31": "5456.83900", "2015-12-31": "5151.01100", "2015-09-30": "5327.90200", "2015-06-30": "5440.94500", "2015-03-31": "5784.99700", "2014-12-31": "5727.77200", "2014-09-30": "5876.26200", "2014-06-30": "6071.58000", "2014-03-31": "5949.00000", "2013-12-31": "5744.87300", "2013-09-30": "5679.17900", "2013-06-30": "5531.18600", "2013-03-31": "5438.50900", "2012-12-31": "4095.74700", "2012-09-30": "4200.08200", "2012-06-30": "4498.11400", "2012-03-31": "4497.30100", "2011-12-31": "4043.02300", "2011-09-30": "3999.33400", "2011-06-30": "4305.25600", "2011-03-31": "4691.32900", "2010-12-31": "4043.94000", "2010-09-30": "4147.59600", "2010-06-30": "3588.79600", "2010-03-31": "3354.32800", "2009-12-31": "3058.49800", "2009-09-30": "3133.49100", "2009-06-30": "3123.78100", "2009-03-31": "3311.46400", "2008-12-31": "3678.60800", "2008-09-30": "4157.11800", "2008-06-30": "4095.62500", "2008-03-31": "3872.17400", "2007-12-31": "3621.58000", "2007-09-30": "3524.42400", "2007-06-30": "3386.17500", "2007-03-31": "3368.31200", "2006-12-31": "3176.24700", "2006-09-30": "3188.82800", "2006-06-30": "3138.97800", "2006-03-31": "3000.67800", "2005-12-31": "2902.76800", "2005-09-30": "2729.42300", "2005-06-30": "2755.70700", "2005-03-31": "2611.05700"}, "Property, Plant, And Equipment": {"2020-12-31": "2302.14200", "2020-09-30": "2292.88000", "2020-06-30": "2292.73500", "2020-03-31": "2296.99000", "2019-12-31": "2335.94000", "2019-09-30": "1880.15700", "2019-06-30": "1768.28700", "2019-03-31": "1779.89200", "2018-12-31": "1793.80500", "2018-09-30": "1828.03400", "2018-06-30": "1856.23700", "2018-03-31": "1941.79900", "2017-12-31": "1937.07400", "2017-09-30": "1962.84600", "2017-06-30": "1937.29200", "2017-03-31": "1945.73900", "2016-12-31": "1506.20100", "2016-09-30": "1562.93300", "2016-06-30": "1568.10000", "2016-03-31": "1598.75800", "2015-12-31": "1598.18500", "2015-09-30": "1632.80300", "2015-06-30": "1664.02200", "2015-03-31": "1643.53800", "2014-12-31": "1716.48900", "2014-09-30": "1755.25400", "2014-06-30": "1824.29400", "2014-03-31": "1827.98000", "2013-12-31": "1820.31200", "2013-09-30": "1833.74800", "2013-06-30": "1808.24000", "2013-03-31": "1829.71500", "2012-12-31": "1844.64300", "2012-09-30": "1803.41200", "2012-06-30": "1719.96800", "2012-03-31": "1721.97000", "2011-12-31": "1691.16200", "2011-09-30": "1712.87000", "2011-06-30": "1797.17900", "2011-03-31": "1788.37700", "2010-12-31": "1764.55800", "2010-09-30": "1770.98300", "2010-06-30": "1697.88100", "2010-03-31": "1782.42600", "2009-12-31": "1842.75000", "2009-09-30": "1891.43800", "2009-06-30": "1880.55400", "2009-03-31": "1828.52000", "2008-12-31": "1888.02300", "2008-09-30": "1855.83000", "2008-06-30": "1926.52200", "2008-03-31": "1861.89300", "2007-12-31": "1804.97900", "2007-09-30": "1762.16500", "2007-06-30": "1736.37200", "2007-03-31": "1709.23900", "2006-12-31": "1706.79500", "2006-09-30": "1680.83700", "2006-06-30": "1693.79400", "2006-03-31": "1638.49200", "2005-12-31": "1643.94100", "2005-09-30": "1575.59000", "2005-06-30": "1581.34800", "2005-03-31": "1620.92800"}, "Long-Term Investments": {"2020-12-31": "795.07300", "2020-09-30": "778.59100", "2020-06-30": "764.56300", "2020-03-31": "750.74300", "2019-12-31": "941.58800", "2019-09-30": "892.50800", "2019-06-30": "747.77300", "2019-03-31": "769.39100", "2018-12-31": "733.98700", "2018-09-30": "757.79500", "2018-06-30": "801.04900", "2018-03-31": "814.63700", "2017-12-31": "832.26900", "2017-09-30": "834.08500", "2017-06-30": "842.47500", "2017-03-31": "", "2016-12-31": "", "2016-09-30": "", "2016-06-30": "827.49200", "2016-03-31": "", "2015-12-31": "", "2015-09-30": "", "2015-06-30": "811.93000", "2015-03-31": "", "2014-12-31": "", "2014-09-30": "", "2014-06-30": "1018.78100", "2014-03-31": "", "2013-12-31": "", "2013-09-30": "", "2013-06-30": "687.45800", "2013-03-31": "", "2012-12-31": "", "2012-09-30": "", "2012-06-30": "931.12600", "2012-03-31": "", "2011-12-31": "613.21000", "2011-09-30": "589.28500", "2011-06-30": "597.53200", "2011-03-31": "", "2010-12-31": "", "2010-09-30": "", "2010-06-30": "687.32000", "2010-03-31": "", "2009-12-31": "", "2009-09-30": "", "2009-06-30": "674.62800", "2009-03-31": "", "2008-12-31": "", "2008-09-30": "", "2008-06-30": "546.00600", "2008-03-31": "", "2007-12-31": "", "2007-09-30": "", "2007-06-30": "469.19000", "2007-03-31": "", "2006-12-31": "", "2006-09-30": "", "2006-06-30": "859.10700", "2006-03-31": "", "2005-12-31": "", "2005-09-30": "", "2005-06-30": "831.59500", "2005-03-31": ""}, "Goodwill And Intangible Assets": {"2020-12-31": "11796.21000", "2020-09-30": "11715.21000", "2020-06-30": "11668.85000", "2020-03-31": "11711.61000", "2019-12-31": "11991.28000", "2019-09-30": "8512.36900", "2019-06-30": "7237.08200", "2019-03-31": "7294.39800", "2018-12-31": "7346.38000", "2018-09-30": "7441.24500", "2018-06-30": "7519.94000", "2018-03-31": "7881.01700", "2017-12-31": "7872.81100", "2017-09-30": "7894.53600", "2017-06-30": "7894.36200", "2017-03-31": "7847.07600", "2016-12-31": "3662.93000", "2016-09-30": "3812.70400", "2016-06-30": "3825.60800", "2016-03-31": "3909.49000", "2015-12-31": "3888.58000", "2015-09-30": "3951.34100", "2015-06-30": "3956.11800", "2015-03-31": "3915.13000", "2014-12-31": "4102.86600", "2014-09-30": "4198.73200", "2014-06-30": "4359.70700", "2014-03-31": "4375.14200", "2013-12-31": "4382.24600", "2013-09-30": "4565.65900", "2013-06-30": "4514.01400", "2013-03-31": "4543.81700", "2012-12-31": "4663.11900", "2012-09-30": "4269.94900", "2012-06-30": "4021.07400", "2012-03-31": "4022.61700", "2011-12-31": "3980.18900", "2011-09-30": "4020.10100", "2011-06-30": "4186.83800", "2011-03-31": "4167.30400", "2010-12-31": "4089.64100", "2010-09-30": "4095.62300", "2010-06-30": "3936.38500", "2010-03-31": "4090.14900", "2009-12-31": "4203.28600", "2009-09-30": "4240.37000", "2009-06-30": "4176.93900", "2009-03-31": "4051.05400", "2008-12-31": "4120.91100", "2008-09-30": "3612.52000", "2008-06-30": "3818.70100", "2008-03-31": "3377.33400", "2007-12-31": "3297.38000", "2007-09-30": "2930.21400", "2007-06-30": "2849.67600", "2007-03-31": "2661.01400", "2006-12-31": "2639.93700", "2006-09-30": "2496.88100", "2006-06-30": "2481.55300", "2006-03-31": "2442.67700", "2005-12-31": "2441.22800", "2005-09-30": "1863.80800", "2005-06-30": "1610.91500", "2005-03-31": "1680.53400"}, "Other Long-Term Assets": {"2020-12-31": "", "2020-09-30": "", "2020-06-30": "", "2020-03-31": "", "2019-12-31": "", "2019-09-30": "", "2019-06-30": "", "2019-03-31": "", "2018-12-31": "", "2018-09-30": "", "2018-06-30": "", "2018-03-31": "", "2017-12-31": "", "2017-09-30": "", "2017-06-30": "", "2017-03-31": "848.21200", "2016-12-31": "832.50700", "2016-09-30": "817.69100", "2016-06-30": "", "2016-03-31": "1104.31400", "2015-12-31": "1116.31500", "2015-09-30": "1089.50800", "2015-06-30": "", "2015-03-31": "993.55000", "2014-12-31": "1021.27200", "2014-09-30": "914.37700", "2014-06-30": "", "2014-03-31": "950.23600", "2013-12-31": "916.50500", "2013-09-30": "709.77800", "2013-06-30": "", "2013-03-31": "859.73100", "2012-12-31": "857.85200", "2012-09-30": "861.13500", "2012-06-30": "", "2012-03-31": "647.23600", "2011-12-31": "", "2011-09-30": "", "2011-06-30": "", "2011-03-31": "729.85200", "2010-12-31": "720.70500", "2010-09-30": "695.51900", "2010-06-30": "", "2010-03-31": "631.34500", "2009-12-31": "689.65500", "2009-09-30": "671.87400", "2009-06-30": "", "2009-03-31": "376.47200", "2008-12-31": "427.64900", "2008-09-30": "507.08800", "2008-06-30": "", "2008-03-31": "497.77600", "2007-12-31": "493.56700", "2007-09-30": "476.19000", "2007-06-30": "", "2007-03-31": "969.97200", "2006-12-31": "933.31600", "2006-09-30": "957.93700", "2006-06-30": "", "2006-03-31": "890.67000", "2005-12-31": "807.86000", "2005-09-30": "819.52700", "2005-06-30": "81.13800", "2005-03-31": "842.90600"}, "Total Long-Term Assets": {"2020-12-31": "15027.75000", "2020-09-30": "14916.43000", "2020-06-30": "14852.98000", "2020-03-31": "14883.85000", "2019-12-31": "15382.84000", "2019-09-30": "11430.51000", "2019-06-30": "9903.60400", "2019-03-31": "9940.14400", "2018-12-31": "9972.95100", "2018-09-30": "10126.96000", "2018-06-30": "10234.85000", "2018-03-31": "10674.39000", "2017-12-31": "10678.82000", "2017-09-30": "10726.66000", "2017-06-30": "10710.19000", "2017-03-31": "10706.18000", "2016-12-31": "6483.77400", "2016-09-30": "6689.03600", "2016-06-30": "6826.35500", "2016-03-31": "6612.56200", "2015-12-31": "6603.08000", "2015-09-30": "6673.65200", "2015-06-30": "6838.33700", "2015-03-31": "6552.21800", "2014-12-31": "6840.62700", "2014-09-30": "6868.36300", "2014-06-30": "7202.78200", "2014-03-31": "7153.35800", "2013-12-31": "7119.06300", "2013-09-30": "7109.18500", "2013-06-30": "7009.71200", "2013-03-31": "7233.26300", "2012-12-31": "7365.61400", "2012-09-30": "6934.49600", "2012-06-30": "6672.16800", "2012-03-31": "6391.82300", "2011-12-31": "6284.56100", "2011-09-30": "6322.25600", "2011-06-30": "6581.54900", "2011-03-31": "6685.53300", "2010-12-31": "6574.90400", "2010-09-30": "6562.12500", "2010-06-30": "6321.58600", "2010-03-31": "6503.92000", "2009-12-31": "6735.69100", "2009-09-30": "6803.68200", "2009-06-30": "6732.12100", "2009-03-31": "6256.04600", "2008-12-31": "6436.58300", "2008-09-30": "5975.43800", "2008-06-30": "6291.22900", "2008-03-31": "5737.00300", "2007-12-31": "5595.92600", "2007-09-30": "5168.56900", "2007-06-30": "5055.23800", "2007-03-31": "5340.22500", "2006-12-31": "5280.04800", "2006-09-30": "5135.65500", "2006-06-30": "5034.45400", "2006-03-31": "4971.83900", "2005-12-31": "4893.02900", "2005-09-30": "4258.92500", "2005-06-30": "4104.99600", "2005-03-31": "4144.36800"}, "Total Assets": {"2020-12-31": "19827.43000", "2020-09-30": "19785.92000", "2020-06-30": "19738.19000", "2020-03-31": "20365.28000", "2019-12-31": "21043.99000", "2019-09-30": "19568.59000", "2019-06-30": "17576.69000", "2019-03-31": "15477.93000", "2018-12-31": "15307.69000", "2018-09-30": "15425.04000", "2018-06-30": "15320.09000", "2018-03-31": "16237.48000", "2017-12-31": "15965.18000", "2017-09-30": "15731.28000", "2017-06-30": "15489.90000", "2017-03-31": "15325.33000", "2016-12-31": "11731.61000", "2016-09-30": "11970.91000", "2016-06-30": "12034.14000", "2016-03-31": "12069.40000", "2015-12-31": "11754.09000", "2015-09-30": "12001.55000", "2015-06-30": "12279.28000", "2015-03-31": "12337.21000", "2014-12-31": "12568.40000", "2014-09-30": "12744.63000", "2014-06-30": "13274.36000", "2014-03-31": "13102.36000", "2013-12-31": "12863.94000", "2013-09-30": "12788.36000", "2013-06-30": "12540.90000", "2013-03-31": "12671.77000", "2012-12-31": "11461.36000", "2012-09-30": "11134.58000", "2012-06-30": "11170.28000", "2012-03-31": "10889.12000", "2011-12-31": "10327.58000", "2011-09-30": "10321.59000", "2011-06-30": "10886.80000", "2011-03-31": "11376.86000", "2010-12-31": "10618.84000", "2010-09-30": "10709.72000", "2010-06-30": "9910.38200", "2010-03-31": "9858.24800", "2009-12-31": "9794.18900", "2009-09-30": "9937.17300", "2009-06-30": "9855.90200", "2009-03-31": "9567.51000", "2008-12-31": "10115.19000", "2008-09-30": "10132.56000", "2008-06-30": "10386.85000", "2008-03-31": "9609.17700", "2007-12-31": "9217.50600", "2007-09-30": "8692.99300", "2007-06-30": "8441.41300", "2007-03-31": "8708.53700", "2006-12-31": "8456.29500", "2006-09-30": "8324.48300", "2006-06-30": "8173.43200", "2006-03-31": "7972.51700", "2005-12-31": "7795.79700", "2005-09-30": "6988.34800", "2005-06-30": "6860.70300", "2005-03-31": "6755.42500"}, "Total Current Liabilities": {"2020-12-31": "3207.08300", "2020-09-30": "3328.22300", "2020-06-30": "3148.37300", "2020-03-31": "3673.60900", "2019-12-31": "4091.12200", "2019-09-30": "4157.32800", "2019-06-30": "3151.77300", "2019-03-31": "3548.95000", "2018-12-31": "3508.93400", "2018-09-30": "3308.52100", "2018-06-30": "3197.48300", "2018-03-31": "3508.51700", "2017-12-31": "3537.70300", "2017-09-30": "3467.12400", "2017-06-30": "3395.86000", "2017-03-31": "3048.44100", "2016-12-31": "2425.47400", "2016-09-30": "2494.23800", "2016-06-30": "2365.88800", "2016-03-31": "2500.61900", "2015-12-31": "2368.09900", "2015-09-30": "2550.04100", "2015-06-30": "2349.12000", "2015-03-31": "2767.32400", "2014-12-31": "2339.15100", "2014-09-30": "2888.19900", "2014-06-30": "3252.79600", "2014-03-31": "3367.18100", "2013-12-31": "3303.10300", "2013-09-30": "3455.00900", "2013-06-30": "3520.20300", "2013-03-31": "3648.54900", "2012-12-31": "2488.26000", "2012-09-30": "2366.46500", "2012-06-30": "2486.01300", "2012-03-31": "2489.30000", "2011-12-31": "2120.10900", "2011-09-30": "2235.70900", "2011-06-30": "2391.04300", "2011-03-31": "2340.42000", "2010-12-31": "1940.86800", "2010-09-30": "2282.10400", "2010-06-30": "2204.89100", "2010-03-31": "2071.97500", "2009-12-31": "1916.03800", "2009-09-30": "1835.33700", "2009-06-30": "2005.75400", "2009-03-31": "2306.52900", "2008-12-31": "2667.69900", "2008-09-30": "2542.62700", "2008-06-30": "2183.25600", "2008-03-31": "2487.28600", "2007-12-31": "2496.48800", "2007-09-30": "2244.93900", "2007-06-30": "1925.24500", "2007-03-31": "1896.76100", "2006-12-31": "1918.78300", "2006-09-30": "1807.48600", "2006-06-30": "1681.10500", "2006-03-31": "1720.82600", "2005-12-31": "1746.88500", "2005-09-30": "1273.02700", "2005-06-30": "1300.82400", "2005-03-31": "1243.22200"}, "Long Term Debt": {"2020-12-31": "6602.30900", "2020-09-30": "7057.72300", "2020-06-30": "7652.25600", "2020-03-31": "8097.92200", "2019-12-31": "8141.22000", "2019-09-30": "7366.91200", "2019-06-30": "6520.83100", "2019-03-31": "4284.23500", "2018-12-31": "4303.33100", "2018-09-30": "4313.22100", "2018-06-30": "4318.55900", "2018-03-31": "4818.57000", "2017-12-31": "4798.37100", "2017-09-30": "4788.14700", "2017-06-30": "4861.89500", "2017-03-31": "5255.15600", "2016-12-31": "2653.56000", "2016-09-30": "2653.00800", "2016-06-30": "2652.45700", "2016-03-31": "2675.00000", "2015-12-31": "2724.86000", "2015-09-30": "2725.40900", "2015-06-30": "2723.96000", "2015-03-31": "2724.94300", "2014-12-31": "2725.51000", "2014-09-30": "1482.49200", "2014-06-30": "1508.14200", "2014-03-31": "1508.61100", "2013-12-31": "1507.01900", "2013-09-30": "1506.74400", "2013-06-30": "1495.96000", "2013-03-31": "1496.02600", "2012-12-31": "1509.23800", "2012-09-30": "1511.79900", "2012-06-30": "1503.94600", "2012-03-31": "1515.21700", "2011-12-31": "1659.43400", "2011-09-30": "1668.60000", "2011-06-30": "1691.08600", "2011-03-31": "1683.73100", "2010-12-31": "1742.46400", "2010-09-30": "1745.81200", "2010-06-30": "1413.63400", "2010-03-31": "1535.90500", "2009-12-31": "1554.08800", "2009-09-30": "1855.53100", "2009-06-30": "1839.70500", "2009-03-31": "1849.28600", "2008-12-31": "1882.69300", "2008-09-30": "1878.93300", "2008-06-30": "1952.45200", "2008-03-31": "1189.73600", "2007-12-31": "1151.46900", "2007-09-30": "1117.67700", "2007-06-30": "1089.91600", "2007-03-31": "1115.98700", "2006-12-31": "1066.33000", "2006-09-30": "1046.46300", "2006-06-30": "1059.46100", "2006-03-31": "1054.49800", "2005-12-31": "1082.58400", "2005-09-30": "927.16500", "2005-06-30": "938.42400", "2005-03-31": "966.81400"}, "Other Non-Current Liabilities": {"2020-12-31": "631.82500", "2020-09-30": "577.32500", "2020-06-30": "539.08900", "2020-03-31": "468.23500", "2019-12-31": "532.75000", "2019-09-30": "501.61000", "2019-06-30": "438.48900", "2019-03-31": "456.29300", "2018-12-31": "449.69600", "2018-09-30": "471.83900", "2018-06-30": "526.08900", "2018-03-31": "569.20900", "2017-12-31": "609.23500", "2017-09-30": "341.19500", "2017-06-30": "336.93100", "2017-03-31": "327.03300", "2016-12-31": "304.58300", "2016-09-30": "311.63400", "2016-06-30": "306.58100", "2016-03-31": "302.70600", "2015-12-31": "306.65500", "2015-09-30": "312.86800", "2015-06-30": "336.21400", "2015-03-31": "323.56700", "2014-12-31": "347.51400", "2014-09-30": "374.40900", "2014-06-30": "409.57300", "2014-03-31": "354.15800", "2013-12-31": "339.44000", "2013-09-30": "319.85900", "2013-06-30": "307.89700", "2013-03-31": "294.58200", "2012-12-31": "301.63300", "2012-09-30": "287.47700", "2012-06-30": "276.74700", "2012-03-31": "308.15100", "2011-12-31": "306.37100", "2011-09-30": "309.19500", "2011-06-30": "293.36700", "2011-03-31": "267.28500", "2010-12-31": "241.95700", "2010-09-30": "212.33200", "2010-06-30": "196.20800", "2010-03-31": "226.26600", "2009-12-31": "241.52600", "2009-09-30": "233.27000", "2009-06-30": "243.27500", "2009-03-31": "281.79700", "2008-12-31": "286.42600", "2008-09-30": "319.09700", "2008-06-30": "337.56200", "2008-03-31": "310.22000", "2007-12-31": "312.50500", "2007-09-30": "301.45100", "2007-06-30": "245.97000", "2007-03-31": "219.28200", "2006-12-31": "211.03500", "2006-09-30": "254.36500", "2006-06-30": "261.64000", "2006-03-31": "211.86700", "2005-12-31": "202.74800", "2005-09-30": "195.10300", "2005-06-30": "189.73800", "2005-03-31": "183.38200"}, "Total Long Term Liabilities": {"2020-12-31": "9498.04200", "2020-09-30": "9913.44500", "2020-06-30": "10461.29000", "2020-03-31": "10384.24000", "2019-12-31": "10610.37000", "2019-09-30": "9308.47000", "2019-06-30": "8456.76500", "2019-03-31": "5912.93700", "2018-12-31": "5977.58700", "2018-09-30": "6009.41500", "2018-06-30": "6257.11100", "2018-03-31": "6852.68400", "2017-12-31": "6908.26800", "2017-09-30": "6733.49600", "2017-06-30": "6826.69800", "2017-03-31": "7529.16600", "2016-12-31": "4775.16100", "2016-09-30": "4826.08700", "2016-06-30": "5089.57600", "2016-03-31": "4541.79900", "2015-12-31": "4583.27100", "2015-09-30": "4596.76200", "2015-06-30": "4822.59300", "2015-03-31": "4414.95200", "2014-12-31": "4469.10700", "2014-09-30": "3274.06200", "2014-06-30": "3358.75800", "2014-03-31": "3280.94400", "2013-12-31": "3262.54700", "2013-09-30": "3243.58400", "2013-06-30": "3279.21400", "2013-03-31": "3610.81500", "2012-12-31": "3644.11200", "2012-09-30": "3616.09900", "2012-06-30": "3778.53900", "2012-03-31": "2813.35600", "2011-12-31": "2951.57200", "2011-09-30": "2972.39300", "2011-06-30": "3007.42600", "2011-03-31": "3452.71300", "2010-12-31": "3463.38300", "2010-09-30": "3435.04000", "2010-06-30": "3246.09100", "2010-03-31": "3090.72900", "2009-12-31": "3240.36500", "2009-09-30": "3532.22300", "2009-06-30": "3499.70800", "2009-03-31": "2792.32900", "2008-12-31": "2865.81100", "2008-09-30": "2846.06100", "2008-06-30": "2944.62700", "2008-03-31": "2002.89800", "2007-12-31": "1943.78200", "2007-09-30": "1901.92600", "2007-06-30": "1804.50300", "2007-03-31": "2291.33400", "2006-12-31": "2220.44700", "2006-09-30": "2246.93000", "2006-06-30": "2251.12400", "2006-03-31": "2431.57000", "2005-12-31": "2441.54000", "2005-09-30": "2220.56800", "2005-06-30": "2219.73200", "2005-03-31": "2051.15200"}, "Total Liabilities": {"2020-12-31": "12705.13000", "2020-09-30": "13241.67000", "2020-06-30": "13609.66000", "2020-03-31": "14057.85000", "2019-12-31": "14701.49000", "2019-09-30": "13465.80000", "2019-06-30": "11608.54000", "2019-03-31": "9461.88700", "2018-12-31": "9486.52100", "2018-09-30": "9317.93600", "2018-06-30": "9454.59400", "2018-03-31": "10361.20000", "2017-12-31": "10445.97000", "2017-09-30": "10200.62000", "2017-06-30": "10222.56000", "2017-03-31": "10577.61000", "2016-12-31": "7200.63500", "2016-09-30": "7320.32500", "2016-06-30": "7455.46400", "2016-03-31": "7042.41800", "2015-12-31": "6951.37000", "2015-09-30": "7146.80300", "2015-06-30": "7171.71300", "2015-03-31": "7182.27600", "2014-12-31": "6808.25800", "2014-09-30": "6162.26100", "2014-06-30": "6611.55400", "2014-03-31": "6648.12500", "2013-12-31": "6565.65000", "2013-09-30": "6698.59300", "2013-06-30": "6799.41700", "2013-03-31": "7259.36400", "2012-12-31": "6132.37200", "2012-09-30": "5982.56400", "2012-06-30": "6264.55200", "2012-03-31": "5302.65600", "2011-12-31": "5071.68100", "2011-09-30": "5208.10200", "2011-06-30": "5398.46900", "2011-03-31": "5793.13300", "2010-12-31": "5404.25100", "2010-09-30": "5717.14400", "2010-06-30": "5450.98200", "2010-03-31": "5162.70400", "2009-12-31": "5156.40300", "2009-09-30": "5367.56000", "2009-06-30": "5505.46200", "2009-03-31": "5098.85800", "2008-12-31": "5533.51000", "2008-09-30": "5388.68800", "2008-06-30": "5127.88300", "2008-03-31": "4490.18400", "2007-12-31": "4440.27000", "2007-09-30": "4146.86500", "2007-06-30": "3729.74800", "2007-03-31": "4188.09500", "2006-12-31": "4139.23000", "2006-09-30": "4054.41600", "2006-06-30": "3932.22900", "2006-03-31": "4152.39600", "2005-12-31": "4188.42500", "2005-09-30": "3493.59500", "2005-06-30": "3520.55600", "2005-03-31": "3294.37400"}, "Common Stock Net": {"2020-12-31": "", "2020-09-30": "90.52300", "2020-06-30": "90.52300", "2020-03-31": "90.52300", "2019-12-31": "90.52300", "2019-09-30": "90.52300", "2019-06-30": "90.52300", "2019-03-31": "90.52300", "2018-12-31": "90.52300", "2018-09-30": "90.52300", "2018-06-30": "90.52300", "2018-03-31": "90.52300", "2017-12-31": "90.52300", "2017-09-30": "90.52300", "2017-06-30": "90.52300", "2017-03-31": "90.52300", "2016-12-31": "90.52300", "2016-09-30": "90.52300", "2016-06-30": "90.52300", "2016-03-31": "90.52300", "2015-12-31": "90.52300", "2015-09-30": "90.52300", "2015-06-30": "90.52300", "2015-03-31": "90.52300", "2014-12-31": "90.52300", "2014-09-30": "90.52300", "2014-06-30": "90.52300", "2014-03-31": "90.52300", "2013-12-31": "90.52300", "2013-09-30": "90.52300", "2013-06-30": "90.52300", "2013-03-31": "90.52300", "2012-12-31": "90.52300", "2012-09-30": "90.52300", "2012-06-30": "90.52300", "2012-03-31": "90.52300", "2011-12-31": "90.52300", "2011-09-30": "90.52300", "2011-06-30": "90.52300", "2011-03-31": "90.52300", "2010-12-31": "90.52300", "2010-09-30": "90.52300", "2010-06-30": "90.52300", "2010-03-31": "90.52300", "2009-12-31": "90.52300", "2009-09-30": "90.52300", "2009-06-30": "90.52300", "2009-03-31": "90.52300", "2008-12-31": "90.52300", "2008-09-30": "90.52300", "2008-06-30": "90.52300", "2008-03-31": "90.52300", "2007-12-31": "90.52300", "2007-09-30": "90.51300", "2007-06-30": "90.51300", "2007-03-31": "60.34200", "2006-12-31": "60.34200", "2006-09-30": "60.34200", "2006-06-30": "60.34200", "2006-03-31": "60.22200", "2005-12-31": "60.21900", "2005-09-30": "60.21900", "2005-06-30": "60.21900", "2005-03-31": "60.21900"}, "Retained Earnings (Accumulated Deficit)": {"2020-12-31": "", "2020-09-30": "13738.53000", "2020-06-30": "13530.67000", "2020-03-31": "13348.29000", "2019-12-31": "13094.25000", "2019-09-30": "13003.08000", "2019-06-30": "12777.54000", "2019-03-31": "12427.21000", "2018-12-31": "12114.45000", "2018-09-30": "11902.30000", "2018-06-30": "11625.97000", "2018-03-31": "11373.68000", "2017-12-31": "11095.72000", "2017-09-30": "11127.64000", "2017-06-30": "10930.35000", "2017-03-31": "10725.26000", "2016-12-31": "10579.63000", "2016-09-30": "10427.25000", "2016-06-30": "10302.87000", "2016-03-31": "10148.04000", "2015-12-31": "10047.76000", "2015-09-30": "9950.45800", "2015-06-30": "9841.88500", "2015-03-31": "9753.93400", "2014-12-31": "9556.31900", "2014-09-30": "9382.21800", "2014-06-30": "9174.18900", "2014-03-31": "8945.60200", "2013-12-31": "8779.45400", "2013-09-30": "8596.45600", "2013-06-30": "8421.27000", "2013-03-31": "8229.10600", "2012-12-31": "8052.79600", "2012-09-30": "7949.51900", "2012-06-30": "7787.17500", "2012-03-31": "7551.26000", "2011-12-31": "7311.21900", "2011-09-30": "7128.17900", "2011-06-30": "6891.40700", "2011-03-31": "6664.68700", "2010-12-31": "6449.60100", "2010-09-30": "6284.14800", "2010-06-30": "6086.54500", "2010-03-31": "5917.13600", "2009-12-31": "5808.91500", "2009-09-30": "5747.73400", "2009-06-30": "5722.03800", "2009-03-31": "5720.65000", "2008-12-31": "5709.79500", "2008-09-30": "5595.28400", "2008-06-30": "5387.83600", "2008-03-31": "5181.32300", "2007-12-31": "4965.63100", "2007-09-30": "4794.44700", "2007-06-30": "4625.19500", "2007-03-31": "4438.08500", "2006-12-31": "4258.77200", "2006-09-30": "4095.96000", "2006-06-30": "3916.41200", "2006-03-31": "3750.06700", "2005-12-31": "3599.97500", "2005-09-30": "3498.26600", "2005-06-30": "3352.88800", "2005-03-31": "3215.18800"}, "Comprehensive Income": {"2020-12-31": "", "2020-09-30": "-2388.47200", "2020-06-30": "-2558.87500", "2020-03-31": "-2195.46200", "2019-12-31": "-1945.73200", "2019-09-30": "-2130.59400", "2019-06-30": "-2059.04800", "2019-03-31": "-1728.91500", "2018-12-31": "-1795.49700", "2018-09-30": "-1775.98300", "2018-06-30": "-1763.08600", "2018-03-31": "-1649.03800", "2017-12-31": "-1767.72800", "2017-09-30": "-1824.50300", "2017-06-30": "-1924.20400", "2017-03-31": "-2292.83300", "2016-12-31": "-2411.14400", "2016-09-30": "-2185.47200", "2016-06-30": "-2227.76500", "2016-03-31": "-1725.53800", "2015-12-31": "-1884.72700", "2015-09-30": "-1821.80500", "2015-06-30": "-1738.61800", "2015-03-31": "-1638.22400", "2014-12-31": "-1290.36300", "2014-09-30": "-1098.56600", "2014-06-30": "-823.49800", "2014-03-31": "-847.07700", "2013-12-31": "-873.15400", "2013-09-30": "-922.90600", "2013-06-30": "-1107.83300", "2013-03-31": "-1275.83700", "2012-12-31": "-1187.14000", "2012-09-30": "-1281.71900", "2012-06-30": "-1415.90000", "2012-03-31": "-599.16000", "2011-12-31": "-765.35000", "2011-09-30": "-723.52500", "2011-06-30": "-450.99000", "2011-03-31": "-737.40700", "2010-12-31": "-881.68800", "2010-09-30": "-910.88400", "2010-06-30": "-1208.56100", "2010-03-31": "-780.18500", "2009-12-31": "-705.52400", "2009-09-30": "-696.20000", "2009-06-30": "-843.01900", "2009-03-31": "-628.32600", "2008-12-31": "-502.59500", "2008-09-30": "-236.42100", "2008-06-30": "117.64200", "2008-03-31": "186.06800", "2007-12-31": "32.15300", "2007-09-30": "5.14000", "2007-06-30": "-112.62100", "2007-03-31": "-114.08100", "2006-12-31": "-130.25000", "2006-09-30": "-196.50400", "2006-06-30": "-194.81900", "2006-03-31": "-454.76600", "2005-12-31": "-480.97200", "2005-09-30": "-492.30900", "2005-06-30": "-470.96400", "2005-03-31": "-239.64500"}, "Other Share Holders Equity": {"2020-12-31": "", "2020-09-30": "", "2020-06-30": "", "2020-03-31": "", "2019-12-31": "", "2019-09-30": "", "2019-06-30": "", "2019-03-31": "", "2018-12-31": "", "2018-09-30": "", "2018-06-30": "", "2018-03-31": "", "2017-12-31": "", "2017-09-30": "", "2017-06-30": "", "2017-03-31": "", "2016-12-31": "", "2016-09-30": "", "2016-06-30": "", "2016-03-31": "", "2015-12-31": "", "2015-09-30": "", "2015-06-30": "", "2015-03-31": "", "2014-12-31": "", "2014-09-30": "", "2014-06-30": "", "2014-03-31": "", "2013-12-31": "", "2013-09-30": "", "2013-06-30": "", "2013-03-31": "", "2012-12-31": "", "2012-09-30": "", "2012-06-30": "", "2012-03-31": "", "2011-12-31": "", "2011-09-30": "", "2011-06-30": "", "2011-03-31": "", "2010-12-31": "", "2010-09-30": "", "2010-06-30": "", "2010-03-31": "", "2009-12-31": "", "2009-09-30": "", "2009-06-30": "", "2009-03-31": "", "2008-12-31": "", "2008-09-30": "", "2008-06-30": "", "2008-03-31": "", "2007-12-31": "", "2007-09-30": "", "2007-06-30": "", "2007-03-31": "", "2006-12-31": "", "2006-09-30": "", "2006-06-30": "", "2006-03-31": "", "2005-12-31": "", "2005-09-30": "", "2005-06-30": "", "2005-03-31": ""}, "Share Holder Equity": {"2020-12-31": "7122.30400", "2020-09-30": "6544.24900", "2020-06-30": "6128.52900", "2020-03-31": "6307.42700", "2019-12-31": "6342.50100", "2019-09-30": "6102.79200", "2019-06-30": "5968.15200", "2019-03-31": "6016.04800", "2018-12-31": "5821.16600", "2018-09-30": "6107.10600", "2018-06-30": "5865.49300", "2018-03-31": "5876.28300", "2017-12-31": "5519.21000", "2017-09-30": "5530.65900", "2017-06-30": "5267.34600", "2017-03-31": "4747.72600", "2016-12-31": "4530.97800", "2016-09-30": "4650.58900", "2016-06-30": "4578.67800", "2016-03-31": "5026.98300", "2015-12-31": "4802.72100", "2015-09-30": "4854.75100", "2015-06-30": "5107.56900", "2015-03-31": "5154.93900", "2014-12-31": "5760.14100", "2014-09-30": "6582.36400", "2014-06-30": "6662.80800", "2014-03-31": "6454.23300", "2013-12-31": "6298.28600", "2013-09-30": "6089.77100", "2013-06-30": "5741.48100", "2013-03-31": "5412.40800", "2012-12-31": "5328.98900", "2012-09-30": "5152.01400", "2012-06-30": "4905.73000", "2012-03-31": "5586.46800", "2011-12-31": "5255.90300", "2011-09-30": "5113.48800", "2011-06-30": "5488.33600", "2011-03-31": "5583.72900", "2010-12-31": "5214.59300", "2010-09-30": "4992.57700", "2010-06-30": "4459.40000", "2010-03-31": "4695.54400", "2009-12-31": "4637.78600", "2009-09-30": "4569.61300", "2009-06-30": "4350.44000", "2009-03-31": "4468.65200", "2008-12-31": "4581.68100", "2008-09-30": "4743.86800", "2008-06-30": "5258.97100", "2008-03-31": "5118.99300", "2007-12-31": "4777.23600", "2007-09-30": "4546.12800", "2007-06-30": "4711.66500", "2007-03-31": "4520.44200", "2006-12-31": "4317.06500", "2006-09-30": "4270.06700", "2006-06-30": "4241.20300", "2006-03-31": "3820.12100", "2005-12-31": "3607.37200", "2005-09-30": "3494.75300", "2005-06-30": "3340.14700", "2005-03-31": "3461.05100"}, "Total Liabilities And Share Holders Equity": {"2020-12-31": "19827.43000", "2020-09-30": "19785.92000", "2020-06-30": "19738.19000", "2020-03-31": "20365.28000", "2019-12-31": "21043.99000", "2019-09-30": "19568.59000", "2019-06-30": "17576.69000", "2019-03-31": "15477.93000", "2018-12-31": "15307.69000", "2018-09-30": "15425.04000", "2018-06-30": "15320.09000", "2018-03-31": "16237.48000", "2017-12-31": "15965.18000", "2017-09-30": "15731.28000", "2017-06-30": "15489.90000", "2017-03-31": "15325.33000", "2016-12-31": "11731.61000", "2016-09-30": "11970.91000", "2016-06-30": "12034.14000", "2016-03-31": "12069.40000", "2015-12-31": "11754.09000", "2015-09-30": "12001.55000", "2015-06-30": "12279.28000", "2015-03-31": "12337.21000", "2014-12-31": "12568.40000", "2014-09-30": "12744.63000", "2014-06-30": "13274.36000", "2014-03-31": "13102.36000", "2013-12-31": "12863.94000", "2013-09-30": "12788.36000", "2013-06-30": "12540.90000", "2013-03-31": "12671.77000", "2012-12-31": "11461.36000", "2012-09-30": "11134.58000", "2012-06-30": "11170.28000", "2012-03-31": "10889.12000", "2011-12-31": "10327.58000", "2011-09-30": "10321.59000", "2011-06-30": "10886.80000", "2011-03-31": "11376.86000", "2010-12-31": "10618.84000", "2010-09-30": "10709.72000", "2010-06-30": "9910.38200", "2010-03-31": "9858.24800", "2009-12-31": "9794.18900", "2009-09-30": "9937.17300", "2009-06-30": "9855.90200", "2009-03-31": "9567.51000", "2008-12-31": "10115.19000", "2008-09-30": "10132.56000", "2008-06-30": "10386.85000", "2008-03-31": "9609.17700", "2007-12-31": "9217.50600", "2007-09-30": "8692.99300", "2007-06-30": "8441.41300", "2007-03-31": "8708.53700", "2006-12-31": "8456.29500", "2006-09-30": "8324.48300", "2006-06-30": "8173.43200", "2006-03-31": "7972.51700", "2005-12-31": "7795.79700", "2005-09-30": "6988.34800", "2005-06-30": "6860.70300", "2005-03-31": "6755.42500"}}, "cash flow statement": {"Net Income/Loss": {"2020-06-30": "1206.70300", "2019-06-30": "1512.93100", "2018-06-30": "1061.31500", "2017-06-30": "983.84400", "2016-06-30": "807.21600", "2015-06-30": "1012.55300", "2014-06-30": "1041.41800", "2013-06-30": "948.78400", "2012-06-30": "1155.49200", "2011-06-30": "1057.15000", "2010-06-30": "556.36500", "2009-06-30": "510.14400", "2008-06-30": "957.51300", "2007-06-30": "830.04600", "2006-06-30": "673.16700", "2005-06-30": "604.69200"}, "Total Depreciation And Amortization - Cash Flow": {"2020-06-30": "537.53100", "2019-06-30": "436.18900", "2018-06-30": "466.08500", "2017-06-30": "355.22900", "2016-06-30": "306.84300", "2015-06-30": "317.49100", "2014-06-30": "336.70200", "2013-06-30": "335.62400", "2012-06-30": "321.92900", "2011-06-30": "339.80000", "2010-06-30": "362.50900", "2009-06-30": "357.73700", "2008-06-30": "326.72400", "2007-06-30": "294.56600", "2006-06-30": "280.97100", "2005-06-30": "262.69000"}, "Other Non-Cash Items": {"2020-06-30": "110.52800", "2019-06-30": "144.26200", "2018-06-30": "121.16400", "2017-06-30": "84.60000", "2016-06-30": "17.38200", "2015-06-30": "49.52400", "2014-06-30": "-186.32500", "2013-06-30": "91.23400", "2012-06-30": "26.28900", "2011-06-30": "96.71300", "2010-06-30": "51.00800", "2009-06-30": "35.61700", "2008-06-30": "1.32500", "2007-06-30": "-31.35700", "2006-06-30": "-31.73800", "2005-06-30": "-53.32000"}, "Total Non-Cash Items": {"2020-06-30": "648.05900", "2019-06-30": "580.45100", "2018-06-30": "587.24900", "2017-06-30": "439.82890", "2016-06-30": "324.22500", "2015-06-30": "367.01500", "2014-06-30": "150.37700", "2013-06-30": "426.85800", "2012-06-30": "348.21800", "2011-06-30": "436.51300", "2010-06-30": "413.51700", "2009-06-30": "393.35400", "2008-06-30": "328.04900", "2007-06-30": "263.20900", "2006-06-30": "249.23300", "2005-06-30": "209.37000"}, "Change In Accounts Receivable": {"2020-06-30": "578.85300", "2019-06-30": "2.45200", "2018-06-30": "-301.97800", "2017-06-30": "-95.34700", "2016-06-30": "17.54900", "2015-06-30": "143.17900", "2014-06-30": "-99.14400", "2013-06-30": "-21.20600", "2012-06-30": "-91.09100", "2011-06-30": "-259.75200", "2010-06-30": "-220.34900", "2009-06-30": "598.06500", "2008-06-30": "-114.57800", "2007-06-30": "-54.70100", "2006-06-30": "-109.97800", "2005-06-30": "-6.54000"}, "Change In Inventories": {"2020-06-30": "201.16400", "2019-06-30": "-51.81700", "2018-06-30": "-92.20900", "2017-06-30": "-73.67300", "2016-06-30": "120.24300", "2015-06-30": "-70.37700", "2014-06-30": "-3.81600", "2013-06-30": "98.51800", "2012-06-30": "-28.33300", "2011-06-30": "-139.06200", "2010-06-30": "53.86200", "2009-06-30": "218.59500", "2008-06-30": "-53.55600", "2007-06-30": "-15.01800", "2006-06-30": "17.49800", "2005-06-30": "17.08300"}, "Change In Accounts Payable": {"2020-06-30": "-370.76500", "2019-06-30": "-12.39700", "2018-06-30": "125.90700", "2017-06-30": "174.76100", "2016-06-30": "-52.37800", "2015-06-30": "-86.75000", "2014-06-30": "92.92700", "2013-06-30": "-66.08200", "2012-06-30": "59.69200", "2011-06-30": "228.16400", "2010-06-30": "259.43600", "2009-06-30": "-304.86300", "2008-06-30": "74.99800", "2007-06-30": "-16.94400", "2006-06-30": "56.20200", "2005-06-30": "37.61100"}, "Change In Assets/Liabilities": {"2020-06-30": "-12.73700", "2019-06-30": "-289.67300", "2018-06-30": "182.57800", "2017-06-30": "-93.20000", "2016-06-30": "54.70600", "2015-06-30": "62.48100", "2014-06-30": "122.02600", "2013-06-30": "-70.38400", "2012-06-30": "107.19400", "2011-06-30": "-257.18300", "2010-06-30": "30.72100", "2009-06-30": "-18.20900", "2008-06-30": "82.55000", "2007-06-30": "-107.44200", "2006-06-30": "-7.35600", "2005-06-30": "-13.31700"}, "Total Change In Assets/Liabilities": {"2020-06-30": "216.18700", "2019-06-30": "-363.24200", "2018-06-30": "-51.86400", "2017-06-30": "-123.11000", "2016-06-30": "79.33700", "2015-06-30": "-16.33500", "2014-06-30": "196.09800", "2013-06-30": "-184.70700", "2012-06-30": "26.67500", "2011-06-30": "-326.73000", "2010-06-30": "248.94000", "2009-06-30": "225.69400", "2008-06-30": "31.04800", "2007-06-30": "-136.35000", "2006-06-30": "28.29400", "2005-06-30": "39.44400"}, "Cash Flow From Operating Activities": {"2020-06-30": "2070.94900", "2019-06-30": "1730.14000", "2018-06-30": "1596.70000", "2017-06-30": "1300.56300", "2016-06-30": "1210.77800", "2015-06-30": "1363.23300", "2014-06-30": "1387.89300", "2013-06-30": "1190.93500", "2012-06-30": "1530.38500", "2011-06-30": "1166.93300", "2010-06-30": "1218.82200", "2009-06-30": "1129.19200", "2008-06-30": "1316.61000", "2007-06-30": "956.90500", "2006-06-30": "950.69400", "2005-06-30": "853.50600"}, "Net Change In Property, Plant, And Equipment": {"2020-06-30": "-206.24600", "2019-06-30": "-148.49700", "2018-06-30": "-165.78600", "2017-06-30": "-189.10000", "2016-06-30": "-130.58600", "2015-06-30": "-195.87200", "2014-06-30": "-201.97200", "2013-06-30": "-240.84900", "2012-06-30": "-198.41300", "2011-06-30": "-175.00500", "2010-06-30": "-117.29300", "2009-06-30": "-241.74700", "2008-06-30": "-250.33000", "2007-06-30": "-192.00100", "2006-06-30": "-157.01500", "2005-06-30": "-134.62100"}, "Net Change In Intangible Assets": {"2020-06-30": "", "2019-06-30": "", "2018-06-30": "", "2017-06-30": "", "2016-06-30": "", "2015-06-30": "", "2014-06-30": "", "2013-06-30": "", "2012-06-30": "", "2011-06-30": "", "2010-06-30": "", "2009-06-30": "", "2008-06-30": "", "2007-06-30": "", "2006-06-30": "", "2005-06-30": ""}, "Net Acquisitions/Divestitures": {"2020-06-30": "-5076.06400", "2019-06-30": "17.63600", "2018-06-30": "177.74100", "2017-06-30": "-3983.58700", "2016-06-30": "-43.22700", "2015-06-30": "18.64700", "2014-06-30": "184.90500", "2013-06-30": "-547.62900", "2012-06-30": "-156.25600", "2011-06-30": "-60.22700", "2010-06-30": "-5.45100", "2009-06-30": "-722.63500", "2008-06-30": "-921.01400", "2007-06-30": "-378.63900", "2006-06-30": "-743.26600", "2005-06-30": "-438.56900"}, "Net Change In Short-term Investments": {"2020-06-30": "275.48300", "2019-06-30": "74.90800", "2018-06-30": "83.90500", "2017-06-30": "1279.31800", "2016-06-30": "1300.63300", "2015-06-30": "1391.39600", "2014-06-30": "", "2013-06-30": "", "2012-06-30": "", "2011-06-30": "", "2010-06-30": "", "2009-06-30": "", "2008-06-30": "", "2007-06-30": "", "2006-06-30": "", "2005-06-30": ""}, "Net Change In Long-Term Investments": {"2020-06-30": "-194.74200", "2019-06-30": "-181.78000", "2018-06-30": "-80.60700", "2017-06-30": "-465.66600", "2016-06-30": "-1351.46400", "2015-06-30": "-1747.33300", "2014-06-30": "-624.88000", "2013-06-30": "", "2012-06-30": "", "2011-06-30": "", "2010-06-30": "", "2009-06-30": "", "2008-06-30": "", "2007-06-30": "", "2006-06-30": "", "2005-06-30": ""}, "Net Change In Investments - Total": {"2020-06-30": "80.74100", "2019-06-30": "-106.87200", "2018-06-30": "3.29800", "2017-06-30": "813.65200", "2016-06-30": "-50.83090", "2015-06-30": "-355.93700", "2014-06-30": "-624.88000", "2013-06-30": "", "2012-06-30": "", "2011-06-30": "", "2010-06-30": "", "2009-06-30": "", "2008-06-30": "", "2007-06-30": "", "2006-06-30": "", "2005-06-30": ""}, "Investing Activities - Other": {"2020-06-30": "177.57600", "2019-06-30": "19.22300", "2018-06-30": "8.42400", "2017-06-30": "-4.20500", "2016-06-30": "-39.99500", "2015-06-30": "-46.00100", "2014-06-30": "-4.45400", "2013-06-30": "-21.36700", "2012-06-30": "-21.09900", "2011-06-30": "-9.70600", "2010-06-30": "-23.42900", "2009-06-30": "3.55100", "2008-06-30": "0.54400", "2007-06-30": "-9.12100", "2006-06-30": "-20.96200", "2005-06-30": "7.80700"}, "Cash Flow From Investing Activities": {"2020-06-30": "-5023.99300", "2019-06-30": "-218.51000", "2018-06-30": "23.67700", "2017-06-30": "-3363.24000", "2016-06-30": "-264.63900", "2015-06-30": "-579.16300", "2014-06-30": "-646.40100", "2013-06-30": "-809.84500", "2012-06-30": "-375.76800", "2011-06-30": "-244.93800", "2010-06-30": "-146.17300", "2009-06-30": "-960.83100", "2008-06-30": "-1170.80000", "2007-06-30": "-579.76100", "2006-06-30": "-921.24300", "2005-06-30": "-565.38300"}, "Net Long-Term Debt": {"2020-06-30": "981.03000", "2019-06-30": "2123.52300", "2018-06-30": "-943.44000", "2017-06-30": "2233.38500", "2016-06-30": "-217.78100", "2015-06-30": "1482.47800", "2014-06-30": "-2.18600", "2013-06-30": "-327.47700", "2012-06-30": "-3.20100", "2011-06-30": "-66.37500", "2010-06-30": "-64.28900", "2009-06-30": "-18.30300", "2008-06-30": "715.35900", "2007-06-30": "-4.22700", "2006-06-30": "-93.21800", "2005-06-30": "-4.27500"}, "Net Current Debt": {"2020-06-30": "136.74400", "2019-06-30": "48.82800", "2018-06-30": "4.11500", "2017-06-30": "230.49900", "2016-06-30": "303.62400", "2015-06-30": "-815.17100", "2014-06-30": "-515.38700", "2013-06-30": "1319.52400", "2012-06-30": "-1.96100", "2011-06-30": "-18.90800", "2010-06-30": "-421.97400", "2009-06-30": "346.08100", "2008-06-30": "-48.32000", "2007-06-30": "111.30000", "2006-06-30": "-8.26200", "2005-06-30": "-16.92700"}, "Debt Issuance/Retirement Net - Total": {"2020-06-30": "1117.77400", "2019-06-30": "2172.35100", "2018-06-30": "-939.32500", "2017-06-30": "2463.88400", "2016-06-30": "85.84300", "2015-06-30": "667.30700", "2014-06-30": "-517.57300", "2013-06-30": "992.04710", "2012-06-30": "-5.16200", "2011-06-30": "-85.28300", "2010-06-30": "-486.26300", "2009-06-30": "327.77800", "2008-06-30": "667.03900", "2007-06-30": "107.07300", "2006-06-30": "-101.48000", "2005-06-30": "-21.20200"}, "Net Common Equity Issued/Repurchased": {"2020-06-30": "-213.42600", "2019-06-30": "-857.57700", "2018-06-30": "-377.35900", "2017-06-30": "-335.87600", "2016-06-30": "-587.23900", "2015-06-30": "-1432.95400", "2014-06-30": "-196.03000", "2013-06-30": "-225.80300", "2012-06-30": "-446.37000", "2011-06-30": "-667.23400", "2010-06-30": "-14.69200", "2009-06-30": "-444.24300", "2008-06-30": "-551.19700", "2007-06-30": "-392.78400", "2006-06-30": "0.47000", "2005-06-30": "-23.72400"}, "Net Total Equity Issued/Repurchased": {"2020-06-30": "-213.42600", "2019-06-30": "-857.57700", "2018-06-30": "-377.35900", "2017-06-30": "-335.87600", "2016-06-30": "-587.23900", "2015-06-30": "-1432.95400", "2014-06-30": "-196.03000", "2013-06-30": "-225.80300", "2012-06-30": "-446.37000", "2011-06-30": "-667.23400", "2010-06-30": "-14.69200", "2009-06-30": "-444.24300", "2008-06-30": "-551.19700", "2007-06-30": "-392.78400", "2006-06-30": "0.47000", "2005-06-30": "-23.72400"}, "Total Common And Preferred Stock Dividends Paid": {"2020-06-30": "-453.83800", "2019-06-30": "-412.46800", "2018-06-30": "-365.28800", "2017-06-30": "-345.38000", "2016-06-30": "-341.96200", "2015-06-30": "-340.38900", "2014-06-30": "-278.24400", "2013-06-30": "-255.00900", "2012-06-30": "-240.65400", "2011-06-30": "-206.08400", "2010-06-30": "-162.73900", "2009-06-30": "-161.57500", "2008-06-30": "-142.26000", "2007-06-30": "-121.26300", "2006-06-30": "-109.64300", "2005-06-30": "-92.61200"}, "Financial Activities - Other": {"2020-06-30": "-1.20000", "2019-06-30": "", "2018-06-30": "", "2017-06-30": "", "2016-06-30": "", "2015-06-30": "", "2014-06-30": "33.73200", "2013-06-30": "64.93900", "2012-06-30": "-131.33400", "2011-06-30": "42.82300", "2010-06-30": "13.69800", "2009-06-30": "3.69200", "2008-06-30": "27.64000", "2007-06-30": "26.54700", "2006-06-30": "20.40600", "2005-06-30": ""}, "Cash Flow From Financial Activities": {"2020-06-30": "449.31000", "2019-06-30": "902.30600", "2018-06-30": "-1681.97200", "2017-06-30": "1782.62800", "2016-06-30": "-843.35800", "2015-06-30": "-1106.03600", "2014-06-30": "-958.11500", "2013-06-30": "576.17400", "2012-06-30": "-823.52000", "2011-06-30": "-915.77800", "2010-06-30": "-649.99600", "2009-06-30": "-274.34800", "2008-06-30": "1.22200", "2007-06-30": "-380.42700", "2006-06-30": "-190.24700", "2005-06-30": "-137.53800"}, "Net Cash Flow": {"2020-06-30": "-2534.25300", "2019-06-30": "2397.63000", "2018-06-30": "-62.74900", "2017-06-30": "-336.76700", "2016-06-30": "41.06900", "2015-06-30": "-432.97100", "2014-06-30": "-167.85700", "2013-06-30": "943.09500", "2012-06-30": "180.85100", "2011-06-30": "81.94000", "2010-06-30": "387.91500", "2009-06-30": "-138.43700", "2008-06-30": "153.34200", "2007-06-30": "1.15300", "2006-06-30": "-164.52700", "2005-06-30": "152.23300"}, "Stock-Based Compensation": {"2020-06-30": "111.37500", "2019-06-30": "104.07800", "2018-06-30": "118.83100", "2017-06-30": "80.33900", "2016-06-30": "71.29300", "2015-06-30": "96.09300", "2014-06-30": "103.16100", "2013-06-30": "84.99600", "2012-06-30": "80.93500", "2011-06-30": "73.23800", "2010-06-30": "59.31800", "2009-06-30": "47.21500", "2008-06-30": "44.94700", "2007-06-30": "33.20300", "2006-06-30": "33.44800", "2005-06-30": ""}, "Common Stock Dividends Paid": {"2020-06-30": "-453.83800", "2019-06-30": "-412.46800", "2018-06-30": "-365.28800", "2017-06-30": "-345.38000", "2016-06-30": "-341.96200", "2015-06-30": "-340.38900", "2014-06-30": "-278.24400", "2013-06-30": "-255.00900", "2012-06-30": "-240.65400", "2011-06-30": "-206.08400", "2010-06-30": "-162.73900", "2009-06-30": "-161.57500", "2008-06-30": "-142.26000", "2007-06-30": "-121.26300", "2006-06-30": "-109.64300", "2005-06-30": "-92.61200"}}, "cash flow statement, quarterly": {"Net Income/Loss": {"2020-12-31": 447.497, "2020-09-30": "321.71700", "2020-06-30": 295.695, "2020-03-31": 367.369, "2019-12-31": 204.598, "2019-09-30": "339.04100", "2019-06-30": 413.738, "2019-03-31": 411.381, "2018-12-31": 311.913, "2018-09-30": "375.89900", "2018-06-30": 353.328, "2018-03-31": 366.13, "2017-12-31": 56.322, "2017-09-30": "285.53500", "2017-06-30": 293.359, "2017-03-31": 238.847, "2016-12-31": 241.4, "2016-09-30": "210.23800", "2016-06-30": 241.911, "2016-03-31": 187.142, "2015-12-31": 183.137, "2015-09-30": "195.02600", "2015-06-30": 179.585, "2015-03-31": 285.462, "2014-12-31": 267.335, "2014-09-30": "280.17100", "2014-06-30": 301.176, "2014-03-31": 242.518, "2013-12-31": 253.404, "2013-09-30": "244.32000", "2013-06-30": 271.13, "2013-03-31": 256.592, "2012-12-31": 181.114, "2012-09-30": "239.94800", "2012-06-30": 302.302, "2012-03-31": 312.689, "2011-12-31": 242.343, "2011-09-30": "298.15800", "2011-06-30": 294.654, "2011-03-31": 281.648, "2010-12-31": 231.818, "2010-09-30": "249.03000", "2010-06-30": 223.052, "2010-03-31": 154.38, "2009-12-31": 104.963, "2009-09-30": "73.97000", "2009-06-30": 48.393, "2009-03-31": 53.155, "2008-12-31": 156.761, "2008-09-30": "251.83500", "2008-06-30": 260.612, "2008-03-31": 255.441, "2007-12-31": 211.863, "2007-09-30": "229.59700", "2007-06-30": 217.186, "2007-03-31": 209.309, "2006-12-31": 192.967, "2006-09-30": "210.58400", "2006-06-30": 193.888, "2006-03-31": 177.523, "2005-12-31": 129.024, "2005-09-30": "172.73200", "2005-06-30": 161.412, "2005-03-31": 443.28}, "Total Depreciation And Amortization - Cash Flow": {"2020-12-31": 149.818, "2020-09-30": "148.44200", "2020-06-30": 146.582, "2020-03-31": 137.649, "2019-12-31": 144.229, "2019-09-30": "109.07100", "2019-06-30": 105.388, "2019-03-31": 108.258, "2018-12-31": 110.052, "2018-09-30": "112.49100", "2018-06-30": 114.769, "2018-03-31": 117.1, "2017-12-31": 118.109, "2017-09-30": "116.10700", "2017-06-30": 118.686, "2017-03-31": 87.458, "2016-12-31": 73.752, "2016-09-30": "75.33300", "2016-06-30": 75.066, "2016-03-31": 75.684, "2015-12-31": 77.871, "2015-09-30": "78.22200", "2015-06-30": 80.259, "2015-03-31": 76.607, "2014-12-31": 78.857, "2014-09-30": "81.76800", "2014-06-30": 83.552, "2014-03-31": 83.06, "2013-12-31": 84.51, "2013-09-30": "85.58000", "2013-06-30": 85.05, "2013-03-31": 86.747, "2012-12-31": 82.655, "2012-09-30": "81.17200", "2012-06-30": 77.526, "2012-03-31": 80.272, "2011-12-31": 79.299, "2011-09-30": "84.83200", "2011-06-30": 85.675, "2011-03-31": 83.832, "2010-12-31": 85.307, "2010-09-30": "84.98600", "2010-06-30": 84.494, "2010-03-31": 88.078, "2009-12-31": 96.974, "2009-09-30": "92.96300", "2009-06-30": 93.4, "2009-03-31": 88.452, "2008-12-31": 89.719, "2008-09-30": "86.16600", "2008-06-30": 95.044, "2008-03-31": 76.534, "2007-12-31": 78.97, "2007-09-30": "76.17600", "2007-06-30": 72.547, "2007-03-31": 73.821, "2006-12-31": 73.958, "2006-09-30": "74.24000", "2006-06-30": 71.702, "2006-03-31": 72.591, "2005-12-31": 71.325, "2005-09-30": "65.35300", "2005-06-30": 66.928, "2005-03-31": 195.762}, "Other Non-Cash Items": {"2020-12-31": -97.83, "2020-09-30": "63.35600", "2020-06-30": 28.366, "2020-03-31": 2.212, "2019-12-31": 54.663, "2019-09-30": "25.28700", "2019-06-30": 16.476, "2019-03-31": 6.705, "2018-12-31": 49.384, "2018-09-30": "71.69700", "2018-06-30": 97.09, "2018-03-31": 14.059, "2017-12-31": -60.531, "2017-09-30": "70.54600", "2017-06-30": 17.463, "2017-03-31": -5.297, "2016-12-31": -58.236, "2016-09-30": "130.67000", "2016-06-30": -24.964, "2016-03-31": 16.544, "2015-12-31": -6.17, "2015-09-30": "31.97200", "2015-06-30": 78.112, "2015-03-31": -24.667, "2014-12-31": -80.401, "2014-09-30": "76.48000", "2014-06-30": -54.094, "2014-03-31": -31.047, "2013-12-31": -144.055, "2013-09-30": "42.87100", "2013-06-30": 28.588, "2013-03-31": -6.086, "2012-12-31": -16.401, "2012-09-30": "85.13300", "2012-06-30": 11.41, "2012-03-31": -13.566, "2011-12-31": 6.42, "2011-09-30": "22.02500", "2011-06-30": 38.231, "2011-03-31": -18.145, "2010-12-31": 8.627, "2010-09-30": "68.00000", "2010-06-30": 0.241, "2010-03-31": 48.426, "2009-12-31": -1.794, "2009-09-30": "4.13500", "2009-06-30": 5.63, "2009-03-31": -8.473, "2008-12-31": 8.259, "2008-09-30": "30.20100", "2008-06-30": -10.108, "2008-03-31": 1.607, "2007-12-31": -6.099, "2007-09-30": "15.92500", "2007-06-30": 14.99, "2007-03-31": 10.317, "2006-12-31": -42.35, "2006-09-30": "-14.31400", "2006-06-30": 8.126, "2006-03-31": 11.222, "2005-12-31": -6.902, "2005-09-30": "-44.18400", "2005-06-30": 39.518, "2005-03-31": -92.838}, "Total Non-Cash Items": {"2020-12-31": 51.988, "2020-09-30": "211.79800", "2020-06-30": 174.948, "2020-03-31": 139.861, "2019-12-31": 198.892, "2019-09-30": "134.35800", "2019-06-30": 121.864, "2019-03-31": 114.963, "2018-12-31": 159.436, "2018-09-30": "184.18800", "2018-06-30": 211.859, "2018-03-31": 131.159, "2017-12-31": 57.578, "2017-09-30": "186.65300", "2017-06-30": 136.1489, "2017-03-31": 82.161, "2016-12-31": 15.516, "2016-09-30": "206.00300", "2016-06-30": 50.102, "2016-03-31": 92.228, "2015-12-31": 71.701, "2015-09-30": "110.19400", "2015-06-30": 158.371, "2015-03-31": 51.94, "2014-12-31": -1.544, "2014-09-30": "158.24800", "2014-06-30": 29.458, "2014-03-31": 52.013, "2013-12-31": -59.545, "2013-09-30": "128.45100", "2013-06-30": 113.638, "2013-03-31": 80.661, "2012-12-31": 66.254, "2012-09-30": "166.30500", "2012-06-30": 88.936, "2012-03-31": 66.706, "2011-12-31": 85.719, "2011-09-30": "106.85700", "2011-06-30": 123.906, "2011-03-31": 65.687, "2010-12-31": 93.934, "2010-09-30": "152.98600", "2010-06-30": 84.735, "2010-03-31": 136.504, "2009-12-31": 95.18, "2009-09-30": "97.09800", "2009-06-30": 99.03, "2009-03-31": 79.979, "2008-12-31": 97.978, "2008-09-30": "116.36700", "2008-06-30": 84.936, "2008-03-31": 78.141, "2007-12-31": 72.871, "2007-09-30": "92.10100", "2007-06-30": 87.537, "2007-03-31": 84.138, "2006-12-31": 31.608, "2006-09-30": "59.92600", "2006-06-30": 79.828, "2006-03-31": 83.813, "2005-12-31": 64.423, "2005-09-30": "21.16900", "2005-06-30": 106.446, "2005-03-31": 102.924}, "Change In Accounts Receivable": {"2020-12-31": 253.79, "2020-09-30": "15.53200", "2020-06-30": 405.543, "2020-03-31": -206.226, "2019-12-31": 166.333, "2019-09-30": "213.20300", "2019-06-30": -5.692, "2019-03-31": -177.494, "2018-12-31": 107.269, "2018-09-30": "78.36900", "2018-06-30": -76.531, "2018-03-31": -275.433, "2017-12-31": 26.554, "2017-09-30": "23.43200", "2017-06-30": -49.905, "2017-03-31": -205.942, "2016-12-31": 14.843, "2016-09-30": "145.65700", "2016-06-30": -3.618, "2016-03-31": -152.423, "2015-12-31": 107.235, "2015-09-30": "66.35500", "2015-06-30": 103.87, "2015-03-31": -172.221, "2014-12-31": 133.622, "2014-09-30": "77.90800", "2014-06-30": -88.998, "2014-03-31": -232.973, "2013-12-31": 95.729, "2013-09-30": "127.09800", "2013-06-30": -60.724, "2013-03-31": -243.432, "2012-12-31": 197.729, "2012-09-30": "85.22100", "2012-06-30": 47.705, "2012-03-31": -209.181, "2011-12-31": 38.65, "2011-09-30": "31.73500", "2011-06-30": -4.079, "2011-03-31": -282.282, "2010-12-31": 46.89, "2010-09-30": "-20.28100", "2010-06-30": -80.208, "2010-03-31": -213.983, "2009-12-31": 76.524, "2009-09-30": "-2.68200", "2009-06-30": 165.707, "2009-03-31": 102.721, "2008-12-31": 210.846, "2008-09-30": "118.79100", "2008-06-30": -25.949, "2008-03-31": -176.417, "2007-12-31": 84.813, "2007-09-30": "2.97500", "2007-06-30": 13.504, "2007-03-31": -181.947, "2006-12-31": 84.143, "2006-09-30": "29.59900", "2006-06-30": -32.161, "2006-03-31": -172.003, "2005-12-31": 73.066, "2005-09-30": "21.12000", "2005-06-30": 17.059, "2005-03-31": -23.599}, "Change In Inventories": {"2020-12-31": -39.918, "2020-09-30": "39.91800", "2020-06-30": 209.183, "2020-03-31": -33.743, "2019-12-31": 49.832, "2019-09-30": "-24.10800", "2019-06-30": 80.32, "2019-03-31": 43.957, "2018-12-31": -51.099, "2018-09-30": "-124.99500", "2018-06-30": 52.46, "2018-03-31": 62.665, "2017-12-31": -64.591, "2017-09-30": "-142.74300", "2017-06-30": 17.497, "2017-03-31": 6.27, "2016-12-31": -32.688, "2016-09-30": "-64.75200", "2016-06-30": 67.123, "2016-03-31": 49.774, "2015-12-31": 29.042, "2015-09-30": "-25.69600", "2015-06-30": 71.728, "2015-03-31": 13.23, "2014-12-31": -42.373, "2014-09-30": "-112.96200", "2014-06-30": 80.724, "2014-03-31": 2.144, "2013-12-31": -17.744, "2013-09-30": "-68.94000", "2013-06-30": 87.577, "2013-03-31": 24.37, "2012-12-31": 24.593, "2012-09-30": "-38.02200", "2012-06-30": 26.996, "2012-03-31": 42.544, "2011-12-31": -5.225, "2011-09-30": "-92.64800", "2011-06-30": -4.806, "2011-03-31": -4.616, "2010-12-31": -61.102, "2010-09-30": "-68.53800", "2010-06-30": -10.166, "2010-03-31": 19.161, "2009-12-31": 27.004, "2009-09-30": "17.86300", "2009-06-30": 125.381, "2009-03-31": 148.069, "2008-12-31": 34.796, "2008-09-30": "-89.65100", "2008-06-30": 30.45, "2008-03-31": 7.05, "2007-12-31": -37.113, "2007-09-30": "-53.94300", "2007-06-30": 40.932, "2007-03-31": 51.889, "2006-12-31": -38.258, "2006-09-30": "-69.58100", "2006-06-30": 21.737, "2006-03-31": 34.888, "2005-12-31": -26.964, "2005-09-30": "-12.16300", "2005-06-30": 19.316, "2005-03-31": -2.233}, "Change In Accounts Payable": {"2020-12-31": -138.9, "2020-09-30": "138.90000", "2020-06-30": -316.89, "2020-03-31": 124.138, "2019-12-31": -42.444, "2019-09-30": "-135.56900", "2019-06-30": -11.448, "2019-03-31": 119.304, "2018-12-31": -95.906, "2018-09-30": "-24.34700", "2018-06-30": 85.219, "2018-03-31": 132.955, "2017-12-31": -82.517, "2017-09-30": "-9.75000", "2017-06-30": 73.618, "2017-03-31": 119.401, "2016-12-31": 2.957, "2016-09-30": "-21.21500", "2016-06-30": 41.57, "2016-03-31": 41.122, "2015-12-31": -59.248, "2015-09-30": "-75.82200", "2015-06-30": -57.031, "2015-03-31": 24.271, "2014-12-31": -29.026, "2014-09-30": "-24.96400", "2014-06-30": 51.194, "2014-03-31": 124.035, "2013-12-31": -40.357, "2013-09-30": "-41.94500", "2013-06-30": -1.88, "2013-03-31": 102.707, "2012-12-31": -96.174, "2012-09-30": "-70.73500", "2012-06-30": 56.638, "2012-03-31": 70.098, "2011-12-31": -44.199, "2011-09-30": "-22.84500", "2011-06-30": 78.203, "2011-03-31": 109.47, "2010-12-31": 6.628, "2010-09-30": "33.86300", "2010-06-30": 121.891, "2010-03-31": 101.023, "2009-12-31": 36.412, "2009-09-30": "0.11000", "2009-06-30": -24.779, "2009-03-31": -77.453, "2008-12-31": -119.391, "2008-09-30": "-83.24000", "2008-06-30": 66.187, "2008-03-31": 95.7, "2007-12-31": -58.245, "2007-09-30": "-28.64400", "2007-06-30": 38.584, "2007-03-31": 27.971, "2006-12-31": -39.324, "2006-09-30": "-44.17500", "2006-06-30": 79.794, "2006-03-31": 26.208, "2005-12-31": 2.534, "2005-09-30": "-52.33400", "2005-06-30": 55.095, "2005-03-31": -17.484}, "Change In Assets/Liabilities": {"2020-12-31": -23.781, "2020-09-30": "75.44700", "2020-06-30": 20.967, "2020-03-31": 42.267, "2019-12-31": -73.331, "2019-09-30": "-2.64000", "2019-06-30": 5.729, "2019-03-31": -16.239, "2018-12-31": 3.215, "2018-09-30": "-282.37800", "2018-06-30": -6.138, "2018-03-31": 21.527, "2017-12-31": 191.212, "2017-09-30": "-24.02300", "2017-06-30": 36.585, "2017-03-31": 75.586, "2016-12-31": 43.585, "2016-09-30": "-248.95600", "2016-06-30": 64.76, "2016-03-31": 56.743, "2015-12-31": 63.191, "2015-09-30": "-129.98800", "2015-06-30": 21.042, "2015-03-31": 13.566, "2014-12-31": -21.861, "2014-09-30": "49.73400", "2014-06-30": 105.384, "2014-03-31": 25.652, "2013-12-31": 24.25, "2013-09-30": "-33.26000", "2013-06-30": 3.456, "2013-03-31": 67.6, "2012-12-31": 49.325, "2012-09-30": "-190.76500", "2012-06-30": 0.808, "2012-03-31": 57.065, "2011-12-31": -13.007, "2011-09-30": "62.32800", "2011-06-30": -185.078, "2011-03-31": 66.291, "2010-12-31": 39.073, "2010-09-30": "-177.46900", "2010-06-30": -9.397, "2010-03-31": -78.791, "2009-12-31": 28.698, "2009-09-30": "90.21100", "2009-06-30": 35.244, "2009-03-31": -59.348, "2008-12-31": 0.603, "2008-09-30": "5.29200", "2008-06-30": 15.991, "2008-03-31": 15.284, "2007-12-31": 2.449, "2007-09-30": "48.82600", "2007-06-30": 7.894, "2007-03-31": -42.385, "2006-12-31": 6.198, "2006-09-30": "-79.14900", "2006-06-30": -1.472, "2006-03-31": -78.689, "2005-12-31": 27.443, "2005-09-30": "45.36200", "2005-06-30": -7.439, "2005-03-31": -5.878}, "Total Change In Assets/Liabilities": {"2020-12-31": 117.129, "2020-09-30": "203.85900", "2020-06-30": 309.447, "2020-03-31": -42.339, "2019-12-31": -26.653, "2019-09-30": "-24.26800", "2019-06-30": 101.941, "2019-03-31": 25.213, "2018-12-31": -89.697, "2018-09-30": "-400.69900", "2018-06-30": 130.275, "2018-03-31": -52.825, "2017-12-31": 104.874, "2017-09-30": "-234.18800", "2017-06-30": 81.762, "2017-03-31": 64.109, "2016-12-31": 33.328, "2016-09-30": "-302.30900", "2016-06-30": 214.199, "2016-03-31": 62.549, "2015-12-31": 87.87, "2015-09-30": "-285.28100", "2015-06-30": 234.227, "2015-03-31": -84.849, "2014-12-31": 11.832, "2014-09-30": "-177.54500", "2014-06-30": 239.788, "2014-03-31": -17.169, "2013-12-31": 63.559, "2013-09-30": "-90.08000", "2013-06-30": 87.368, "2013-03-31": 34.208, "2012-12-31": 106.941, "2012-09-30": "-413.22400", "2012-06-30": 132.686, "2012-03-31": 63.65, "2011-12-31": -74.142, "2011-09-30": "-95.51900", "2011-06-30": -51.56, "2011-03-31": 44.441, "2010-12-31": -40.475, "2010-09-30": "-279.13600", "2010-06-30": 69.638, "2010-03-31": -55.737, "2009-12-31": 146.054, "2009-09-30": "88.98500", "2009-06-30": 265.675, "2009-03-31": 138.445, "2008-12-31": -117.571, "2008-09-30": "-60.85500", "2008-06-30": 107.29, "2008-03-31": 56.589, "2007-12-31": -80.034, "2007-09-30": "-52.79700", "2007-06-30": 115.303, "2007-03-31": -39.997, "2006-12-31": -36.264, "2006-09-30": "-175.39200", "2006-06-30": 95.016, "2006-03-31": -76.759, "2005-12-31": 13.819, "2005-09-30": "-3.78200", "2005-06-30": 87.249, "2005-03-31": -47.805}, "Cash Flow From Operating Activities": {"2020-12-31": 616.614, "2020-09-30": "737.37400", "2020-06-30": 780.09, "2020-03-31": 464.891, "2019-12-31": 376.837, "2019-09-30": "449.13100", "2019-06-30": 637.543, "2019-03-31": 551.557, "2018-12-31": 381.652, "2018-09-30": "159.38800", "2018-06-30": 695.462, "2018-03-31": 444.464, "2017-12-31": 218.774, "2017-09-30": "238.00000", "2017-06-30": 511.27, "2017-03-31": 385.117, "2016-12-31": 290.244, "2016-09-30": "113.93200", "2016-06-30": 506.212, "2016-03-31": 341.919, "2015-12-31": 342.708, "2015-09-30": "19.93900", "2015-06-30": 572.183, "2015-03-31": 252.553, "2014-12-31": 277.623, "2014-09-30": "260.87400", "2014-06-30": 570.422, "2014-03-31": 277.362, "2013-12-31": 257.418, "2013-09-30": "282.69100", "2013-06-30": 472.136, "2013-03-31": 371.461, "2012-12-31": 354.309, "2012-09-30": "-6.97100", "2012-06-30": 523.924, "2012-03-31": 443.045, "2011-12-31": 253.92, "2011-09-30": "309.49600", "2011-06-30": 367, "2011-03-31": 391.776, "2010-12-31": 285.277, "2010-09-30": "122.88000", "2010-06-30": 377.425, "2010-03-31": 235.147, "2009-12-31": 346.197, "2009-09-30": "260.05300", "2009-06-30": 413.098, "2009-03-31": 271.579, "2008-12-31": 137.168, "2008-09-30": "307.34700", "2008-06-30": 452.838, "2008-03-31": 390.171, "2007-12-31": 204.7, "2007-09-30": "268.90100", "2007-06-30": 420.026, "2007-03-31": 229.232, "2006-12-31": 193.147, "2006-09-30": "114.50000", "2006-06-30": 340.66, "2006-03-31": 189.847, "2005-12-31": 212.454, "2005-09-30": "207.73300", "2005-06-30": 355.107, "2005-03-31": 498.399}, "Net Change In Property, Plant, And Equipment": {"2020-12-31": 67.048, "2020-09-30": "-35.52700", "2020-06-30": -49.142, "2020-03-31": -59.504, "2019-12-31": -66.539, "2019-09-30": "-31.06100", "2019-06-30": -40.584, "2019-03-31": -47.608, "2018-12-31": -29.168, "2018-09-30": "-31.13700", "2018-06-30": -35.682, "2018-03-31": -45.171, "2017-12-31": -18.045, "2017-09-30": "-66.88800", "2017-06-30": -52.316, "2017-03-31": -70.419, "2016-12-31": -38.337, "2016-09-30": "-28.02800", "2016-06-30": -33.894, "2016-03-31": -29.779, "2015-12-31": -32.079, "2015-09-30": "-34.83400", "2015-06-30": -53.979, "2015-03-31": -36.014, "2014-12-31": -53.906, "2014-09-30": "-51.97300", "2014-06-30": -45.386, "2014-03-31": -53.529, "2013-12-31": -49.321, "2013-09-30": "-53.73600", "2013-06-30": -51.109, "2013-03-31": -63.692, "2012-12-31": -58.008, "2012-09-30": "-68.04000", "2012-06-30": -59.876, "2012-03-31": -52.819, "2011-12-31": -47.389, "2011-09-30": "-38.32900", "2011-06-30": -40.368, "2011-03-31": -42.085, "2010-12-31": -42.031, "2010-09-30": "-50.52100", "2010-06-30": -30.485, "2010-03-31": -31.241, "2009-12-31": -29.89, "2009-09-30": "-25.67700", "2009-06-30": -41.451, "2009-03-31": -36.455, "2008-12-31": -73.005, "2008-09-30": "-90.83600", "2008-06-30": -78.278, "2008-03-31": -66.881, "2007-12-31": -50.231, "2007-09-30": "-54.94000", "2007-06-30": -52.444, "2007-03-31": -47.81, "2006-12-31": -42.326, "2006-09-30": "-49.42100", "2006-06-30": -28.128, "2006-03-31": -29.433, "2005-12-31": -59.006, "2005-09-30": "-40.44800", "2005-06-30": -41.312, "2005-03-31": -93.309}, "Net Change In Intangible Assets": {"2020-12-31": 0, "2020-09-30": "", "2020-06-30": 0, "2020-03-31": 0, "2019-12-31": 0, "2019-09-30": "", "2019-06-30": 0, "2019-03-31": 0, "2018-12-31": 0, "2018-09-30": "", "2018-06-30": 0, "2018-03-31": 0, "2017-12-31": 0, "2017-09-30": "", "2017-06-30": 0, "2017-03-31": 0, "2016-12-31": 0, "2016-09-30": "", "2016-06-30": 0, "2016-03-31": 0, "2015-12-31": 0, "2015-09-30": "", "2015-06-30": 0, "2015-03-31": 0, "2014-12-31": 0, "2014-09-30": "", "2014-06-30": 0, "2014-03-31": 0, "2013-12-31": 0, "2013-09-30": "", "2013-06-30": 0, "2013-03-31": 0, "2012-12-31": 0, "2012-09-30": "", "2012-06-30": 0, "2012-03-31": 0, "2011-12-31": 0, "2011-09-30": "", "2011-06-30": 0, "2011-03-31": 0, "2010-12-31": 0, "2010-09-30": "", "2010-06-30": 0, "2010-03-31": 0, "2009-12-31": 0, "2009-09-30": "", "2009-06-30": 0, "2009-03-31": 0, "2008-12-31": 0, "2008-09-30": "", "2008-06-30": 0, "2008-03-31": 0, "2007-12-31": 0, "2007-09-30": "", "2007-06-30": 0, "2007-03-31": 0, "2006-12-31": 0, "2006-09-30": "", "2006-06-30": 0, "2006-03-31": 0, "2005-12-31": 0, "2005-09-30": "", "2005-06-30": 0, "2005-03-31": 0}, "Net Acquisitions/Divestitures": {"2020-12-31": 0, "2020-09-30": "", "2020-06-30": 0, "2020-03-31": -0.459, "2019-12-31": -3379.149, "2019-09-30": "-1696.45600", "2019-06-30": 0.138, "2019-03-31": 0, "2018-12-31": 15.025, "2018-09-30": "2.47300", "2018-06-30": 177.741, "2018-03-31": 0, "2017-12-31": 0, "2017-09-30": "", "2017-06-30": -1.442, "2017-03-31": -4037.828, "2016-12-31": 85.61, "2016-09-30": "-29.92700", "2016-06-30": 0, "2016-03-31": 24.325, "2015-12-31": 0, "2015-09-30": "-67.55200", "2015-06-30": 1.71, "2015-03-31": 12.798, "2014-12-31": -18.631, "2014-09-30": "22.77000", "2014-06-30": -3.321, "2014-03-31": -15, "2013-12-31": 201.735, "2013-09-30": "1.49100", "2013-06-30": 0.828, "2013-03-31": 4.69, "2012-12-31": -358.599, "2012-09-30": "-194.54800", "2012-06-30": -125.252, "2012-03-31": -17.352, "2011-12-31": -3.246, "2011-09-30": "-10.40600", "2011-06-30": 0, "2011-03-31": -16.868, "2010-12-31": -35.23, "2010-09-30": "-8.12900", "2010-06-30": 0, "2010-03-31": -5.451, "2009-12-31": 0, "2009-09-30": "", "2009-06-30": -2.082, "2009-03-31": -15.425, "2008-12-31": -693.04, "2008-09-30": "-12.08800", "2008-06-30": -453.328, "2008-03-31": -4.635, "2007-12-31": -429.5, "2007-09-30": "-33.55100", "2007-06-30": -190.299, "2007-03-31": -27.911, "2006-12-31": -127.749, "2006-09-30": "-32.68000", "2006-06-30": -26.415, "2006-03-31": 8.47, "2005-12-31": -664.905, "2005-09-30": "-60.41600", "2005-06-30": -27.668, "2005-03-31": -410.901}, "Net Change In Short-term Investments": {"2020-12-31": 2.912, "2020-09-30": "49.10700", "2020-06-30": 26.177, "2020-03-31": 50.434, "2019-12-31": 172.395, "2019-09-30": "26.47700", "2019-06-30": 49.805, "2019-03-31": 10.671, "2018-12-31": 0.305, "2018-09-30": "14.12700", "2018-06-30": 63.645, "2018-03-31": 7.55, "2017-12-31": 0.211, "2017-09-30": "12.49900", "2017-06-30": 14.597, "2017-03-31": 758.079, "2016-12-31": 215.27, "2016-09-30": "291.37200", "2016-06-30": 326.216, "2016-03-31": 446.598, "2015-12-31": 156.053, "2015-09-30": "371.76600", "2015-06-30": 562.743, "2015-03-31": 352.802, "2014-12-31": 425.323, "2014-09-30": "50.52800", "2014-06-30": 0, "2014-03-31": 0, "2013-12-31": 0, "2013-09-30": "", "2013-06-30": 0, "2013-03-31": 0, "2012-12-31": 0, "2012-09-30": "", "2012-06-30": 0, "2012-03-31": 0, "2011-12-31": 0, "2011-09-30": "", "2011-06-30": 0, "2011-03-31": 0, "2010-12-31": 0, "2010-09-30": "", "2010-06-30": 0, "2010-03-31": 0, "2009-12-31": 0, "2009-09-30": "", "2009-06-30": 0, "2009-03-31": 0, "2008-12-31": 0, "2008-09-30": "", "2008-06-30": 0, "2008-03-31": 0, "2007-12-31": 0, "2007-09-30": "", "2007-06-30": 0, "2007-03-31": 0, "2006-12-31": 0, "2006-09-30": "", "2006-06-30": 0, "2006-03-31": 0, "2005-12-31": 0, "2005-09-30": "", "2005-06-30": 0, "2005-03-31": 0}, "Net Change In Long-Term Investments": {"2020-12-31": -5.303, "2020-09-30": "-10.72600", "2020-06-30": -3.465, "2020-03-31": -1.148, "2019-12-31": -30.145, "2019-09-30": "-159.98400", "2019-06-30": -130.044, "2019-03-31": -48.891, "2018-12-31": -0.001, "2018-09-30": "-2.84400", "2018-06-30": -2.119, "2018-03-31": -0.179, "2017-12-31": -8.056, "2017-09-30": "-70.25300", "2017-06-30": -14.105, "2017-03-31": -57.652, "2016-12-31": -204.255, "2016-09-30": "-189.65400", "2016-06-30": -162.87, "2016-03-31": -613.411, "2015-12-31": -144.65, "2015-09-30": "-430.53300", "2015-06-30": -290.923, "2015-03-31": -484.804, "2014-12-31": -474.414, "2014-09-30": "-497.19200", "2014-06-30": -624.88, "2014-03-31": 0, "2013-12-31": 0, "2013-09-30": "", "2013-06-30": 0, "2013-03-31": 0, "2012-12-31": 0, "2012-09-30": "", "2012-06-30": 0, "2012-03-31": 0, "2011-12-31": 0, "2011-09-30": "", "2011-06-30": 0, "2011-03-31": 0, "2010-12-31": 0, "2010-09-30": "", "2010-06-30": 0, "2010-03-31": 0, "2009-12-31": 0, "2009-09-30": "", "2009-06-30": 0, "2009-03-31": 0, "2008-12-31": 0, "2008-09-30": "", "2008-06-30": 0, "2008-03-31": 0, "2007-12-31": 0, "2007-09-30": "", "2007-06-30": 0, "2007-03-31": 0, "2006-12-31": 0, "2006-09-30": "", "2006-06-30": 0, "2006-03-31": 0, "2005-12-31": 0, "2005-09-30": "", "2005-06-30": 0, "2005-03-31": 0}, "Net Change In Investments - Total": {"2020-12-31": -2.391, "2020-09-30": "38.38100", "2020-06-30": 22.712, "2020-03-31": 49.286, "2019-12-31": 142.25, "2019-09-30": "-133.50700", "2019-06-30": -80.239, "2019-03-31": -38.22, "2018-12-31": 0.304, "2018-09-30": "11.28300", "2018-06-30": 61.526, "2018-03-31": 7.371, "2017-12-31": -7.845, "2017-09-30": "-57.75400", "2017-06-30": 0.4921, "2017-03-31": 700.4269, "2016-12-31": 11.015, "2016-09-30": "101.71800", "2016-06-30": 163.3461, "2016-03-31": -166.813, "2015-12-31": 11.403, "2015-09-30": "-58.76700", "2015-06-30": 271.82, "2015-03-31": -132.002, "2014-12-31": -49.091, "2014-09-30": "-446.66400", "2014-06-30": -624.88, "2014-03-31": 0, "2013-12-31": 0, "2013-09-30": "", "2013-06-30": 0, "2013-03-31": 0, "2012-12-31": 0, "2012-09-30": "", "2012-06-30": 0, "2012-03-31": 0, "2011-12-31": 0, "2011-09-30": "", "2011-06-30": 0, "2011-03-31": 0, "2010-12-31": 0, "2010-09-30": "", "2010-06-30": 0, "2010-03-31": 0, "2009-12-31": 0, "2009-09-30": "", "2009-06-30": 0, "2009-03-31": 0, "2008-12-31": 0, "2008-09-30": "", "2008-06-30": 0, "2008-03-31": 0, "2007-12-31": 0, "2007-09-30": "", "2007-06-30": 0, "2007-03-31": 0, "2006-12-31": 0, "2006-09-30": "", "2006-06-30": 0, "2006-03-31": 0, "2005-12-31": 0, "2005-09-30": "", "2005-06-30": 0, "2005-03-31": 0}, "Investing Activities - Other": {"2020-12-31": 10.129, "2020-09-30": "1.05400", "2020-06-30": 47.638, "2020-03-31": 120.564, "2019-12-31": 1.304, "2019-09-30": "8.07000", "2019-06-30": 18.27, "2019-03-31": 1.043, "2018-12-31": -2.408, "2018-09-30": "2.31800", "2018-06-30": -0.513, "2018-03-31": 0.231, "2017-12-31": 1.377, "2017-09-30": "7.32900", "2017-06-30": -1.615, "2017-03-31": -2.831, "2016-12-31": -1.209, "2016-09-30": "1.45000", "2016-06-30": 0.369, "2016-03-31": 1.086, "2015-12-31": -1.177, "2015-09-30": "-40.27300", "2015-06-30": -1.275, "2015-03-31": -1.487, "2014-12-31": -38.179, "2014-09-30": "-5.06000", "2014-06-30": -1.072, "2014-03-31": -2.654, "2013-12-31": -0.777, "2013-09-30": "0.04900", "2013-06-30": -11.992, "2013-03-31": -1.61, "2012-12-31": -7.933, "2012-09-30": "0.16800", "2012-06-30": -4.718, "2012-03-31": -1.883, "2011-12-31": -14.679, "2011-09-30": "0.18100", "2011-06-30": -1.455, "2011-03-31": 1.118, "2010-12-31": -9.051, "2010-09-30": "-0.31800", "2010-06-30": -11.245, "2010-03-31": 2.126, "2009-12-31": -12.976, "2009-09-30": "-1.33400", "2009-06-30": 0.865, "2009-03-31": 5.659, "2008-12-31": 5.031, "2008-09-30": "-8.00400", "2008-06-30": 4.098, "2008-03-31": -0.853, "2007-12-31": 5.487, "2007-09-30": "-8.18800", "2007-06-30": -6.282, "2007-03-31": -1.068, "2006-12-31": 4.465, "2006-09-30": "-6.23600", "2006-06-30": -7.737, "2006-03-31": -13.504, "2005-12-31": 0.996, "2005-09-30": "-0.71700", "2005-06-30": 0.823, "2005-03-31": 6.984}, "Cash Flow From Investing Activities": {"2020-12-31": 74.786, "2020-09-30": "3.90800", "2020-06-30": 21.208, "2020-03-31": 109.887, "2019-12-31": -3302.134, "2019-09-30": "-1852.95400", "2019-06-30": -102.415, "2019-03-31": -84.785, "2018-12-31": -16.247, "2018-09-30": "-15.06300", "2018-06-30": 203.072, "2018-03-31": -37.569, "2017-12-31": -24.513, "2017-09-30": "-117.31300", "2017-06-30": -54.881, "2017-03-31": -3410.651, "2016-12-31": 57.079, "2016-09-30": "45.21300", "2016-06-30": 129.821, "2016-03-31": -171.181, "2015-12-31": -21.853, "2015-09-30": "-201.42600", "2015-06-30": 218.276, "2015-03-31": -156.705, "2014-12-31": -159.807, "2014-09-30": "-480.92700", "2014-06-30": -674.659, "2014-03-31": -71.183, "2013-12-31": 151.637, "2013-09-30": "-52.19600", "2013-06-30": -62.273, "2013-03-31": -60.612, "2012-12-31": -424.54, "2012-09-30": "-262.42000", "2012-06-30": -189.846, "2012-03-31": -72.054, "2011-12-31": -65.314, "2011-09-30": "-48.55400", "2011-06-30": -41.823, "2011-03-31": -57.835, "2010-12-31": -86.312, "2010-09-30": "-58.96800", "2010-06-30": -41.73, "2010-03-31": -34.566, "2009-12-31": -42.866, "2009-09-30": "-27.01100", "2009-06-30": -42.668, "2009-03-31": -46.221, "2008-12-31": -761.014, "2008-09-30": "-110.92800", "2008-06-30": -527.508, "2008-03-31": -72.369, "2007-12-31": -474.244, "2007-09-30": "-96.67900", "2007-06-30": -249.025, "2007-03-31": -76.789, "2006-12-31": -165.61, "2006-09-30": "-88.33700", "2006-06-30": -62.28, "2006-03-31": -34.467, "2005-12-31": -722.915, "2005-09-30": "-101.58100", "2005-06-30": -68.157, "2005-03-31": -497.226}, "Net Long-Term Debt": {"2020-12-31": -652.506, "2020-09-30": "-671.84200", "2020-06-30": -461.834, "2020-03-31": -41.812, "2019-12-31": 565.208, "2019-09-30": "919.46800", "2019-06-30": 2223.833, "2019-03-31": -0.102, "2018-12-31": -0.145, "2018-09-30": "-100.06300", "2018-06-30": -925.528, "2018-03-31": -6.735, "2017-12-31": -5.583, "2017-09-30": "-5.59400", "2017-06-30": -6.577, "2017-03-31": 2244.036, "2016-12-31": -2.952, "2016-09-30": "-1.12200", "2016-06-30": 0, "2016-03-31": -0.073, "2015-12-31": -215.696, "2015-09-30": "-2.01200", "2015-06-30": 0.364, "2015-03-31": -3.033, "2014-12-31": 1485.44, "2014-09-30": "-0.29300", "2014-06-30": -0.469, "2014-03-31": -0.415, "2013-12-31": -1.284, "2013-09-30": "-0.01800", "2013-06-30": -1.274, "2013-03-31": -224.634, "2012-12-31": -30.837, "2012-09-30": "-70.73200", "2012-06-30": -2.862, "2012-03-31": 0.749, "2011-12-31": -0.886, "2011-09-30": "-0.20200", "2011-06-30": -100.311, "2011-03-31": -4.645, "2010-12-31": -255.91, "2010-09-30": "294.49100", "2010-06-30": -40.424, "2010-03-31": -2.106, "2009-12-31": -15.463, "2009-09-30": "-6.29600", "2009-06-30": -1.682, "2009-03-31": -3.592, "2008-12-31": -10.007, "2008-09-30": "-3.02200", "2008-06-30": 722.978, "2008-03-31": -21.591, "2007-12-31": 15.101, "2007-09-30": "-1.12900", "2007-06-30": -31.224, "2007-03-31": 43.757, "2006-12-31": -14.743, "2006-09-30": "-2.01700", "2006-06-30": -32.573, "2006-03-31": -60.185, "2005-12-31": 171.362, "2005-09-30": "-171.82200", "2005-06-30": 1.023, "2005-03-31": -5.298}, "Net Current Debt": {"2020-12-31": -114.4, "2020-09-30": "114.40000", "2020-06-30": -225.602, "2020-03-31": -569.2, "2019-12-31": -172.7, "2019-09-30": "1104.24600", "2019-06-30": -430.124, "2019-03-31": -127.067, "2018-12-31": 347.479, "2018-09-30": "258.54000", "2018-06-30": 58.038, "2018-03-31": -192.823, "2017-12-31": 103.7, "2017-09-30": "35.20000", "2017-06-30": -217.3, "2017-03-31": 221.3, "2016-12-31": -6.571, "2016-09-30": "233.07000", "2016-06-30": -219.712, "2016-03-31": -50.963, "2015-12-31": 167.5, "2015-09-30": "406.79900", "2015-06-30": -450.4, "2015-03-31": 450.401, "2014-12-31": -701.9, "2014-09-30": "-113.27200", "2014-06-30": -261.785, "2014-03-31": -138.07, "2013-12-31": -116.819, "2013-09-30": "1.28700", "2013-06-30": -193.358, "2013-03-31": 1242.601, "2012-12-31": 237.322, "2012-09-30": "32.95900", "2012-06-30": -50.063, "2012-03-31": 48.103, "2011-12-31": 0, "2011-09-30": "-0.00100", "2011-06-30": -0.007, "2011-03-31": 0.007, "2010-12-31": -18.369, "2010-09-30": "-0.53900", "2010-06-30": -36.476, "2010-03-31": -7.324, "2009-12-31": -187.191, "2009-09-30": "-190.98300", "2009-06-30": -310.268, "2009-03-31": -268.108, "2008-12-31": 359.877, "2008-09-30": "564.58000", "2008-06-30": -470.302, "2008-03-31": -234.39, "2007-12-31": 281.222, "2007-09-30": "375.15000", "2007-06-30": -115.899, "2007-03-31": -143.743, "2006-12-31": 181.995, "2006-09-30": "188.94700", "2006-06-30": -286.287, "2006-03-31": -157.231, "2005-12-31": 442.546, "2005-09-30": "-7.29000", "2005-06-30": -1.05, "2005-03-31": -15.877}, "Debt Issuance/Retirement Net - Total": {"2020-12-31": -766.906, "2020-09-30": "-557.44200", "2020-06-30": -687.436, "2020-03-31": -611.012, "2019-12-31": 392.508, "2019-09-30": "2023.71400", "2019-06-30": 1793.709, "2019-03-31": -127.169, "2018-12-31": 347.334, "2018-09-30": "158.47700", "2018-06-30": -867.49, "2018-03-31": -199.558, "2017-12-31": 98.117, "2017-09-30": "29.60600", "2017-06-30": -223.877, "2017-03-31": 2465.336, "2016-12-31": -9.523, "2016-09-30": "231.94800", "2016-06-30": -219.712, "2016-03-31": -51.036, "2015-12-31": -48.196, "2015-09-30": "404.78700", "2015-06-30": -450.036, "2015-03-31": 447.368, "2014-12-31": 783.54, "2014-09-30": "-113.56500", "2014-06-30": -262.254, "2014-03-31": -138.485, "2013-12-31": -118.103, "2013-09-30": "1.26900", "2013-06-30": -194.6319, "2013-03-31": 1017.967, "2012-12-31": 206.485, "2012-09-30": "-37.77300", "2012-06-30": -52.925, "2012-03-31": 48.852, "2011-12-31": -0.886, "2011-09-30": "-0.20300", "2011-06-30": -100.318, "2011-03-31": -4.638, "2010-12-31": -274.279, "2010-09-30": "293.95200", "2010-06-30": -76.9, "2010-03-31": -9.43, "2009-12-31": -202.654, "2009-09-30": "-197.27900", "2009-06-30": -311.95, "2009-03-31": -271.7, "2008-12-31": 349.87, "2008-09-30": "561.55800", "2008-06-30": 252.676, "2008-03-31": -255.981, "2007-12-31": 296.323, "2007-09-30": "374.02100", "2007-06-30": -147.123, "2007-03-31": -99.986, "2006-12-31": 167.252, "2006-09-30": "186.93000", "2006-06-30": -318.86, "2006-03-31": -217.416, "2005-12-31": 613.908, "2005-09-30": "-179.11200", "2005-06-30": -0.027, "2005-03-31": -21.175}, "Net Common Equity Issued/Repurchased": {"2020-12-31": -35.938, "2020-09-30": "-21.75000", "2020-06-30": -21.252, "2020-03-31": -57.282, "2019-12-31": -62.907, "2019-09-30": "-71.98500", "2019-06-30": -87.757, "2019-03-31": -204.485, "2018-12-31": -500.48, "2018-09-30": "-64.85500", "2018-06-30": -177.998, "2018-03-31": -65.001, "2017-12-31": -57.445, "2017-09-30": "-76.91500", "2017-06-30": -73.628, "2017-03-31": -68.138, "2016-12-31": -62.372, "2016-09-30": "-131.73800", "2016-06-30": -122.872, "2016-03-31": -54.318, "2015-12-31": -90.614, "2015-09-30": "-319.43500", "2015-06-30": -87.336, "2015-03-31": -476.775, "2014-12-31": -815.037, "2014-09-30": "-53.80600", "2014-06-30": -48.747, "2014-03-31": -48.277, "2013-12-31": -50.072, "2013-09-30": "-48.93400", "2013-06-30": -47.581, "2013-03-31": -38.793, "2012-12-31": -43.221, "2012-09-30": "-96.20800", "2012-06-30": -121.276, "2012-03-31": -13.383, "2011-12-31": -19.217, "2011-09-30": "-292.49400", "2011-06-30": -633.981, "2011-03-31": -19.559, "2010-12-31": -7.279, "2010-09-30": "-6.41500", "2010-06-30": -7.495, "2010-03-31": -1.735, "2009-12-31": -3.33, "2009-09-30": "-2.13200", "2009-06-30": -3.625, "2009-03-31": -7.627, "2008-12-31": -19.564, "2008-09-30": "-413.42700", "2008-06-30": -8.932, "2008-03-31": -47.475, "2007-12-31": 8.629, "2007-09-30": "-503.41900", "2007-06-30": -31.133, "2007-03-31": -1.035, "2006-12-31": -186.903, "2006-09-30": "-173.71300", "2006-06-30": -27.047, "2006-03-31": 25.704, "2005-12-31": -5.615, "2005-09-30": "7.42800", "2005-06-30": -29.67, "2005-03-31": 5.946}, "Net Total Equity Issued/Repurchased": {"2020-12-31": -35.938, "2020-09-30": "-21.75000", "2020-06-30": -21.252, "2020-03-31": -57.282, "2019-12-31": -62.907, "2019-09-30": "-71.98500", "2019-06-30": -87.757, "2019-03-31": -204.485, "2018-12-31": -500.48, "2018-09-30": "-64.85500", "2018-06-30": -177.998, "2018-03-31": -65.001, "2017-12-31": -57.445, "2017-09-30": "-76.91500", "2017-06-30": -73.628, "2017-03-31": -68.138, "2016-12-31": -62.372, "2016-09-30": "-131.73800", "2016-06-30": -122.872, "2016-03-31": -54.318, "2015-12-31": -90.614, "2015-09-30": "-319.43500", "2015-06-30": -87.336, "2015-03-31": -476.775, "2014-12-31": -815.037, "2014-09-30": "-53.80600", "2014-06-30": -48.747, "2014-03-31": -48.277, "2013-12-31": -50.072, "2013-09-30": "-48.93400", "2013-06-30": -47.581, "2013-03-31": -38.793, "2012-12-31": -43.221, "2012-09-30": "-96.20800", "2012-06-30": -121.276, "2012-03-31": -13.383, "2011-12-31": -19.217, "2011-09-30": "-292.49400", "2011-06-30": -633.981, "2011-03-31": -19.559, "2010-12-31": -7.279, "2010-09-30": "-6.41500", "2010-06-30": -7.495, "2010-03-31": -1.735, "2009-12-31": -3.33, "2009-09-30": "-2.13200", "2009-06-30": -3.625, "2009-03-31": -7.627, "2008-12-31": -19.564, "2008-09-30": "-413.42700", "2008-06-30": -8.932, "2008-03-31": -47.475, "2007-12-31": 8.629, "2007-09-30": "-503.41900", "2007-06-30": -31.133, "2007-03-31": -1.035, "2006-12-31": -186.903, "2006-09-30": "-173.71300", "2006-06-30": -27.047, "2006-03-31": 25.704, "2005-12-31": -5.615, "2005-09-30": "7.42800", "2005-06-30": -29.67, "2005-03-31": 5.946}, "Total Common And Preferred Stock Dividends Paid": {"2020-12-31": -113.686, "2020-09-30": "-113.54200", "2020-06-30": -113.547, "2020-03-31": -113.266, "2019-12-31": -113.673, "2019-09-30": "-113.35200", "2019-06-30": -113.462, "2019-03-31": -98.547, "2018-12-31": -99.59, "2018-09-30": "-100.86900", "2018-06-30": -100.956, "2018-03-31": -88.145, "2017-12-31": -88.083, "2017-09-30": "-88.10400", "2017-06-30": -88.219, "2017-03-31": -88.171, "2016-12-31": -84.241, "2016-09-30": "-84.74900", "2016-06-30": -85.072, "2016-03-31": -85.183, "2015-12-31": -85.72, "2015-09-30": "-85.98700", "2015-06-30": -87.644, "2015-03-31": -87.987, "2014-12-31": -93.151, "2014-09-30": "-71.60700", "2014-06-30": -71.728, "2014-03-31": -71.798, "2013-12-31": -67.33, "2013-09-30": "-67.38800", "2013-06-30": -67.304, "2013-03-31": -64.377, "2012-12-31": -61.963, "2012-09-30": "-61.36500", "2012-06-30": -62.048, "2012-03-31": -59.575, "2011-12-31": -56.027, "2011-09-30": "-63.00400", "2011-06-30": -63.178, "2011-03-31": -51.999, "2010-12-31": -47.259, "2010-09-30": "-43.64800", "2010-06-30": -41.953, "2010-03-31": -40.423, "2009-12-31": -40.192, "2009-09-30": "-40.17100", "2009-06-30": -40.117, "2009-03-31": -40.127, "2008-12-31": -40.222, "2008-09-30": "-41.10900", "2008-06-30": -35.183, "2008-03-31": -35.21, "2007-12-31": -35.323, "2007-09-30": "-36.54400", "2007-06-30": -30.076, "2007-03-31": -29.995, "2006-12-31": -30.155, "2006-09-30": "-31.03700", "2006-06-30": -27.542, "2006-03-31": -27.432, "2005-12-31": -27.314, "2005-09-30": "-27.35500", "2005-06-30": -23.732, "2005-03-31": -68.88}, "Financial Activities - Other": {"2020-12-31": 0, "2020-09-30": "", "2020-06-30": -1.2, "2020-03-31": 0, "2019-12-31": 0, "2019-09-30": "", "2019-06-30": 0, "2019-03-31": 0, "2018-12-31": 0, "2018-09-30": "", "2018-06-30": 0, "2018-03-31": 0, "2017-12-31": 0, "2017-09-30": "", "2017-06-30": 0, "2017-03-31": 0, "2016-12-31": 0, "2016-09-30": "", "2016-06-30": 0, "2016-03-31": 0, "2015-12-31": 0, "2015-09-30": "", "2015-06-30": -19.097, "2015-03-31": 2.778, "2014-12-31": 7.007, "2014-09-30": "9.31200", "2014-06-30": 7.339, "2014-03-31": 9.171, "2013-12-31": 13.193, "2013-09-30": "4.02900", "2013-06-30": 13.114, "2013-03-31": 14.628, "2012-12-31": 13.519, "2012-09-30": "23.67800", "2012-06-30": 3.558, "2012-03-31": -60.963, "2011-12-31": 1.41, "2011-09-30": "-75.33900", "2011-06-30": 5.372, "2011-03-31": 18.894, "2010-12-31": 15.447, "2010-09-30": "3.11000", "2010-06-30": 10.679, "2010-03-31": 1.53, "2009-12-31": 0.603, "2009-09-30": "0.88600", "2009-06-30": 0.192, "2009-03-31": 0.589, "2008-12-31": 0.074, "2008-09-30": "2.83700", "2008-06-30": 6.637, "2008-03-31": 2.156, "2007-12-31": 11.47, "2007-09-30": "7.37700", "2007-06-30": 26.547, "2007-03-31": 0, "2006-12-31": 0, "2006-09-30": "", "2006-06-30": 20.406, "2006-03-31": 0, "2005-12-31": 0, "2005-09-30": "", "2005-06-30": 0, "2005-03-31": 0}, "Cash Flow From Financial Activities": {"2020-12-31": -916.53, "2020-09-30": "-692.73400", "2020-06-30": -823.435, "2020-03-31": -781.56, "2019-12-31": 215.928, "2019-09-30": "1838.37700", "2019-06-30": 1592.49, "2019-03-31": -430.201, "2018-12-31": -252.736, "2018-09-30": "-7.24700", "2018-06-30": -1146.444, "2018-03-31": -352.704, "2017-12-31": -47.411, "2017-09-30": "-135.41300", "2017-06-30": -385.724, "2017-03-31": 2309.027, "2016-12-31": -156.136, "2016-09-30": "15.46100", "2016-06-30": -427.656, "2016-03-31": -190.537, "2015-12-31": -224.53, "2015-09-30": "-0.63500", "2015-06-30": -644.113, "2015-03-31": -114.616, "2014-12-31": -117.641, "2014-09-30": "-229.66600", "2014-06-30": -375.39, "2014-03-31": -249.389, "2013-12-31": -222.312, "2013-09-30": "-111.02400", "2013-06-30": -296.403, "2013-03-31": 929.425, "2012-12-31": 114.82, "2012-09-30": "-171.66800", "2012-06-30": -232.691, "2012-03-31": -85.069, "2011-12-31": -74.72, "2011-09-30": "-431.04000", "2011-06-30": -792.105, "2011-03-31": -57.302, "2010-12-31": -313.37, "2010-09-30": "246.99900", "2010-06-30": -115.669, "2010-03-31": -50.058, "2009-12-31": -245.573, "2009-09-30": "-238.69600", "2009-06-30": -355.5, "2009-03-31": -318.865, "2008-12-31": 290.158, "2008-09-30": "109.85900", "2008-06-30": 215.198, "2008-03-31": -336.51, "2007-12-31": 281.099, "2007-09-30": "-158.56500", "2007-06-30": -181.785, "2007-03-31": -131.016, "2006-12-31": -49.806, "2006-09-30": "-17.82000", "2006-06-30": -353.043, "2006-03-31": -219.144, "2005-12-31": 580.979, "2005-09-30": "-199.03900", "2005-06-30": -53.429, "2005-03-31": -84.109}, "Net Cash Flow": {"2020-12-31": -177.66, "2020-09-30": "56.88000", "2020-06-30": -12.103, "2020-03-31": -250.738, "2019-12-31": -2679.038, "2019-09-30": "407.62600", "2019-06-30": 2121.038, "2019-03-31": 51.344, "2018-12-31": 95.263, "2018-09-30": "129.98500", "2018-06-30": -267.392, "2018-03-31": 64.759, "2017-12-31": 150.004, "2017-09-30": "-10.12000", "2017-06-30": 65.323, "2017-03-31": -701.173, "2016-12-31": 126.886, "2016-09-30": "172.19700", "2016-06-30": 186.682, "2016-03-31": -12.523, "2015-12-31": 73.226, "2015-09-30": "-206.31600", "2015-06-30": 163.571, "2015-03-31": -58.294, "2014-12-31": -16.83, "2014-09-30": "-521.41800", "2014-06-30": -482.434, "2014-03-31": -43.533, "2013-12-31": 193.899, "2013-09-30": "164.21100", "2013-06-30": 104.093, "2013-03-31": 1179.684, "2012-12-31": 61.504, "2012-09-30": "-402.18600", "2012-06-30": 64.858, "2012-03-31": 285.475, "2011-12-31": 63.63, "2011-09-30": "-233.11200", "2011-06-30": -450.489, "2011-03-31": 299.219, "2010-12-31": -115.1, "2010-09-30": "348.31000", "2010-06-30": 194.965, "2010-03-31": 146.662, "2009-12-31": 44.05, "2009-09-30": "2.23800", "2009-06-30": 21.063, "2009-03-31": -95.442, "2008-12-31": -346.337, "2008-09-30": "282.27900", "2008-06-30": 143.914, "2008-03-31": -15.516, "2007-12-31": 9.733, "2007-09-30": "15.21100", "2007-06-30": -11.021, "2007-03-31": 26.629, "2006-12-31": -18.756, "2006-09-30": "4.30100", "2006-06-30": -79.187, "2006-03-31": -62.598, "2005-12-31": 70.408, "2005-09-30": "-93.15000", "2005-06-30": 231.796, "2005-03-31": -79.563}, "Stock-Based Compensation": {"2020-12-31": 21.372, "2020-09-30": "58.46100", "2020-06-30": 19.518, "2020-03-31": 18.788, "2019-12-31": 20.436, "2019-09-30": "52.63300", "2019-06-30": 19.553, "2019-03-31": 19.91, "2018-12-31": 21.674, "2018-09-30": "42.94100", "2018-06-30": 29.26, "2018-03-31": 25.304, "2017-12-31": 21.056, "2017-09-30": "43.21100", "2017-06-30": 19.423, "2017-03-31": 13.755, "2016-12-31": 11.343, "2016-09-30": "35.81800", "2016-06-30": 17.558, "2016-03-31": 14.709, "2015-12-31": 3.645, "2015-09-30": "35.38100", "2015-06-30": 21.263, "2015-03-31": 22.613, "2014-12-31": 11.658, "2014-09-30": "40.55900", "2014-06-30": 18.514, "2014-03-31": 9.277, "2013-12-31": 26.372, "2013-09-30": "48.99800", "2013-06-30": 19.48, "2013-03-31": 18.989, "2012-12-31": 15.266, "2012-09-30": "31.26100", "2012-06-30": 16.833, "2012-03-31": 19.64, "2011-12-31": 16.564, "2011-09-30": "27.89800", "2011-06-30": 16.446, "2011-03-31": 15.461, "2010-12-31": 12.089, "2010-09-30": "29.24200", "2010-06-30": 11.173, "2010-03-31": 11.085, "2009-12-31": 10.624, "2009-09-30": "26.43600", "2009-06-30": 11.929, "2009-03-31": 6.835, "2008-12-31": 7.796, "2008-09-30": "20.65500", "2008-06-30": 7.013, "2008-03-31": 7.848, "2007-12-31": 6.532, "2007-09-30": "23.55400", "2007-06-30": 4.686, "2007-03-31": 4.299, "2006-12-31": 4.836, "2006-09-30": "19.38200", "2006-06-30": 5.376, "2006-03-31": 5.27, "2005-12-31": 5.188, "2005-09-30": "17.61400", "2005-06-30": 0, "2005-03-31": 0}, "Common Stock Dividends Paid": {"2020-12-31": -113.686, "2020-09-30": "-113.54200", "2020-06-30": -113.547, "2020-03-31": -113.266, "2019-12-31": -113.673, "2019-09-30": "-113.35200", "2019-06-30": -113.462, "2019-03-31": -98.547, "2018-12-31": -99.59, "2018-09-30": "-100.86900", "2018-06-30": -100.956, "2018-03-31": -88.145, "2017-12-31": -88.083, "2017-09-30": "-88.10400", "2017-06-30": -88.219, "2017-03-31": -88.171, "2016-12-31": -84.241, "2016-09-30": "-84.74900", "2016-06-30": -85.072, "2016-03-31": -85.183, "2015-12-31": -85.72, "2015-09-30": "-85.98700", "2015-06-30": -87.644, "2015-03-31": -87.987, "2014-12-31": -93.151, "2014-09-30": "-71.60700", "2014-06-30": -71.728, "2014-03-31": -71.798, "2013-12-31": -67.33, "2013-09-30": "-67.38800", "2013-06-30": -67.304, "2013-03-31": -64.377, "2012-12-31": -61.963, "2012-09-30": "-61.36500", "2012-06-30": -62.048, "2012-03-31": -59.575, "2011-12-31": -56.027, "2011-09-30": "-63.00400", "2011-06-30": -63.178, "2011-03-31": -51.999, "2010-12-31": -47.259, "2010-09-30": "-43.64800", "2010-06-30": -41.953, "2010-03-31": -40.423, "2009-12-31": -40.192, "2009-09-30": "-40.17100", "2009-06-30": -40.117, "2009-03-31": -40.127, "2008-12-31": -40.222, "2008-09-30": "-41.10900", "2008-06-30": -35.183, "2008-03-31": -35.21, "2007-12-31": -35.323, "2007-09-30": "-36.54400", "2007-06-30": -30.076, "2007-03-31": -29.995, "2006-12-31": -30.155, "2006-09-30": "-31.03700", "2006-06-30": -27.542, "2006-03-31": -27.432, "2005-12-31": -27.314, "2005-09-30": "-27.35500", "2005-06-30": -23.732, "2005-03-31": -68.88}}, "financial ratios": {"Current Ratio": {"2020-06-30": "1.55170", "2019-06-30": "2.43450", "2018-06-30": "1.59040", "2017-06-30": "1.40750", "2016-06-30": "2.20120", "2015-06-30": "2.31620", "2014-06-30": "1.86660", "2013-06-30": "1.57130", "2012-06-30": "1.80940", "2011-06-30": "1.80060", "2010-06-30": "1.62770", "2009-06-30": "1.55740", "2008-06-30": "1.87590", "2007-06-30": "1.75880", "2006-06-30": "1.86720", "2005-06-30": "2.11840"}, "Long-term Debt / Capital": {"2020-06-30": "0.55530", "2019-06-30": "0.52210", "2018-06-30": "0.42410", "2017-06-30": "0.48000", "2016-06-30": "0.36680", "2015-06-30": "0.34780", "2014-06-30": "0.18460", "2013-06-30": "0.20670", "2012-06-30": "0.23460", "2011-06-30": "0.23550", "2010-06-30": "0.24070", "2009-06-30": "0.29720", "2008-06-30": "0.27070", "2007-06-30": "0.18790", "2006-06-30": "0.19990", "2005-06-30": "0.21930"}, "Debt/Equity Ratio": {"2020-06-30": "1.38070", "2019-06-30": "1.19100", "2018-06-30": "0.84510", "2017-06-30": "1.11450", "2016-06-30": "0.65830", "2015-06-30": "0.57700", "2014-06-30": "0.34890", "2013-06-30": "0.49290", "2012-06-30": "0.35260", "2011-06-30": "0.32180", "2010-06-30": "0.39850", "2009-06-30": "0.53350", "2008-06-30": "0.39390", "2007-06-30": "0.27280", "2006-06-30": "0.26680", "2005-06-30": "0.29050"}, "Gross Margin": {"2020-06-30": "24.89140", "2019-06-30": "25.25670", "2018-06-30": "24.92340", "2017-06-30": "24.19330", "2016-06-30": "22.33450", "2015-06-30": "24.04470", "2014-06-30": "22.90970", "2013-06-30": "22.50380", "2012-06-30": "24.24780", "2011-06-30": "23.96280", "2010-06-30": "21.47570", "2009-06-30": "20.63890", "2008-06-30": "23.10740", "2007-06-30": "22.81300", "2006-06-30": "21.50320", "2005-06-30": "20.78780"}, "Operating Margin": {"2020-06-30": "12.79580", "2019-06-30": "14.47520", "2018-06-30": "13.45690", "2017-06-30": "12.44840", "2016-06-30": "10.36910", "2015-06-30": "11.89260", "2014-06-30": "10.54600", "2013-06-30": "10.55690", "2012-06-30": "12.69050", "2011-06-30": "12.07400", "2010-06-30": "8.69610", "2009-06-30": "8.12180", "2008-06-30": "11.87640", "2007-06-30": "11.36630", "2006-06-30": "10.45850", "2005-06-30": "10.12600"}, "EBIT Margin": {"2020-06-30": "12.79580", "2019-06-30": "14.47520", "2018-06-30": "13.45690", "2017-06-30": "12.44840", "2016-06-30": "10.36910", "2015-06-30": "11.89260", "2014-06-30": "10.54600", "2013-06-30": "10.55690", "2012-06-30": "12.69050", "2011-06-30": "12.07400", "2010-06-30": "8.69610", "2009-06-30": "8.12180", "2008-06-30": "11.87640", "2007-06-30": "11.36630", "2006-06-30": "10.45850", "2005-06-30": "10.12600"}, "EBITDA Margin": {"2020-06-30": "16.72070", "2019-06-30": "17.52120", "2018-06-30": "16.71570", "2017-06-30": "15.40150", "2016-06-30": "13.07000", "2015-06-30": "14.39020", "2014-06-30": "13.09370", "2013-06-30": "13.13550", "2012-06-30": "15.13940", "2011-06-30": "14.82630", "2010-06-30": "12.32370", "2009-06-30": "11.59200", "2008-06-30": "14.56640", "2007-06-30": "14.11460", "2006-06-30": "13.45210", "2005-06-30": "13.38170"}, "Pre-Tax Profit Margin": {"2020-06-30": "11.04470", "2019-06-30": "13.50130", "2018-06-30": "11.90200", "2017-06-30": "11.04500", "2016-06-30": "9.81210", "2015-06-30": "11.26710", "2014-06-30": "11.77910", "2013-06-30": "10.07250", "2012-06-30": "11.99380", "2011-06-30": "11.45100", "2010-06-30": "7.55330", "2009-06-30": "6.62610", "2008-06-30": "10.98810", "2007-06-30": "10.81620", "2006-06-30": "9.58840", "2005-06-30": "9.14970"}, "Net Profit Margin": {"2020-06-30": "8.80830", "2019-06-30": "10.56100", "2018-06-30": "7.41690", "2017-06-30": "8.17510", "2016-06-30": "7.10200", "2015-06-30": "7.96220", "2014-06-30": "7.87720", "2013-06-30": "7.28680", "2012-06-30": "8.76180", "2011-06-30": "8.49780", "2010-06-30": "5.54440", "2009-06-30": "4.93270", "2008-06-30": "7.81740", "2007-06-30": "7.74440", "2006-06-30": "7.17210", "2005-06-30": "7.49420"}, "Asset Turnover": {"2020-06-30": "0.69390", "2019-06-30": "0.81470", "2018-06-30": "0.93360", "2017-06-30": "0.77660", "2016-06-30": "0.94400", "2015-06-30": "1.03520", "2014-06-30": "0.99560", "2013-06-30": "1.03790", "2012-06-30": "1.17690", "2011-06-30": "1.13400", "2010-06-30": "1.00840", "2009-06-30": "1.04600", "2008-06-30": "1.16930", "2007-06-30": "1.26970", "2006-06-30": "1.14830", "2005-06-30": "1.17610"}, "Inventory Turnover Ratio": {"2020-06-30": "5.66870", "2019-06-30": "6.37820", "2018-06-30": "6.62290", "2017-06-30": "5.88520", "2016-06-30": "7.52000", "2015-06-30": "7.42450", "2014-06-30": "7.42750", "2013-06-30": "7.32300", "2012-06-30": "7.10940", "2011-06-30": "6.64760", "2010-06-30": "6.69740", "2009-06-30": "6.52130", "2008-06-30": "6.24820", "2007-06-30": "6.53570", "2006-06-30": "6.22860", "2005-06-30": "6.28440"}, "Receiveable Turnover": {"2020-06-30": "7.38540", "2019-06-30": "6.71980", "2018-06-30": "6.66620", "2017-06-30": "6.23040", "2016-06-30": "7.12760", "2015-06-30": "7.84580", "2014-06-30": "7.11230", "2013-06-30": "7.07060", "2012-06-30": "6.59840", "2011-06-30": "6.24200", "2010-06-30": "6.24600", "2009-06-30": "7.27370", "2008-06-30": "5.93420", "2007-06-30": "6.16780", "2006-06-30": "5.89450", "2005-06-30": "6.58450"}, "Days Sales In Receivables": {"2020-06-30": "49.42170", "2019-06-30": "54.31680", "2018-06-30": "54.75400", "2017-06-30": "58.58390", "2016-06-30": "51.20970", "2015-06-30": "46.52160", "2014-06-30": "51.31930", "2013-06-30": "51.62220", "2012-06-30": "55.31620", "2011-06-30": "58.47440", "2010-06-30": "58.43780", "2009-06-30": "50.18100", "2008-06-30": "61.50820", "2007-06-30": "59.17840", "2006-06-30": "61.92250", "2005-06-30": "55.43320"}, "ROE - Return On Equity": {"2020-06-30": "19.68990", "2019-06-30": "25.35010", "2018-06-30": "18.09420", "2017-06-30": "18.67820", "2016-06-30": "17.62990", "2015-06-30": "19.82460", "2014-06-30": "15.63030", "2013-06-30": "16.52510", "2012-06-30": "23.55390", "2011-06-30": "19.26180", "2010-06-30": "12.47620", "2009-06-30": "11.72630", "2008-06-30": "18.20720", "2007-06-30": "17.61680", "2006-06-30": "15.04940", "2005-06-30": "15.96240"}, "Return On Tangible Equity": {"2020-06-30": "-21.78040", "2019-06-30": "-119.22880", "2018-06-30": "-64.14920", "2017-06-30": "-37.45100", "2016-06-30": "107.19010", "2015-06-30": "87.93710", "2014-06-30": "45.21810", "2013-06-30": "77.29600", "2012-06-30": "130.61480", "2011-06-30": "81.22570", "2010-06-30": "106.37650", "2009-06-30": "294.02860", "2008-06-30": "66.48150", "2007-06-30": "44.57850", "2006-06-30": "36.27290", "2005-06-30": "30.83250"}, "ROA - Return On Assets": {"2020-06-30": "6.11350", "2019-06-30": "8.60760", "2018-06-30": "6.92760", "2017-06-30": "6.35150", "2016-06-30": "6.70770", "2015-06-30": "8.24600", "2014-06-30": "7.84530", "2013-06-30": "7.56550", "2012-06-30": "10.34430", "2011-06-30": "9.71040", "2010-06-30": "5.61400", "2009-06-30": "5.17600", "2008-06-30": "9.21850", "2007-06-30": "9.83300", "2006-06-30": "7.80920", "2005-06-30": "7.77130"}, "ROI - Return On Investment": {"2020-06-30": "8.75640", "2019-06-30": "12.11410", "2018-06-30": "10.42130", "2017-06-30": "9.71290", "2016-06-30": "11.16310", "2015-06-30": "12.92920", "2014-06-30": "12.74540", "2013-06-30": "13.10940", "2012-06-30": "18.02730", "2011-06-30": "14.72470", "2010-06-30": "9.47320", "2009-06-30": "8.24120", "2008-06-30": "13.27770", "2007-06-30": "14.30720", "2006-06-30": "12.04140", "2005-06-30": "12.46130"}, "Book Value Per Share": {"2020-06-30": "47.67210", "2019-06-30": "46.45200", "2018-06-30": "44.29660", "2017-06-30": "39.54700", "2016-06-30": "34.16620", "2015-06-30": "36.86210", "2014-06-30": "44.74600", "2013-06-30": "38.45880", "2012-06-30": "32.78550", "2011-06-30": "35.38780", "2010-06-30": "27.65420", "2009-06-30": "27.10760", "2008-06-30": "31.35660", "2007-06-30": "27.04140", "2006-06-30": "23.50060", "2005-06-30": "18.60380"}, "Operating Cash Flow Per Share": {"2020-06-30": 2.8255, "2019-06-30": 1.3387, "2018-06-30": 2.1961, "2017-06-30": 0.7505, "2016-06-30": -0.5509, "2015-06-30": 0.23, "2014-06-30": 1.308, "2013-06-30": -2.0384, "2012-06-30": 2.8138, "2011-06-30": -0.4009, "2010-06-30": 0.5424, "2009-06-30": -0.7311, "2008-06-30": 2.2794, "2007-06-30": 0.1482, "2006-06-30": 0.519, "2005-06-30": 4.724}, "Free Cash Flow Per Share": {"2020-06-30": 2.3634, "2019-06-30": 1.4361, "2018-06-30": 2.3669, "2017-06-30": 0.3093, "2016-06-30": -0.1549, "2015-06-30": 0.2138, "2014-06-30": 1.5632, "2013-06-30": -2.3444, "2012-06-30": 2.5929, "2011-06-30": -0.7428, "2010-06-30": 1.308, "2009-06-30": -0.7583, "2008-06-30": 1.9028, "2007-06-30": -0.0677, "2006-06-30": 0.3982, "2005-06-30": 3.9789}}, "financial ratios, quarterly": {"Current Ratio": {"2020-09-30": "1.46310", "2020-06-30": "1.55170", "2020-03-31": "1.49210", "2019-12-31": "1.38380", "2019-09-30": "1.95750", "2019-06-30": "2.43450", "2019-03-31": "1.56040", "2018-12-31": "1.52030", "2018-09-30": "1.60130", "2018-06-30": "1.59040", "2018-03-31": "1.58560", "2017-12-31": "1.49430", "2017-09-30": "1.44340", "2017-06-30": "1.40750", "2017-03-31": "1.51530", "2016-12-31": "2.16360", "2016-09-30": "2.11760", "2016-06-30": "2.20120", "2016-03-31": "2.18220", "2015-12-31": "2.17520", "2015-09-30": "2.08930", "2015-06-30": "2.31620", "2015-03-31": "2.09050", "2014-12-31": "2.44870", "2014-09-30": "2.03460", "2014-06-30": "1.86660", "2014-03-31": "1.76680", "2013-12-31": "1.73920", "2013-09-30": "1.64380", "2013-06-30": "1.57130", "2013-03-31": "1.49060", "2012-12-31": "1.64600", "2012-09-30": "1.77480", "2012-06-30": "1.80940", "2012-03-31": "1.80670", "2011-12-31": "1.90700", "2011-09-30": "1.78880", "2011-06-30": "1.80060", "2011-03-31": "2.00450", "2010-12-31": "2.08360", "2010-09-30": "1.81740", "2010-06-30": "1.62770", "2010-03-31": "1.61890", "2009-12-31": "1.59630", "2009-09-30": "1.70730", "2009-06-30": "1.55740", "2009-03-31": "1.43570", "2008-12-31": "1.37890", "2008-09-30": "1.63500", "2008-06-30": "1.87590", "2008-03-31": "1.55680", "2007-12-31": "1.45070", "2007-09-30": "1.56990", "2007-06-30": "1.75880", "2007-03-31": "1.77580", "2006-12-31": "1.65530", "2006-09-30": "1.76420", "2006-06-30": "1.86720", "2006-03-31": "1.74370", "2005-12-31": "1.66170", "2005-09-30": "2.14400", "2005-06-30": "2.11840", "2005-03-31": "2.10020"}, "Long-term Debt / Capital": {"2020-09-30": "0.51890", "2020-06-30": "0.55530", "2020-03-31": "0.56210", "2019-12-31": "0.56210", "2019-09-30": "0.54690", "2019-06-30": "0.52210", "2019-03-31": "0.41590", "2018-12-31": "0.42500", "2018-09-30": "0.41390", "2018-06-30": "0.42410", "2018-03-31": "0.45060", "2017-12-31": "0.46510", "2017-09-30": "0.46400", "2017-06-30": "0.48000", "2017-03-31": "0.52540", "2016-12-31": "0.36930", "2016-09-30": "0.36320", "2016-06-30": "0.36680", "2016-03-31": "0.34730", "2015-12-31": "0.36200", "2015-09-30": "0.35950", "2015-06-30": "0.34780", "2015-03-31": "0.34580", "2014-12-31": "0.32120", "2014-09-30": "0.18380", "2014-06-30": "0.18460", "2014-03-31": "0.18950", "2013-12-31": "0.19310", "2013-09-30": "0.19830", "2013-06-30": "0.20670", "2013-03-31": "0.21660", "2012-12-31": "0.22070", "2012-09-30": "0.22690", "2012-06-30": "0.23460", "2012-03-31": "0.21340", "2011-12-31": "0.24000", "2011-09-30": "0.24600", "2011-06-30": "0.23550", "2011-03-31": "0.23170", "2010-12-31": "0.25050", "2010-09-30": "0.25910", "2010-06-30": "0.24070", "2010-03-31": "0.24650", "2009-12-31": "0.25100", "2009-09-30": "0.28880", "2009-06-30": "0.29720", "2009-03-31": "0.29270", "2008-12-31": "0.29120", "2008-09-30": "0.28370", "2008-06-30": "0.27070", "2008-03-31": "0.18860", "2007-12-31": "0.19420", "2007-09-30": "0.19730", "2007-06-30": "0.18790", "2007-03-31": "0.19800", "2006-12-31": "0.19810", "2006-09-30": "0.19680", "2006-06-30": "0.19990", "2006-03-31": "0.21630", "2005-12-31": "0.23080", "2005-09-30": "0.20970", "2005-06-30": "0.21930", "2005-03-31": "0.21830"}, "Debt/Equity Ratio": {"2020-09-30": "1.21360", "2020-06-30": "1.38070", "2020-03-31": "1.44800", "2019-12-31": "1.53650", "2019-09-30": "1.49170", "2019-06-30": "1.19100", "2019-03-31": "0.88120", "2018-12-31": "0.93580", "2018-09-30": "0.83670", "2018-06-30": "0.84510", "2018-03-31": "0.99960", "2017-12-31": "1.09560", "2017-09-30": "1.07260", "2017-06-30": "1.11450", "2017-03-31": "1.27040", "2016-12-31": "0.71400", "2016-09-30": "0.69860", "2016-06-30": "0.65830", "2016-03-31": "0.64680", "2015-12-31": "0.68690", "2015-09-30": "0.69130", "2015-06-30": "0.57700", "2015-03-31": "0.65760", "2014-12-31": "0.51520", "2014-09-30": "0.33190", "2014-06-30": "0.34890", "2014-03-31": "0.40090", "2013-12-31": "0.43250", "2013-09-30": "0.46670", "2013-06-30": "0.49290", "2013-03-31": "0.55870", "2012-12-31": "0.37890", "2012-09-30": "0.34480", "2012-06-30": "0.35260", "2012-03-31": "0.32030", "2011-12-31": "0.33060", "2011-09-30": "0.34170", "2011-06-30": "0.32180", "2011-03-31": "0.33260", "2010-12-31": "0.35360", "2010-09-30": "0.42810", "2010-06-30": "0.39850", "2010-03-31": "0.40520", "2009-12-31": "0.41910", "2009-09-30": "0.47260", "2009-06-30": "0.53350", "2009-03-31": "0.58120", "2008-12-31": "0.63400", "2008-09-30": "0.53900", "2008-06-30": "0.39390", "2008-03-31": "0.35380", "2007-12-31": "0.42210", "2007-09-30": "0.37360", "2007-06-30": "0.27280", "2007-03-31": "0.31180", "2006-12-31": "0.34870", "2006-09-30": "0.30810", "2006-06-30": "0.26680", "2006-03-31": "0.37170", "2005-12-31": "0.44830", "2005-09-30": "0.27130", "2005-06-30": "0.29050", "2005-03-31": "0.28460"}, "Gross Margin": {"2020-09-30": "26.19410", "2020-06-30": "25.41550", "2020-03-31": "25.27360", "2019-12-31": "23.30520", "2019-09-30": "25.63400", "2019-06-30": "25.58460", "2019-03-31": "24.97000", "2018-12-31": "25.04880", "2018-09-30": "25.42100", "2018-06-30": "25.86210", "2018-03-31": "24.79700", "2017-12-31": "23.91880", "2017-09-30": "25.00580", "2017-06-30": "26.07060", "2017-03-31": "23.57540", "2016-12-31": "23.45060", "2016-09-30": "23.22620", "2016-06-30": "23.15390", "2016-03-31": "21.89250", "2015-12-31": "20.88140", "2015-09-30": "23.29600", "2015-06-30": "23.01560", "2015-03-31": "24.95940", "2014-12-31": "23.39430", "2014-09-30": "24.77320", "2014-06-30": "23.81170", "2014-03-31": "22.40690", "2013-12-31": "22.08740", "2013-09-30": "23.23940", "2013-06-30": "23.63220", "2013-03-31": "22.31160", "2012-12-31": "20.99250", "2012-09-30": "22.93940", "2012-06-30": "24.60410", "2012-03-31": "23.66980", "2011-12-31": "23.35210", "2011-09-30": "25.33920", "2011-06-30": "24.02050", "2011-03-31": "23.98130", "2010-12-31": "23.40480", "2010-09-30": "24.43730", "2010-06-30": "24.12660", "2010-03-31": "21.12470", "2009-12-31": "20.60670", "2009-09-30": "19.49880", "2009-06-30": "17.95080", "2009-03-31": "18.59950", "2008-12-31": "21.09630", "2008-09-30": "23.73700", "2008-06-30": "23.04720", "2008-03-31": "23.10490", "2007-12-31": "22.44290", "2007-09-30": "23.85710", "2007-06-30": "22.63490", "2007-03-31": "22.19160", "2006-12-31": "22.82400", "2006-09-30": "23.68010", "2006-06-30": "21.50550", "2006-03-31": "21.85200", "2005-12-31": "20.94310", "2005-09-30": "21.66010", "2005-06-30": "21.37740", "2005-03-31": "20.05520"}, "Operating Margin": {"2020-09-30": "14.74560", "2020-06-30": "14.25330", "2020-03-31": "14.10640", "2019-12-31": "9.26500", "2019-09-30": "13.66290", "2019-06-30": "14.95050", "2019-03-31": "15.18390", "2018-12-31": "13.60720", "2018-09-30": "14.08760", "2018-06-30": "14.90690", "2018-03-31": "13.69030", "2017-12-31": "11.80440", "2017-09-30": "13.20710", "2017-06-30": "15.73840", "2017-03-31": "11.00670", "2016-12-31": "10.84850", "2016-09-30": "11.45250", "2016-06-30": "11.70460", "2016-03-31": "10.01730", "2015-12-31": "9.25120", "2015-09-30": "10.39360", "2015-06-30": "10.55590", "2015-03-31": "13.18620", "2014-12-31": "11.27930", "2014-09-30": "12.51480", "2014-06-30": "11.86460", "2014-03-31": "10.28080", "2013-12-31": "9.25300", "2013-09-30": "10.62590", "2013-06-30": "11.58330", "2013-03-31": "10.83030", "2012-12-31": "8.56050", "2012-09-30": "11.08470", "2012-06-30": "13.26990", "2012-03-31": "12.54640", "2011-12-31": "11.48500", "2011-09-30": "13.38870", "2011-06-30": "11.89550", "2011-03-31": "12.40550", "2010-12-31": "11.34620", "2010-09-30": "12.64690", "2010-06-30": "11.59000", "2010-03-31": "9.03710", "2009-12-31": "7.44840", "2009-09-30": "6.00660", "2009-06-30": "4.26800", "2009-03-31": "5.03750", "2008-12-31": "8.55530", "2008-09-30": "12.88170", "2008-06-30": "11.89800", "2008-03-31": "12.20090", "2007-12-31": "11.16850", "2007-09-30": "12.19830", "2007-06-30": "11.03460", "2007-03-31": "11.09610", "2006-12-31": "11.16180", "2006-09-30": "12.23580", "2006-06-30": "10.91640", "2006-03-31": "10.77540", "2005-12-31": "9.54830", "2005-09-30": "10.44610", "2005-06-30": "10.66190", "2005-03-31": "9.86650"}, "EBIT Margin": {"2020-09-30": "14.74560", "2020-06-30": "14.25330", "2020-03-31": "14.10640", "2019-12-31": "9.26500", "2019-09-30": "13.66290", "2019-06-30": "14.95040", "2019-03-31": "15.18390", "2018-12-31": "13.60720", "2018-09-30": "14.08760", "2018-06-30": "14.90690", "2018-03-31": "13.69030", "2017-12-31": "11.80440", "2017-09-30": "13.20710", "2017-06-30": "15.73840", "2017-03-31": "11.00670", "2016-12-31": "10.84850", "2016-09-30": "11.45250", "2016-06-30": "11.70460", "2016-03-31": "10.01730", "2015-12-31": "9.25120", "2015-09-30": "10.39360", "2015-06-30": "10.55590", "2015-03-31": "13.18620", "2014-12-31": "11.27930", "2014-09-30": "12.51480", "2014-06-30": "11.86460", "2014-03-31": "10.28080", "2013-12-31": "9.25300", "2013-09-30": "10.62590", "2013-06-30": "11.58330", "2013-03-31": "10.83030", "2012-12-31": "8.56050", "2012-09-30": "11.08470", "2012-06-30": "13.26990", "2012-03-31": "12.54640", "2011-12-31": "11.48500", "2011-09-30": "13.38870", "2011-06-30": "11.89550", "2011-03-31": "12.40550", "2010-12-31": "11.34620", "2010-09-30": "12.64690", "2010-06-30": "11.59000", "2010-03-31": "9.03710", "2009-12-31": "7.44840", "2009-09-30": "6.00660", "2009-06-30": "4.26800", "2009-03-31": "5.03750", "2008-12-31": "8.55530", "2008-09-30": "12.88170", "2008-06-30": "11.89800", "2008-03-31": "12.20090", "2007-12-31": "11.16850", "2007-09-30": "12.19830", "2007-06-30": "11.03460", "2007-03-31": "11.09610", "2006-12-31": "11.16180", "2006-09-30": "12.23580", "2006-06-30": "10.91640", "2006-03-31": "10.77540", "2005-12-31": "9.54830", "2005-09-30": "10.44610", "2005-06-30": "10.66180", "2005-03-31": "9.86650"}, "EBITDA Margin": {"2020-09-30": "", "2020-06-30": "", "2020-03-31": "", "2019-12-31": "", "2019-09-30": "", "2019-06-30": "", "2019-03-31": "", "2018-12-31": "", "2018-09-30": "", "2018-06-30": "", "2018-03-31": "", "2017-12-31": "", "2017-09-30": "", "2017-06-30": "", "2017-03-31": "", "2016-12-31": "", "2016-09-30": "", "2016-06-30": "", "2016-03-31": "", "2015-12-31": "", "2015-09-30": "", "2015-06-30": "", "2015-03-31": "", "2014-12-31": "", "2014-09-30": "", "2014-06-30": "", "2014-03-31": "", "2013-12-31": "", "2013-09-30": "", "2013-06-30": "", "2013-03-31": "", "2012-12-31": "", "2012-09-30": "", "2012-06-30": "", "2012-03-31": "", "2011-12-31": "", "2011-09-30": "", "2011-06-30": "", "2011-03-31": "", "2010-12-31": "", "2010-09-30": "", "2010-06-30": "", "2010-03-31": "", "2009-12-31": "", "2009-09-30": "", "2009-06-30": "", "2009-03-31": "", "2008-12-31": "", "2008-09-30": "", "2008-06-30": "", "2008-03-31": "", "2007-12-31": "", "2007-09-30": "", "2007-06-30": "", "2007-03-31": "", "2006-12-31": "", "2006-09-30": "", "2006-06-30": "", "2006-03-31": "", "2005-12-31": "", "2005-09-30": "", "2005-06-30": "", "2005-03-31": ""}, "Pre-Tax Profit Margin": {"2020-09-30": "12.85530", "2020-06-30": "11.72460", "2020-03-31": "12.26650", "2019-12-31": "7.28270", "2019-09-30": "12.99010", "2019-06-30": "13.94410", "2019-03-31": "14.35110", "2018-12-31": "12.41790", "2018-09-30": "13.21310", "2018-06-30": "13.04340", "2018-03-31": "12.53010", "2017-12-31": "10.68690", "2017-09-30": "11.12450", "2017-06-30": "11.45840", "2017-03-31": "10.10100", "2016-12-31": "12.00840", "2016-09-30": "10.65370", "2016-06-30": "11.36930", "2016-03-31": "9.65090", "2015-12-31": "8.49650", "2015-09-30": "9.60670", "2015-06-30": "9.66680", "2015-03-31": "12.28110", "2014-12-31": "10.94950", "2014-09-30": "12.12980", "2014-06-30": "11.56810", "2014-03-31": "9.81090", "2013-12-31": "15.94700", "2013-09-30": "10.04570", "2013-06-30": "10.90250", "2013-03-31": "10.23730", "2012-12-31": "8.56730", "2012-09-30": "10.45300", "2012-06-30": "12.46720", "2012-03-31": "11.81140", "2011-12-31": "10.90970", "2011-09-30": "12.72730", "2011-06-30": "11.18500", "2011-03-31": "12.02790", "2010-12-31": "10.68320", "2010-09-30": "11.88870", "2010-06-30": "10.48500", "2010-03-31": "7.89320", "2009-12-31": "6.04050", "2009-09-30": "5.09700", "2009-06-30": "2.85820", "2009-03-31": "2.65570", "2008-12-31": "7.41010", "2008-09-30": "11.69410", "2008-06-30": "10.84230", "2008-03-31": "11.24240", "2007-12-31": "10.46890", "2007-09-30": "11.39980", "2007-06-30": "10.36520", "2007-03-31": "10.60520", "2006-12-31": "10.54350", "2006-09-30": "11.82250", "2006-06-30": "10.13960", "2006-03-31": "10.21060", "2005-12-31": "8.13540", "2005-09-30": "9.65390", "2005-06-30": "9.89230", "2005-03-31": "8.96220"}, "Net Profit Margin": {"2020-09-30": "9.94910", "2020-06-30": "9.35630", "2020-03-31": "9.91920", "2019-12-31": "5.84550", "2019-09-30": "10.16340", "2019-06-30": "11.23650", "2019-03-31": "11.15240", "2018-12-31": "8.97850", "2018-09-30": "10.79850", "2018-06-30": "9.25370", "2018-03-31": "9.76080", "2017-12-31": "1.66610", "2017-09-30": "8.48220", "2017-06-30": "8.38920", "2017-03-31": "7.65190", "2016-12-31": "9.03490", "2016-09-30": "7.66020", "2016-06-30": "8.17670", "2016-03-31": "6.61390", "2015-12-31": "6.76310", "2015-09-30": "6.79520", "2015-06-30": "5.70690", "2015-03-31": "9.02330", "2014-12-31": "8.52480", "2014-09-30": "8.56560", "2014-06-30": "8.53910", "2014-03-31": "7.21790", "2013-12-31": "8.15480", "2013-09-30": "7.57300", "2013-06-30": "7.90970", "2013-03-31": "7.75800", "2012-12-31": "5.90320", "2012-09-30": "7.45710", "2012-06-30": "8.85100", "2012-03-31": "9.19610", "2011-12-31": "7.74960", "2011-09-30": "9.18460", "2011-06-30": "8.56900", "2011-03-31": "8.62900", "2010-12-31": "8.02950", "2010-09-30": "8.73620", "2010-06-30": "7.97290", "2010-03-31": "5.88430", "2009-12-31": "4.43990", "2009-09-30": "3.28510", "2009-06-30": "2.23960", "2009-03-31": "2.27840", "2008-12-31": "5.77990", "2008-09-30": "8.16320", "2008-06-30": "7.54660", "2008-03-31": "8.02630", "2007-12-31": "7.48880", "2007-09-30": "8.23740", "2007-06-30": "7.55600", "2007-03-31": "7.52650", "2006-12-31": "7.68440", "2006-09-30": "8.25310", "2006-06-30": "7.40960", "2006-03-31": "7.10640", "2005-12-31": "5.98020", "2005-09-30": "8.17260", "2005-06-30": "7.42980", "2005-03-31": "6.59750"}, "Asset Turnover": {"2020-09-30": "0.16330", "2020-06-30": "0.16010", "2020-03-31": "0.18180", "2019-12-31": "0.16620", "2019-09-30": "0.17040", "2019-06-30": "0.20950", "2019-03-31": "0.23820", "2018-12-31": "0.22680", "2018-09-30": "0.22560", "2018-06-30": "0.24920", "2018-03-31": "0.23090", "2017-12-31": "0.21110", "2017-09-30": "0.21390", "2017-06-30": "0.22570", "2017-03-31": "0.20350", "2016-12-31": "0.22770", "2016-09-30": "0.22910", "2016-06-30": "0.24570", "2016-03-31": "0.23440", "2015-12-31": "0.23020", "2015-09-30": "0.23910", "2015-06-30": "0.25610", "2015-03-31": "0.25630", "2014-12-31": "0.24940", "2014-09-30": "0.25660", "2014-06-30": "0.26560", "2014-03-31": "0.25630", "2013-12-31": "0.24150", "2013-09-30": "0.25230", "2013-06-30": "0.27340", "2013-03-31": "0.26100", "2012-12-31": "0.26750", "2012-09-30": "0.28870", "2012-06-30": "0.30540", "2012-03-31": "0.31160", "2011-12-31": "0.30080", "2011-09-30": "0.31330", "2011-06-30": "0.31320", "2011-03-31": "0.28480", "2010-12-31": "0.27000", "2010-09-30": "0.26420", "2010-06-30": "0.28120", "2010-03-31": "0.26520", "2009-12-31": "0.24040", "2009-09-30": "0.22510", "2009-06-30": "0.22430", "2009-03-31": "0.24510", "2008-12-31": "0.26580", "2008-09-30": "0.30250", "2008-06-30": "0.32220", "2008-03-31": "0.33120", "2007-12-31": "0.30690", "2007-09-30": "0.32060", "2007-06-30": "0.34050", "2007-03-31": "0.31930", "2006-12-31": "0.29700", "2006-09-30": "0.30650", "2006-06-30": "0.32020", "2006-03-31": "0.31330", "2005-12-31": "0.27680", "2005-09-30": "0.30240", "2005-06-30": "0.31670", "2005-03-31": "0.31270"}, "Inventory Turnover Ratio": {"2020-09-30": "1.32770", "2020-06-30": "1.29910", "2020-03-31": "1.37550", "2019-12-31": "1.33190", "2019-09-30": "1.38530", "2019-06-30": "1.63250", "2019-03-31": "1.57560", "2018-12-31": "1.44210", "2018-09-30": "1.47210", "2018-06-30": "1.74560", "2018-03-31": "1.62730", "2017-12-31": "1.44050", "2017-09-30": "1.47820", "2017-06-30": "1.66810", "2017-03-31": "1.54930", "2016-12-31": "1.64670", "2016-09-30": "1.68750", "2016-06-30": "1.93680", "2016-03-31": "1.77010", "2015-12-31": "1.67270", "2015-09-30": "1.66710", "2015-06-30": "1.86150", "2015-03-31": "1.71010", "2014-12-31": "1.65170", "2014-09-30": "1.70650", "2014-06-30": "1.95810", "2014-03-31": "1.79840", "2013-12-31": "1.67050", "2013-09-30": "1.68990", "2013-06-30": "1.90070", "2013-03-31": "1.74410", "2012-12-31": "1.59830", "2012-09-30": "1.66300", "2012-06-30": "1.83640", "2012-03-31": "1.81270", "2011-12-31": "1.63930", "2011-09-30": "1.65820", "2011-06-30": "1.83460", "2011-03-31": "1.77090", "2010-12-31": "1.61280", "2010-09-30": "1.65070", "2010-06-30": "1.80440", "2010-03-31": "1.72370", "2009-12-31": "1.51620", "2009-09-30": "1.42220", "2009-06-30": "1.44600", "2009-03-31": "1.42950", "2008-12-31": "1.39600", "2008-09-30": "1.55110", "2008-06-30": "1.72300", "2008-03-31": "1.64380", "2007-12-31": "1.48530", "2007-09-30": "1.56770", "2007-06-30": "1.75680", "2007-03-31": "1.70250", "2006-12-31": "1.47440", "2006-09-30": "1.55690", "2006-06-30": "1.73640", "2006-03-31": "1.71680", "2005-12-31": "1.47870", "2005-09-30": "1.55020", "2005-06-30": "1.67940", "2005-03-31": "1.57500"}, "Receiveable Turnover": {"2020-09-30": "1.73650", "2020-06-30": "1.70440", "2020-03-31": "1.70270", "2019-12-31": "1.77280", "2019-09-30": "1.68130", "2019-06-30": "1.72750", "2019-03-31": "1.74180", "2018-12-31": "1.79090", "2018-09-30": "1.68480", "2018-06-30": "1.77930", "2018-03-31": "1.74690", "2017-12-31": "1.81480", "2017-09-30": "1.75030", "2017-06-30": "1.81080", "2017-03-31": "1.66860", "2016-12-31": "1.89270", "2016-09-30": "1.83070", "2016-06-30": "1.85530", "2016-03-31": "1.78150", "2015-12-31": "1.90540", "2015-09-30": "1.83810", "2015-06-30": "1.94080", "2015-03-31": "1.85910", "2014-12-31": "1.99320", "2014-09-30": "1.91020", "2014-06-30": "1.89720", "2014-03-31": "1.60070", "2013-12-31": "1.66820", "2013-09-30": "1.63890", "2013-06-30": "1.86230", "2013-03-31": "1.63950", "2012-12-31": "1.70080", "2012-09-30": "1.62160", "2012-06-30": "1.71240", "2012-03-31": "1.64620", "2011-12-31": "1.69950", "2011-09-30": "1.71900", "2011-06-30": "1.72400", "2011-03-31": "1.66080", "2010-12-31": "1.75130", "2010-09-30": "1.66990", "2010-06-30": "1.74160", "2010-03-31": "1.67280", "2009-12-31": "1.72070", "2009-09-30": "1.54020", "2009-06-30": "1.56000", "2009-03-31": "1.53030", "2008-12-31": "1.59820", "2008-09-30": "1.68230", "2008-06-30": "1.63520", "2008-03-31": "1.60260", "2007-12-31": "1.62060", "2007-09-30": "1.56170", "2007-06-30": "1.65410", "2007-03-31": "1.61950", "2006-12-31": "1.64750", "2006-09-30": "1.62570", "2006-06-30": "1.64330", "2006-03-31": "1.71950", "2005-12-31": "1.72540", "2005-09-30": "1.70130", "2005-06-30": "1.77290", "2005-03-31": "1.64560"}, "Days Sales In Receivables": {"2020-09-30": "51.82700", "2020-06-30": "52.80510", "2020-03-31": "52.85670", "2019-12-31": "50.76850", "2019-09-30": "53.52860", "2019-06-30": "52.09740", "2019-03-31": "51.67140", "2018-12-31": "50.25390", "2018-09-30": "53.42010", "2018-06-30": "50.58220", "2018-03-31": "51.51940", "2017-12-31": "49.59110", "2017-09-30": "51.41870", "2017-06-30": "49.70130", "2017-03-31": "53.93710", "2016-12-31": "47.55000", "2016-09-30": "49.16080", "2016-06-30": "48.51050", "2016-03-31": "50.51880", "2015-12-31": "47.23330", "2015-09-30": "48.96400", "2015-06-30": "46.37210", "2015-03-31": "48.41130", "2014-12-31": "45.15410", "2014-09-30": "47.11470", "2014-06-30": "47.43720", "2014-03-31": "56.22480", "2013-12-31": "53.94920", "2013-09-30": "54.91510", "2013-06-30": "48.32640", "2013-03-31": "54.89540", "2012-12-31": "52.91690", "2012-09-30": "55.50130", "2012-06-30": "52.55660", "2012-03-31": "54.67270", "2011-12-31": "52.95770", "2011-09-30": "52.35730", "2011-06-30": "52.20410", "2011-03-31": "54.19220", "2010-12-31": "51.39130", "2010-09-30": "53.89660", "2010-06-30": "51.67640", "2010-03-31": "53.80230", "2009-12-31": "52.30390", "2009-09-30": "58.43310", "2009-06-30": "57.69340", "2009-03-31": "58.81360", "2008-12-31": "56.31450", "2008-09-30": "53.49690", "2008-06-30": "55.04000", "2008-03-31": "56.15970", "2007-12-31": "55.53490", "2007-09-30": "57.63040", "2007-06-30": "54.41110", "2007-03-31": "55.57190", "2006-12-31": "54.62900", "2006-09-30": "55.35920", "2006-06-30": "54.76650", "2006-03-31": "52.34060", "2005-12-31": "52.16150", "2005-09-30": "52.89990", "2005-06-30": "50.76560", "2005-03-31": "54.69010"}, "ROE - Return On Equity": {"2020-09-30": "4.91600", "2020-06-30": "4.82490", "2020-03-31": "5.82440", "2019-12-31": "3.22580", "2019-09-30": "5.55550", "2019-06-30": "6.93240", "2019-03-31": "6.83810", "2018-12-31": "5.35830", "2018-09-30": "6.15510", "2018-06-30": "6.02380", "2018-03-31": "6.23060", "2017-12-31": "1.02050", "2017-09-30": "5.16280", "2017-06-30": "5.56940", "2017-03-31": "5.03080", "2016-12-31": "5.32780", "2016-09-30": "4.52070", "2016-06-30": "5.28340", "2016-03-31": "3.72280", "2015-12-31": "3.81320", "2015-09-30": "4.01720", "2015-06-30": "3.51610", "2015-03-31": "5.53760", "2014-12-31": "4.64110", "2014-09-30": "4.25640", "2014-06-30": "4.52030", "2014-03-31": "3.75750", "2013-12-31": "4.02340", "2013-09-30": "4.01200", "2013-06-30": "4.72230", "2013-03-31": "4.74080", "2012-12-31": "3.39870", "2012-09-30": "4.65740", "2012-06-30": "6.16220", "2012-03-31": "5.59730", "2011-12-31": "4.61090", "2011-09-30": "5.83080", "2011-06-30": "5.36870", "2011-03-31": "5.04410", "2010-12-31": "4.44560", "2010-09-30": "4.98800", "2010-06-30": "5.00180", "2010-03-31": "3.28780", "2009-12-31": "2.26320", "2009-09-30": "1.61870", "2009-06-30": "1.11240", "2009-03-31": "1.18950", "2008-12-31": "3.42150", "2008-09-30": "5.30860", "2008-06-30": "4.95560", "2008-03-31": "4.99010", "2007-12-31": "4.43480", "2007-09-30": "5.05040", "2007-06-30": "4.60950", "2007-03-31": "4.63030", "2006-12-31": "4.46990", "2006-09-30": "4.93160", "2006-06-30": "4.42990", "2006-03-31": "4.64710", "2005-12-31": "3.57670", "2005-09-30": "4.11610", "2005-06-30": "4.67260", "2005-03-31": "4.06370"}, "Return On Tangible Equity": {"2020-09-30": "-6.22160", "2020-06-30": "-5.33710", "2020-03-31": "-6.79790", "2019-12-31": "-3.62200", "2019-09-30": "-14.07060", "2019-06-30": "-32.60530", "2019-03-31": "-32.18060", "2018-12-31": "-20.45040", "2018-09-30": "-28.17540", "2018-06-30": "-21.35630", "2018-03-31": "-18.26330", "2017-12-31": "-2.39300", "2017-09-30": "-12.07910", "2017-06-30": "-11.16700", "2017-03-31": "-7.70640", "2016-12-31": "27.80950", "2016-09-30": "25.09150", "2016-06-30": "32.12330", "2016-03-31": "16.74660", "2015-12-31": "20.03380", "2015-09-30": "21.58780", "2015-06-30": "15.59640", "2015-03-31": "23.02470", "2014-12-31": "16.13100", "2014-09-30": "11.75400", "2014-06-30": "13.07700", "2014-03-31": "11.66460", "2013-12-31": "13.22540", "2013-09-30": "16.03030", "2013-06-30": "22.08860", "2013-03-31": "29.54120", "2012-12-31": "27.19960", "2012-09-30": "27.20300", "2012-06-30": "34.17170", "2012-03-31": "19.99480", "2011-12-31": "18.99670", "2011-09-30": "27.26920", "2011-06-30": "22.63960", "2011-03-31": "19.88440", "2010-12-31": "20.60690", "2010-09-30": "27.76400", "2010-06-30": "42.64740", "2010-03-31": "25.50070", "2009-12-31": "24.15720", "2009-09-30": "22.46670", "2009-06-30": "27.89200", "2009-03-31": "12.72880", "2008-12-31": "34.02150", "2008-09-30": "22.25970", "2008-06-30": "18.09470", "2008-03-31": "14.66650", "2007-12-31": "14.31650", "2007-09-30": "14.20850", "2007-06-30": "11.66420", "2007-03-31": "11.25660", "2006-12-31": "11.50580", "2006-09-30": "11.87600", "2006-06-30": "10.67720", "2006-03-31": "12.88790", "2005-12-31": "11.06420", "2005-09-30": "8.81990", "2005-06-30": "9.02550", "2005-03-31": "7.89920"}, "ROA - Return On Assets": {"2020-09-30": "1.62600", "2020-06-30": "1.49810", "2020-03-31": "1.80390", "2019-12-31": "0.97220", "2019-09-30": "1.73260", "2019-06-30": "2.35390", "2019-03-31": "2.65790", "2018-12-31": "2.03760", "2018-09-30": "2.43690", "2018-06-30": "2.30630", "2018-03-31": "2.25480", "2017-12-31": "0.35280", "2017-09-30": "1.81510", "2017-06-30": "1.89390", "2017-03-31": "1.55850", "2016-12-31": "2.05770", "2016-09-30": "1.75620", "2016-06-30": "2.01020", "2016-03-31": "1.55050", "2015-12-31": "1.55810", "2015-09-30": "1.62500", "2015-06-30": "1.46250", "2015-03-31": "2.31380", "2014-12-31": "2.12700", "2014-09-30": "2.19830", "2014-06-30": "2.26890", "2014-03-31": "1.85090", "2013-12-31": "1.96990", "2013-09-30": "1.91050", "2013-06-30": "2.16200", "2013-03-31": "2.02490", "2012-12-31": "1.58020", "2012-09-30": "2.15500", "2012-06-30": "2.70630", "2012-03-31": "2.87160", "2011-12-31": "2.34660", "2011-09-30": "2.88870", "2011-06-30": "2.70650", "2011-03-31": "2.47560", "2010-12-31": "2.18310", "2010-09-30": "2.32530", "2010-06-30": "2.25070", "2010-03-31": "1.56600", "2009-12-31": "1.07170", "2009-09-30": "0.74440", "2009-06-30": "0.49100", "2009-03-31": "0.55560", "2008-12-31": "1.54980", "2008-09-30": "2.48540", "2008-06-30": "2.50910", "2008-03-31": "2.65830", "2007-12-31": "2.29850", "2007-09-30": "2.64120", "2007-06-30": "2.57290", "2007-03-31": "2.40350", "2006-12-31": "2.28190", "2006-09-30": "2.52970", "2006-06-30": "2.29870", "2006-03-31": "2.22670", "2005-12-31": "1.65500", "2005-09-30": "2.05840", "2005-06-30": "2.27490", "2005-03-31": "2.08200"}, "ROI - Return On Investment": {"2020-09-30": "2.36520", "2020-06-30": "2.14570", "2020-03-31": "2.55020", "2019-12-31": "1.41260", "2019-09-30": "2.51710", "2019-06-30": "3.31280", "2019-03-31": "3.99390", "2018-12-31": "3.08080", "2018-09-30": "3.60740", "2018-06-30": "3.46940", "2018-03-31": "3.42340", "2017-12-31": "0.54590", "2017-09-30": "2.76710", "2017-06-30": "2.89620", "2017-03-31": "2.38780", "2016-12-31": "3.36000", "2016-09-30": "2.87860", "2016-06-30": "3.34540", "2016-03-31": "2.42980", "2015-12-31": "2.43290", "2015-09-30": "2.57280", "2015-06-30": "2.29310", "2015-03-31": "3.62270", "2014-12-31": "3.15040", "2014-09-30": "3.47400", "2014-06-30": "3.68590", "2014-03-31": "3.04560", "2013-12-31": "3.24660", "2013-09-30": "3.21620", "2013-06-30": "3.74620", "2013-03-31": "3.71420", "2012-12-31": "2.64860", "2012-09-30": "3.60080", "2012-06-30": "4.71630", "2012-03-31": "4.40300", "2011-12-31": "3.50440", "2011-09-30": "4.39630", "2011-06-30": "4.10410", "2011-03-31": "3.87550", "2010-12-31": "3.33210", "2010-09-30": "3.69570", "2010-06-30": "3.79790", "2010-03-31": "2.47740", "2009-12-31": "1.69520", "2009-09-30": "1.15130", "2009-06-30": "0.78180", "2009-03-31": "0.84130", "2008-12-31": "2.42500", "2008-09-30": "3.80250", "2008-06-30": "3.61390", "2008-03-31": "4.04900", "2007-12-31": "3.57350", "2007-09-30": "4.05380", "2007-06-30": "3.74360", "2007-03-31": "3.71350", "2006-12-31": "3.58450", "2006-09-30": "3.96090", "2006-06-30": "3.54450", "2006-03-31": "3.64180", "2005-12-31": "2.75110", "2005-09-30": "3.25310", "2005-06-30": "3.64770", "2005-03-31": "3.17640"}, "Book Value Per Share": {"2020-09-30": "50.80940", "2020-06-30": "47.67210", "2020-03-31": "49.19340", "2019-12-31": "49.41070", "2019-09-30": "47.50550", "2019-06-30": "46.45200", "2019-03-31": "46.89580", "2018-12-31": "44.99800", "2018-09-30": "46.14400", "2018-06-30": "44.29660", "2018-03-31": "44.19620", "2017-12-31": "41.48250", "2017-09-30": "41.51340", "2017-06-30": "39.54700", "2017-03-31": "35.64810", "2016-12-31": "33.99240", "2016-09-30": "34.86250", "2016-06-30": "34.16620", "2016-03-31": "37.32510", "2015-12-31": "35.54860", "2015-09-30": "35.70200", "2015-06-30": "36.86210", "2015-03-31": "37.17230", "2014-12-31": "40.43480", "2014-09-30": "44.28240", "2014-06-30": "44.74600", "2014-03-31": "43.33560", "2013-12-31": "42.23380", "2013-09-30": "40.80630", "2013-06-30": "38.45880", "2013-03-31": "36.26380", "2012-12-31": "35.72710", "2012-09-30": "34.53530", "2012-06-30": "32.78550", "2012-03-31": "36.98400", "2011-12-31": "34.82970", "2011-09-30": "33.84620", "2011-06-30": "35.38780", "2011-03-31": "34.43030", "2010-12-31": "32.21230", "2010-09-30": "30.94600", "2010-06-30": "27.65420", "2010-03-31": "29.15840", "2009-12-31": "28.84210", "2009-09-30": "28.43730", "2009-06-30": "27.10760", "2009-03-31": "27.84030", "2008-12-31": "28.51660", "2008-09-30": "29.43710", "2008-06-30": "31.35660", "2008-03-31": "30.51910", "2007-12-31": "28.35160", "2007-09-30": "27.02460", "2007-06-30": "27.04140", "2007-03-31": "26.01840", "2006-12-31": "24.85980", "2006-09-30": "24.14080", "2006-06-30": "23.50060", "2006-03-31": "21.16700", "2005-12-31": "20.08600", "2005-09-30": "19.45320", "2005-06-30": "18.60380", "2005-03-31": "19.19800"}, "Operating Cash Flow Per Share": {"2020-09-30": "5.65930", "2020-06-30": 6.0053, "2020-03-31": 3.6195, "2019-12-31": 2.8781, "2019-09-30": "3.45140", "2019-06-30": 4.781, "2019-03-31": 4.2586, "2018-12-31": 2.9056, "2018-09-30": "1.18360", "2018-06-30": 5.152, "2018-03-31": 3.2843, "2017-12-31": 1.6011, "2017-09-30": "1.75270", "2017-06-30": 3.7948, "2017-03-31": 2.8232, "2016-12-31": 2.1372, "2016-09-30": "0.83880", "2016-06-30": 3.6838, "2016-03-31": 2.5139, "2015-12-31": 2.5019, "2015-09-30": "0.14390", "2015-06-30": 3.7917, "2015-03-31": 1.9687, "2014-12-31": 1.9072, "2014-09-30": "1.72680", "2014-06-30": 3.7771, "2014-03-31": 1.8375, "2013-12-31": 1.6883, "2013-09-30": "1.86150", "2013-06-30": 3.1387, "2013-03-31": 2.4356, "2012-12-31": 2.3278, "2012-09-30": "-0.04570", "2012-06-30": 3.3992, "2012-03-31": 2.854, "2011-12-31": 1.6504, "2011-09-30": "1.99120", "2011-06-30": 2.2821, "2011-03-31": 2.3416, "2010-12-31": 1.7085, "2010-09-30": "0.74880", "2010-06-30": 2.3399, "2010-03-31": 1.4168, "2009-12-31": 2.1203, "2009-09-30": "1.60490", "2009-06-30": 2.492, "2009-03-31": 1.6994, "2008-12-31": 0.9067, "2008-09-30": "1.84140", "2008-06-30": 2.6161, "2008-03-31": 2.3009, "2007-12-31": 1.2012, "2007-09-30": "1.55240", "2007-06-30": 2.3444, "2007-03-31": 1.3076, "2006-12-31": 1.1052, "2006-09-30": "0.63400", "2006-06-30": 1.887, "2006-03-31": 1.0279, "2005-12-31": 1.1783, "2005-09-30": "1.14980", "2005-06-30": 1.9728, "2005-03-31": 2.7512}, "Free Cash Flow Per Share": {"2020-09-30": "5.38660", "2020-06-30": 5.6272, "2020-03-31": 3.1566, "2019-12-31": 2.3689, "2019-09-30": "3.21270", "2019-06-30": 4.4787, "2019-03-31": 3.8899, "2018-12-31": 2.681, "2018-09-30": "0.95240", "2018-06-30": 4.8861, "2018-03-31": 2.9496, "2017-12-31": 1.4701, "2017-09-30": "1.26010", "2017-06-30": 3.4048, "2017-03-31": 2.3069, "2016-12-31": 1.8548, "2016-09-30": "0.63250", "2016-06-30": 3.4381, "2016-03-31": 2.294, "2015-12-31": 2.2651, "2015-09-30": "-0.10750", "2015-06-30": 3.4468, "2015-03-31": 1.6783, "2014-12-31": 1.5367, "2014-09-30": "1.38280", "2014-06-30": 3.4754, "2014-03-31": 1.4829, "2013-12-31": 1.3648, "2013-09-30": "1.50770", "2013-06-30": 2.7952, "2013-03-31": 2.0184, "2012-12-31": 1.9455, "2012-09-30": "-0.49150", "2012-06-30": 3.0105, "2012-03-31": 2.5139, "2011-12-31": 1.343, "2011-09-30": "1.74460", "2011-06-30": 2.0279, "2011-03-31": 2.0911, "2010-12-31": 1.4592, "2010-09-30": "0.44090", "2010-06-30": 2.1504, "2010-03-31": 1.2278, "2009-12-31": 1.9373, "2009-09-30": "1.44640", "2009-06-30": 2.2504, "2009-03-31": 1.4683, "2008-12-31": 0.4381, "2008-09-30": "1.29710", "2008-06-30": 2.1645, "2008-03-31": 1.9056, "2007-12-31": 0.9069, "2007-09-30": "1.23520", "2007-06-30": 2.0546, "2007-03-31": 1.0343, "2006-12-31": 0.8602, "2006-09-30": "0.36030", "2006-06-30": 1.7301, "2006-03-31": 0.8699, "2005-12-31": 0.8512, "2005-09-30": "0.92590", "2005-06-30": 1.7427, "2005-03-31": 2.2362}}, "revenue": {"Parker-Hannifin Annual Revenue (Millions of US $)": {"2020": "$13,696", "2019": "$14,320", "2018": "$14,302", "2017": "$12,029", "2016": "$11,361", "2015": "$12,712", "2014": "$13,216", "2013": "$13,016", "2012": "$13,146", "2011": "$12,346", "2010": "$9,993", "2009": "$10,309", "2008": "$12,146", "2007": "$10,718", "2006": "$9,386", "2005": "$8,069"}, "Parker-Hannifin Quarterly Revenue (Millions of US $)": {"2020-12-31": "$3,412", "2020-09-30": "$3,231", "2020-06-30": "$3,161", "2020-03-31": "$3,702", "2019-12-31": "$3,498", "2019-09-30": "$3,335", "2019-06-30": "$3,681", "2019-03-31": "$3,688", "2018-12-31": "$3,472", "2018-09-30": "$3,479", "2018-06-30": "$3,817", "2018-03-31": "$3,750", "2017-12-31": "$3,371", "2017-09-30": "$3,365", "2017-06-30": "$3,496", "2017-03-31": "$3,119", "2016-12-31": "$2,671", "2016-09-30": "$2,743", "2016-06-30": "$2,957", "2016-03-31": "$2,829", "2015-12-31": "$2,706", "2015-09-30": "$2,869", "2015-06-30": "$3,145", "2015-03-31": "$3,162", "2014-12-31": "$3,135", "2014-09-30": "$3,270", "2014-06-30": "$3,525", "2014-03-31": "$3,358", "2013-12-31": "$3,106", "2013-09-30": "$3,226", "2013-06-30": "$3,428", "2013-03-31": "$3,307", "2012-12-31": "$3,065", "2012-09-30": "$3,215", "2012-06-30": "$3,412", "2012-03-31": "$3,394", "2011-12-31": "$3,107", "2011-09-30": "$3,234", "2011-06-30": "$3,410", "2011-03-31": "$3,240", "2010-12-31": "$2,867", "2010-09-30": "$2,829", "2010-06-30": "$2,786", "2010-03-31": "$2,615", "2009-12-31": "$2,355", "2009-09-30": "$2,237", "2009-06-30": "$2,211", "2009-03-31": "$2,345", "2008-12-31": "$2,689", "2008-09-30": "$3,065", "2008-06-30": "$3,347", "2008-03-31": "$3,183", "2007-12-31": "$2,829", "2007-09-30": "$2,787", "2007-06-30": "$2,874", "2007-03-31": "$2,781", "2006-12-31": "$2,511", "2006-09-30": "$2,552", "2006-06-30": "$2,617", "2006-03-31": "$2,498", "2005-12-31": "$2,158", "2005-09-30": "$2,114", "2005-06-30": "$2,172", "2005-03-31": "$2,112"}}, "gross-profit": {"Parker-Hannifin Annual Gross Profit (Millions of US $)": {"2020": "$3,409", "2019": "$3,617", "2018": "$3,565", "2017": "$2,910", "2016": "$2,537", "2015": "$3,056", "2014": "$3,028", "2013": "$2,929", "2012": "$3,188", "2011": "$2,958", "2010": "$2,146", "2009": "$2,128", "2008": "$2,807", "2007": "$2,445", "2006": "$2,018", "2005": "$1,677"}, "Parker-Hannifin Quarterly Gross Profit (Millions of US $)": {"2020-12-31": "$892", "2020-09-30": "$846", "2020-06-30": "$803", "2020-03-31": "$936", "2019-12-31": "$815", "2019-09-30": "$855", "2019-06-30": "$942", "2019-03-31": "$921", "2018-12-31": "$870", "2018-09-30": "$884", "2018-06-30": "$987", "2018-03-31": "$930", "2017-12-31": "$806", "2017-09-30": "$841", "2017-06-30": "$911", "2017-03-31": "$735", "2016-12-31": "$626", "2016-09-30": "$637", "2016-06-30": "$685", "2016-03-31": "$619", "2015-12-31": "$565", "2015-09-30": "$668", "2015-06-30": "$724", "2015-03-31": "$789", "2014-12-31": "$733", "2014-09-30": "$810", "2014-06-30": "$839", "2014-03-31": "$753", "2013-12-31": "$686", "2013-09-30": "$750", "2013-06-30": "$810", "2013-03-31": "$738", "2012-12-31": "$644", "2012-09-30": "$737", "2012-06-30": "$839", "2012-03-31": "$803", "2011-12-31": "$726", "2011-09-30": "$819", "2011-06-30": "$819", "2011-03-31": "$777", "2010-12-31": "$671", "2010-09-30": "$691", "2010-06-30": "$672", "2010-03-31": "$552", "2009-12-31": "$485", "2009-09-30": "$436", "2009-06-30": "$397", "2009-03-31": "$436", "2008-12-31": "$567", "2008-09-30": "$727", "2008-06-30": "$771", "2008-03-31": "$735", "2007-12-31": "$635", "2007-09-30": "$665", "2007-06-30": "$651", "2007-03-31": "$617", "2006-12-31": "$573", "2006-09-30": "$604", "2006-06-30": "$563", "2006-03-31": "$546", "2005-12-31": "$452", "2005-09-30": "$458", "2005-06-30": "$464", "2005-03-31": "$424"}}, "operating-income": {"Parker-Hannifin Annual Operating Income (Millions of US $)": {"2020": "$1,752", "2019": "$2,073", "2018": "$1,925", "2017": "$1,497", "2016": "$1,178", "2015": "$1,512", "2014": "$1,394", "2013": "$1,374", "2012": "$1,668", "2011": "$1,491", "2010": "$869", "2009": "$837", "2008": "$1,442", "2007": "$1,218", "2006": "$982", "2005": "$817"}, "Parker-Hannifin Quarterly Operating Income (Millions of US $)": {"2020-12-31": "$536", "2020-09-30": "$476", "2020-06-30": "$450", "2020-03-31": "$522", "2019-12-31": "$324", "2019-09-30": "$456", "2019-06-30": "$550", "2019-03-31": "$560", "2018-12-31": "$472", "2018-09-30": "$490", "2018-06-30": "$569", "2018-03-31": "$513", "2017-12-31": "$398", "2017-09-30": "$444", "2017-06-30": "$550", "2017-03-31": "$343", "2016-12-31": "$290", "2016-09-30": "$314", "2016-06-30": "$346", "2016-03-31": "$283", "2015-12-31": "$250", "2015-09-30": "$298", "2015-06-30": "$332", "2015-03-31": "$417", "2014-12-31": "$354", "2014-09-30": "$409", "2014-06-30": "$418", "2014-03-31": "$345", "2013-12-31": "$287", "2013-09-30": "$343", "2013-06-30": "$397", "2013-03-31": "$358", "2012-12-31": "$262", "2012-09-30": "$356", "2012-06-30": "$453", "2012-03-31": "$426", "2011-12-31": "$357", "2011-09-30": "$433", "2011-06-30": "$406", "2011-03-31": "$402", "2010-12-31": "$325", "2010-09-30": "$358", "2010-06-30": "$323", "2010-03-31": "$236", "2009-12-31": "$175", "2009-09-30": "$134", "2009-06-30": "$94", "2009-03-31": "$118", "2008-12-31": "$230", "2008-09-30": "$395", "2008-06-30": "$398", "2008-03-31": "$388", "2007-12-31": "$316", "2007-09-30": "$340", "2007-06-30": "$317", "2007-03-31": "$309", "2006-12-31": "$280", "2006-09-30": "$312", "2006-06-30": "$286", "2006-03-31": "$269", "2005-12-31": "$206", "2005-09-30": "$221", "2005-06-30": "$232", "2005-03-31": "$208"}}, "ebitda": {"Parker-Hannifin Annual EBITDA (Millions of US $)": {"2020": "$2,290", "2019": "$2,509", "2018": "$2,391", "2017": "$1,853", "2016": "$1,485", "2015": "$1,829", "2014": "$1,730", "2013": "$1,710", "2012": "$1,990", "2011": "$1,830", "2010": "$1,232", "2009": "$1,195", "2008": "$1,769", "2007": "$1,513", "2006": "$1,263", "2005": "$1,080"}, "Parker-Hannifin Quarterly EBITDA (Millions of US $)": {"2020-09-30": "$625", "2020-06-30": "$597", "2020-03-31": "$660", "2019-12-31": "$468", "2019-09-30": "$565", "2019-06-30": "$656", "2019-03-31": "$668", "2018-12-31": "$582", "2018-09-30": "$603", "2018-06-30": "$684", "2018-03-31": "$630", "2017-12-31": "$516", "2017-09-30": "$560", "2017-06-30": "$669", "2017-03-31": "$431", "2016-12-31": "$363", "2016-09-30": "$389", "2016-06-30": "$421", "2016-03-31": "$359", "2015-12-31": "$328", "2015-09-30": "$376", "2015-06-30": "$412", "2015-03-31": "$494", "2014-12-31": "$432", "2014-09-30": "$491", "2014-06-30": "$502", "2014-03-31": "$428", "2013-12-31": "$372", "2013-09-30": "$428", "2013-06-30": "$482", "2013-03-31": "$445", "2012-12-31": "$345", "2012-09-30": "$438", "2012-06-30": "$530", "2012-03-31": "$506", "2011-12-31": "$436", "2011-09-30": "$518", "2011-06-30": "$491", "2011-03-31": "$486", "2010-12-31": "$411", "2010-09-30": "$443", "2010-06-30": "$407", "2010-03-31": "$324", "2009-12-31": "$272", "2009-09-30": "$227", "2009-06-30": "$188", "2009-03-31": "$207", "2008-12-31": "$320", "2008-09-30": "$481", "2008-06-30": "$493", "2008-03-31": "$465", "2007-12-31": "$395", "2007-09-30": "$416", "2007-06-30": "$390", "2007-03-31": "$382", "2006-12-31": "$354", "2006-09-30": "$386", "2006-06-30": "$357", "2006-03-31": "$342", "2005-12-31": "$277", "2005-09-30": "$286", "2005-06-30": "$299", "2005-03-31": "$273"}}, "net-income": {"Parker-Hannifin Annual Net Income (Millions of US $)": {"2020": "$1,206", "2019": "$1,512", "2018": "$1,061", "2017": "$983", "2016": "$807", "2015": "$1,012", "2014": "$1,041", "2013": "$948", "2012": "$1,152", "2011": "$1,049", "2010": "$554", "2009": "$509", "2008": "$949", "2007": "$830", "2006": "$673", "2005": "$605"}, "Parker-Hannifin Quarterly Net Income (Millions of US $)": {"2020-12-31": "$447", "2020-09-30": "$321", "2020-06-30": "$296", "2020-03-31": "$367", "2019-12-31": "$204", "2019-09-30": "$339", "2019-06-30": "$414", "2019-03-31": "$411", "2018-12-31": "$312", "2018-09-30": "$376", "2018-06-30": "$353", "2018-03-31": "$366", "2017-12-31": "$56", "2017-09-30": "$285", "2017-06-30": "$293", "2017-03-31": "$239", "2016-12-31": "$241", "2016-09-30": "$210", "2016-06-30": "$242", "2016-03-31": "$187", "2015-12-31": "$183", "2015-09-30": "$195", "2015-06-30": "$179", "2015-03-31": "$285", "2014-12-31": "$267", "2014-09-30": "$280", "2014-06-30": "$301", "2014-03-31": "$242", "2013-12-31": "$253", "2013-09-30": "$244", "2013-06-30": "$271", "2013-03-31": "$257", "2012-12-31": "$181", "2012-09-30": "$240", "2012-06-30": "$302", "2012-03-31": "$312", "2011-12-31": "$241", "2011-09-30": "$297", "2011-06-30": "$292", "2011-03-31": "$280", "2010-12-31": "$230", "2010-09-30": "$247", "2010-06-30": "$222", "2010-03-31": "$154", "2009-12-31": "$105", "2009-09-30": "$73", "2009-06-30": "$50", "2009-03-31": "$53", "2008-12-31": "$155", "2008-09-30": "$250", "2008-06-30": "$253", "2008-03-31": "$255", "2007-12-31": "$212", "2007-09-30": "$230", "2007-06-30": "$217", "2007-03-31": "$209", "2006-12-31": "$193", "2006-09-30": "$211", "2006-06-30": "$194", "2006-03-31": "$178", "2005-12-31": "$129", "2005-09-30": "$173", "2005-06-30": "$161", "2005-03-31": "$139"}}, "eps-earnings-per-share-diluted": {"Parker-Hannifin Annual EPS": {"2020": "$9.29", "2019": "$11.48", "2018": "$7.83", "2017": "$7.25", "2016": "$5.89", "2015": "$6.97", "2014": "$6.87", "2013": "$6.26", "2012": "$7.45", "2011": "$6.37", "2010": "$3.40", "2009": "$3.13", "2008": "$5.53", "2007": "$4.68", "2006": "$3.71", "2005": "$3.35"}, "Parker-Hannifin Quarterly EPS": {"2020-12-31": "$3.41", "2020-09-30": "$2.47", "2020-06-30": "$2.29", "2020-03-31": "$2.83", "2019-12-31": "$1.57", "2019-09-30": "$2.60", "2019-06-30": "$3.19", "2019-03-31": "$3.14", "2018-12-31": "$2.36", "2018-09-30": "$2.79", "2018-06-30": "$2.62", "2018-03-31": "$2.70", "2017-12-31": "$0.41", "2017-09-30": "$2.10", "2017-06-30": "$2.17", "2017-03-31": "$1.75", "2016-12-31": "$1.78", "2016-09-30": "$1.55", "2016-06-30": "$1.78", "2016-03-31": "$1.37", "2015-12-31": "$1.33", "2015-09-30": "$1.41", "2015-06-30": "$1.30", "2015-03-31": "$2.02", "2014-12-31": "$1.80", "2014-09-30": "$1.85", "2014-06-30": "$2.00", "2014-03-31": "$1.60", "2013-12-31": "$1.66", "2013-09-30": "$1.61", "2013-06-30": "$1.82", "2013-03-31": "$1.68", "2012-12-31": "$1.19", "2012-09-30": "$1.57", "2012-06-30": "$1.97", "2012-03-31": "$2.01", "2011-12-31": "$1.56", "2011-09-30": "$1.91", "2011-06-30": "$1.79", "2011-03-31": "$1.68", "2010-12-31": "$1.39", "2010-09-30": "$1.51", "2010-06-30": "$1.37", "2010-03-31": "$0.94", "2009-12-31": "$0.64", "2009-09-30": "$0.45", "2009-06-30": "$0.34", "2009-03-31": "$0.33", "2008-12-31": "$0.96", "2008-09-30": "$1.50", "2008-06-30": "$1.48", "2008-03-31": "$1.49", "2007-12-31": "$1.23", "2007-09-30": "$1.33", "2007-06-30": "$1.23", "2007-03-31": "$1.19", "2006-12-31": "$1.09", "2006-09-30": "$1.17", "2006-06-30": "$1.07", "2006-03-31": "$0.97", "2005-12-31": "$0.71", "2005-09-30": "$0.95", "2005-06-30": "$0.90", "2005-03-31": "$0.77"}}, "shares-outstanding": {"Parker-Hannifin Annual Shares Outstanding (Millions of Shares)": {"2020": "130", "2019": "132", "2018": "135", "2017": "136", "2016": "137", "2015": "145", "2014": "151", "2013": "152", "2012": "155", "2011": "165", "2010": "163", "2009": "163", "2008": "172", "2007": "177", "2006": "181", "2005": "181"}, "Parker-Hannifin Quarterly Shares Outstanding (Millions of Shares)": {"2020-12-31": "131", "2020-09-30": "130", "2020-06-30": "130", "2020-03-31": "130", "2019-12-31": "130", "2019-09-30": "130", "2019-06-30": "132", "2019-03-31": "131", "2018-12-31": "132", "2018-09-30": "135", "2018-06-30": "135", "2018-03-31": "136", "2017-12-31": "136", "2017-09-30": "136", "2017-06-30": "136", "2017-03-31": "136", "2016-12-31": "136", "2016-09-30": "136", "2016-06-30": "137", "2016-03-31": "137", "2015-12-31": "137", "2015-09-30": "139", "2015-06-30": "145", "2015-03-31": "141", "2014-12-31": "148", "2014-09-30": "151", "2014-06-30": "151", "2014-03-31": "152", "2013-12-31": "152", "2013-09-30": "152", "2013-06-30": "152", "2013-03-31": "152", "2012-12-31": "152", "2012-09-30": "153", "2012-06-30": "155", "2012-03-31": "155", "2011-12-31": "155", "2011-09-30": "155", "2011-06-30": "165", "2011-03-31": "167", "2010-12-31": "166", "2010-09-30": "164", "2010-06-30": "163", "2010-03-31": "164", "2009-12-31": "163", "2009-09-30": "162", "2009-06-30": "163", "2009-03-31": "161", "2008-12-31": "162", "2008-09-30": "167", "2008-06-30": "172", "2008-03-31": "171", "2007-12-31": "172", "2007-09-30": "173", "2007-06-30": "177", "2007-03-31": "176", "2006-12-31": "177", "2006-09-30": "181", "2006-06-30": "181", "2006-03-31": "182", "2005-12-31": "180", "2005-09-30": "181", "2005-06-30": "181", "2005-03-31": "181"}}, "total-assets": {"Parker-Hannifin Annual Total Assets (Millions of US $)": {"2020": "$19,738", "2019": "$17,577", "2018": "$15,320", "2017": "$15,490", "2016": "$12,034", "2015": "$12,279", "2014": "$13,274", "2013": "$12,541", "2012": "$11,170", "2011": "$10,887", "2010": "$9,910", "2009": "$9,856", "2008": "$10,387", "2007": "$8,441", "2006": "$8,173", "2005": "$6,861"}, "Parker-Hannifin Quarterly Total Assets (Millions of US $)": {"2020-09-30": "$19,786", "2020-06-30": "$19,738", "2020-03-31": "$20,365", "2019-12-31": "$21,044", "2019-09-30": "$19,569", "2019-06-30": "$17,577", "2019-03-31": "$15,478", "2018-12-31": "$15,308", "2018-09-30": "$15,425", "2018-06-30": "$15,320", "2018-03-31": "$16,237", "2017-12-31": "$15,965", "2017-09-30": "$15,731", "2017-06-30": "$15,490", "2017-03-31": "$15,325", "2016-12-31": "$11,732", "2016-09-30": "$11,971", "2016-06-30": "$12,034", "2016-03-31": "$12,069", "2015-12-31": "$11,754", "2015-09-30": "$12,002", "2015-06-30": "$12,279", "2015-03-31": "$12,337", "2014-12-31": "$12,568", "2014-09-30": "$12,745", "2014-06-30": "$13,274", "2014-03-31": "$13,102", "2013-12-31": "$12,864", "2013-09-30": "$12,788", "2013-06-30": "$12,541", "2013-03-31": "$12,672", "2012-12-31": "$11,461", "2012-09-30": "$11,135", "2012-06-30": "$11,170", "2012-03-31": "$10,889", "2011-12-31": "$10,328", "2011-09-30": "$10,322", "2011-06-30": "$10,887", "2011-03-31": "$11,377", "2010-12-31": "$10,619", "2010-09-30": "$10,710", "2010-06-30": "$9,910", "2010-03-31": "$9,858", "2009-12-31": "$9,794", "2009-09-30": "$9,937", "2009-06-30": "$9,856", "2009-03-31": "$9,568", "2008-12-31": "$10,115", "2008-09-30": "$10,133", "2008-06-30": "$10,387", "2008-03-31": "$9,609", "2007-12-31": "$9,218", "2007-09-30": "$8,693", "2007-06-30": "$8,441", "2007-03-31": "$8,709", "2006-12-31": "$8,456", "2006-09-30": "$8,324", "2006-06-30": "$8,173", "2006-03-31": "$7,973", "2005-12-31": "$7,796", "2005-09-30": "$6,988", "2005-06-30": "$6,861", "2005-03-31": "$6,755"}}, "cash-on-hand": {"Parker-Hannifin Annual Cash on Hand (Millions of US $)": {"2020": "$756", "2019": "$3,371", "2018": "$855", "2017": "$924", "2016": "$2,104", "2015": "$1,914", "2014": "$2,187", "2013": "$1,781", "2012": "$838", "2011": "$657", "2010": "$576", "2009": "$188", "2008": "$326", "2007": "$173", "2006": "$172", "2005": "$336"}, "Parker-Hannifin Quarterly Cash on Hand (Millions of US $)": {"2020-09-30": "$776", "2020-06-30": "$756", "2020-03-31": "$790", "2019-12-31": "$1,093", "2019-09-30": "$3,909", "2019-06-30": "$3,371", "2019-03-31": "$1,169", "2018-12-31": "$1,078", "2018-09-30": "$993", "2018-06-30": "$855", "2018-03-31": "$1,191", "2017-12-31": "$1,133", "2017-09-30": "$975", "2017-06-30": "$924", "2017-03-31": "$856", "2016-12-31": "$2,205", "2016-09-30": "$2,141", "2016-06-30": "$2,104", "2016-03-31": "$2,105", "2015-12-31": "$1,868", "2015-09-30": "$1,790", "2015-06-30": "$1,914", "2015-03-31": "$2,031", "2014-12-31": "$1,962", "2014-09-30": "$2,038", "2014-06-30": "$2,187", "2014-03-31": "$2,096", "2013-12-31": "$2,140", "2013-09-30": "$1,946", "2013-06-30": "$1,781", "2013-03-31": "$1,677", "2012-12-31": "$498", "2012-09-30": "$436", "2012-06-30": "$838", "2012-03-31": "$773", "2011-12-31": "$488", "2011-09-30": "$424", "2011-06-30": "$657", "2011-03-31": "$1,108", "2010-12-31": "$809", "2010-09-30": "$924", "2010-06-30": "$576", "2010-03-31": "$381", "2009-12-31": "$234", "2009-09-30": "$190", "2009-06-30": "$188", "2009-03-31": "$167", "2008-12-31": "$262", "2008-09-30": "$608", "2008-06-30": "$326", "2008-03-31": "$182", "2007-12-31": "$198", "2007-09-30": "$188", "2007-06-30": "$173", "2007-03-31": "$184", "2006-12-31": "$157", "2006-09-30": "$176", "2006-06-30": "$172", "2006-03-31": "$251", "2005-12-31": "$313", "2005-09-30": "$243", "2005-06-30": "$336", "2005-03-31": "$104"}}, "long-term-debt": {"Parker-Hannifin Annual Long Term Debt (Millions of US $)": {"2020": "$7,652", "2019": "$6,521", "2018": "$4,319", "2017": "$4,862", "2016": "$2,652", "2015": "$2,724", "2014": "$1,508", "2013": "$1,496", "2012": "$1,504", "2011": "$1,691", "2010": "$1,414", "2009": "$1,840", "2008": "$1,952", "2007": "$1,090", "2006": "$1,059", "2005": "$938"}, "Parker-Hannifin Quarterly Long Term Debt (Millions of US $)": {"2020-09-30": "$7,058", "2020-06-30": "$7,652", "2020-03-31": "$8,098", "2019-12-31": "$8,141", "2019-09-30": "$7,367", "2019-06-30": "$6,521", "2019-03-31": "$4,284", "2018-12-31": "$4,303", "2018-09-30": "$4,313", "2018-06-30": "$4,319", "2018-03-31": "$4,819", "2017-12-31": "$4,798", "2017-09-30": "$4,788", "2017-06-30": "$4,862", "2017-03-31": "$5,255", "2016-12-31": "$2,654", "2016-09-30": "$2,653", "2016-06-30": "$2,652", "2016-03-31": "$2,675", "2015-12-31": "$2,725", "2015-09-30": "$2,725", "2015-06-30": "$2,724", "2015-03-31": "$2,725", "2014-12-31": "$2,726", "2014-09-30": "$1,482", "2014-06-30": "$1,508", "2014-03-31": "$1,509", "2013-12-31": "$1,507", "2013-09-30": "$1,507", "2013-06-30": "$1,496", "2013-03-31": "$1,496", "2012-12-31": "$1,509", "2012-09-30": "$1,512", "2012-06-30": "$1,504", "2012-03-31": "$1,515", "2011-12-31": "$1,659", "2011-09-30": "$1,669", "2011-06-30": "$1,691", "2011-03-31": "$1,684", "2010-12-31": "$1,742", "2010-09-30": "$1,746", "2010-06-30": "$1,414", "2010-03-31": "$1,536", "2009-12-31": "$1,554", "2009-09-30": "$1,856", "2009-06-30": "$1,840", "2009-03-31": "$1,849", "2008-12-31": "$1,883", "2008-09-30": "$1,879", "2008-06-30": "$1,952", "2008-03-31": "$1,190", "2007-12-31": "$1,151", "2007-09-30": "$1,118", "2007-06-30": "$1,090", "2007-03-31": "$1,116", "2006-12-31": "$1,066", "2006-09-30": "$1,046", "2006-06-30": "$1,059", "2006-03-31": "$1,054", "2005-12-31": "$1,083", "2005-09-30": "$927", "2005-06-30": "$938", "2005-03-31": "$967"}}, "total-liabilities": {"Parker-Hannifin Annual Total Liabilities (Millions of US $)": {"2020": "$13,610", "2019": "$11,609", "2018": "$9,455", "2017": "$10,223", "2016": "$7,455", "2015": "$7,172", "2014": "$6,612", "2013": "$6,799", "2012": "$6,265", "2011": "$5,398", "2010": "$5,451", "2009": "$5,505", "2008": "$5,128", "2007": "$3,730", "2006": "$3,932", "2005": "$3,521"}, "Parker-Hannifin Quarterly Total Liabilities (Millions of US $)": {"2020-09-30": "$13,242", "2020-06-30": "$13,610", "2020-03-31": "$14,058", "2019-12-31": "$14,701", "2019-09-30": "$13,466", "2019-06-30": "$11,609", "2019-03-31": "$9,462", "2018-12-31": "$9,487", "2018-09-30": "$9,318", "2018-06-30": "$9,455", "2018-03-31": "$10,361", "2017-12-31": "$10,446", "2017-09-30": "$10,201", "2017-06-30": "$10,223", "2017-03-31": "$10,578", "2016-12-31": "$7,201", "2016-09-30": "$7,320", "2016-06-30": "$7,455", "2016-03-31": "$7,042", "2015-12-31": "$6,951", "2015-09-30": "$7,147", "2015-06-30": "$7,172", "2015-03-31": "$7,182", "2014-12-31": "$6,808", "2014-09-30": "$6,162", "2014-06-30": "$6,612", "2014-03-31": "$6,648", "2013-12-31": "$6,566", "2013-09-30": "$6,699", "2013-06-30": "$6,799", "2013-03-31": "$7,259", "2012-12-31": "$6,132", "2012-09-30": "$5,983", "2012-06-30": "$6,265", "2012-03-31": "$5,303", "2011-12-31": "$5,072", "2011-09-30": "$5,208", "2011-06-30": "$5,398", "2011-03-31": "$5,793", "2010-12-31": "$5,404", "2010-09-30": "$5,717", "2010-06-30": "$5,451", "2010-03-31": "$5,163", "2009-12-31": "$5,156", "2009-09-30": "$5,368", "2009-06-30": "$5,505", "2009-03-31": "$5,099", "2008-12-31": "$5,534", "2008-09-30": "$5,389", "2008-06-30": "$5,128", "2008-03-31": "$4,490", "2007-12-31": "$4,440", "2007-09-30": "$4,147", "2007-06-30": "$3,730", "2007-03-31": "$4,188", "2006-12-31": "$4,139", "2006-09-30": "$4,054", "2006-06-30": "$3,932", "2006-03-31": "$4,152", "2005-12-31": "$4,188", "2005-09-30": "$3,494", "2005-06-30": "$3,521", "2005-03-31": "$3,294"}}, "total-share-holder-equity": {"Parker-Hannifin Annual Share Holder Equity (Millions of US $)": {"2020": "$6,129", "2019": "$5,968", "2018": "$5,865", "2017": "$5,267", "2016": "$4,579", "2015": "$5,108", "2014": "$6,663", "2013": "$5,741", "2012": "$4,906", "2011": "$5,488", "2010": "$4,459", "2009": "$4,350", "2008": "$5,259", "2007": "$4,712", "2006": "$4,241", "2005": "$3,340"}, "Parker-Hannifin Quarterly Share Holder Equity (Millions of US $)": {"2020-09-30": "$6,544", "2020-06-30": "$6,129", "2020-03-31": "$6,307", "2019-12-31": "$6,343", "2019-09-30": "$6,103", "2019-06-30": "$5,968", "2019-03-31": "$6,016", "2018-12-31": "$5,821", "2018-09-30": "$6,107", "2018-06-30": "$5,865", "2018-03-31": "$5,876", "2017-12-31": "$5,519", "2017-09-30": "$5,531", "2017-06-30": "$5,267", "2017-03-31": "$4,748", "2016-12-31": "$4,531", "2016-09-30": "$4,651", "2016-06-30": "$4,579", "2016-03-31": "$5,027", "2015-12-31": "$4,803", "2015-09-30": "$4,855", "2015-06-30": "$5,108", "2015-03-31": "$5,155", "2014-12-31": "$5,760", "2014-09-30": "$6,582", "2014-06-30": "$6,663", "2014-03-31": "$6,454", "2013-12-31": "$6,298", "2013-09-30": "$6,090", "2013-06-30": "$5,741", "2013-03-31": "$5,412", "2012-12-31": "$5,329", "2012-09-30": "$5,152", "2012-06-30": "$4,906", "2012-03-31": "$5,586", "2011-12-31": "$5,256", "2011-09-30": "$5,113", "2011-06-30": "$5,488", "2011-03-31": "$5,584", "2010-12-31": "$5,215", "2010-09-30": "$4,993", "2010-06-30": "$4,459", "2010-03-31": "$4,696", "2009-12-31": "$4,638", "2009-09-30": "$4,570", "2009-06-30": "$4,350", "2009-03-31": "$4,469", "2008-12-31": "$4,582", "2008-09-30": "$4,744", "2008-06-30": "$5,259", "2008-03-31": "$5,119", "2007-12-31": "$4,777", "2007-09-30": "$4,546", "2007-06-30": "$4,712", "2007-03-31": "$4,520", "2006-12-31": "$4,317", "2006-09-30": "$4,270", "2006-06-30": "$4,241", "2006-03-31": "$3,820", "2005-12-31": "$3,607", "2005-09-30": "$3,495", "2005-06-30": "$3,340", "2005-03-31": "$3,461"}}, "profit-margins": {"current": "10.6%"}, "gross margin": {"2020-12-31": "25.74%", "2020-09-30": "25.01%", "2020-06-30": "24.89%", "2020-03-31": "24.96%", "2019-12-31": "24.88%", "2019-09-30": "25.31%", "2019-06-30": "25.26%", "2019-03-31": "25.33%", "2018-12-31": "25.29%", "2018-09-30": "25.02%", "2018-06-30": "24.92%", "2018-03-31": "24.95%", "2017-12-31": "24.66%", "2017-09-30": "24.61%", "2017-06-30": "24.18%", "2017-03-31": "23.35%", "2016-12-31": "22.92%", "2016-09-30": "22.31%", "2016-06-30": "22.33%", "2016-03-31": "22.30%", "2015-12-31": "23.11%", "2015-09-30": "23.67%", "2015-06-30": "24.04%", "2015-03-31": "24.22%", "2014-12-31": "23.59%", "2014-09-30": "23.29%", "2014-06-30": "22.91%", "2014-03-31": "22.86%", "2013-12-31": "22.84%", "2013-09-30": "22.59%", "2013-06-30": "22.50%", "2013-03-31": "22.76%", "2012-12-31": "23.10%", "2012-09-30": "23.65%", "2012-06-30": "24.24%", "2012-03-31": "24.09%", "2011-12-31": "24.18%", "2011-09-30": "24.20%", "2011-06-30": "23.96%", "2011-03-31": "23.98%", "2010-12-31": "23.30%", "2010-09-30": "22.67%", "2010-06-30": "21.47%", "2010-03-31": "19.86%", "2009-12-31": "19.17%", "2009-09-30": "19.36%", "2009-06-30": "20.63%", "2009-03-31": "21.85%", "2008-12-31": "22.79%", "2008-09-30": "23.08%", "2008-06-30": "23.10%", "2008-03-31": "23.01%", "2007-12-31": "22.78%", "2007-09-30": "22.88%", "2007-06-30": "22.81%", "2007-03-31": "22.53%", "2006-12-31": "22.46%", "2006-09-30": "22.04%", "2006-06-30": "21.51%", "2006-03-31": "21.47%", "2005-12-31": "21.01%"}, "operating margin": {"2020-12-31": "14.69%", "2020-09-30": "13.04%", "2020-06-30": "12.79%", "2020-03-31": "13.03%", "2019-12-31": "13.31%", "2019-09-30": "14.38%", "2019-06-30": "14.47%", "2019-03-31": "14.46%", "2018-12-31": "14.08%", "2018-09-30": "13.66%", "2018-06-30": "13.45%", "2018-03-31": "13.62%", "2017-12-31": "13.00%", "2017-09-30": "12.86%", "2017-06-30": "12.44%", "2017-03-31": "11.25%", "2016-12-31": "11.01%", "2016-09-30": "10.62%", "2016-06-30": "10.36%", "2016-03-31": "10.07%", "2015-12-31": "10.92%", "2015-09-30": "11.38%", "2015-06-30": "11.89%", "2015-03-31": "12.21%", "2014-12-31": "11.48%", "2014-09-30": "11.00%", "2014-06-30": "10.54%", "2014-03-31": "10.46%", "2013-12-31": "10.60%", "2013-09-30": "10.44%", "2013-06-30": "10.55%", "2013-03-31": "10.99%", "2012-12-31": "11.44%", "2012-09-30": "12.13%", "2012-06-30": "12.69%", "2012-03-31": "12.34%", "2011-12-31": "12.30%", "2011-09-30": "12.28%", "2011-06-30": "12.08%", "2011-03-31": "12.01%", "2010-12-31": "11.19%", "2010-09-30": "10.32%", "2010-06-30": "8.69%", "2010-03-31": "6.78%", "2009-12-31": "5.70%", "2009-09-30": "6.07%", "2009-06-30": "8.12%", "2009-03-31": "9.97%", "2008-12-31": "11.49%", "2008-09-30": "12.05%", "2008-06-30": "11.87%", "2008-03-31": "11.66%", "2007-12-31": "11.37%", "2007-09-30": "11.38%", "2007-06-30": "11.36%", "2007-03-31": "11.35%", "2006-12-31": "11.27%", "2006-09-30": "10.92%", "2006-06-30": "10.46%", "2006-03-31": "10.38%", "2005-12-31": "10.13%"}, "ebitda margin": {"2020-09-30": "17.29%", "2020-06-30": "16.72%", "2020-03-31": "16.52%", "2019-12-31": "16.60%", "2019-09-30": "17.43%", "2019-06-30": "17.52%", "2019-03-31": "17.55%", "2018-12-31": "17.21%", "2018-09-30": "16.88%", "2018-06-30": "16.71%", "2018-03-31": "16.99%", "2017-12-31": "16.30%", "2017-09-30": "15.99%", "2017-06-30": "15.40%", "2017-03-31": "13.96%", "2016-12-31": "13.68%", "2016-09-30": "13.32%", "2016-06-30": "13.06%", "2016-03-31": "12.77%", "2015-12-31": "13.55%", "2015-09-30": "13.92%", "2015-06-30": "14.39%", "2015-03-31": "14.66%", "2014-12-31": "13.94%", "2014-09-30": "13.52%", "2014-06-30": "13.09%", "2014-03-31": "13.04%", "2013-12-31": "13.22%", "2013-09-30": "13.05%", "2013-06-30": "13.14%", "2013-03-31": "13.52%", "2012-12-31": "13.90%", "2012-09-30": "14.55%", "2012-06-30": "15.14%", "2012-03-31": "14.84%", "2011-12-31": "14.86%", "2011-09-30": "14.95%", "2011-06-30": "14.83%", "2011-03-31": "14.90%", "2010-12-31": "14.28%", "2010-09-30": "13.66%", "2010-06-30": "12.31%", "2010-03-31": "10.73%", "2009-12-31": "9.77%", "2009-09-30": "9.93%", "2009-06-30": "11.60%", "2009-03-31": "13.11%", "2008-12-31": "14.32%", "2008-09-30": "14.76%", "2008-06-30": "14.56%", "2008-03-31": "14.27%", "2007-12-31": "14.04%", "2007-09-30": "14.08%", "2007-06-30": "14.11%", "2007-03-31": "14.14%", "2006-12-31": "14.14%", "2006-09-30": "13.86%", "2006-06-30": "13.44%", "2006-03-31": "13.46%", "2005-12-31": "13.27%"}, "pre tax profit margin": {"2020-12-31": "13.45%", "2020-09-30": "11.00%", "2020-06-30": "11.05%", "2020-03-31": "11.64%", "2019-12-31": "12.18%", "2019-09-30": "13.45%", "2019-06-30": "13.50%", "2019-03-31": "13.27%", "2018-12-31": "12.80%", "2018-09-30": "12.40%", "2018-06-30": "11.90%", "2018-03-31": "11.48%", "2017-12-31": "10.86%", "2017-09-30": "11.15%", "2017-06-30": "11.05%", "2017-03-31": "11.00%", "2016-12-31": "10.91%", "2016-09-30": "10.07%", "2016-06-30": "9.81%", "2016-03-31": "9.38%", "2015-12-31": "10.08%", "2015-09-30": "10.65%", "2015-06-30": "11.26%", "2015-03-31": "11.73%", "2014-12-31": "11.12%", "2014-09-30": "12.29%", "2014-06-30": "11.77%", "2014-03-31": "11.60%", "2013-12-31": "11.72%", "2013-09-30": "9.98%", "2013-06-30": "10.08%", "2013-03-31": "10.49%", "2012-12-31": "10.89%", "2012-09-30": "11.43%", "2012-06-30": "12.00%", "2012-03-31": "11.66%", "2011-12-31": "11.72%", "2011-09-30": "11.68%", "2011-06-30": "11.45%", "2011-03-31": "11.30%", "2010-12-31": "10.27%", "2010-09-30": "9.22%", "2010-06-30": "7.55%", "2010-03-31": "5.57%", "2009-12-31": "4.16%", "2009-09-30": "4.62%", "2009-06-30": "6.61%", "2009-03-31": "8.58%", "2008-12-31": "10.40%", "2008-09-30": "11.07%", "2008-06-30": "10.99%", "2008-03-31": "10.88%", "2007-12-31": "10.71%", "2007-09-30": "10.74%", "2007-06-30": "10.82%", "2007-03-31": "10.77%", "2006-12-31": "10.68%", "2006-09-30": "10.16%", "2006-06-30": "9.59%", "2006-03-31": "9.51%", "2005-12-31": "9.16%"}, "net profit margin": {"2020-12-31": "10.60%", "2020-09-30": "8.74%", "2020-06-30": "8.81%", "2020-03-31": "9.31%", "2019-12-31": "9.63%", "2019-09-30": "10.41%", "2019-06-30": "10.57%", "2019-03-31": "10.04%", "2018-12-31": "9.69%", "2018-09-30": "7.98%", "2018-06-30": "7.41%", "2018-03-31": "7.15%", "2017-12-31": "6.54%", "2017-09-30": "8.36%", "2017-06-30": "8.17%", "2017-03-31": "8.11%", "2016-12-31": "7.86%", "2016-09-30": "7.32%", "2016-06-30": "7.10%", "2016-03-31": "6.44%", "2015-12-31": "7.09%", "2015-09-30": "7.52%", "2015-06-30": "7.95%", "2015-03-31": "8.65%", "2014-12-31": "8.20%", "2014-09-30": "8.12%", "2014-06-30": "7.87%", "2014-03-31": "7.70%", "2013-12-31": "7.84%", "2013-09-30": "7.32%", "2013-06-30": "7.29%", "2013-03-31": "7.54%", "2012-12-31": "7.91%", "2012-09-30": "8.34%", "2012-06-30": "8.76%", "2012-03-31": "8.69%", "2011-12-31": "8.54%", "2011-09-30": "8.62%", "2011-06-30": "8.50%", "2011-03-31": "8.35%", "2010-12-31": "7.69%", "2010-09-30": "6.88%", "2010-06-30": "5.54%", "2010-03-31": "4.06%", "2009-12-31": "3.07%", "2009-09-30": "3.49%", "2009-06-30": "4.93%", "2009-03-31": "6.21%", "2008-12-31": "7.43%", "2008-09-30": "7.81%", "2008-06-30": "7.82%", "2008-03-31": "7.83%", "2007-12-31": "7.70%", "2007-09-30": "7.75%", "2007-06-30": "7.74%", "2007-03-31": "7.71%", "2006-12-31": "7.62%", "2006-09-30": "7.25%", "2006-06-30": "7.18%", "2006-03-31": "7.17%", "2005-12-31": "7.04%"}, "pe ratio": {"current": "23.33", "2021-02-05": "36.92", "2020-12-31": "35.99", "2020-09-30": "22.06", "2020-06-30": "19.61", "2020-03-31": "12.58", "2019-12-31": "19.29", "2019-09-30": "15.67", "2019-06-30": "14.43", "2019-03-31": "15.22", "2018-12-31": "13.72", "2018-09-30": "20.70", "2018-06-30": "19.00", "2018-03-31": "22.09", "2017-12-31": "29.49", "2017-09-30": "21.23", "2017-06-30": "20.77", "2017-03-31": "21.90", "2016-12-31": "20.16", "2016-09-30": "19.33", "2016-06-30": "16.95", "2016-03-31": "18.94", "2015-12-31": "14.66", "2015-09-30": "13.56", "2015-06-30": "15.10", "2015-03-31": "13.91", "2014-12-31": "15.90", "2014-09-30": "14.28", "2014-06-30": "16.21", "2014-03-31": "15.84", "2013-12-31": "16.75", "2013-09-30": "15.16", "2013-06-30": "13.33", "2013-03-31": "12.37", "2012-12-31": "10.88", "2012-09-30": "10.08", "2012-06-30": "8.80", "2012-03-31": "9.86", "2011-12-31": "9.28", "2011-09-30": "7.84", "2011-06-30": "11.77", "2011-03-31": "13.27", "2010-12-31": "13.77", "2010-09-30": "13.01", "2010-06-30": "13.46", "2010-03-31": "22.68", "2009-12-31": "25.42", "2009-09-30": "20.55", "2009-06-30": "11.20", "2009-03-31": "6.41", "2008-12-31": "6.27", "2008-09-30": "7.39", "2008-06-30": "10.21", "2008-03-31": "10.34", "2007-12-31": "11.89", "2007-09-30": "12.08", "2007-06-30": "10.91", "2007-03-31": "9.95", "2006-12-31": "9.28"}, "price sales": {"2021-02-05": "2.69", "2020-12-31": "2.63", "2020-09-30": "1.93", "2020-06-30": "1.73", "2020-03-31": "1.18", "2019-12-31": "1.86", "2019-09-30": "1.64", "2019-06-30": "1.53", "2019-03-31": "1.53", "2018-12-31": "1.33", "2018-09-30": "1.66", "2018-06-30": "1.41", "2018-03-31": "1.58", "2017-12-31": "1.92", "2017-09-30": "1.77", "2017-06-30": "1.70", "2017-03-31": "1.78", "2016-12-31": "1.59", "2016-09-30": "1.41", "2016-06-30": "1.20", "2016-03-31": "1.23", "2015-12-31": "1.05", "2015-09-30": "1.03", "2015-06-30": "1.21", "2015-03-31": "1.20", "2014-12-31": "1.30", "2014-09-30": "1.16", "2014-06-30": "1.28", "2014-03-31": "1.22", "2013-12-31": "1.31", "2013-09-30": "1.11", "2013-06-30": "0.97", "2013-03-31": "0.93", "2012-12-31": "0.86", "2012-09-30": "0.84", "2012-06-30": "0.77", "2012-03-31": "0.86", "2011-12-31": "0.79", "2011-09-30": "0.68", "2011-06-30": "1.01", "2011-03-31": "1.11", "2010-12-31": "1.06", "2010-09-30": "0.89", "2010-06-30": "0.74", "2010-03-31": "0.92", "2009-12-31": "0.78", "2009-09-30": "0.72", "2009-06-30": "0.55", "2009-03-31": "0.40", "2008-12-31": "0.46", "2008-09-30": "0.58", "2008-06-30": "0.80", "2008-03-31": "0.81", "2007-12-31": "0.92", "2007-09-30": "0.94", "2007-06-30": "0.85", "2007-03-31": "0.77", "2006-12-31": "0.70"}, "price book": {"current": "5.05", "2021-02-05": "5.50", "2020-09-30": "3.97", "2020-06-30": "3.81", "2020-03-31": "2.60", "2019-12-31": "4.09", "2019-09-30": "3.72", "2019-06-30": "3.56", "2019-03-31": "3.54", "2018-12-31": "3.19", "2018-09-30": "3.82", "2018-06-30": "3.36", "2018-03-31": "3.68", "2017-12-31": "4.56", "2017-09-30": "3.98", "2017-06-30": "3.80", "2017-03-31": "4.21", "2016-12-31": "3.84", "2016-09-30": "3.34", "2016-06-30": "2.92", "2016-03-31": "2.73", "2015-12-31": "2.49", "2015-09-30": "2.47", "2015-06-30": "2.84", "2015-03-31": "2.86", "2014-12-31": "2.84", "2014-09-30": "2.29", "2014-06-30": "2.48", "2014-03-31": "2.43", "2013-12-31": "2.67", "2013-09-30": "2.33", "2013-06-30": "2.16", "2013-03-31": "2.18", "2012-12-31": "2.05", "2012-09-30": "2.07", "2012-06-30": "2.00", "2012-03-31": "1.94", "2011-12-31": "1.85", "2011-09-30": "1.57", "2011-06-30": "2.12", "2011-03-31": "2.29", "2010-12-31": "2.22", "2010-09-30": "1.87", "2010-06-30": "1.65", "2010-03-31": "1.82", "2009-12-31": "1.52", "2009-09-30": "1.48", "2009-06-30": "1.28", "2009-03-31": "0.98", "2008-12-31": "1.19", "2008-09-30": "1.43", "2008-06-30": "1.80", "2008-03-31": "1.79", "2007-12-31": "2.09", "2007-09-30": "2.16", "2007-06-30": "1.89", "2007-03-31": "1.72", "2006-12-31": "1.60", "2006-09-30": "1.66", "2006-06-30": "1.70", "2006-03-31": "1.95"}, "price fcf": {"2021-02-05": "", "2020-09-30": "$16.54", "2020-06-30": "$14.37", "2020-03-31": "$13.22", "2019-12-31": "$13.95", "2019-09-30": "$14.26", "2019-06-30": "$12.00", "2019-03-31": "$12.41", "2018-12-31": "$11.47", "2018-09-30": "$10.26", "2018-06-30": "$10.57", "2018-03-31": "$9.08", "2017-12-31": "$8.44", "2017-09-30": "$8.83", "2017-06-30": "$8.20", "2017-03-31": "$8.23", "2016-12-31": "$8.22", "2016-09-30": "$8.63", "2016-06-30": "$7.89", "2016-03-31": "$7.90", "2015-12-31": "$7.28", "2015-09-30": "$6.55", "2015-06-30": "$8.04", "2015-03-31": "$8.07", "2014-12-31": "$7.88", "2014-09-30": "$7.71", "2014-06-30": "$7.83", "2014-03-31": "$7.15", "2013-12-31": "$7.69", "2013-09-30": "$8.27", "2013-06-30": "$6.27", "2013-03-31": "$6.48", "2012-12-31": "$6.98", "2012-09-30": "$6.38", "2012-06-30": "$8.61", "2012-03-31": "$7.63", "2011-12-31": "$7.21", "2011-09-30": "$7.32", "2011-06-30": "$6.02", "2011-03-31": "$6.14", "2010-12-31": "$5.28", "2010-09-30": "$5.76", "2010-06-30": "$6.76", "2010-03-31": "$6.86", "2009-12-31": "$7.10", "2009-09-30": "$5.60", "2009-06-30": "$5.45", "2009-03-31": "$5.37", "2008-12-31": "$5.81", "2008-09-30": "$6.27", "2008-06-30": "$6.21", "2008-03-31": "$6.10", "2007-12-31": "$5.23", "2007-09-30": "$5.18", "2007-06-30": "$4.31", "2007-03-31": "$3.98", "2006-12-31": "$5.60"}, "net worth": {"value": "$36B"}, "current ratio": {"2020-12-31": "1.50", "2020-09-30": "1.46", "2020-06-30": "1.55", "2020-03-31": "1.49", "2019-12-31": "1.38", "2019-09-30": "1.96", "2019-06-30": "2.44", "2019-03-31": "1.56", "2018-12-31": "1.52", "2018-09-30": "1.60", "2018-06-30": "1.59", "2018-03-31": "1.59", "2017-12-31": "1.49", "2017-09-30": "1.44", "2017-06-30": "1.41", "2017-03-31": "1.52", "2016-12-31": "2.16", "2016-09-30": "2.12", "2016-06-30": "2.20", "2016-03-31": "2.18", "2015-12-31": "2.18", "2015-09-30": "2.09", "2015-06-30": "2.32", "2015-03-31": "2.09", "2014-12-31": "2.45", "2014-09-30": "2.04", "2014-06-30": "1.87", "2014-03-31": "1.77", "2013-12-31": "1.74", "2013-09-30": "1.64", "2013-06-30": "1.57", "2013-03-31": "1.49", "2012-12-31": "1.65", "2012-09-30": "1.78", "2012-06-30": "1.81", "2012-03-31": "1.81", "2011-12-31": "1.91", "2011-09-30": "1.79", "2011-06-30": "1.80", "2011-03-31": "2.00", "2010-12-31": "2.08", "2010-09-30": "1.82", "2010-06-30": "1.63", "2010-03-31": "1.62", "2009-12-31": "1.60", "2009-09-30": "1.71", "2009-06-30": "1.56", "2009-03-31": "1.44", "2008-12-31": "1.38", "2008-09-30": "1.64", "2008-06-30": "1.88", "2008-03-31": "1.56", "2007-12-31": "1.45", "2007-09-30": "1.57", "2007-06-30": "1.76", "2007-03-31": "1.78", "2006-12-31": "1.66", "2006-09-30": "1.76", "2006-06-30": "1.87", "2006-03-31": "1.74", "2005-12-31": "1.66", "2005-09-30": "2.14", "2005-06-30": "2.12", "2005-03-31": "2.10"}, "quick ratio": {"2020-12-31": "0.91", "2020-09-30": "0.92", "2020-06-30": "0.98", "2020-03-31": "0.95", "2019-12-31": "0.89", "2019-09-30": "1.53", "2019-06-30": "1.90", "2019-03-31": "1.07", "2018-12-31": "1.01", "2018-09-30": "1.07", "2018-06-30": "1.08", "2018-03-31": "1.09", "2017-12-31": "0.99", "2017-09-30": "0.95", "2017-06-30": "0.95", "2017-03-31": "1.01", "2016-12-31": "1.65", "2016-09-30": "1.62", "2016-06-30": "1.71", "2016-03-31": "1.68", "2015-12-31": "1.64", "2015-09-30": "1.57", "2015-06-30": "1.76", "2015-03-31": "1.59", "2014-12-31": "1.83", "2014-09-30": "1.54", "2014-06-30": "1.45", "2014-03-31": "1.34", "2013-12-31": "1.30", "2013-09-30": "1.22", "2013-06-30": "1.18", "2013-03-31": "1.09", "2012-12-31": "1.04", "2012-09-30": "1.15", "2012-06-30": "1.25", "2012-03-31": "1.23", "2011-12-31": "1.22", "2011-09-30": "1.14", "2011-06-30": "1.21", "2011-03-31": "1.41", "2010-12-31": "1.38", "2010-09-30": "1.25", "2010-06-30": "1.10", "2010-03-31": "1.04", "2009-12-31": "0.95", "2009-09-30": "1.02", "2009-06-30": "0.93", "2009-03-31": "0.86", "2008-12-31": "0.81", "2008-09-30": "1.04", "2008-06-30": "1.19", "2008-03-31": "0.96", "2007-12-31": "0.86", "2007-09-30": "0.97", "2007-06-30": "1.10", "2007-03-31": "1.11", "2006-12-31": "0.97", "2006-09-30": "1.07", "2006-06-30": "1.16", "2006-03-31": "1.08", "2005-12-31": "1.00", "2005-09-30": "1.31", "2005-06-30": "1.34", "2005-03-31": "1.24"}, "debt equity ratio": {"current": "0.93", "2020-12-31": "1.78", "2020-09-30": "2.02", "2020-06-30": "2.22", "2020-03-31": "2.23", "2019-12-31": "2.32", "2019-09-30": "2.21", "2019-06-30": "1.95", "2019-03-31": "1.57", "2018-12-31": "1.63", "2018-09-30": "1.53", "2018-06-30": "1.61", "2018-03-31": "1.76", "2017-12-31": "1.89", "2017-09-30": "1.84", "2017-06-30": "1.94", "2017-03-31": "2.23", "2016-12-31": "1.59", "2016-09-30": "1.57", "2016-06-30": "1.63", "2016-03-31": "1.40", "2015-12-31": "1.45", "2015-09-30": "1.47", "2015-06-30": "1.40", "2015-03-31": "1.39", "2014-12-31": "1.18", "2014-09-30": "0.94", "2014-06-30": "0.99", "2014-03-31": "1.03", "2013-12-31": "1.04", "2013-09-30": "1.10", "2013-06-30": "1.18", "2013-03-31": "1.34", "2012-12-31": "1.15", "2012-09-30": "1.16", "2012-06-30": "1.28", "2012-03-31": "0.95", "2011-12-31": "0.97", "2011-09-30": "1.02", "2011-06-30": "0.98", "2011-03-31": "1.04", "2010-12-31": "1.04", "2010-09-30": "1.15", "2010-06-30": "1.22", "2010-03-31": "1.10", "2009-12-31": "1.11", "2009-09-30": "1.18", "2009-06-30": "1.27", "2009-03-31": "1.14", "2008-12-31": "1.21", "2008-09-30": "1.14", "2008-06-30": "0.98", "2008-03-31": "0.88", "2007-12-31": "0.93", "2007-09-30": "0.91", "2007-06-30": "0.79", "2007-03-31": "0.93", "2006-12-31": "0.96", "2006-09-30": "0.95", "2006-06-30": "0.93", "2006-03-31": "1.09", "2005-12-31": "1.16", "2005-09-30": "1.00", "2005-06-30": "1.05", "2005-03-31": "0.95"}, "return on equity": {"2020-12-31": "21.93%", "2020-09-30": "18.77%", "2020-06-30": "19.39%", "2020-03-31": "21.42%", "2019-12-31": "22.40%", "2019-09-30": "24.69%", "2019-06-30": "25.31%", "2019-03-31": "24.39%", "2018-12-31": "23.78%", "2018-09-30": "19.70%", "2018-06-30": "18.60%", "2018-03-31": "18.02%", "2017-12-31": "16.58%", "2017-09-30": "21.08%", "2017-06-30": "20.48%", "2017-03-31": "20.14%", "2016-12-31": "18.74%", "2016-09-30": "17.25%", "2016-06-30": "16.76%", "2016-03-31": "15.04%", "2015-12-31": "16.91%", "2015-09-30": "17.74%", "2015-06-30": "17.89%", "2015-03-31": "18.76%", "2014-12-31": "17.13%", "2014-09-30": "16.56%", "2014-06-30": "16.31%", "2014-03-31": "16.43%", "2013-12-31": "17.42%", "2013-09-30": "16.89%", "2013-06-30": "17.55%", "2013-03-31": "18.85%", "2012-12-31": "19.74%", "2012-09-30": "20.96%", "2012-06-30": "22.09%", "2012-03-31": "21.30%", "2011-12-31": "20.71%", "2011-09-30": "20.54%", "2011-06-30": "19.72%", "2011-03-31": "19.34%", "2010-12-31": "17.62%", "2010-09-30": "15.50%", "2010-06-30": "12.07%", "2010-03-31": "8.37%", "2009-12-31": "6.24%", "2009-09-30": "7.37%", "2009-06-30": "11.20%", "2009-03-31": "14.93%", "2008-12-31": "18.53%", "2008-09-30": "19.50%", "2008-06-30": "19.29%", "2008-03-31": "19.09%", "2007-12-31": "18.71%", "2007-09-30": "18.77%", "2007-06-30": "18.63%", "2007-03-31": "18.61%", "2006-12-31": "18.64%", "2006-09-30": "17.87%", "2006-06-30": "17.78%", "2006-03-31": "17.98%", "2005-12-31": "17.32%"}, "return on assets": {"2020-12-31": "7.18%", "2020-09-30": "5.87%", "2020-06-30": "5.98%", "2020-03-31": "6.74%", "2019-12-31": "7.43%", "2019-09-30": "8.69%", "2019-06-30": "9.49%", "2019-03-31": "9.44%", "2018-12-31": "9.04%", "2018-09-30": "7.31%", "2018-06-30": "6.70%", "2018-03-31": "6.31%", "2017-12-31": "5.59%", "2017-09-30": "7.26%", "2017-06-30": "7.21%", "2017-03-31": "7.30%", "2016-12-31": "7.36%", "2016-09-30": "6.87%", "2016-06-30": "6.74%", "2016-03-31": "6.19%", "2015-12-31": "6.96%", "2015-09-30": "7.53%", "2015-06-30": "8.10%", "2015-03-31": "8.90%", "2014-12-31": "8.44%", "2014-09-30": "8.28%", "2014-06-30": "8.00%", "2014-03-31": "7.88%", "2013-12-31": "8.06%", "2013-09-30": "7.71%", "2013-06-30": "7.94%", "2013-03-31": "8.44%", "2012-12-31": "9.27%", "2012-09-30": "10.06%", "2012-06-30": "10.79%", "2012-03-31": "10.77%", "2011-12-31": "10.35%", "2011-09-30": "10.17%", "2011-06-30": "9.63%", "2011-03-31": "9.19%", "2010-12-31": "8.30%", "2010-09-30": "7.23%", "2010-06-30": "5.61%", "2010-03-31": "3.87%", "2009-12-31": "2.87%", "2009-09-30": "3.35%", "2009-06-30": "5.12%", "2009-03-31": "7.07%", "2008-12-31": "9.07%", "2008-09-30": "9.86%", "2008-06-30": "10.02%", "2008-03-31": "10.17%", "2007-12-31": "9.90%", "2007-09-30": "9.90%", "2007-06-30": "9.78%", "2007-03-31": "9.59%", "2006-12-31": "9.43%", "2006-09-30": "8.83%", "2006-06-30": "8.72%", "2006-03-31": "8.66%", "2005-12-31": "8.48%"}, "return on investments": {"2020-12-31": "14.30%", "2020-09-30": "12.60%", "2020-06-30": "12.48%", "2020-03-31": "13.51%", "2019-12-31": "14.90%", "2019-09-30": "17.58%", "2019-06-30": "19.13%", "2019-03-31": "20.39%", "2018-12-31": "19.74%", "2018-09-30": "18.93%", "2018-06-30": "18.54%", "2018-03-31": "18.38%", "2017-12-31": "17.02%", "2017-09-30": "17.29%", "2017-06-30": "17.30%", "2017-03-31": "16.30%", "2016-12-31": "16.76%", "2016-09-30": "16.03%", "2016-06-30": "15.67%", "2016-03-31": "15.18%", "2015-12-31": "16.83%", "2015-09-30": "17.63%", "2015-06-30": "18.75%", "2015-03-31": "19.61%", "2014-12-31": "18.68%", "2014-09-30": "18.24%", "2014-06-30": "17.67%", "2014-03-31": "17.93%", "2013-12-31": "18.75%", "2013-09-30": "19.03%", "2013-06-30": "19.86%", "2013-03-31": "21.31%", "2012-12-31": "22.17%", "2012-09-30": "23.51%", "2012-06-30": "24.54%", "2012-03-31": "23.19%", "2011-12-31": "22.71%", "2011-09-30": "22.22%", "2011-06-30": "21.19%", "2011-03-31": "20.99%", "2010-12-31": "19.26%", "2010-09-30": "17.45%", "2010-06-30": "14.04%", "2010-03-31": "10.21%", "2009-12-31": "8.29%", "2009-09-30": "9.07%", "2009-06-30": "13.08%", "2009-03-31": "17.15%", "2008-12-31": "21.21%", "2008-09-30": "22.97%", "2008-06-30": "22.97%", "2008-03-31": "22.97%", "2007-12-31": "22.27%", "2007-09-30": "22.17%", "2007-06-30": "22.01%", "2007-03-31": "21.94%", "2006-12-31": "21.98%", "2006-09-30": "21.27%", "2006-06-30": "20.36%", "2006-03-31": "20.32%", "2005-12-31": "19.46%"}, "return on tangible equity": {"2020-09-30": "-21.83%", "2020-06-30": "-25.39%", "2020-03-31": "-35.95%", "2019-12-31": "-51.59%", "2019-09-30": "-91.08%", "2019-06-30": "-111.95%", "2019-03-31": "-100.29%", "2018-12-31": "-86.35%", "2018-09-30": "-62.67%", "2018-06-30": "-50.61%", "2018-03-31": "-42.78%", "2017-12-31": "-33.44%", "2017-09-30": "-58.60%", "2017-06-30": "-97.81%", "2017-03-31": "-582.50%", "2016-12-31": "98.43%", "2016-09-30": "90.78%", "2016-06-30": "87.55%", "2016-03-31": "72.85%", "2015-12-31": "80.04%", "2015-09-30": "74.81%", "2015-06-30": "62.87%", "2015-03-31": "59.76%", "2014-12-31": "51.76%", "2014-09-30": "49.57%", "2014-06-30": "53.18%", "2014-03-31": "59.89%", "2013-12-31": "74.06%", "2013-09-30": "88.94%", "2013-06-30": "104.17%", "2013-03-31": "118.72%", "2012-12-31": "103.58%", "2012-09-30": "95.07%", "2012-06-30": "95.64%", "2012-03-31": "87.28%", "2011-12-31": "87.30%", "2011-09-30": "89.08%", "2011-06-30": "88.54%", "2011-03-31": "98.86%", "2010-12-31": "108.32%", "2010-09-30": "118.37%", "2010-06-30": "117.12%", "2010-03-31": "99.03%", "2009-12-31": "82.89%", "2009-09-30": "95.80%", "2009-06-30": "93.04%", "2009-03-31": "82.43%", "2008-12-31": "76.50%", "2008-09-30": "66.98%", "2008-06-30": "60.53%", "2008-03-31": "54.57%", "2007-12-31": "50.93%", "2007-09-30": "48.42%", "2007-06-30": "46.30%", "2007-03-31": "45.66%", "2006-12-31": "47.12%", "2006-09-30": "46.87%", "2006-06-30": "45.43%", "2006-03-31": "43.44%", "2005-12-31": "38.18%"}, "dividend yield history": {"last payout": "$3.52", "last yield": "1.26%"}}