{"ticker": "PTEN", "price": {"title": "Patterson-UTI Energy Historical Annual Stock Price Data", "value": 6.24, "historical": {"2021": {"Average Stock Price": "6.2738", "Year Open": "5.4200", "Year High": "6.8700", "Year Low": "5.4200", "Year Close": "6.2400", "Annual % Change": "18.63%"}, "2020": {"Average Stock Price": "4.3686", "Year Open": "10.4900", "Year High": "10.9400", "Year Low": "1.7000", "Year Close": "5.2600", "Annual % Change": "-49.90%"}, "2019": {"Average Stock Price": "11.1805", "Year Open": "10.6100", "Year High": "16.1600", "Year Low": "7.7800", "Year Close": "10.5000", "Annual % Change": "1.45%"}, "2018": {"Average Stock Price": "18.1949", "Year Open": "23.1800", "Year High": "24.7000", "Year Low": "9.6700", "Year Close": "10.3500", "Annual % Change": "-55.02%"}, "2017": {"Average Stock Price": "21.9542", "Year Open": "27.7100", "Year High": "29.4700", "Year Low": "15.2600", "Year Close": "23.0100", "Annual % Change": "-14.52%"}, "2016": {"Average Stock Price": "19.6667", "Year Open": "15.1800", "Year High": "28.8250", "Year Low": "11.4900", "Year Close": "26.9200", "Annual % Change": "78.51%"}, "2015": {"Average Stock Price": "17.2676", "Year Open": "16.6500", "Year High": "22.5750", "Year Low": "13.0600", "Year Close": "15.0800", "Annual % Change": "-9.10%"}, "2014": {"Average Stock Price": "28.9225", "Year Open": "24.9600", "Year High": "37.7300", "Year Low": "14.3300", "Year Close": "16.5900", "Annual % Change": "-34.48%"}, "2013": {"Average Stock Price": "22.1036", "Year Open": "19.0200", "Year High": "25.9200", "Year Low": "18.9400", "Year Close": "25.3200", "Annual % Change": "35.91%"}, "2012": {"Average Stock Price": "16.7826", "Year Open": "21.4600", "Year High": "21.9300", "Year Low": "13.0900", "Year Close": "18.6300", "Annual % Change": "-6.76%"}, "2011": {"Average Stock Price": "25.0949", "Year Open": "21.7400", "Year High": "33.7300", "Year Low": "15.8300", "Year Close": "19.9800", "Annual % Change": "-7.29%"}, "2010": {"Average Stock Price": "16.3826", "Year Open": "16.1900", "Year High": "22.3500", "Year Low": "12.4600", "Year Close": "21.5500", "Annual % Change": "40.39%"}, "2009": {"Average Stock Price": "13.2189", "Year Open": "12.5800", "Year High": "17.7000", "Year Low": "7.6600", "Year Close": "15.3500", "Annual % Change": "33.36%"}, "2008": {"Average Stock Price": "22.9212", "Year Open": "20.7300", "Year High": "36.2000", "Year Low": "8.8000", "Year Close": "11.5100", "Annual % Change": "-41.03%"}, "2007": {"Average Stock Price": "22.9331", "Year Open": "21.9500", "Year High": "27.6600", "Year Low": "18.6600", "Year Close": "19.5200", "Annual % Change": "-15.97%"}, "2006": {"Average Stock Price": "28.0675", "Year Open": "34.2400", "Year High": "38.3300", "Year Low": "21.3700", "Year Close": "23.2300", "Annual % Change": "-29.50%"}, "2005": {"Average Stock Price": "28.3317", "Year Open": "18.3600", "Year High": "36.3100", "Year Low": "17.5800", "Year Close": "32.9500", "Annual % Change": "69.41%"}, "2004": {"Average Stock Price": "17.7310", "Year Open": "16.4750", "Year High": "20.2100", "Year Low": "14.6700", "Year Close": "19.4500", "Annual % Change": "18.13%"}, "2003": {"Average Stock Price": "15.3820", "Year Open": "15.5050", "Year High": "18.3000", "Year Low": "12.7850", "Year Close": "16.4650", "Annual % Change": "9.15%"}, "2002": {"Average Stock Price": "13.5716", "Year Open": "11.4650", "Year High": "17.0600", "Year Low": "9.5450", "Year Close": "15.0850", "Annual % Change": "29.43%"}, "2001": {"Average Stock Price": "12.4188", "Year Open": "17.7800", "Year High": "20.2200", "Year Low": "5.8450", "Year Close": "11.6550", "Annual % Change": "-37.42%"}, "2000": {"Average Stock Price": "13.3121", "Year Open": "6.2500", "Year High": "19.0950", "Year Low": "6.1900", "Year Close": "18.6250", "Annual % Change": "186.54%"}, "1999": {"Average Stock Price": "4.7026", "Year Open": "2.0000", "Year High": "8.1550", "Year Low": "1.3750", "Year Close": "6.5000", "Annual % Change": "219.96%"}, "1998": {"Average Stock Price": "4.4892", "Year Open": "9.2200", "Year High": "9.2200", "Year Low": "1.8440", "Year Close": "2.0315", "Annual % Change": "-79.00%"}, "1997": {"Average Stock Price": "7.1696", "Year Open": "3.1875", "Year High": "15.9700", "Year Low": "2.7813", "Year Close": "9.6725", "Annual % Change": "200.50%"}, "1996": {"Average Stock Price": "2.1789", "Year Open": "1.6875", "Year High": "3.6563", "Year Low": "1.5000", "Year Close": "3.2188", "Annual % Change": "82.23%"}, "1995": {"Average Stock Price": "1.2192", "Year Open": "0.8600", "Year High": "1.8125", "Year Low": "0.7500", "Year Close": "1.7663", "Annual % Change": "105.38%"}, "1994": {"Average Stock Price": "0.8506", "Year Open": "0.8281", "Year High": "0.9844", "Year Low": "0.7500", "Year Close": "0.8600", "Annual % Change": "0.07%"}}}, "market cap": {"value": "$1.17B"}, "income statement": {"Revenue": {"2020-12-31": "1124.24900", "2019-12-31": "2470.68500", "2018-12-31": "3326.99700", "2017-12-31": "2356.68400", "2016-12-31": "915.86600", "2015-12-31": "1891.27700", "2014-12-31": "3182.29100", "2013-12-31": "2716.03400", "2012-12-31": "2723.41400", "2011-12-31": "2565.94300", "2010-12-31": "1462.93100", "2009-12-31": "781.94600", "2008-12-31": "2063.88000", "2007-12-31": "1986.09600", "2006-12-31": "2546.58600", "2005-12-31": "1740.45500"}, "Cost Of Goods Sold": {"2020-12-31": "801.92300", "2019-12-31": "1773.69700", "2018-12-31": "2402.48700", "2017-12-31": "1717.54000", "2016-12-31": "648.77590", "2015-12-31": "1232.36900", "2014-12-31": "2116.07100", "2013-12-31": "1725.90600", "2012-12-31": "1667.67200", "2011-12-31": "1543.79100", "2010-12-31": "897.79800", "2009-12-31": "489.18300", "2008-12-31": "1198.49700", "2007-12-31": "1079.28700", "2006-12-31": "1243.50200", "2005-12-31": "939.36500"}, "Gross Profit": {"2020-12-31": "322.32600", "2019-12-31": "696.98800", "2018-12-31": "924.51000", "2017-12-31": "639.14420", "2016-12-31": "267.09010", "2015-12-31": "658.90800", "2014-12-31": "1066.22000", "2013-12-31": "990.12780", "2012-12-31": "1055.74200", "2011-12-31": "1022.15200", "2010-12-31": "565.13310", "2009-12-31": "292.76300", "2008-12-31": "865.38290", "2007-12-31": "906.80900", "2006-12-31": "1303.08400", "2005-12-31": "801.09000"}, "Research And Development Expenses": {"2020-12-31": "", "2019-12-31": "", "2018-12-31": "", "2017-12-31": "", "2016-12-31": "", "2015-12-31": "", "2014-12-31": "", "2013-12-31": "", "2012-12-31": "", "2011-12-31": "", "2010-12-31": "", "2009-12-31": "", "2008-12-31": "", "2007-12-31": "", "2006-12-31": "", "2005-12-31": ""}, "SG&A Expenses": {"2020-12-31": "97.61100", "2019-12-31": "133.51300", "2018-12-31": "134.07100", "2017-12-31": "105.84700", "2016-12-31": "69.20500", "2015-12-31": "74.91300", "2014-12-31": "80.14500", "2013-12-31": "73.85200", "2012-12-31": "64.47300", "2011-12-31": "64.27100", "2010-12-31": "53.04200", "2009-12-31": "43.93500", "2008-12-31": "43.27300", "2007-12-31": "54.66500", "2006-12-31": "55.06500", "2005-12-31": "39.11000"}, "Other Operating Income Or Expenses": {"2020-12-31": "-12.66500", "2019-12-31": "-3.37800", "2018-12-31": "14.83100", "2017-12-31": "-42.49400", "2016-12-31": "14.32300", "2015-12-31": "-1.64700", "2014-12-31": "15.78100", "2013-12-31": "3.38400", "2012-12-31": "32.70600", "2011-12-31": "4.99900", "2010-12-31": "24.81200", "2009-12-31": "-7.19500", "2008-12-31": "-0.18700", "2007-12-31": "57.51200", "2006-12-31": "-12.48500", "2005-12-31": "-24.29100"}, "Operating Expenses": {"2020-12-31": "2016.50700", "2019-12-31": "2932.26100", "2018-12-31": "3649.17400", "2017-12-31": "2649.22200", "2016-12-31": "1372.09200", "2015-12-31": "2298.24900", "2014-12-31": "2899.16500", "2013-12-31": "2393.84300", "2012-12-31": "2226.05300", "2011-12-31": "2040.34200", "2010-12-31": "1262.00600", "2009-12-31": "830.16000", "2008-12-31": "1517.94700", "2007-12-31": "1322.78600", "2006-12-31": "1507.42200", "2005-12-31": "1159.15900"}, "Operating Income": {"2020-12-31": "-892.25790", "2019-12-31": "-461.57590", "2018-12-31": "-322.17700", "2017-12-31": "-292.53760", "2016-12-31": "-456.22590", "2015-12-31": "-406.97200", "2014-12-31": "283.12600", "2013-12-31": "322.19090", "2012-12-31": "497.36110", "2011-12-31": "525.60110", "2010-12-31": "200.92500", "2009-12-31": "-48.21410", "2008-12-31": "545.93300", "2007-12-31": "663.30990", "2006-12-31": "1039.16400", "2005-12-31": "581.29590"}, "Total Non-Operating Income/Expense": {"2020-12-31": "-38.76000", "2019-12-31": "-68.80200", "2018-12-31": "-45.23100", "2017-12-31": "-35.26300", "2016-12-31": "-39.97000", "2015-12-31": "-35.47700", "2014-12-31": "-28.84300", "2013-12-31": "-25.75000", "2012-12-31": "-21.68800", "2011-12-31": "-14.88300", "2010-12-31": "-10.17100", "2009-12-31": "-3.34100", "2008-12-31": "1.42500", "2007-12-31": "0.52700", "2006-12-31": "4.67000", "2005-12-31": "3.46300"}, "Pre-Tax Income": {"2020-12-31": "-931.01800", "2019-12-31": "-530.37800", "2018-12-31": "-367.40800", "2017-12-31": "-327.80100", "2016-12-31": "-496.19600", "2015-12-31": "-442.44900", "2014-12-31": "254.28300", "2013-12-31": "296.44100", "2012-12-31": "475.67300", "2011-12-31": "510.71800", "2010-12-31": "190.75400", "2009-12-31": "-51.55500", "2008-12-31": "547.35800", "2007-12-31": "663.83700", "2006-12-31": "1043.83400", "2005-12-31": "584.75900"}, "Income Taxes": {"2020-12-31": "-127.32600", "2019-12-31": "-104.67500", "2018-12-31": "-45.98700", "2017-12-31": "-333.71100", "2016-12-31": "-177.56200", "2015-12-31": "-147.96300", "2014-12-31": "91.61900", "2013-12-31": "108.43200", "2012-12-31": "176.19600", "2011-12-31": "187.93800", "2010-12-31": "72.85600", "2009-12-31": "-17.59500", "2008-12-31": "193.49000", "2007-12-31": "229.35000", "2006-12-31": "371.26700", "2005-12-31": "212.01900"}, "Income After Taxes": {"2020-12-31": "-803.69200", "2019-12-31": "-425.70300", "2018-12-31": "-321.42100", "2017-12-31": "5.91000", "2016-12-31": "-318.63400", "2015-12-31": "-294.48600", "2014-12-31": "162.66400", "2013-12-31": "188.00900", "2012-12-31": "299.47700", "2011-12-31": "322.78000", "2010-12-31": "117.89800", "2009-12-31": "-33.96000", "2008-12-31": "353.86800", "2007-12-31": "434.48700", "2006-12-31": "672.56700", "2005-12-31": "372.74000"}, "Other Income": {"2020-12-31": "", "2019-12-31": "", "2018-12-31": "", "2017-12-31": "", "2016-12-31": "", "2015-12-31": "", "2014-12-31": "", "2013-12-31": "", "2012-12-31": "", "2011-12-31": "", "2010-12-31": "", "2009-12-31": "", "2008-12-31": "", "2007-12-31": "", "2006-12-31": "", "2005-12-31": ""}, "Income From Continuous Operations": {"2020-12-31": "-803.69200", "2019-12-31": "-425.70300", "2018-12-31": "-321.42100", "2017-12-31": "5.91000", "2016-12-31": "-318.63400", "2015-12-31": "-294.48600", "2014-12-31": "162.66400", "2013-12-31": "188.00900", "2012-12-31": "299.47700", "2011-12-31": "322.78000", "2010-12-31": "117.89800", "2009-12-31": "-33.96000", "2008-12-31": "353.86800", "2007-12-31": "434.48700", "2006-12-31": "672.56700", "2005-12-31": "372.74000"}, "Income From Discontinued Operations": {"2020-12-31": "", "2019-12-31": "", "2018-12-31": "", "2017-12-31": "", "2016-12-31": "", "2015-12-31": "", "2014-12-31": "", "2013-12-31": "", "2012-12-31": "", "2011-12-31": "-0.36700", "2010-12-31": "-0.95600", "2009-12-31": "-4.33000", "2008-12-31": "-6.79900", "2007-12-31": "4.15200", "2006-12-31": "", "2005-12-31": ""}, "Net Income": {"2020-12-31": "-803.69200", "2019-12-31": "-425.70300", "2018-12-31": "-321.42100", "2017-12-31": "5.74000", "2016-12-31": "-318.63400", "2015-12-31": "-294.48600", "2014-12-31": "161.00100", "2013-12-31": "186.15000", "2012-12-31": "296.94500", "2011-12-31": "322.41300", "2010-12-31": "116.94200", "2009-12-31": "-38.29000", "2008-12-31": "347.06900", "2007-12-31": "438.63900", "2006-12-31": "673.25400", "2005-12-31": "372.74000"}, "EBITDA": {"2020-12-31": "-892.25790", "2019-12-31": "561.03410", "2018-12-31": "806.10000", "2017-12-31": "491.14940", "2016-12-31": "214.47810", "2015-12-31": "583.59290", "2014-12-31": "1002.50900", "2013-12-31": "919.65990", "2012-12-31": "1023.97500", "2011-12-31": "962.88010", "2010-12-31": "534.41810", "2009-12-31": "241.63290", "2008-12-31": "821.92300", "2007-12-31": "909.65590", "2006-12-31": "1235.53400", "2005-12-31": "737.68890"}, "EBIT": {"2020-12-31": "-892.25790", "2019-12-31": "-461.57590", "2018-12-31": "-322.17700", "2017-12-31": "-292.53760", "2016-12-31": "-456.22590", "2015-12-31": "-406.97200", "2014-12-31": "283.12600", "2013-12-31": "322.19090", "2012-12-31": "497.36110", "2011-12-31": "525.60110", "2010-12-31": "200.92500", "2009-12-31": "-48.21410", "2008-12-31": "545.93300", "2007-12-31": "663.30990", "2006-12-31": "1039.16400", "2005-12-31": "581.29590"}, "Basic Shares Outstanding": {"2020-12-31": "188.01300", "2019-12-31": "203.03900", "2018-12-31": "218.64300", "2017-12-31": "198.44700", "2016-12-31": "146.17800", "2015-12-31": "145.41600", "2014-12-31": "144.06600", "2013-12-31": "144.35600", "2012-12-31": "151.14400", "2011-12-31": "153.87100", "2010-12-31": "152.77200", "2009-12-31": "152.06900", "2008-12-31": "153.37900", "2007-12-31": "154.75500", "2006-12-31": "165.15900", "2005-12-31": "170.42600"}, "Shares Outstanding": {"2020-12-31": "188.01300", "2019-12-31": "203.03900", "2018-12-31": "218.64300", "2017-12-31": "199.88200", "2016-12-31": "146.17800", "2015-12-31": "145.41600", "2014-12-31": "145.37600", "2013-12-31": "145.30300", "2012-12-31": "151.69900", "2011-12-31": "155.30400", "2010-12-31": "153.27600", "2009-12-31": "152.06900", "2008-12-31": "154.35800", "2007-12-31": "156.61200", "2006-12-31": "167.41300", "2005-12-31": "173.76700"}, "Basic EPS": {"2020-12-31": "-4.27000", "2019-12-31": "-2.10000", "2018-12-31": "-1.47000", "2017-12-31": "0.03000", "2016-12-31": "-2.18000", "2015-12-31": "-2.00000", "2014-12-31": "1.12000", "2013-12-31": "1.29000", "2012-12-31": "1.96000", "2011-12-31": "2.08000", "2010-12-31": "0.76000", "2009-12-31": "-0.25000", "2008-12-31": "2.25000", "2007-12-31": "2.81000", "2006-12-31": "4.08000", "2005-12-31": "2.19000"}, "EPS - Earnings Per Share": {"2020-12-31": "-4.27000", "2019-12-31": "-2.10000", "2018-12-31": "-1.47000", "2017-12-31": "0.03000", "2016-12-31": "-2.18000", "2015-12-31": "-2.00000", "2014-12-31": "1.11000", "2013-12-31": "1.28000", "2012-12-31": "1.96000", "2011-12-31": "2.06000", "2010-12-31": "0.76000", "2009-12-31": "-0.25000", "2008-12-31": "2.23000", "2007-12-31": "2.78000", "2006-12-31": "4.02000", "2005-12-31": "2.15000"}}, "income statement, quarterly": {"Revenue": {"2020-12-31": "220.80100", "2020-09-30": "207.14100", "2020-06-30": "250.38000", "2020-03-31": "445.92700", "2019-12-31": "492.29700", "2019-09-30": "598.45200", "2019-06-30": "675.76500", "2019-03-31": "704.17100", "2018-12-31": "795.93710", "2018-09-30": "867.47800", "2018-06-30": "854.41800", "2018-03-31": "809.16400", "2017-12-31": "787.33400", "2017-09-30": "684.98900", "2017-06-30": "579.18600", "2017-03-31": "305.17500", "2016-12-31": "246.88710", "2016-09-30": "206.13300", "2016-06-30": "193.90700", "2016-03-31": "268.93900", "2015-12-31": "338.56600", "2015-09-30": "422.25100", "2015-06-30": "472.76100", "2015-03-31": "657.69900", "2014-12-31": "901.21910", "2014-09-30": "845.62800", "2014-06-30": "757.27600", "2014-03-31": "678.16800", "2013-12-31": "658.77200", "2013-09-30": "730.90700", "2013-06-30": "659.31600", "2013-03-31": "667.03900", "2012-12-31": "652.75010", "2012-09-30": "643.63100", "2012-06-30": "681.11200", "2012-03-31": "745.92100", "2011-12-31": "724.64700", "2011-09-30": "673.82800", "2011-06-30": "600.06400", "2011-03-31": "567.40400", "2010-12-31": "505.67810", "2010-09-30": "378.66300", "2010-06-30": "306.99200", "2010-03-31": "271.59800", "2009-12-31": "213.56890", "2009-09-30": "159.67100", "2009-06-30": "140.49700", "2009-03-31": "268.20900", "2008-12-31": "424.51090", "2008-09-30": "608.53200", "2008-06-30": "526.28300", "2008-03-31": "504.55400", "2007-12-31": "392.43500", "2007-09-30": "524.00200", "2007-06-30": "522.55800", "2007-03-31": "547.10100", "2006-12-31": "638.38200", "2006-09-30": "673.65800", "2006-06-30": "636.81300", "2006-03-31": "597.73300", "2005-12-31": "531.20090", "2005-09-30": "468.73900", "2005-06-30": "389.92200", "2005-03-31": "350.59300"}, "Cost Of Goods Sold": {"2020-12-31": "169.29200", "2020-09-30": "132.59200", "2020-06-30": "155.66000", "2020-03-31": "310.60400", "2019-12-31": "434.65900", "2019-09-30": "421.45500", "2019-06-30": "450.03100", "2019-03-31": "467.55200", "2018-12-31": "595.87710", "2018-09-30": "613.61100", "2018-06-30": "621.75700", "2018-03-31": "571.24200", "2017-12-31": "585.80490", "2017-09-30": "477.27200", "2017-06-30": "427.22900", "2017-03-31": "227.23400", "2016-12-31": "191.48200", "2016-09-30": "153.58400", "2016-06-30": "134.99900", "2016-03-31": "168.71100", "2015-12-31": "226.81900", "2015-09-30": "277.83400", "2015-06-30": "299.38300", "2015-03-31": "428.33300", "2014-12-31": "599.27700", "2014-09-30": "562.48600", "2014-06-30": "500.16700", "2014-03-31": "454.14100", "2013-12-31": "426.09410", "2013-09-30": "447.42000", "2013-06-30": "434.24200", "2013-03-31": "418.15000", "2012-12-31": "404.69700", "2012-09-30": "397.38500", "2012-06-30": "413.35400", "2012-03-31": "452.23600", "2011-12-31": "438.49600", "2011-09-30": "416.30100", "2011-06-30": "349.72300", "2011-03-31": "339.27100", "2010-12-31": "300.62300", "2010-09-30": "227.78800", "2010-06-30": "193.04800", "2010-03-31": "176.33900", "2009-12-31": "141.88200", "2009-09-30": "103.90700", "2009-06-30": "84.65700", "2009-03-31": "158.73700", "2008-12-31": "219.12200", "2008-09-30": "357.03800", "2008-06-30": "318.86500", "2008-03-31": "303.47200", "2007-12-31": "196.48900", "2007-09-30": "297.66100", "2007-06-30": "289.16300", "2007-03-31": "295.97400", "2006-12-31": "318.27700", "2006-09-30": "327.71000", "2006-06-30": "305.25000", "2006-03-31": "292.26500", "2005-12-31": "263.30000", "2005-09-30": "245.04500", "2005-06-30": "219.07100", "2005-03-31": "211.94900"}, "Gross Profit": {"2020-12-31": "51.50900", "2020-09-30": "74.54900", "2020-06-30": "94.72000", "2020-03-31": "135.32300", "2019-12-31": "57.63800", "2019-09-30": "176.99700", "2019-06-30": "225.73400", "2019-03-31": "236.61900", "2018-12-31": "200.05990", "2018-09-30": "253.86710", "2018-06-30": "232.66100", "2018-03-31": "237.92200", "2017-12-31": "201.52910", "2017-09-30": "207.71700", "2017-06-30": "151.95700", "2017-03-31": "77.94100", "2016-12-31": "55.40510", "2016-09-30": "52.54900", "2016-06-30": "58.90800", "2016-03-31": "100.22800", "2015-12-31": "111.74700", "2015-09-30": "144.41700", "2015-06-30": "173.37800", "2015-03-31": "229.36600", "2014-12-31": "301.94210", "2014-09-30": "283.14200", "2014-06-30": "257.10900", "2014-03-31": "224.02700", "2013-12-31": "232.67790", "2013-09-30": "283.48700", "2013-06-30": "225.07400", "2013-03-31": "248.88900", "2012-12-31": "248.05310", "2012-09-30": "246.24600", "2012-06-30": "267.75800", "2012-03-31": "293.68500", "2011-12-31": "286.15110", "2011-09-30": "257.52700", "2011-06-30": "250.34100", "2011-03-31": "228.13300", "2010-12-31": "205.05500", "2010-09-30": "150.87500", "2010-06-30": "113.94400", "2010-03-31": "95.25900", "2009-12-31": "71.68690", "2009-09-30": "55.76400", "2009-06-30": "55.84000", "2009-03-31": "109.47200", "2008-12-31": "205.38890", "2008-09-30": "251.49400", "2008-06-30": "207.41800", "2008-03-31": "201.08200", "2007-12-31": "195.94600", "2007-09-30": "226.34100", "2007-06-30": "233.39500", "2007-03-31": "251.12700", "2006-12-31": "320.10500", "2006-09-30": "345.94810", "2006-06-30": "331.56300", "2006-03-31": "305.46800", "2005-12-31": "267.90090", "2005-09-30": "223.69400", "2005-06-30": "170.85100", "2005-03-31": "138.64400"}, "Research And Development Expenses": {"2020-12-31": "", "2020-09-30": "", "2020-06-30": "", "2020-03-31": "", "2019-12-31": "", "2019-09-30": "", "2019-06-30": "", "2019-03-31": "", "2018-12-31": "", "2018-09-30": "", "2018-06-30": "", "2018-03-31": "", "2017-12-31": "", "2017-09-30": "", "2017-06-30": "", "2017-03-31": "", "2016-12-31": "", "2016-09-30": "", "2016-06-30": "", "2016-03-31": "", "2015-12-31": "", "2015-09-30": "", "2015-06-30": "", "2015-03-31": "", "2014-12-31": "", "2014-09-30": "", "2014-06-30": "", "2014-03-31": "", "2013-12-31": "", "2013-09-30": "", "2013-06-30": "", "2013-03-31": "", "2012-12-31": "", "2012-09-30": "", "2012-06-30": "", "2012-03-31": "", "2011-12-31": "", "2011-09-30": "", "2011-06-30": "", "2011-03-31": "", "2010-12-31": "", "2010-09-30": "", "2010-06-30": "", "2010-03-31": "", "2009-12-31": "", "2009-09-30": "", "2009-06-30": "", "2009-03-31": "", "2008-12-31": "", "2008-09-30": "", "2008-06-30": "", "2008-03-31": "", "2007-12-31": "", "2007-09-30": "", "2007-06-30": "", "2007-03-31": "", "2006-12-31": "", "2006-09-30": "", "2006-06-30": "", "2006-03-31": "", "2005-12-31": "", "2005-09-30": "", "2005-06-30": "", "2005-03-31": ""}, "SG&A Expenses": {"2020-12-31": "20.91900", "2020-09-30": "22.35500", "2020-06-30": "23.99100", "2020-03-31": "30.34600", "2019-12-31": "31.83300", "2019-09-30": "34.23100", "2019-06-30": "34.89400", "2019-03-31": "32.55500", "2018-12-31": "32.77100", "2018-09-30": "32.82000", "2018-06-30": "35.66300", "2018-03-31": "32.81700", "2017-12-31": "34.70000", "2017-09-30": "28.81700", "2017-06-30": "23.47800", "2017-03-31": "18.85200", "2016-12-31": "17.53400", "2016-09-30": "16.61200", "2016-06-30": "17.08700", "2016-03-31": "17.97200", "2015-12-31": "16.57800", "2015-09-30": "18.58200", "2015-06-30": "19.21600", "2015-03-31": "20.53700", "2014-12-31": "22.02800", "2014-09-30": "18.89600", "2014-06-30": "19.54800", "2014-03-31": "19.67300", "2013-12-31": "18.55600", "2013-09-30": "19.58000", "2013-06-30": "18.31900", "2013-03-31": "17.39700", "2012-12-31": "16.66400", "2012-09-30": "17.22200", "2012-06-30": "16.71900", "2012-03-31": "13.86800", "2011-12-31": "15.59000", "2011-09-30": "15.95700", "2011-06-30": "16.74900", "2011-03-31": "15.97500", "2010-12-31": "15.55100", "2010-09-30": "13.68500", "2010-06-30": "12.34300", "2010-03-31": "11.46300", "2009-12-31": "10.72200", "2009-09-30": "11.38400", "2009-06-30": "11.45400", "2009-03-31": "10.37500", "2008-12-31": "-8.93900", "2008-09-30": "17.46900", "2008-06-30": "17.74700", "2008-03-31": "16.99600", "2007-12-31": "7.08100", "2007-09-30": "16.59300", "2007-06-30": "16.32200", "2007-03-31": "14.66900", "2006-12-31": "15.63700", "2006-09-30": "13.77700", "2006-06-30": "12.84000", "2006-03-31": "12.81100", "2005-12-31": "8.95300", "2005-09-30": "10.56500", "2005-06-30": "9.91900", "2005-03-31": "9.67300"}, "Other Operating Income Or Expenses": {"2020-12-31": "-1.07900", "2020-09-30": "-9.44100", "2020-06-30": "-18.39000", "2020-03-31": "-17.53000", "2019-12-31": "71.44300", "2019-09-30": "-31.50700", "2019-06-30": "-30.27700", "2019-03-31": "-13.03700", "2018-12-31": "45.44000", "2018-09-30": "-19.67600", "2018-06-30": "6.38200", "2018-03-31": "-17.31500", "2017-12-31": "22.67800", "2017-09-30": "-20.27400", "2017-06-30": "-49.38700", "2017-03-31": "4.48900", "2016-12-31": "6.12800", "2016-09-30": "4.11800", "2016-06-30": "4.82200", "2016-03-31": "-0.74500", "2015-12-31": "3.33700", "2015-09-30": "1.36200", "2015-06-30": "2.99800", "2015-03-31": "-9.34400", "2014-12-31": "7.07600", "2014-09-30": "3.87000", "2014-06-30": "3.09100", "2014-03-31": "1.74400", "2013-12-31": "1.09800", "2013-09-30": "1.37800", "2013-06-30": "1.03300", "2013-03-31": "-0.12500", "2012-12-31": "1.61100", "2012-09-30": "1.96300", "2012-06-30": "28.33200", "2012-03-31": "0.80000", "2011-12-31": "0.94100", "2011-09-30": "1.43700", "2011-06-30": "1.01700", "2011-03-31": "1.60400", "2010-12-31": "1.37200", "2010-09-30": "0.75000", "2010-06-30": "22.93900", "2010-03-31": "-0.24900", "2009-12-31": "-1.58300", "2009-09-30": "0.58300", "2009-06-30": "-1.98400", "2009-03-31": "-4.21100", "2008-12-31": "-1.37700", "2008-09-30": "-0.74500", "2008-06-30": "2.42100", "2008-03-31": "-0.48600", "2007-12-31": "-0.57100", "2007-09-30": "0.87500", "2007-06-30": "58.01000", "2007-03-31": "-0.80200", "2006-12-31": "-5.59600", "2006-09-30": "-1.05100", "2006-06-30": "-2.32900", "2006-03-31": "-3.50900", "2005-12-31": "-9.50800", "2005-09-30": "-6.13800", "2005-06-30": "-6.72200", "2005-03-31": "-1.92300"}, "Operating Expenses": {"2020-12-31": "344.99900", "2020-09-30": "321.70700", "2020-06-30": "409.46400", "2020-03-31": "940.33700", "2019-12-31": "575.06010", "2019-09-30": "905.75710", "2019-06-30": "723.89000", "2019-03-31": "727.55400", "2018-12-31": "1006.72700", "2018-09-30": "947.75900", "2018-06-30": "863.42200", "2018-03-31": "831.26610", "2017-12-31": "808.98070", "2017-09-30": "723.00500", "2017-06-30": "719.42210", "2017-03-31": "397.81400", "2016-12-31": "360.11290", "2016-09-30": "329.54200", "2016-06-30": "318.23900", "2016-03-31": "364.19800", "2015-12-31": "415.36190", "2015-09-30": "751.76610", "2015-06-30": "497.52500", "2015-03-31": "633.59600", "2014-12-31": "794.38610", "2014-09-30": "815.33700", "2014-06-30": "670.05000", "2014-03-31": "619.39200", "2013-12-31": "626.67020", "2013-09-30": "606.35600", "2013-06-30": "588.71000", "2013-03-31": "572.10690", "2012-12-31": "552.54100", "2012-09-30": "555.03700", "2012-06-30": "530.21800", "2012-03-31": "588.25700", "2011-12-31": "580.74710", "2011-09-30": "541.53390", "2011-06-30": "468.20400", "2011-03-31": "449.85700", "2010-12-31": "410.85000", "2010-09-30": "326.15400", "2010-06-30": "261.23500", "2010-03-31": "263.76700", "2009-12-31": "236.46300", "2009-09-30": "184.29000", "2009-06-30": "166.35200", "2009-03-31": "243.05500", "2008-12-31": "290.15290", "2008-09-30": "443.25000", "2008-06-30": "399.86400", "2008-03-31": "384.68000", "2007-12-31": "268.08610", "2007-09-30": "379.90200", "2007-06-30": "307.42200", "2007-03-31": "367.37600", "2006-12-31": "395.63490", "2006-09-30": "391.75300", "2006-06-30": "367.90000", "2006-03-31": "352.13400", "2005-12-31": "325.83510", "2005-09-30": "301.29300", "2005-06-30": "273.27100", "2005-03-31": "258.76000"}, "Operating Income": {"2020-12-31": "-124.19800", "2020-09-30": "-114.56600", "2020-06-30": "-159.08400", "2020-03-31": "-494.41000", "2019-12-31": "-82.76310", "2019-09-30": "-307.30510", "2019-06-30": "-48.12490", "2019-03-31": "-23.38290", "2018-12-31": "-210.78990", "2018-09-30": "-80.28090", "2018-06-30": "-9.00400", "2018-03-31": "-22.10210", "2017-12-31": "-21.64670", "2017-09-30": "-38.01600", "2017-06-30": "-140.23610", "2017-03-31": "-92.63900", "2016-12-31": "-113.22590", "2016-09-30": "-123.40900", "2016-06-30": "-124.33200", "2016-03-31": "-95.25900", "2015-12-31": "-76.79580", "2015-09-30": "-329.51500", "2015-06-30": "-24.76400", "2015-03-31": "24.10300", "2014-12-31": "106.83290", "2014-09-30": "30.29100", "2014-06-30": "87.22600", "2014-03-31": "58.77610", "2013-12-31": "32.10190", "2013-09-30": "124.55100", "2013-06-30": "70.60600", "2013-03-31": "94.93210", "2012-12-31": "100.20910", "2012-09-30": "88.59400", "2012-06-30": "150.89400", "2012-03-31": "157.66410", "2011-12-31": "143.89990", "2011-09-30": "132.29410", "2011-06-30": "131.86000", "2011-03-31": "117.54700", "2010-12-31": "94.82810", "2010-09-30": "52.50900", "2010-06-30": "45.75700", "2010-03-31": "7.83100", "2009-12-31": "-22.89410", "2009-09-30": "-24.61900", "2009-06-30": "-25.85500", "2009-03-31": "25.15400", "2008-12-31": "134.35800", "2008-09-30": "165.28200", "2008-06-30": "126.41900", "2008-03-31": "119.87400", "2007-12-31": "124.34890", "2007-09-30": "144.10000", "2007-06-30": "215.13600", "2007-03-31": "179.72500", "2006-12-31": "242.74710", "2006-09-30": "281.90510", "2006-06-30": "268.91300", "2006-03-31": "245.59900", "2005-12-31": "205.36580", "2005-09-30": "167.44600", "2005-06-30": "116.65100", "2005-03-31": "91.83300"}, "Total Non-Operating Income/Expense": {"2020-12-31": "-7.17500", "2020-09-30": "-10.53800", "2020-06-30": "-10.56500", "2020-03-31": "-10.48200", "2019-12-31": "-26.59000", "2019-09-30": "-18.92700", "2019-06-30": "-11.45000", "2019-03-31": "-11.83500", "2018-12-31": "-11.82900", "2018-09-30": "-11.27800", "2018-06-30": "-10.09100", "2018-03-31": "-12.03300", "2017-12-31": "-9.70900", "2017-09-30": "-9.40500", "2017-06-30": "-8.30200", "2017-03-31": "-7.84700", "2016-12-31": "-8.57300", "2016-09-30": "-10.16200", "2016-06-30": "-10.56100", "2016-03-31": "-10.67400", "2015-12-31": "-9.37300", "2015-09-30": "-8.91500", "2015-06-30": "-8.93100", "2015-03-31": "-8.25800", "2014-12-31": "-8.03400", "2014-09-30": "-6.75900", "2014-06-30": "-7.03800", "2014-03-31": "-7.01200", "2013-12-31": "-6.03600", "2013-09-30": "-6.83000", "2013-06-30": "-6.31000", "2013-03-31": "-6.57400", "2012-12-31": "-5.76500", "2012-09-30": "-6.43400", "2012-06-30": "-5.01600", "2012-03-31": "-4.47300", "2011-12-31": "-4.35200", "2011-09-30": "-3.41300", "2011-06-30": "-3.39100", "2011-03-31": "-3.72700", "2010-12-31": "-3.30000", "2010-09-30": "-5.90300", "2010-06-30": "0.17100", "2010-03-31": "-1.13900", "2009-12-31": "-1.18800", "2009-09-30": "-1.16700", "2009-06-30": "-0.62300", "2009-03-31": "-0.36300", "2008-12-31": "-0.32800", "2008-09-30": "0.52000", "2008-06-30": "0.78300", "2008-03-31": "0.45000", "2007-12-31": "0.31600", "2007-09-30": "0.77600", "2007-06-30": "-0.26500", "2007-03-31": "-0.30000", "2006-12-31": "-0.66400", "2006-09-30": "0.67300", "2006-06-30": "2.28400", "2006-03-31": "2.37700", "2005-12-31": "1.59200", "2005-09-30": "0.90700", "2005-06-30": "0.59300", "2005-03-31": "0.37100"}, "Pre-Tax Income": {"2020-12-31": "-131.37300", "2020-09-30": "-125.10400", "2020-06-30": "-169.64900", "2020-03-31": "-504.89200", "2019-12-31": "-109.35300", "2019-09-30": "-326.23200", "2019-06-30": "-59.57500", "2019-03-31": "-35.21800", "2018-12-31": "-222.61900", "2018-09-30": "-91.55900", "2018-06-30": "-19.09500", "2018-03-31": "-34.13500", "2017-12-31": "-31.35600", "2017-09-30": "-47.42100", "2017-06-30": "-148.53800", "2017-03-31": "-100.48600", "2016-12-31": "-121.79900", "2016-09-30": "-133.57100", "2016-06-30": "-134.89300", "2016-03-31": "-105.93300", "2015-12-31": "-86.16900", "2015-09-30": "-338.43000", "2015-06-30": "-33.69500", "2015-03-31": "15.84500", "2014-12-31": "98.79900", "2014-09-30": "23.53200", "2014-06-30": "80.18800", "2014-03-31": "51.76400", "2013-12-31": "26.06600", "2013-09-30": "117.72100", "2013-06-30": "64.29600", "2013-03-31": "88.35800", "2012-12-31": "94.44400", "2012-09-30": "82.16000", "2012-06-30": "145.87800", "2012-03-31": "153.19100", "2011-12-31": "139.54800", "2011-09-30": "128.88100", "2011-06-30": "128.46900", "2011-03-31": "113.82000", "2010-12-31": "91.52800", "2010-09-30": "46.60600", "2010-06-30": "45.92800", "2010-03-31": "6.69200", "2009-12-31": "-24.08200", "2009-09-30": "-25.78600", "2009-06-30": "-26.47800", "2009-03-31": "24.79100", "2008-12-31": "134.03000", "2008-09-30": "165.80200", "2008-06-30": "127.20200", "2008-03-31": "120.32400", "2007-12-31": "124.66490", "2007-09-30": "144.87600", "2007-06-30": "214.87100", "2007-03-31": "179.42500", "2006-12-31": "242.08300", "2006-09-30": "282.57800", "2006-06-30": "271.19700", "2006-03-31": "247.97600", "2005-12-31": "206.95800", "2005-09-30": "168.35300", "2005-06-30": "117.24400", "2005-03-31": "92.20400"}, "Income Taxes": {"2020-12-31": "-24.84600", "2020-09-30": "-12.99300", "2020-06-30": "-19.31700", "2020-03-31": "-70.17000", "2019-12-31": "-23.43000", "2019-09-30": "-64.51300", "2019-06-30": "-10.12800", "2019-03-31": "-6.60400", "2018-12-31": "-21.37000", "2018-09-30": "-16.51700", "2018-06-30": "-8.38200", "2018-03-31": "0.28200", "2017-12-31": "-226.75800", "2017-09-30": "-13.65200", "2017-06-30": "-56.35400", "2017-03-31": "-36.94700", "2016-12-31": "-43.67700", "2016-09-30": "-49.42800", "2016-06-30": "-49.02700", "2016-03-31": "-35.43000", "2015-12-31": "-27.51100", "2015-09-30": "-112.45200", "2015-06-30": "-14.72000", "2015-03-31": "6.72000", "2014-12-31": "41.21600", "2014-09-30": "7.55600", "2014-06-30": "25.90500", "2014-03-31": "16.94200", "2013-12-31": "9.47500", "2013-09-30": "43.30100", "2013-06-30": "23.52800", "2013-03-31": "32.12800", "2012-12-31": "35.58500", "2012-09-30": "31.35400", "2012-06-30": "53.34000", "2012-03-31": "55.91700", "2011-12-31": "51.95300", "2011-09-30": "46.95300", "2011-06-30": "46.83100", "2011-03-31": "42.20100", "2010-12-31": "36.71800", "2010-09-30": "17.23200", "2010-06-30": "16.40000", "2010-03-31": "2.50600", "2009-12-31": "-7.99200", "2009-09-30": "-8.97200", "2009-06-30": "-9.58700", "2009-03-31": "8.95600", "2008-12-31": "47.73900", "2008-09-30": "57.05600", "2008-06-30": "45.78000", "2008-03-31": "42.91500", "2007-12-31": "43.71100", "2007-09-30": "46.69500", "2007-06-30": "75.32000", "2007-03-31": "63.62400", "2006-12-31": "85.76500", "2006-09-30": "96.58800", "2006-06-30": "99.50700", "2006-03-31": "89.40700", "2005-12-31": "72.76900", "2005-09-30": "62.04800", "2005-06-30": "43.21800", "2005-03-31": "33.98400"}, "Income After Taxes": {"2020-12-31": "-106.52700", "2020-09-30": "-112.11100", "2020-06-30": "-150.33200", "2020-03-31": "-434.72200", "2019-12-31": "-85.92300", "2019-09-30": "-261.71900", "2019-06-30": "-49.44700", "2019-03-31": "-28.61400", "2018-12-31": "-201.24900", "2018-09-30": "-75.04200", "2018-06-30": "-10.71300", "2018-03-31": "-34.41700", "2017-12-31": "195.40200", "2017-09-30": "-33.76900", "2017-06-30": "-92.18400", "2017-03-31": "-63.53900", "2016-12-31": "-78.12200", "2016-09-30": "-84.14300", "2016-06-30": "-85.86600", "2016-03-31": "-70.50300", "2015-12-31": "-58.65800", "2015-09-30": "-225.97800", "2015-06-30": "-18.97500", "2015-03-31": "9.12500", "2014-12-31": "57.58300", "2014-09-30": "15.97600", "2014-06-30": "54.28300", "2014-03-31": "34.82200", "2013-12-31": "16.59100", "2013-09-30": "74.42000", "2013-06-30": "40.76800", "2013-03-31": "56.23000", "2012-12-31": "58.85900", "2012-09-30": "50.80600", "2012-06-30": "92.53800", "2012-03-31": "97.27400", "2011-12-31": "87.59500", "2011-09-30": "81.92800", "2011-06-30": "81.63800", "2011-03-31": "71.61900", "2010-12-31": "54.81000", "2010-09-30": "29.37400", "2010-06-30": "29.52800", "2010-03-31": "4.18600", "2009-12-31": "-16.09000", "2009-09-30": "-16.81400", "2009-06-30": "-16.89100", "2009-03-31": "15.83500", "2008-12-31": "86.29100", "2008-09-30": "108.74600", "2008-06-30": "81.42200", "2008-03-31": "77.40900", "2007-12-31": "80.95400", "2007-09-30": "98.18100", "2007-06-30": "139.55100", "2007-03-31": "115.80100", "2006-12-31": "156.31800", "2006-09-30": "185.99000", "2006-06-30": "171.69000", "2006-03-31": "158.56900", "2005-12-31": "134.18900", "2005-09-30": "106.30500", "2005-06-30": "74.02600", "2005-03-31": "58.22000"}, "Other Income": {"2020-12-31": "", "2020-09-30": "", "2020-06-30": "", "2020-03-31": "", "2019-12-31": "", "2019-09-30": "", "2019-06-30": "", "2019-03-31": "", "2018-12-31": "", "2018-09-30": "", "2018-06-30": "", "2018-03-31": "", "2017-12-31": "", "2017-09-30": "", "2017-06-30": "", "2017-03-31": "", "2016-12-31": "", "2016-09-30": "", "2016-06-30": "", "2016-03-31": "", "2015-12-31": "", "2015-09-30": "", "2015-06-30": "", "2015-03-31": "", "2014-12-31": "", "2014-09-30": "", "2014-06-30": "", "2014-03-31": "", "2013-12-31": "", "2013-09-30": "", "2013-06-30": "", "2013-03-31": "", "2012-12-31": "", "2012-09-30": "", "2012-06-30": "", "2012-03-31": "", "2011-12-31": "", "2011-09-30": "", "2011-06-30": "", "2011-03-31": "", "2010-12-31": "", "2010-09-30": "", "2010-06-30": "", "2010-03-31": "", "2009-12-31": "", "2009-09-30": "", "2009-06-30": "", "2009-03-31": "", "2008-12-31": "", "2008-09-30": "", "2008-06-30": "", "2008-03-31": "", "2007-12-31": "", "2007-09-30": "", "2007-06-30": "", "2007-03-31": "", "2006-12-31": "", "2006-09-30": "", "2006-06-30": "", "2006-03-31": "", "2005-12-31": "", "2005-09-30": "", "2005-06-30": "", "2005-03-31": ""}, "Income From Continuous Operations": {"2020-12-31": "-106.52700", "2020-09-30": "-112.11100", "2020-06-30": "-150.33200", "2020-03-31": "-434.72200", "2019-12-31": "-85.92300", "2019-09-30": "-261.71900", "2019-06-30": "-49.44700", "2019-03-31": "-28.61400", "2018-12-31": "-201.24900", "2018-09-30": "-75.04200", "2018-06-30": "-10.71300", "2018-03-31": "-34.41700", "2017-12-31": "195.40200", "2017-09-30": "-33.76900", "2017-06-30": "-92.18400", "2017-03-31": "-63.53900", "2016-12-31": "-78.12200", "2016-09-30": "-84.14300", "2016-06-30": "-85.86600", "2016-03-31": "-70.50300", "2015-12-31": "-58.65800", "2015-09-30": "-225.97800", "2015-06-30": "-18.97500", "2015-03-31": "9.12500", "2014-12-31": "57.58300", "2014-09-30": "15.97600", "2014-06-30": "54.28300", "2014-03-31": "34.82200", "2013-12-31": "16.59100", "2013-09-30": "74.42000", "2013-06-30": "40.76800", "2013-03-31": "56.23000", "2012-12-31": "58.85900", "2012-09-30": "50.80600", "2012-06-30": "92.53800", "2012-03-31": "97.27400", "2011-12-31": "87.59500", "2011-09-30": "81.92800", "2011-06-30": "81.63800", "2011-03-31": "71.61900", "2010-12-31": "54.81000", "2010-09-30": "29.37400", "2010-06-30": "29.52800", "2010-03-31": "4.18600", "2009-12-31": "-16.09000", "2009-09-30": "-16.81400", "2009-06-30": "-16.89100", "2009-03-31": "15.83500", "2008-12-31": "86.29100", "2008-09-30": "108.74600", "2008-06-30": "81.42200", "2008-03-31": "77.40900", "2007-12-31": "80.95400", "2007-09-30": "98.18100", "2007-06-30": "139.55100", "2007-03-31": "115.80100", "2006-12-31": "156.31800", "2006-09-30": "185.99000", "2006-06-30": "171.69000", "2006-03-31": "158.56900", "2005-12-31": "134.18900", "2005-09-30": "106.30500", "2005-06-30": "74.02600", "2005-03-31": "58.22000"}, "Income From Discontinued Operations": {"2020-12-31": "", "2020-09-30": "", "2020-06-30": "", "2020-03-31": "", "2019-12-31": "", "2019-09-30": "", "2019-06-30": "", "2019-03-31": "", "2018-12-31": "", "2018-09-30": "", "2018-06-30": "", "2018-03-31": "", "2017-12-31": "", "2017-09-30": "", "2017-06-30": "", "2017-03-31": "", "2016-12-31": "", "2016-09-30": "", "2016-06-30": "", "2016-03-31": "", "2015-12-31": "", "2015-09-30": "", "2015-06-30": "", "2015-03-31": "", "2014-12-31": "", "2014-09-30": "", "2014-06-30": "", "2014-03-31": "", "2013-12-31": "", "2013-09-30": "", "2013-06-30": "", "2013-03-31": "", "2012-12-31": "", "2012-09-30": "", "2012-06-30": "", "2012-03-31": "", "2011-12-31": "", "2011-09-30": "", "2011-06-30": "", "2011-03-31": "-0.36700", "2010-12-31": "", "2010-09-30": "", "2010-06-30": "", "2010-03-31": "", "2009-12-31": "-2.08000", "2009-09-30": "-1.76600", "2009-06-30": "-0.85200", "2009-03-31": "0.36800", "2008-12-31": "", "2008-09-30": "", "2008-06-30": "", "2008-03-31": "", "2007-12-31": "", "2007-09-30": "", "2007-06-30": "", "2007-03-31": "", "2006-12-31": "", "2006-09-30": "", "2006-06-30": "", "2006-03-31": "", "2005-12-31": "", "2005-09-30": "", "2005-06-30": "", "2005-03-31": ""}, "Net Income": {"2020-12-31": "-106.52700", "2020-09-30": "-112.11100", "2020-06-30": "-150.33200", "2020-03-31": "-434.72200", "2019-12-31": "-85.92300", "2019-09-30": "-261.71900", "2019-06-30": "-49.44700", "2019-03-31": "-28.61400", "2018-12-31": "-201.24900", "2018-09-30": "-75.04200", "2018-06-30": "-10.71300", "2018-03-31": "-34.41700", "2017-12-31": "195.23200", "2017-09-30": "-33.76900", "2017-06-30": "-92.18400", "2017-03-31": "-63.53900", "2016-12-31": "-79.64900", "2016-09-30": "-84.14300", "2016-06-30": "-85.02000", "2016-03-31": "-69.82200", "2015-12-31": "-58.77000", "2015-09-30": "-225.97800", "2015-06-30": "-18.77700", "2015-03-31": "9.03900", "2014-12-31": "56.99200", "2014-09-30": "15.81600", "2014-06-30": "53.72400", "2014-03-31": "34.46900", "2013-12-31": "16.41400", "2013-09-30": "73.61200", "2013-06-30": "40.37600", "2013-03-31": "55.74800", "2012-12-31": "58.33700", "2012-09-30": "50.34400", "2012-06-30": "91.73200", "2012-03-31": "96.53200", "2011-12-31": "87.59500", "2011-09-30": "81.92800", "2011-06-30": "81.63800", "2011-03-31": "71.25200", "2010-12-31": "53.85400", "2010-09-30": "29.37400", "2010-06-30": "29.52800", "2010-03-31": "4.18600", "2009-12-31": "-18.17000", "2009-09-30": "-18.58000", "2009-06-30": "-17.74300", "2009-03-31": "16.20300", "2008-12-31": "79.49200", "2008-09-30": "108.74600", "2008-06-30": "81.42200", "2008-03-31": "77.40900", "2007-12-31": "85.10600", "2007-09-30": "98.18100", "2007-06-30": "139.55100", "2007-03-31": "115.80100", "2006-12-31": "156.31800", "2006-09-30": "185.99000", "2006-06-30": "171.69000", "2006-03-31": "159.25600", "2005-12-31": "134.18900", "2005-09-30": "106.30500", "2005-06-30": "74.02600", "2005-03-31": "58.22000"}, "EBITDA": {"2020-12-31": "", "2020-09-30": "42.97900", "2020-06-30": "14.22000", "2020-03-31": "87.67490", "2019-12-31": "97.51690", "2019-09-30": "111.48400", "2019-06-30": "160.78500", "2019-03-31": "191.24810", "2018-12-31": "212.95210", "2018-09-30": "201.59100", "2018-06-30": "203.59700", "2018-03-31": "187.95990", "2017-12-31": "189.59330", "2017-09-30": "158.71300", "2017-06-30": "79.17790", "2017-03-31": "63.66500", "2016-12-31": "44.08520", "2016-09-30": "41.51610", "2016-06-30": "47.00400", "2016-03-31": "81.87300", "2015-12-31": "98.86710", "2015-09-30": "127.55890", "2015-06-30": "157.51900", "2015-03-31": "199.64800", "2014-12-31": "287.64290", "2014-09-30": "268.11600", "2014-06-30": "240.65200", "2014-03-31": "206.09810", "2013-12-31": "215.21980", "2013-09-30": "265.28500", "2013-06-30": "207.78800", "2013-03-31": "231.36710", "2012-12-31": "233.00010", "2012-09-30": "230.98700", "2012-06-30": "279.37100", "2012-03-31": "280.61710", "2011-12-31": "271.50190", "2011-09-30": "243.00710", "2011-06-30": "234.60910", "2011-03-31": "213.76200", "2010-12-31": "188.39110", "2010-09-30": "137.94000", "2010-06-30": "124.54000", "2010-03-31": "83.54700", "2009-12-31": "59.38190", "2009-09-30": "44.96300", "2009-06-30": "42.40200", "2009-03-31": "94.88600", "2008-12-31": "212.95100", "2008-09-30": "233.28000", "2008-06-30": "192.09200", "2008-03-31": "183.60000", "2007-12-31": "188.29390", "2007-09-30": "210.62300", "2007-06-30": "275.08300", "2007-03-31": "235.65600", "2006-12-31": "298.87210", "2006-09-30": "331.12010", "2006-06-30": "316.39400", "2006-03-31": "289.14800", "2005-12-31": "249.43980", "2005-09-30": "206.99100", "2005-06-30": "154.21000", "2005-03-31": "127.04800"}, "EBIT": {"2020-12-31": "-124.19800", "2020-09-30": "-114.56600", "2020-06-30": "-159.08400", "2020-03-31": "-494.41000", "2019-12-31": "-82.76300", "2019-09-30": "-307.30510", "2019-06-30": "-48.12490", "2019-03-31": "-23.38290", "2018-12-31": "-210.79000", "2018-09-30": "-80.28090", "2018-06-30": "-9.00400", "2018-03-31": "-22.10210", "2017-12-31": "-21.64660", "2017-09-30": "-38.01600", "2017-06-30": "-140.23610", "2017-03-31": "-92.63900", "2016-12-31": "-113.22590", "2016-09-30": "-123.40900", "2016-06-30": "-124.33200", "2016-03-31": "-95.25900", "2015-12-31": "-76.79590", "2015-09-30": "-329.51500", "2015-06-30": "-24.76400", "2015-03-31": "24.10300", "2014-12-31": "106.83290", "2014-09-30": "30.29100", "2014-06-30": "87.22600", "2014-03-31": "58.77610", "2013-12-31": "32.10190", "2013-09-30": "124.55100", "2013-06-30": "70.60600", "2013-03-31": "94.93210", "2012-12-31": "100.20900", "2012-09-30": "88.59400", "2012-06-30": "150.89400", "2012-03-31": "157.66410", "2011-12-31": "143.90000", "2011-09-30": "132.29410", "2011-06-30": "131.86000", "2011-03-31": "117.54700", "2010-12-31": "94.82800", "2010-09-30": "52.50900", "2010-06-30": "45.75700", "2010-03-31": "7.83100", "2009-12-31": "-22.89410", "2009-09-30": "-24.61900", "2009-06-30": "-25.85500", "2009-03-31": "25.15400", "2008-12-31": "134.35800", "2008-09-30": "165.28200", "2008-06-30": "126.41900", "2008-03-31": "119.87400", "2007-12-31": "124.34890", "2007-09-30": "144.10000", "2007-06-30": "215.13600", "2007-03-31": "179.72500", "2006-12-31": "242.74710", "2006-09-30": "281.90510", "2006-06-30": "268.91300", "2006-03-31": "245.59900", "2005-12-31": "205.36590", "2005-09-30": "167.44600", "2005-06-30": "116.65100", "2005-03-31": "91.83300"}, "Basic Shares Outstanding": {"2020-12-31": "187.47800", "2020-09-30": "187.28000", "2020-06-30": "186.63300", "2020-03-31": "190.67400", "2019-12-31": "203.03900", "2019-09-30": "199.34300", "2019-06-30": "207.49900", "2019-03-31": "211.86800", "2018-12-31": "218.64300", "2018-09-30": "218.05900", "2018-06-30": "220.09300", "2018-03-31": "220.78300", "2017-12-31": "198.44700", "2017-09-30": "211.87500", "2017-06-30": "201.20400", "2017-03-31": "160.06200", "2016-12-31": "146.17800", "2016-09-30": "146.32600", "2016-06-30": "145.94400", "2016-03-31": "145.77000", "2015-12-31": "145.41600", "2015-09-30": "145.66200", "2015-06-30": "145.30000", "2015-03-31": "144.98300", "2014-12-31": "144.06600", "2014-09-30": "144.79800", "2014-06-30": "143.62200", "2014-03-31": "142.89200", "2013-12-31": "144.35600", "2013-09-30": "144.44600", "2013-06-30": "145.46500", "2013-03-31": "144.82700", "2012-12-31": "151.14400", "2012-09-30": "149.84600", "2012-06-30": "153.26900", "2012-03-31": "154.62500", "2011-12-31": "153.87100", "2011-09-30": "152.61700", "2011-06-30": "153.55600", "2011-03-31": "153.12200", "2010-12-31": "152.77200", "2010-09-30": "152.93300", "2010-06-30": "152.65000", "2010-03-31": "152.45800", "2009-12-31": "152.06900", "2009-09-30": "152.24200", "2009-06-30": "151.94100", "2009-03-31": "151.73500", "2008-12-31": "153.37900", "2008-09-30": "154.26600", "2008-06-30": "153.97800", "2008-03-31": "152.60000", "2007-12-31": "154.75500", "2007-09-30": "154.93400", "2007-06-30": "155.52700", "2007-03-31": "155.38700", "2006-12-31": "165.15900", "2006-09-30": "163.41200", "2006-06-30": "168.89400", "2006-03-31": "171.81800", "2005-12-31": "170.42600", "2005-09-30": "171.61300", "2005-06-30": "169.99200", "2005-03-31": "168.75700"}, "Shares Outstanding": {"2020-12-31": "187.47800", "2020-09-30": "187.28000", "2020-06-30": "186.63300", "2020-03-31": "190.67400", "2019-12-31": "203.03900", "2019-09-30": "199.34300", "2019-06-30": "207.49900", "2019-03-31": "211.86800", "2018-12-31": "218.64300", "2018-09-30": "218.05900", "2018-06-30": "220.09300", "2018-03-31": "220.78300", "2017-12-31": "199.88200", "2017-09-30": "211.87500", "2017-06-30": "201.20400", "2017-03-31": "160.06200", "2016-12-31": "146.17800", "2016-09-30": "146.32600", "2016-06-30": "145.94400", "2016-03-31": "145.77000", "2015-12-31": "145.41600", "2015-09-30": "145.66200", "2015-06-30": "145.30000", "2015-03-31": "145.74500", "2014-12-31": "145.37600", "2014-09-30": "146.99100", "2014-06-30": "146.02900", "2014-03-31": "145.09900", "2013-12-31": "145.30300", "2013-09-30": "145.43200", "2013-06-30": "146.37400", "2013-03-31": "146.78300", "2012-12-31": "151.69900", "2012-09-30": "150.52200", "2012-06-30": "153.65500", "2012-03-31": "155.40100", "2011-12-31": "155.30400", "2011-09-30": "154.12000", "2011-06-30": "155.58100", "2011-03-31": "154.65300", "2010-12-31": "153.27600", "2010-09-30": "154.10900", "2010-06-30": "152.87100", "2010-03-31": "153.12200", "2009-12-31": "152.06900", "2009-09-30": "152.24200", "2009-06-30": "151.94100", "2009-03-31": "151.82900", "2008-12-31": "154.35800", "2008-09-30": "155.30800", "2008-06-30": "155.89400", "2008-03-31": "154.32500", "2007-12-31": "156.61200", "2007-09-30": "157.33900", "2007-06-30": "157.91200", "2007-03-31": "157.74200", "2006-12-31": "167.41300", "2006-09-30": "165.74200", "2006-06-30": "171.52200", "2006-03-31": "174.31300", "2005-12-31": "173.76700", "2005-09-30": "174.58700", "2005-06-30": "173.16200", "2005-03-31": "171.74200"}, "Basic EPS": {"2020-12-31": "-0.57000", "2020-09-30": "-0.60000", "2020-06-30": "-0.81000", "2020-03-31": "-2.28000", "2019-12-31": "-0.41000", "2019-09-30": "-1.31000", "2019-06-30": "-0.24000", "2019-03-31": "-0.14000", "2018-12-31": "-0.92000", "2018-09-30": "-0.34000", "2018-06-30": "-0.05000", "2018-03-31": "-0.16000", "2017-12-31": "1.05000", "2017-09-30": "-0.16000", "2017-06-30": "-0.46000", "2017-03-31": "-0.40000", "2016-12-31": "-0.54000", "2016-09-30": "-0.58000", "2016-06-30": "-0.58000", "2016-03-31": "-0.48000", "2015-12-31": "-0.39000", "2015-09-30": "-1.54000", "2015-06-30": "-0.13000", "2015-03-31": "0.06000", "2014-12-31": "0.40000", "2014-09-30": "0.11000", "2014-06-30": "0.37000", "2014-03-31": "0.24000", "2013-12-31": "0.12000", "2013-09-30": "0.51000", "2013-06-30": "0.28000", "2013-03-31": "0.38000", "2012-12-31": "0.40000", "2012-09-30": "0.34000", "2012-06-30": "0.60000", "2012-03-31": "0.62000", "2011-12-31": "0.56000", "2011-09-30": "0.53000", "2011-06-30": "0.53000", "2011-03-31": "0.46000", "2010-12-31": "0.35000", "2010-09-30": "0.19000", "2010-06-30": "0.19000", "2010-03-31": "0.03000", "2009-12-31": "-0.12000", "2009-09-30": "-0.12000", "2009-06-30": "-0.12000", "2009-03-31": "0.11000", "2008-12-31": "0.53000", "2008-09-30": "0.70000", "2008-06-30": "0.52000", "2008-03-31": "0.50000", "2007-12-31": "0.53000", "2007-09-30": "0.63000", "2007-06-30": "0.90000", "2007-03-31": "0.75000", "2006-12-31": "0.99000", "2006-09-30": "1.14000", "2006-06-30": "1.02000", "2006-03-31": "0.93000", "2005-12-31": "0.79000", "2005-09-30": "0.62000", "2005-06-30": "0.44000", "2005-03-31": "0.34000"}, "EPS - Earnings Per Share": {"2020-12-31": "-0.57000", "2020-09-30": "-0.60000", "2020-06-30": "-0.81000", "2020-03-31": "-2.28000", "2019-12-31": "-0.41000", "2019-09-30": "-1.31000", "2019-06-30": "-0.24000", "2019-03-31": "-0.14000", "2018-12-31": "-0.92000", "2018-09-30": "-0.34000", "2018-06-30": "-0.05000", "2018-03-31": "-0.16000", "2017-12-31": "1.05000", "2017-09-30": "-0.16000", "2017-06-30": "-0.46000", "2017-03-31": "-0.40000", "2016-12-31": "-0.54000", "2016-09-30": "-0.58000", "2016-06-30": "-0.58000", "2016-03-31": "-0.48000", "2015-12-31": "-0.39000", "2015-09-30": "-1.54000", "2015-06-30": "-0.13000", "2015-03-31": "0.06000", "2014-12-31": "0.39000", "2014-09-30": "0.11000", "2014-06-30": "0.37000", "2014-03-31": "0.24000", "2013-12-31": "0.11000", "2013-09-30": "0.51000", "2013-06-30": "0.28000", "2013-03-31": "0.38000", "2012-12-31": "0.41000", "2012-09-30": "0.33000", "2012-06-30": "0.60000", "2012-03-31": "0.62000", "2011-12-31": "0.55000", "2011-09-30": "0.53000", "2011-06-30": "0.52000", "2011-03-31": "0.46000", "2010-12-31": "0.35000", "2010-09-30": "0.19000", "2010-06-30": "0.19000", "2010-03-31": "0.03000", "2009-12-31": "-0.12000", "2009-09-30": "-0.12000", "2009-06-30": "-0.12000", "2009-03-31": "0.11000", "2008-12-31": "0.52000", "2008-09-30": "0.69000", "2008-06-30": "0.52000", "2008-03-31": "0.50000", "2007-12-31": "0.55000", "2007-09-30": "0.62000", "2007-06-30": "0.88000", "2007-03-31": "0.73000", "2006-12-31": "0.99000", "2006-09-30": "1.12000", "2006-06-30": "1.00000", "2006-03-31": "0.91000", "2005-12-31": "0.77000", "2005-09-30": "0.61000", "2005-06-30": "0.43000", "2005-03-31": "0.34000"}}, "balance sheet": {"Cash On Hand": {"2020-12-31": "", "2019-12-31": "174.18500", "2018-12-31": "245.02900", "2017-12-31": "42.82800", "2016-12-31": "35.15200", "2015-12-31": "113.34600", "2014-12-31": "43.01200", "2013-12-31": "249.50900", "2012-12-31": "110.72300", "2011-12-31": "23.94600", "2010-12-31": "27.61200", "2009-12-31": "49.87700", "2008-12-31": "81.22300", "2007-12-31": "17.43400", "2006-12-31": "13.38500", "2005-12-31": "136.39800"}, "Receivables": {"2020-12-31": "", "2019-12-31": "346.09600", "2018-12-31": "562.92700", "2017-12-31": "581.50600", "2016-12-31": "150.21700", "2015-12-31": "253.12600", "2014-12-31": "745.13000", "2013-12-31": "451.51700", "2012-12-31": "465.51700", "2011-12-31": "518.10900", "2010-12-31": "412.22900", "2009-12-31": "283.36700", "2008-12-31": "424.70600", "2007-12-31": "373.27900", "2006-12-31": "489.55400", "2005-12-31": "422.00200"}, "Inventory": {"2020-12-31": "", "2019-12-31": "36.35700", "2018-12-31": "65.57900", "2017-12-31": "69.16700", "2016-12-31": "20.19100", "2015-12-31": "14.71600", "2014-12-31": "32.25100", "2013-12-31": "21.24800", "2012-12-31": "26.88900", "2011-12-31": "31.30600", "2010-12-31": "17.21500", "2009-12-31": "6.94100", "2008-12-31": "41.99900", "2007-12-31": "44.41600", "2006-12-31": "43.94700", "2005-12-31": "27.90700"}, "Pre-Paid Expenses": {"2020-12-31": "", "2019-12-31": "", "2018-12-31": "", "2017-12-31": "", "2016-12-31": "", "2015-12-31": "", "2014-12-31": "", "2013-12-31": "", "2012-12-31": "", "2011-12-31": "", "2010-12-31": "", "2009-12-31": "", "2008-12-31": "", "2007-12-31": "", "2006-12-31": "", "2005-12-31": ""}, "Other Current Assets": {"2020-12-31": "", "2019-12-31": "75.17700", "2018-12-31": "76.66200", "2017-12-31": "53.35400", "2016-12-31": "41.32200", "2015-12-31": "40.22700", "2014-12-31": "51.62400", "2013-12-31": "53.42400", "2012-12-31": "43.90300", "2011-12-31": "48.86400", "2010-12-31": "73.53900", "2009-12-31": "82.89900", "2008-12-31": "57.51800", "2007-12-31": "52.28600", "2006-12-31": "56.91600", "2005-12-31": "25.16800"}, "Total Current Assets": {"2020-12-31": "", "2019-12-31": "631.81500", "2018-12-31": "950.19700", "2017-12-31": "746.85500", "2016-12-31": "246.88200", "2015-12-31": "486.53600", "2014-12-31": "909.09200", "2013-12-31": "808.65000", "2012-12-31": "699.99100", "2011-12-31": "764.95000", "2010-12-31": "557.41000", "2009-12-31": "455.96100", "2008-12-31": "641.37400", "2007-12-31": "522.78500", "2006-12-31": "652.67000", "2005-12-31": "637.85700"}, "Property, Plant, And Equipment": {"2020-12-31": "", "2019-12-31": "3306.67700", "2018-12-31": "4002.54900", "2017-12-31": "4254.73000", "2016-12-31": "3408.96300", "2015-12-31": "3920.70800", "2014-12-31": "4131.07100", "2013-12-31": "3635.54100", "2012-12-31": "3615.38300", "2011-12-31": "3167.26600", "2010-12-31": "2620.90000", "2009-12-31": "2110.40200", "2008-12-31": "1937.11200", "2007-12-31": "1841.40400", "2006-12-31": "1435.80400", "2005-12-31": "1053.84500"}, "Long-Term Investments": {"2020-12-31": "", "2019-12-31": "", "2018-12-31": "", "2017-12-31": "", "2016-12-31": "", "2015-12-31": "", "2014-12-31": "", "2013-12-31": "", "2012-12-31": "", "2011-12-31": "", "2010-12-31": "", "2009-12-31": "", "2008-12-31": "", "2007-12-31": "", "2006-12-31": "", "2005-12-31": ""}, "Goodwill And Intangible Assets": {"2020-12-31": "", "2019-12-31": "444.00400", "2018-12-31": "477.64000", "2017-12-31": "687.07200", "2016-12-31": "88.96600", "2015-12-31": "92.60900", "2014-12-31": "220.81300", "2013-12-31": "167.47000", "2012-12-31": "171.46300", "2011-12-31": "175.57300", "2010-12-31": "179.68300", "2009-12-31": "86.23400", "2008-12-31": "86.23400", "2007-12-31": "96.19800", "2006-12-31": "99.05600", "2005-12-31": "99.05600"}, "Other Long-Term Assets": {"2020-12-31": "", "2019-12-31": "25.84400", "2018-12-31": "39.48000", "2017-12-31": "66.32400", "2016-12-31": "23.35600", "2015-12-31": "29.63100", "2014-12-31": "133.03500", "2013-12-31": "75.46600", "2012-12-31": "70.07400", "2011-12-31": "114.11200", "2010-12-31": "65.03800", "2009-12-31": "9.55500", "2008-12-31": "48.09700", "2007-12-31": "4.81200", "2006-12-31": "4.97300", "2005-12-31": "5.02300"}, "Total Long-Term Assets": {"2020-12-31": "", "2019-12-31": "3776.52500", "2018-12-31": "4519.66900", "2017-12-31": "5012.00100", "2016-12-31": "3525.40900", "2015-12-31": "4042.94800", "2014-12-31": "4484.91900", "2013-12-31": "3878.47700", "2012-12-31": "3856.92000", "2011-12-31": "3456.95100", "2010-12-31": "2865.62100", "2009-12-31": "2206.19100", "2008-12-31": "2071.44300", "2007-12-31": "1942.41400", "2006-12-31": "1539.83300", "2005-12-31": "1157.92400"}, "Total Assets": {"2020-12-31": "0.00000", "2019-12-31": "4439.61500", "2018-12-31": "5469.86600", "2017-12-31": "5758.85600", "2016-12-31": "3772.29100", "2015-12-31": "4529.48400", "2014-12-31": "5394.01100", "2013-12-31": "4687.12700", "2012-12-31": "4556.91100", "2011-12-31": "4221.90100", "2010-12-31": "3423.03100", "2009-12-31": "2662.15200", "2008-12-31": "2712.81700", "2007-12-31": "2465.19900", "2006-12-31": "2192.50300", "2005-12-31": "1795.78100"}, "Total Current Liabilities": {"2020-12-31": "", "2019-12-31": "400.60200", "2018-12-31": "526.31600", "2017-12-31": "546.25000", "2016-12-31": "264.81500", "2015-12-31": "307.64900", "2014-12-31": "568.40400", "2013-12-31": "354.27700", "2012-12-31": "359.86300", "2011-12-31": "418.71200", "2010-12-31": "315.96500", "2009-12-31": "192.45000", "2008-12-31": "302.61300", "2007-12-31": "295.20800", "2006-12-31": "317.61800", "2005-12-31": "255.40900"}, "Long Term Debt": {"2020-12-31": "", "2019-12-31": "966.54000", "2018-12-31": "1119.20500", "2017-12-31": "598.78300", "2016-12-31": "598.43700", "2015-12-31": "787.90000", "2014-12-31": "670.00000", "2013-12-31": "682.50000", "2012-12-31": "692.50000", "2011-12-31": "382.50000", "2010-12-31": "392.50000", "2009-12-31": "", "2008-12-31": "", "2007-12-31": "", "2006-12-31": "", "2005-12-31": ""}, "Other Non-Current Liabilities": {"2020-12-31": "", "2019-12-31": "9.25000", "2018-12-31": "12.76100", "2017-12-31": "280.49400", "2016-12-31": "9.65400", "2015-12-31": "8.97100", "2014-12-31": "314.13700", "2013-12-31": "6.48900", "2012-12-31": "6.58900", "2011-12-31": "117.42600", "2010-12-31": "15.53700", "2009-12-31": "6.34600", "2008-12-31": "5.54500", "2007-12-31": "54.47100", "2006-12-31": "124.45900", "2005-12-31": "4.17300"}, "Total Long Term Liabilities": {"2020-12-31": "", "2019-12-31": "1205.39300", "2018-12-31": "1438.12700", "2017-12-31": "1230.11300", "2016-12-31": "1258.75200", "2015-12-31": "1660.70400", "2014-12-31": "1919.79700", "2013-12-31": "1576.85300", "2012-12-31": "1556.39100", "2011-12-31": "1286.55800", "2010-12-31": "919.45900", "2009-12-31": "388.00200", "2008-12-31": "283.26200", "2007-12-31": "273.96100", "2006-12-31": "312.41900", "2005-12-31": "173.36100"}, "Total Liabilities": {"2020-12-31": "", "2019-12-31": "1605.99500", "2018-12-31": "1964.44300", "2017-12-31": "1776.36300", "2016-12-31": "1523.56700", "2015-12-31": "1968.35300", "2014-12-31": "2488.20100", "2013-12-31": "1931.13000", "2012-12-31": "1916.25400", "2011-12-31": "1705.27000", "2010-12-31": "1235.42400", "2009-12-31": "580.45200", "2008-12-31": "585.87500", "2007-12-31": "569.16900", "2006-12-31": "630.03700", "2005-12-31": "428.77000"}, "Common Stock Net": {"2020-12-31": "", "2019-12-31": "2.69400", "2018-12-31": "2.67300", "2017-12-31": "2.66200", "2016-12-31": "1.91500", "2015-12-31": "1.90400", "2014-12-31": "1.89300", "2013-12-31": "1.86500", "2012-12-31": "1.84100", "2011-12-31": "1.83300", "2010-12-31": "1.81500", "2009-12-31": "1.80800", "2008-12-31": "1.80100", "2007-12-31": "1.77300", "2006-12-31": "1.76600", "2005-12-31": "1.75900"}, "Retained Earnings (Accumulated Deficit)": {"2020-12-31": "", "2019-12-31": "1294.90200", "2018-12-31": "1753.55700", "2017-12-31": "2105.89700", "2016-12-31": "2116.34100", "2015-12-31": "2458.55400", "2014-12-31": "2811.81500", "2013-12-31": "2707.43900", "2012-12-31": "2548.54200", "2011-12-31": "2279.36700", "2010-12-31": "1987.99900", "2009-12-31": "1901.85300", "2008-12-31": "1970.82400", "2007-12-31": "1716.62000", "2006-12-31": "1346.54200", "2005-12-31": "719.11300"}, "Comprehensive Income": {"2020-12-31": "", "2019-12-31": "5.47800", "2018-12-31": "2.48700", "2017-12-31": "6.82200", "2016-12-31": "-1.13400", "2015-12-31": "-4.09300", "2014-12-31": "6.46300", "2013-12-31": "14.07600", "2012-12-31": "21.76700", "2011-12-31": "19.45900", "2010-12-31": "21.59700", "2009-12-31": "14.99600", "2008-12-31": "5.77400", "2007-12-31": "20.20700", "2006-12-31": "8.39000", "2005-12-31": "8.56500"}, "Other Share Holders Equity": {"2020-12-31": "", "2019-12-31": "", "2018-12-31": "", "2017-12-31": "", "2016-12-31": "", "2015-12-31": "", "2014-12-31": "", "2013-12-31": "", "2012-12-31": "", "2011-12-31": "", "2010-12-31": "", "2009-12-31": "", "2008-12-31": "", "2007-12-31": "", "2006-12-31": "", "2005-12-31": ""}, "Share Holder Equity": {"2020-12-31": "", "2019-12-31": "2833.62000", "2018-12-31": "3505.42300", "2017-12-31": "3982.49300", "2016-12-31": "2248.72400", "2015-12-31": "2561.13100", "2014-12-31": "2905.81000", "2013-12-31": "2755.99700", "2012-12-31": "2640.65700", "2011-12-31": "2516.63100", "2010-12-31": "2187.60700", "2009-12-31": "2081.70000", "2008-12-31": "2126.94200", "2007-12-31": "1896.03000", "2006-12-31": "1562.46600", "2005-12-31": "1367.01100"}, "Total Liabilities And Share Holders Equity": {"2020-12-31": "", "2019-12-31": "4439.61500", "2018-12-31": "5469.86600", "2017-12-31": "5758.85600", "2016-12-31": "3772.29100", "2015-12-31": "4529.48400", "2014-12-31": "5394.01100", "2013-12-31": "4687.12700", "2012-12-31": "4556.91100", "2011-12-31": "4221.90100", "2010-12-31": "3423.03100", "2009-12-31": "2662.15200", "2008-12-31": "2712.81700", "2007-12-31": "2465.19900", "2006-12-31": "2192.50300", "2005-12-31": "1795.78100"}}, "balance sheet, quarterly": {"Cash On Hand": {"2020-12-31": "", "2020-09-30": "303.74100", "2020-06-30": "246.78100", "2020-03-31": "152.20000", "2019-12-31": "174.18500", "2019-09-30": "164.82900", "2019-06-30": "255.51400", "2019-03-31": "248.90100", "2018-12-31": "245.02900", "2018-09-30": "214.03200", "2018-06-30": "241.90800", "2018-03-31": "304.25100", "2017-12-31": "42.82800", "2017-09-30": "37.83900", "2017-06-30": "40.13200", "2017-03-31": "466.60800", "2016-12-31": "35.15200", "2016-09-30": "36.97200", "2016-06-30": "209.62700", "2016-03-31": "186.55700", "2015-12-31": "113.34600", "2015-09-30": "76.46500", "2015-06-30": "76.50600", "2015-03-31": "86.91700", "2014-12-31": "43.01200", "2014-09-30": "38.59400", "2014-06-30": "120.83700", "2014-03-31": "257.74600", "2013-12-31": "249.50900", "2013-09-30": "204.63600", "2013-06-30": "148.87700", "2013-03-31": "144.03100", "2012-12-31": "110.72300", "2012-09-30": "83.47300", "2012-06-30": "75.29900", "2012-03-31": "17.82500", "2011-12-31": "23.94600", "2011-09-30": "10.64500", "2011-06-30": "64.58400", "2011-03-31": "37.67000", "2010-12-31": "27.61200", "2010-09-30": "73.91600", "2010-06-30": "95.97900", "2010-03-31": "63.88400", "2009-12-31": "49.87700", "2009-09-30": "119.24300", "2009-06-30": "167.66500", "2009-03-31": "192.28800", "2008-12-31": "81.22300", "2008-09-30": "25.01900", "2008-06-30": "62.23200", "2008-03-31": "50.32700", "2007-12-31": "17.43400", "2007-09-30": "20.51600", "2007-06-30": "27.47500", "2007-03-31": "16.93000", "2006-12-31": "13.38500", "2006-09-30": "16.94500", "2006-06-30": "18.99200", "2006-03-31": "253.40400", "2005-12-31": "136.39800", "2005-09-30": "131.21100", "2005-06-30": "70.07700", "2005-03-31": "68.29600"}, "Receivables": {"2020-12-31": "", "2020-09-30": "136.10700", "2020-06-30": "166.70600", "2020-03-31": "327.44600", "2019-12-31": "346.09600", "2019-09-30": "417.13600", "2019-06-30": "507.16000", "2019-03-31": "552.07600", "2018-12-31": "562.92700", "2018-09-30": "648.41400", "2018-06-30": "603.91700", "2018-03-31": "598.01600", "2017-12-31": "581.50600", "2017-09-30": "545.13900", "2017-06-30": "437.03200", "2017-03-31": "212.30900", "2016-12-31": "150.21700", "2016-09-30": "149.85100", "2016-06-30": "165.22200", "2016-03-31": "220.10200", "2015-12-31": "253.12600", "2015-09-30": "332.66200", "2015-06-30": "331.92200", "2015-03-31": "484.98600", "2014-12-31": "745.13000", "2014-09-30": "593.37300", "2014-06-30": "510.77500", "2014-03-31": "485.92500", "2013-12-31": "451.51700", "2013-09-30": "488.80400", "2013-06-30": "504.19700", "2013-03-31": "491.23000", "2012-12-31": "465.51700", "2012-09-30": "471.55000", "2012-06-30": "530.71300", "2012-03-31": "559.54800", "2011-12-31": "518.10900", "2011-09-30": "472.22700", "2011-06-30": "407.55700", "2011-03-31": "456.05900", "2010-12-31": "412.22900", "2010-09-30": "248.22800", "2010-06-30": "197.48700", "2010-03-31": "291.16600", "2009-12-31": "283.36700", "2009-09-30": "116.20100", "2009-06-30": "110.75900", "2009-03-31": "199.23600", "2008-12-31": "424.70600", "2008-09-30": "446.52600", "2008-06-30": "399.93500", "2008-03-31": "361.78700", "2007-12-31": "373.27900", "2007-09-30": "389.54900", "2007-06-30": "427.51000", "2007-03-31": "407.11400", "2006-12-31": "489.55400", "2006-09-30": "504.71300", "2006-06-30": "506.49600", "2006-03-31": "463.70100", "2005-12-31": "422.00200", "2005-09-30": "360.54500", "2005-06-30": "295.94300", "2005-03-31": "269.97500"}, "Inventory": {"2020-12-31": "", "2020-09-30": "33.69300", "2020-06-30": "34.97700", "2020-03-31": "34.14200", "2019-12-31": "36.35700", "2019-09-30": "37.33400", "2019-06-30": "68.61100", "2019-03-31": "65.87100", "2018-12-31": "65.57900", "2018-09-30": "69.41200", "2018-06-30": "81.15800", "2018-03-31": "72.06900", "2017-12-31": "69.16700", "2017-09-30": "40.67200", "2017-06-30": "36.13200", "2017-03-31": "20.75400", "2016-12-31": "20.19100", "2016-09-30": "19.85100", "2016-06-30": "11.53200", "2016-03-31": "13.22000", "2015-12-31": "14.71600", "2015-09-30": "17.42200", "2015-06-30": "22.67200", "2015-03-31": "28.34600", "2014-12-31": "32.25100", "2014-09-30": "29.16200", "2014-06-30": "28.52500", "2014-03-31": "22.66300", "2013-12-31": "21.24800", "2013-09-30": "24.27400", "2013-06-30": "23.96000", "2013-03-31": "22.95400", "2012-12-31": "26.88900", "2012-09-30": "25.70900", "2012-06-30": "27.39000", "2012-03-31": "28.58500", "2011-12-31": "31.30600", "2011-09-30": "25.55600", "2011-06-30": "23.48600", "2011-03-31": "18.38700", "2010-12-31": "17.21500", "2010-09-30": "9.53000", "2010-06-30": "9.82100", "2010-03-31": "9.35400", "2009-12-31": "6.94100", "2009-09-30": "34.91300", "2009-06-30": "40.48600", "2009-03-31": "42.69500", "2008-12-31": "41.99900", "2008-09-30": "40.31300", "2008-06-30": "39.88800", "2008-03-31": "40.95600", "2007-12-31": "44.41600", "2007-09-30": "43.94100", "2007-06-30": "42.66400", "2007-03-31": "44.41500", "2006-12-31": "43.94700", "2006-09-30": "36.08300", "2006-06-30": "32.38600", "2006-03-31": "33.23300", "2005-12-31": "27.90700", "2005-09-30": "20.91600", "2005-06-30": "21.92000", "2005-03-31": "18.16400"}, "Pre-Paid Expenses": {"2020-12-31": "", "2020-09-30": "", "2020-06-30": "", "2020-03-31": "", "2019-12-31": "", "2019-09-30": "", "2019-06-30": "", "2019-03-31": "", "2018-12-31": "", "2018-09-30": "", "2018-06-30": "", "2018-03-31": "", "2017-12-31": "", "2017-09-30": "", "2017-06-30": "", "2017-03-31": "", "2016-12-31": "", "2016-09-30": "", "2016-06-30": "", "2016-03-31": "", "2015-12-31": "", "2015-09-30": "", "2015-06-30": "", "2015-03-31": "", "2014-12-31": "", "2014-09-30": "", "2014-06-30": "", "2014-03-31": "", "2013-12-31": "", "2013-09-30": "", "2013-06-30": "", "2013-03-31": "", "2012-12-31": "", "2012-09-30": "", "2012-06-30": "", "2012-03-31": "", "2011-12-31": "", "2011-09-30": "", "2011-06-30": "", "2011-03-31": "", "2010-12-31": "", "2010-09-30": "", "2010-06-30": "", "2010-03-31": "", "2009-12-31": "", "2009-09-30": "", "2009-06-30": "", "2009-03-31": "", "2008-12-31": "", "2008-09-30": "", "2008-06-30": "", "2008-03-31": "", "2007-12-31": "", "2007-09-30": "", "2007-06-30": "", "2007-03-31": "", "2006-12-31": "", "2006-09-30": "", "2006-06-30": "", "2006-03-31": "", "2005-12-31": "", "2005-09-30": "", "2005-06-30": "", "2005-03-31": ""}, "Other Current Assets": {"2020-12-31": "", "2020-09-30": "58.56900", "2020-06-30": "69.07100", "2020-03-31": "70.91900", "2019-12-31": "75.17700", "2019-09-30": "58.26100", "2019-06-30": "66.45900", "2019-03-31": "60.88300", "2018-12-31": "76.66200", "2018-09-30": "74.96100", "2018-06-30": "80.97500", "2018-03-31": "64.63900", "2017-12-31": "53.35400", "2017-09-30": "54.64700", "2017-06-30": "58.45300", "2017-03-31": "30.27300", "2016-12-31": "41.32200", "2016-09-30": "38.72200", "2016-06-30": "40.85500", "2016-03-31": "39.06400", "2015-12-31": "40.22700", "2015-09-30": "41.38300", "2015-06-30": "50.81500", "2015-03-31": "47.44500", "2014-12-31": "51.62400", "2014-09-30": "54.64500", "2014-06-30": "70.63200", "2014-03-31": "51.06500", "2013-12-31": "53.42400", "2013-09-30": "45.38700", "2013-06-30": "60.52900", "2013-03-31": "40.59300", "2012-12-31": "43.90300", "2012-09-30": "43.21500", "2012-06-30": "45.23100", "2012-03-31": "44.90300", "2011-12-31": "48.86400", "2011-09-30": "59.02200", "2011-06-30": "58.72700", "2011-03-31": "48.63000", "2010-12-31": "73.53900", "2010-09-30": "49.45400", "2010-06-30": "50.31400", "2010-03-31": "40.35500", "2009-12-31": "82.89900", "2009-09-30": "52.13600", "2009-06-30": "56.72300", "2009-03-31": "51.36800", "2008-12-31": "57.51800", "2008-09-30": "85.88300", "2008-06-30": "63.51200", "2008-03-31": "53.00700", "2007-12-31": "52.28600", "2007-09-30": "44.94600", "2007-06-30": "43.73900", "2007-03-31": "49.47500", "2006-12-31": "56.91600", "2006-09-30": "53.40700", "2006-06-30": "34.53900", "2006-03-31": "23.19400", "2005-12-31": "25.16800", "2005-09-30": "26.73800", "2005-06-30": "28.40100", "2005-03-31": "25.57000"}, "Total Current Assets": {"2020-12-31": "", "2020-09-30": "532.11000", "2020-06-30": "517.53500", "2020-03-31": "584.70700", "2019-12-31": "631.81500", "2019-09-30": "677.56000", "2019-06-30": "897.74400", "2019-03-31": "927.73100", "2018-12-31": "950.19700", "2018-09-30": "1006.81900", "2018-06-30": "1007.95800", "2018-03-31": "1038.97500", "2017-12-31": "746.85500", "2017-09-30": "678.29700", "2017-06-30": "571.74900", "2017-03-31": "729.94400", "2016-12-31": "246.88200", "2016-09-30": "280.29300", "2016-06-30": "455.72300", "2016-03-31": "494.21100", "2015-12-31": "486.53600", "2015-09-30": "505.74100", "2015-06-30": "515.79400", "2015-03-31": "687.62000", "2014-12-31": "909.09200", "2014-09-30": "748.09600", "2014-06-30": "758.73100", "2014-03-31": "851.25100", "2013-12-31": "808.65000", "2013-09-30": "792.28000", "2013-06-30": "773.27900", "2013-03-31": "741.31300", "2012-12-31": "699.99100", "2012-09-30": "695.23500", "2012-06-30": "760.56500", "2012-03-31": "767.40400", "2011-12-31": "764.95000", "2011-09-30": "691.27800", "2011-06-30": "630.15000", "2011-03-31": "613.24700", "2010-12-31": "557.41000", "2010-09-30": "451.49400", "2010-06-30": "383.53200", "2010-03-31": "442.72500", "2009-12-31": "455.96100", "2009-09-30": "435.72900", "2009-06-30": "449.78500", "2009-03-31": "537.74200", "2008-12-31": "641.37400", "2008-09-30": "632.09600", "2008-06-30": "609.65900", "2008-03-31": "551.96800", "2007-12-31": "522.78500", "2007-09-30": "543.20500", "2007-06-30": "586.33000", "2007-03-31": "574.29400", "2006-12-31": "652.67000", "2006-09-30": "661.96400", "2006-06-30": "623.49000", "2006-03-31": "802.95100", "2005-12-31": "637.85700", "2005-09-30": "561.52900", "2005-06-30": "437.11900", "2005-03-31": "400.01300"}, "Property, Plant, And Equipment": {"2020-12-31": "", "2020-09-30": "2893.17200", "2020-06-30": "3033.82900", "2020-03-31": "3187.15900", "2019-12-31": "3306.67700", "2019-09-30": "3433.49500", "2019-06-30": "3769.25800", "2019-03-31": "3898.51800", "2018-12-31": "4002.54900", "2018-09-30": "4080.90000", "2018-06-30": "4208.69700", "2018-03-31": "4217.04900", "2017-12-31": "4254.73000", "2017-09-30": "4198.28500", "2017-06-30": "4232.19400", "2017-03-31": "3328.78800", "2016-12-31": "3408.96300", "2016-09-30": "3511.74000", "2016-06-30": "3640.89400", "2016-03-31": "3786.83500", "2015-12-31": "3920.70800", "2015-09-30": "4023.19900", "2015-06-30": "4246.14700", "2015-03-31": "4222.40400", "2014-12-31": "4131.07100", "2014-09-30": "3907.33100", "2014-06-30": "3873.61000", "2014-03-31": "3716.57200", "2013-12-31": "3635.54100", "2013-09-30": "3651.57400", "2013-06-30": "3665.75300", "2013-03-31": "3682.75000", "2012-12-31": "3615.38300", "2012-09-30": "3522.90400", "2012-06-30": "3402.41300", "2012-03-31": "3308.26300", "2011-12-31": "3167.26600", "2011-09-30": "3025.60600", "2011-06-30": "2890.66800", "2011-03-31": "2706.21300", "2010-12-31": "2620.90000", "2010-09-30": "2397.21800", "2010-06-30": "2289.92900", "2010-03-31": "2189.97200", "2009-12-31": "2110.40200", "2009-09-30": "2115.13200", "2009-06-30": "2093.60900", "2009-03-31": "1994.88100", "2008-12-31": "1937.11200", "2008-09-30": "1926.06300", "2008-06-30": "1873.51100", "2008-03-31": "1839.59200", "2007-12-31": "1841.40400", "2007-09-30": "1782.57600", "2007-06-30": "1688.86800", "2007-03-31": "1553.30700", "2006-12-31": "1435.80400", "2006-09-30": "1328.79500", "2006-06-30": "1214.78900", "2006-03-31": "1122.26500", "2005-12-31": "1053.84500", "2005-09-30": "1048.56100", "2005-06-30": "973.93800", "2005-03-31": "931.76800"}, "Long-Term Investments": {"2020-12-31": "", "2020-09-30": "", "2020-06-30": "", "2020-03-31": "", "2019-12-31": "", "2019-09-30": "", "2019-06-30": "", "2019-03-31": "", "2018-12-31": "", "2018-09-30": "", "2018-06-30": "", "2018-03-31": "", "2017-12-31": "", "2017-09-30": "", "2017-06-30": "", "2017-03-31": "", "2016-12-31": "", "2016-09-30": "", "2016-06-30": "", "2016-03-31": "", "2015-12-31": "", "2015-09-30": "", "2015-06-30": "", "2015-03-31": "", "2014-12-31": "", "2014-09-30": "", "2014-06-30": "", "2014-03-31": "", "2013-12-31": "", "2013-09-30": "", "2013-06-30": "", "2013-03-31": "", "2012-12-31": "", "2012-09-30": "", "2012-06-30": "", "2012-03-31": "", "2011-12-31": "", "2011-09-30": "", "2011-06-30": "", "2011-03-31": "", "2010-12-31": "", "2010-09-30": "", "2010-06-30": "", "2010-03-31": "", "2009-12-31": "", "2009-09-30": "", "2009-06-30": "", "2009-03-31": "", "2008-12-31": "", "2008-09-30": "", "2008-06-30": "", "2008-03-31": "", "2007-12-31": "", "2007-09-30": "", "2007-06-30": "", "2007-03-31": "", "2006-12-31": "", "2006-09-30": "", "2006-06-30": "", "2006-03-31": "", "2005-12-31": "", "2005-09-30": "", "2005-06-30": "", "2005-03-31": ""}, "Goodwill And Intangible Assets": {"2020-12-31": "", "2020-09-30": "33.15100", "2020-06-30": "38.33600", "2020-03-31": "43.64000", "2019-12-31": "444.00400", "2019-09-30": "449.30800", "2019-06-30": "472.41300", "2019-03-31": "476.07800", "2018-12-31": "477.64000", "2018-09-30": "681.36500", "2018-06-30": "684.52800", "2018-03-31": "689.39800", "2017-12-31": "687.07200", "2017-09-30": "533.68200", "2017-06-30": "540.27300", "2017-03-31": "88.05500", "2016-12-31": "88.96600", "2016-09-30": "89.87700", "2016-06-30": "90.78800", "2016-03-31": "91.69800", "2015-12-31": "92.60900", "2015-09-30": "93.52000", "2015-06-30": "218.99200", "2015-03-31": "219.90200", "2014-12-31": "220.81300", "2014-09-30": "180.22300", "2014-06-30": "177.30300", "2014-03-31": "166.55900", "2013-12-31": "167.47000", "2013-09-30": "168.38000", "2013-06-30": "169.40800", "2013-03-31": "170.43500", "2012-12-31": "171.46300", "2012-09-30": "172.49100", "2012-06-30": "173.51800", "2012-03-31": "174.54600", "2011-12-31": "175.57300", "2011-09-30": "176.60100", "2011-06-30": "177.62800", "2011-03-31": "178.65600", "2010-12-31": "179.68300", "2010-09-30": "86.23400", "2010-06-30": "86.23400", "2010-03-31": "86.23400", "2009-12-31": "86.23400", "2009-09-30": "86.23400", "2009-06-30": "86.23400", "2009-03-31": "86.23400", "2008-12-31": "86.23400", "2008-09-30": "96.19800", "2008-06-30": "96.19800", "2008-03-31": "96.19800", "2007-12-31": "96.19800", "2007-09-30": "96.19800", "2007-06-30": "96.19800", "2007-03-31": "96.19800", "2006-12-31": "99.05600", "2006-09-30": "99.05600", "2006-06-30": "99.05600", "2006-03-31": "99.05600", "2005-12-31": "99.05600", "2005-09-30": "101.32600", "2005-06-30": "101.32600", "2005-03-31": "101.32600"}, "Other Long-Term Assets": {"2020-12-31": "", "2020-09-30": "15.11300", "2020-06-30": "16.40600", "2020-03-31": "25.20800", "2019-12-31": "25.84400", "2019-09-30": "25.11700", "2019-06-30": "25.70300", "2019-03-31": "37.02000", "2018-12-31": "39.48000", "2018-09-30": "48.27800", "2018-06-30": "50.95000", "2018-03-31": "69.29500", "2017-12-31": "66.32400", "2017-09-30": "60.14900", "2017-06-30": "58.50100", "2017-03-31": "27.06100", "2016-12-31": "23.35600", "2016-09-30": "26.96300", "2016-06-30": "24.06600", "2016-03-31": "25.42600", "2015-12-31": "29.63100", "2015-09-30": "55.70600", "2015-06-30": "68.59500", "2015-03-31": "100.98100", "2014-12-31": "133.03500", "2014-09-30": "132.69900", "2014-06-30": "98.72300", "2014-03-31": "78.51300", "2013-12-31": "75.46600", "2013-09-30": "65.28800", "2013-06-30": "55.27600", "2013-03-31": "62.73400", "2012-12-31": "70.07400", "2012-09-30": "79.34500", "2012-06-30": "106.11900", "2012-03-31": "113.61900", "2011-12-31": "114.11200", "2011-09-30": "93.20800", "2011-06-30": "79.14300", "2011-03-31": "84.85000", "2010-12-31": "65.03800", "2010-09-30": "62.46200", "2010-06-30": "40.29700", "2010-03-31": "24.56700", "2009-12-31": "9.55500", "2009-09-30": "7.87600", "2009-06-30": "21.72300", "2009-03-31": "32.82500", "2008-12-31": "48.09700", "2008-09-30": "4.19200", "2008-06-30": "4.58900", "2008-03-31": "4.68400", "2007-12-31": "4.81200", "2007-09-30": "4.92100", "2007-06-30": "5.48400", "2007-03-31": "4.87000", "2006-12-31": "4.97300", "2006-09-30": "5.07400", "2006-06-30": "4.86000", "2006-03-31": "4.93800", "2005-12-31": "5.02300", "2005-09-30": "5.06500", "2005-06-30": "5.13500", "2005-03-31": "3.96100"}, "Total Long-Term Assets": {"2020-12-31": "", "2020-09-30": "2941.43600", "2020-06-30": "3088.57100", "2020-03-31": "3256.00700", "2019-12-31": "3776.52500", "2019-09-30": "3907.92000", "2019-06-30": "4267.37400", "2019-03-31": "4411.61600", "2018-12-31": "4519.66900", "2018-09-30": "4813.12300", "2018-06-30": "4946.03200", "2018-03-31": "4976.74900", "2017-12-31": "5012.00100", "2017-09-30": "4794.67800", "2017-06-30": "4832.30700", "2017-03-31": "3448.67500", "2016-12-31": "3525.40900", "2016-09-30": "3628.58000", "2016-06-30": "3755.74800", "2016-03-31": "3903.95900", "2015-12-31": "4042.94800", "2015-09-30": "4172.42500", "2015-06-30": "4533.73400", "2015-03-31": "4543.28700", "2014-12-31": "4484.91900", "2014-09-30": "4220.25300", "2014-06-30": "4149.63600", "2014-03-31": "3961.64400", "2013-12-31": "3878.47700", "2013-09-30": "3885.24200", "2013-06-30": "3890.43700", "2013-03-31": "3915.91900", "2012-12-31": "3856.92000", "2012-09-30": "3774.74000", "2012-06-30": "3682.05000", "2012-03-31": "3596.42800", "2011-12-31": "3456.95100", "2011-09-30": "3295.41500", "2011-06-30": "3147.43900", "2011-03-31": "2969.71900", "2010-12-31": "2865.62100", "2010-09-30": "2545.91400", "2010-06-30": "2416.46000", "2010-03-31": "2300.77300", "2009-12-31": "2206.19100", "2009-09-30": "2209.24200", "2009-06-30": "2201.56600", "2009-03-31": "2113.94000", "2008-12-31": "2071.44300", "2008-09-30": "2026.45300", "2008-06-30": "1974.29800", "2008-03-31": "1940.47400", "2007-12-31": "1942.41400", "2007-09-30": "1883.69500", "2007-06-30": "1790.55000", "2007-03-31": "1654.37500", "2006-12-31": "1539.83300", "2006-09-30": "1432.92500", "2006-06-30": "1318.70500", "2006-03-31": "1226.25900", "2005-12-31": "1157.92400", "2005-09-30": "1154.95200", "2005-06-30": "1080.39900", "2005-03-31": "1037.05500"}, "Total Assets": {"2020-12-31": "0.00000", "2020-09-30": "3491.22500", "2020-06-30": "3624.80500", "2020-03-31": "3870.28400", "2019-12-31": "4439.61500", "2019-09-30": "4609.09300", "2019-06-30": "5191.78300", "2019-03-31": "5367.75200", "2018-12-31": "5469.86600", "2018-09-30": "5819.94200", "2018-06-30": "5953.99000", "2018-03-31": "6015.72400", "2017-12-31": "5758.85600", "2017-09-30": "5472.97500", "2017-06-30": "5404.05600", "2017-03-31": "4178.61900", "2016-12-31": "3772.29100", "2016-09-30": "3908.87300", "2016-06-30": "4211.47100", "2016-03-31": "4398.17000", "2015-12-31": "4529.48400", "2015-09-30": "4678.16600", "2015-06-30": "5049.52800", "2015-03-31": "5230.90700", "2014-12-31": "5394.01100", "2014-09-30": "4968.34900", "2014-06-30": "4908.36700", "2014-03-31": "4812.89500", "2013-12-31": "4687.12700", "2013-09-30": "4677.52200", "2013-06-30": "4663.71600", "2013-03-31": "4657.23200", "2012-12-31": "4556.91100", "2012-09-30": "4469.97500", "2012-06-30": "4442.61500", "2012-03-31": "4363.83200", "2011-12-31": "4221.90100", "2011-09-30": "3986.69300", "2011-06-30": "3777.58900", "2011-03-31": "3582.96600", "2010-12-31": "3423.03100", "2010-09-30": "2997.40800", "2010-06-30": "2799.99200", "2010-03-31": "2743.49800", "2009-12-31": "2662.15200", "2009-09-30": "2644.97100", "2009-06-30": "2651.35100", "2009-03-31": "2651.68200", "2008-12-31": "2712.81700", "2008-09-30": "2658.54900", "2008-06-30": "2583.95700", "2008-03-31": "2492.44200", "2007-12-31": "2465.19900", "2007-09-30": "2426.90000", "2007-06-30": "2376.88000", "2007-03-31": "2228.66900", "2006-12-31": "2192.50300", "2006-09-30": "2094.88900", "2006-06-30": "1942.19500", "2006-03-31": "2029.21000", "2005-12-31": "1795.78100", "2005-09-30": "1716.48100", "2005-06-30": "1517.51800", "2005-03-31": "1437.06800"}, "Total Current Liabilities": {"2020-12-31": "", "2020-09-30": "263.39700", "2020-06-30": "272.13900", "2020-03-31": "354.28200", "2019-12-31": "400.60200", "2019-09-30": "438.85800", "2019-06-30": "470.04400", "2019-03-31": "511.15800", "2018-12-31": "526.31600", "2018-09-30": "607.69600", "2018-06-30": "601.36900", "2018-03-31": "601.48600", "2017-12-31": "546.25000", "2017-09-30": "549.34800", "2017-06-30": "472.84800", "2017-03-31": "294.16600", "2016-12-31": "264.81500", "2016-09-30": "236.39100", "2016-06-30": "291.98600", "2016-03-31": "313.38400", "2015-12-31": "307.64900", "2015-09-30": "396.07700", "2015-06-30": "448.10700", "2015-03-31": "560.61600", "2014-12-31": "568.40400", "2014-09-30": "587.44900", "2014-06-30": "501.88600", "2014-03-31": "457.69100", "2013-12-31": "354.27700", "2013-09-30": "345.55500", "2013-06-30": "352.96500", "2013-03-31": "389.85400", "2012-12-31": "359.86300", "2012-09-30": "372.19500", "2012-06-30": "378.29900", "2012-03-31": "445.47100", "2011-12-31": "418.71200", "2011-09-30": "431.14500", "2011-06-30": "397.50300", "2011-03-31": "341.97900", "2010-12-31": "315.96500", "2010-09-30": "312.00300", "2010-06-30": "296.30500", "2010-03-31": "269.42100", "2009-12-31": "192.45000", "2009-09-30": "198.56700", "2009-06-30": "219.70300", "2009-03-31": "216.93200", "2008-12-31": "302.61300", "2008-09-30": "299.37300", "2008-06-30": "274.50200", "2008-03-31": "294.64500", "2007-12-31": "295.20800", "2007-09-30": "353.64900", "2007-06-30": "346.09400", "2007-03-31": "355.49400", "2006-12-31": "317.61800", "2006-09-30": "339.92700", "2006-06-30": "270.03300", "2006-03-31": "327.76100", "2005-12-31": "255.40900", "2005-09-30": "240.64600", "2005-06-30": "169.47900", "2005-03-31": "197.83000"}, "Long Term Debt": {"2020-12-31": "", "2020-09-30": "967.36600", "2020-06-30": "967.14000", "2020-03-31": "966.76800", "2019-12-31": "966.54000", "2019-09-30": "969.90900", "2019-06-30": "1119.64800", "2019-03-31": "1119.42600", "2018-12-31": "1119.20500", "2018-09-30": "1119.00200", "2018-06-30": "1118.91800", "2018-03-31": "1118.83600", "2017-12-31": "598.78300", "2017-09-30": "598.69700", "2017-06-30": "598.61000", "2017-03-31": "598.52400", "2016-12-31": "598.43700", "2016-09-30": "598.35100", "2016-06-30": "741.16900", "2016-03-31": "764.55900", "2015-12-31": "787.90000", "2015-09-30": "815.00000", "2015-06-30": "830.00000", "2015-03-31": "845.00000", "2014-12-31": "670.00000", "2014-09-30": "675.00000", "2014-06-30": "677.50000", "2014-03-31": "680.00000", "2013-12-31": "682.50000", "2013-09-30": "685.00000", "2013-06-30": "687.50000", "2013-03-31": "690.00000", "2012-12-31": "692.50000", "2012-09-30": "600.00000", "2012-06-30": "600.00000", "2012-03-31": "380.00000", "2011-12-31": "382.50000", "2011-09-30": "385.00000", "2011-06-30": "387.50000", "2011-03-31": "390.00000", "2010-12-31": "392.50000", "2010-09-30": "95.00000", "2010-06-30": "", "2010-03-31": "", "2009-12-31": "", "2009-09-30": "", "2009-06-30": "", "2009-03-31": "", "2008-12-31": "", "2008-09-30": "", "2008-06-30": "", "2008-03-31": "", "2007-12-31": "", "2007-09-30": "", "2007-06-30": "", "2007-03-31": "", "2006-12-31": "", "2006-09-30": "", "2006-06-30": "", "2006-03-31": "", "2005-12-31": "", "2005-09-30": "", "2005-06-30": "", "2005-03-31": ""}, "Other Non-Current Liabilities": {"2020-12-31": "", "2020-09-30": "17.41400", "2020-06-30": "17.35700", "2020-03-31": "10.06400", "2019-12-31": "9.25000", "2019-09-30": "10.28200", "2019-06-30": "10.13100", "2019-03-31": "10.33900", "2018-12-31": "12.76100", "2018-09-30": "12.89300", "2018-06-30": "12.64600", "2018-03-31": "12.61100", "2017-12-31": "280.49400", "2017-09-30": "155.41600", "2017-06-30": "126.20100", "2017-03-31": "9.95900", "2016-12-31": "9.65400", "2016-09-30": "25.44100", "2016-06-30": "7.93000", "2016-03-31": "8.38100", "2015-12-31": "8.97100", "2015-09-30": "9.82900", "2015-06-30": "11.17000", "2015-03-31": "12.04200", "2014-12-31": "314.13700", "2014-09-30": "10.03600", "2014-06-30": "8.43100", "2014-03-31": "6.76300", "2013-12-31": "6.48900", "2013-09-30": "6.43700", "2013-06-30": "6.60400", "2013-03-31": "6.64200", "2012-12-31": "6.58900", "2012-09-30": "6.68600", "2012-06-30": "6.61800", "2012-03-31": "115.02900", "2011-12-31": "117.42600", "2011-09-30": "24.88800", "2011-06-30": "10.78900", "2011-03-31": "16.05700", "2010-12-31": "15.53700", "2010-09-30": "7.62100", "2010-06-30": "6.59300", "2010-03-31": "5.90900", "2009-12-31": "6.34600", "2009-09-30": "5.46600", "2009-06-30": "5.52800", "2009-03-31": "5.58000", "2008-12-31": "5.54500", "2008-09-30": "5.80800", "2008-06-30": "5.56900", "2008-03-31": "5.56600", "2007-12-31": "54.47100", "2007-09-30": "14.45900", "2007-06-30": "19.56000", "2007-03-31": "4.70400", "2006-12-31": "124.45900", "2006-09-30": "69.42600", "2006-06-30": "4.39000", "2006-03-31": "4.19200", "2005-12-31": "4.17300", "2005-09-30": "4.12200", "2005-06-30": "4.35100", "2005-03-31": "3.23300"}, "Total Long Term Liabilities": {"2020-12-31": "", "2020-09-30": "1108.26500", "2020-06-30": "1123.79300", "2020-03-31": "1137.10900", "2019-12-31": "1205.39300", "2019-09-30": "1227.24900", "2019-06-30": "1443.42800", "2019-03-31": "1453.22500", "2018-12-31": "1438.12700", "2018-09-30": "1456.81900", "2018-06-30": "1472.28200", "2018-03-31": "1479.69700", "2017-12-31": "1230.11300", "2017-09-30": "1330.42500", "2017-06-30": "1313.40500", "2017-03-31": "1222.84400", "2016-12-31": "1258.75200", "2016-09-30": "1348.35600", "2016-06-30": "1517.65500", "2016-03-31": "1595.30400", "2015-12-31": "1660.70400", "2015-09-30": "1650.99200", "2015-06-30": "1733.40900", "2015-03-31": "1771.75300", "2014-12-31": "1919.79700", "2014-09-30": "1521.44000", "2014-06-30": "1559.03700", "2014-03-31": "1565.53400", "2013-12-31": "1576.85300", "2013-09-30": "1588.09200", "2013-06-30": "1579.91100", "2013-03-31": "1568.04500", "2012-12-31": "1556.39100", "2012-09-30": "1453.61200", "2012-06-30": "1435.03300", "2012-03-31": "1303.88600", "2011-12-31": "1286.55800", "2011-09-30": "1128.81500", "2011-06-30": "1029.02600", "2011-03-31": "982.11700", "2010-12-31": "919.45900", "2010-09-30": "551.26600", "2010-06-30": "395.26500", "2010-03-31": "386.87500", "2009-12-31": "388.00200", "2009-09-30": "345.22900", "2009-06-30": "311.02800", "2009-03-31": "295.70400", "2008-12-31": "283.26200", "2008-09-30": "265.61100", "2008-06-30": "253.16600", "2008-03-31": "237.73900", "2007-12-31": "273.96100", "2007-09-30": "230.65800", "2007-06-30": "227.94200", "2007-03-31": "202.51100", "2006-12-31": "312.41900", "2006-09-30": "255.93300", "2006-06-30": "183.51200", "2006-03-31": "179.41100", "2005-12-31": "173.36100", "2005-09-30": "175.66400", "2005-06-30": "174.16000", "2005-03-31": "166.30400"}, "Total Liabilities": {"2020-12-31": "", "2020-09-30": "1371.66200", "2020-06-30": "1395.93200", "2020-03-31": "1491.39100", "2019-12-31": "1605.99500", "2019-09-30": "1666.10700", "2019-06-30": "1913.47200", "2019-03-31": "1964.38300", "2018-12-31": "1964.44300", "2018-09-30": "2064.51500", "2018-06-30": "2073.65100", "2018-03-31": "2081.18300", "2017-12-31": "1776.36300", "2017-09-30": "1879.77300", "2017-06-30": "1786.25300", "2017-03-31": "1517.01000", "2016-12-31": "1523.56700", "2016-09-30": "1584.74700", "2016-06-30": "1809.64100", "2016-03-31": "1908.68800", "2015-12-31": "1968.35300", "2015-09-30": "2047.06900", "2015-06-30": "2181.51600", "2015-03-31": "2332.36900", "2014-12-31": "2488.20100", "2014-09-30": "2108.88900", "2014-06-30": "2060.92300", "2014-03-31": "2023.22500", "2013-12-31": "1931.13000", "2013-09-30": "1933.64700", "2013-06-30": "1932.87600", "2013-03-31": "1957.89900", "2012-12-31": "1916.25400", "2012-09-30": "1825.80700", "2012-06-30": "1813.33200", "2012-03-31": "1749.35700", "2011-12-31": "1705.27000", "2011-09-30": "1559.96000", "2011-06-30": "1426.52900", "2011-03-31": "1324.09600", "2010-12-31": "1235.42400", "2010-09-30": "863.26900", "2010-06-30": "691.57000", "2010-03-31": "656.29600", "2009-12-31": "580.45200", "2009-09-30": "543.79600", "2009-06-30": "530.73100", "2009-03-31": "512.63600", "2008-12-31": "585.87500", "2008-09-30": "564.98400", "2008-06-30": "527.66800", "2008-03-31": "532.38400", "2007-12-31": "569.16900", "2007-09-30": "584.30700", "2007-06-30": "574.03600", "2007-03-31": "558.00500", "2006-12-31": "630.03700", "2006-09-30": "595.86000", "2006-06-30": "453.54500", "2006-03-31": "507.17200", "2005-12-31": "428.77000", "2005-09-30": "416.31000", "2005-06-30": "343.63900", "2005-03-31": "364.13400"}, "Common Stock Net": {"2020-12-31": "", "2020-09-30": "2.70800", "2020-06-30": "2.70600", "2020-03-31": "2.69500", "2019-12-31": "2.69400", "2019-09-30": "2.69200", "2019-06-30": "2.68800", "2019-03-31": "2.67300", "2018-12-31": "2.67300", "2018-09-30": "2.67100", "2018-06-30": "2.66700", "2018-03-31": "2.66300", "2017-12-31": "2.66200", "2017-09-30": "2.57400", "2017-06-30": "2.56900", "2017-03-31": "2.09700", "2016-12-31": "1.91500", "2016-09-30": "1.91500", "2016-06-30": "1.91100", "2016-03-31": "1.90400", "2015-12-31": "1.90400", "2015-09-30": "1.90400", "2015-06-30": "1.90400", "2015-03-31": "1.89300", "2014-12-31": "1.89300", "2014-09-30": "1.89200", "2014-06-30": "1.89000", "2014-03-31": "1.87000", "2013-12-31": "1.86500", "2013-09-30": "1.86500", "2013-06-30": "1.86400", "2013-03-31": "1.85200", "2012-12-31": "1.84100", "2012-09-30": "1.84000", "2012-06-30": "1.84000", "2012-03-31": "1.83300", "2011-12-31": "1.83300", "2011-09-30": "1.83100", "2011-06-30": "1.83000", "2011-03-31": "1.81600", "2010-12-31": "1.81500", "2010-09-30": "1.81400", "2010-06-30": "1.81500", "2010-03-31": "1.80800", "2009-12-31": "1.80800", "2009-09-30": "1.80800", "2009-06-30": "1.80800", "2009-03-31": "1.80100", "2008-12-31": "1.80100", "2008-09-30": "1.80200", "2008-06-30": "1.80200", "2008-03-31": "1.77600", "2007-12-31": "1.77300", "2007-09-30": "1.77300", "2007-06-30": "1.77300", "2007-03-31": "1.76700", "2006-12-31": "1.76600", "2006-09-30": "1.76600", "2006-06-30": "1.76200", "2006-03-31": "1.76100", "2005-12-31": "1.75900", "2005-09-30": "1.75800", "2005-06-30": "1.74800", "2005-03-31": "1.72500"}, "Retained Earnings (Accumulated Deficit)": {"2020-12-31": "", "2020-09-30": "582.36000", "2020-06-30": "698.28600", "2020-03-31": "852.42600", "2019-12-31": "1294.90200", "2019-09-30": "1388.69100", "2019-06-30": "1658.41700", "2019-03-31": "1716.33400", "2018-12-31": "1753.55700", "2018-09-30": "1963.54600", "2018-06-30": "2047.37900", "2018-03-31": "2067.00700", "2017-12-31": "2105.89700", "2017-09-30": "1914.96600", "2017-06-30": "1953.02300", "2017-03-31": "2049.47600", "2016-12-31": "2116.34100", "2016-09-30": "2197.42400", "2016-06-30": "2284.52000", "2016-03-31": "2373.33900", "2015-12-31": "2458.55400", "2015-09-30": "2531.92300", "2015-06-30": "2772.61300", "2015-03-31": "2806.30000", "2014-12-31": "2811.81500", "2014-09-30": "2768.86800", "2014-06-30": "2767.52600", "2014-03-31": "2727.80500", "2013-12-31": "2707.43900", "2013-09-30": "2698.05600", "2013-06-30": "2630.86700", "2013-03-31": "2597.46000", "2012-12-31": "2548.54200", "2012-09-30": "2497.02900", "2012-06-30": "2453.74100", "2012-03-31": "2368.85300", "2011-12-31": "2279.36700", "2011-09-30": "2199.56000", "2011-06-30": "2125.40900", "2011-03-31": "2051.54300", "2010-12-31": "1987.99900", "2010-09-30": "1941.85400", "2010-06-30": "1920.18400", "2010-03-31": "1898.36200", "2009-12-31": "1901.85300", "2009-09-30": "1927.69900", "2009-06-30": "1953.95400", "2009-03-31": "1979.37200", "2008-12-31": "1970.82400", "2008-09-30": "1915.89000", "2008-06-30": "1831.94700", "2008-03-31": "1775.53600", "2007-12-31": "1716.62000", "2007-09-30": "1649.99800", "2007-06-30": "1570.50700", "2007-03-31": "1449.81600", "2006-12-31": "1346.54200", "2006-09-30": "1202.74400", "2006-06-30": "1029.74000", "2006-03-31": "871.46300", "2005-12-31": "719.11300", "2005-09-30": "642.59600", "2005-06-30": "539.36500", "2005-03-31": "468.49000"}, "Comprehensive Income": {"2020-12-31": "", "2020-09-30": "5.00500", "2020-06-30": "4.78700", "2020-03-31": "4.09200", "2019-12-31": "5.47800", "2019-09-30": "5.13300", "2019-06-30": "4.27900", "2019-03-31": "3.43100", "2018-12-31": "2.48700", "2018-09-30": "4.82800", "2018-06-30": "3.30800", "2018-03-31": "4.83800", "2017-12-31": "6.82200", "2017-09-30": "5.46100", "2017-06-30": "1.85400", "2017-03-31": "-0.08500", "2016-12-31": "-1.13400", "2016-09-30": "0.67500", "2016-06-30": "3.05400", "2016-03-31": "2.58500", "2015-12-31": "-4.09300", "2015-09-30": "-1.99100", "2015-06-30": "0.91800", "2015-03-31": "-2.11500", "2014-12-31": "6.46300", "2014-09-30": "10.31000", "2014-06-30": "15.20900", "2014-03-31": "10.72100", "2013-12-31": "14.07600", "2013-09-30": "18.09900", "2013-06-30": "15.71600", "2013-03-31": "19.46400", "2012-12-31": "21.76700", "2012-09-30": "23.26300", "2012-06-30": "18.84700", "2012-03-31": "22.01300", "2011-12-31": "19.45900", "2011-09-30": "18.13700", "2011-06-30": "23.75700", "2011-03-31": "24.29500", "2010-12-31": "21.59700", "2010-09-30": "19.64600", "2010-06-30": "18.02700", "2010-03-31": "20.32100", "2009-12-31": "14.99600", "2009-09-30": "12.98800", "2009-06-30": "9.38800", "2009-03-31": "5.40600", "2008-12-31": "5.77400", "2008-09-30": "16.42400", "2008-06-30": "18.12600", "2008-03-31": "17.20100", "2007-12-31": "20.20700", "2007-09-30": "19.40000", "2007-06-30": "14.80800", "2007-03-31": "9.03800", "2006-12-31": "8.39000", "2006-09-30": "11.58100", "2006-06-30": "11.10300", "2006-03-31": "8.40000", "2005-12-31": "8.56500", "2005-09-30": "8.66900", "2005-06-30": "6.38300", "2005-03-31": "11.08000"}, "Other Share Holders Equity": {"2020-12-31": "", "2020-09-30": "", "2020-06-30": "", "2020-03-31": "", "2019-12-31": "", "2019-09-30": "", "2019-06-30": "", "2019-03-31": "", "2018-12-31": "", "2018-09-30": "", "2018-06-30": "", "2018-03-31": "", "2017-12-31": "", "2017-09-30": "", "2017-06-30": "", "2017-03-31": "", "2016-12-31": "", "2016-09-30": "", "2016-06-30": "", "2016-03-31": "", "2015-12-31": "", "2015-09-30": "", "2015-06-30": "", "2015-03-31": "", "2014-12-31": "", "2014-09-30": "", "2014-06-30": "", "2014-03-31": "", "2013-12-31": "", "2013-09-30": "", "2013-06-30": "", "2013-03-31": "", "2012-12-31": "", "2012-09-30": "", "2012-06-30": "", "2012-03-31": "", "2011-12-31": "", "2011-09-30": "", "2011-06-30": "", "2011-03-31": "", "2010-12-31": "", "2010-09-30": "", "2010-06-30": "", "2010-03-31": "", "2009-12-31": "", "2009-09-30": "", "2009-06-30": "", "2009-03-31": "", "2008-12-31": "", "2008-09-30": "", "2008-06-30": "", "2008-03-31": "", "2007-12-31": "", "2007-09-30": "", "2007-06-30": "", "2007-03-31": "", "2006-12-31": "", "2006-09-30": "", "2006-06-30": "", "2006-03-31": "", "2005-12-31": "", "2005-09-30": "", "2005-06-30": "", "2005-03-31": ""}, "Share Holder Equity": {"2020-12-31": "", "2020-09-30": "2119.56300", "2020-06-30": "2228.87300", "2020-03-31": "2378.89300", "2019-12-31": "2833.62000", "2019-09-30": "2942.98600", "2019-06-30": "3278.31100", "2019-03-31": "3403.36900", "2018-12-31": "3505.42300", "2018-09-30": "3755.42700", "2018-06-30": "3880.33900", "2018-03-31": "3934.54100", "2017-12-31": "3982.49300", "2017-09-30": "3593.20200", "2017-06-30": "3617.80300", "2017-03-31": "2661.60900", "2016-12-31": "2248.72400", "2016-09-30": "2324.12600", "2016-06-30": "2401.83000", "2016-03-31": "2489.48200", "2015-12-31": "2561.13100", "2015-09-30": "2631.09700", "2015-06-30": "2868.01200", "2015-03-31": "2898.53800", "2014-12-31": "2905.81000", "2014-09-30": "2859.46000", "2014-06-30": "2847.44400", "2014-03-31": "2789.67000", "2013-12-31": "2755.99700", "2013-09-30": "2743.87500", "2013-06-30": "2730.84000", "2013-03-31": "2699.33300", "2012-12-31": "2640.65700", "2012-09-30": "2644.16800", "2012-06-30": "2629.28300", "2012-03-31": "2614.47500", "2011-12-31": "2516.63100", "2011-09-30": "2426.73300", "2011-06-30": "2351.06000", "2011-03-31": "2258.87000", "2010-12-31": "2187.60700", "2010-09-30": "2134.13900", "2010-06-30": "2108.42200", "2010-03-31": "2087.20200", "2009-12-31": "2081.70000", "2009-09-30": "2101.17500", "2009-06-30": "2120.62000", "2009-03-31": "2139.04600", "2008-12-31": "2126.94200", "2008-09-30": "2093.56500", "2008-06-30": "2056.28900", "2008-03-31": "1960.05800", "2007-12-31": "1896.03000", "2007-09-30": "1842.59300", "2007-06-30": "1802.84400", "2007-03-31": "1670.66400", "2006-12-31": "1562.46600", "2006-09-30": "1499.02900", "2006-06-30": "1488.65000", "2006-03-31": "1522.03800", "2005-12-31": "1367.01100", "2005-09-30": "1300.17100", "2005-06-30": "1173.87900", "2005-03-31": "1072.93400"}, "Total Liabilities And Share Holders Equity": {"2020-12-31": "", "2020-09-30": "3491.22500", "2020-06-30": "3624.80500", "2020-03-31": "3870.28400", "2019-12-31": "4439.61500", "2019-09-30": "4609.09300", "2019-06-30": "5191.78300", "2019-03-31": "5367.75200", "2018-12-31": "5469.86600", "2018-09-30": "5819.94200", "2018-06-30": "5953.99000", "2018-03-31": "6015.72400", "2017-12-31": "5758.85600", "2017-09-30": "5472.97500", "2017-06-30": "5404.05600", "2017-03-31": "4178.61900", "2016-12-31": "3772.29100", "2016-09-30": "3908.87300", "2016-06-30": "4211.47100", "2016-03-31": "4398.17000", "2015-12-31": "4529.48400", "2015-09-30": "4678.16600", "2015-06-30": "5049.52800", "2015-03-31": "5230.90700", "2014-12-31": "5394.01100", "2014-09-30": "4968.34900", "2014-06-30": "4908.36700", "2014-03-31": "4812.89500", "2013-12-31": "4687.12700", "2013-09-30": "4677.52200", "2013-06-30": "4663.71600", "2013-03-31": "4657.23200", "2012-12-31": "4556.91100", "2012-09-30": "4469.97500", "2012-06-30": "4442.61500", "2012-03-31": "4363.83200", "2011-12-31": "4221.90100", "2011-09-30": "3986.69300", "2011-06-30": "3777.58900", "2011-03-31": "3582.96600", "2010-12-31": "3423.03100", "2010-09-30": "2997.40800", "2010-06-30": "2799.99200", "2010-03-31": "2743.49800", "2009-12-31": "2662.15200", "2009-09-30": "2644.97100", "2009-06-30": "2651.35100", "2009-03-31": "2651.68200", "2008-12-31": "2712.81700", "2008-09-30": "2658.54900", "2008-06-30": "2583.95700", "2008-03-31": "2492.44200", "2007-12-31": "2465.19900", "2007-09-30": "2426.90000", "2007-06-30": "2376.88000", "2007-03-31": "2228.66900", "2006-12-31": "2192.50300", "2006-09-30": "2094.88900", "2006-06-30": "1942.19500", "2006-03-31": "2029.21000", "2005-12-31": "1795.78100", "2005-09-30": "1716.48100", "2005-06-30": "1517.51800", "2005-03-31": "1437.06800"}}, "cash flow statement": {"Net Income/Loss": {"2020-12-31": "0.00000", "2019-12-31": "-425.70300", "2018-12-31": "-321.42100", "2017-12-31": "5.91000", "2016-12-31": "-318.63400", "2015-12-31": "-294.48600", "2014-12-31": "162.66400", "2013-12-31": "188.00900", "2012-12-31": "299.47700", "2011-12-31": "322.41300", "2010-12-31": "116.94200", "2009-12-31": "-38.29000", "2008-12-31": "347.06900", "2007-12-31": "438.63900", "2006-12-31": "673.25400", "2005-12-31": "372.74000"}, "Total Depreciation And Amortization - Cash Flow": {"2020-12-31": "", "2019-12-31": "1022.61000", "2018-12-31": "1128.27700", "2017-12-31": "783.68700", "2016-12-31": "670.70400", "2015-12-31": "990.56490", "2014-12-31": "719.38300", "2013-12-31": "597.46900", "2012-12-31": "526.61400", "2011-12-31": "437.27900", "2010-12-31": "333.49300", "2009-12-31": "289.84700", "2008-12-31": "275.99000", "2007-12-31": "246.34600", "2006-12-31": "196.37000", "2005-12-31": "156.39300"}, "Other Non-Cash Items": {"2020-12-31": "", "2019-12-31": "-35.29000", "2018-12-31": "-31.30300", "2017-12-31": "-317.44400", "2016-12-31": "-143.41700", "2015-12-31": "-82.11400", "2014-12-31": "55.47400", "2013-12-31": "73.16500", "2012-12-31": "149.93900", "2011-12-31": "175.74600", "2010-12-31": "148.07500", "2009-12-31": "156.73600", "2008-12-31": "88.22800", "2007-12-31": "59.04300", "2006-12-31": "25.02800", "2005-12-31": "44.65200"}, "Total Non-Cash Items": {"2020-12-31": "", "2019-12-31": "987.31990", "2018-12-31": "1096.97400", "2017-12-31": "466.24300", "2016-12-31": "527.28700", "2015-12-31": "908.45100", "2014-12-31": "774.85690", "2013-12-31": "670.63400", "2012-12-31": "676.55300", "2011-12-31": "613.02500", "2010-12-31": "481.56800", "2009-12-31": "446.58300", "2008-12-31": "364.21800", "2007-12-31": "305.38900", "2006-12-31": "221.39800", "2005-12-31": "201.04500"}, "Change In Accounts Receivable": {"2020-12-31": "", "2019-12-31": "210.23500", "2018-12-31": "21.96000", "2017-12-31": "-238.49200", "2016-12-31": "102.70600", "2015-12-31": "440.88400", "2014-12-31": "-306.41100", "2013-12-31": "12.00700", "2012-12-31": "52.61200", "2011-12-31": "-183.16500", "2010-12-31": "-178.44400", "2009-12-31": "213.81300", "2008-12-31": "-30.77700", "2007-12-31": "100.42900", "2006-12-31": "-67.41700", "2005-12-31": "-208.24800"}, "Change In Inventories": {"2020-12-31": "", "2019-12-31": "29.39400", "2018-12-31": "-1.47000", "2017-12-31": "-23.44900", "2016-12-31": "5.66400", "2015-12-31": "38.99300", "2014-12-31": "-6.39000", "2013-12-31": "0.57000", "2012-12-31": "5.27600", "2011-12-31": "-13.49100", "2010-12-31": "-8.77200", "2009-12-31": "14.17800", "2008-12-31": "2.49800", "2007-12-31": "2.21100", "2006-12-31": "-47.40600", "2005-12-31": "-9.40200"}, "Change In Accounts Payable": {"2020-12-31": "", "2019-12-31": "-77.68600", "2018-12-31": "-69.45300", "2017-12-31": "104.07200", "2016-12-31": "12.02400", "2015-12-31": "-131.64900", "2014-12-31": "86.62100", "2013-12-31": "11.33100", "2012-12-31": "-25.19900", "2011-12-31": "41.99500", "2010-12-31": "49.57600", "2009-12-31": "-52.67300", "2008-12-31": "6.48600", "2007-12-31": "-37.41200", "2006-12-31": "27.18400", "2005-12-31": "60.86000"}, "Change In Assets/Liabilities": {"2020-12-31": "", "2019-12-31": "-9.13900", "2018-12-31": "-0.05600", "2017-12-31": "0.61700", "2016-12-31": "0.56000", "2015-12-31": "-2.34800", "2014-12-31": "4.54700", "2013-12-31": "-0.10000", "2012-12-31": "-0.83700", "2011-12-31": "-8.11100", "2010-12-31": "3.23400", "2009-12-31": "-0.09200", "2008-12-31": "1.24200", "2007-12-31": "1.43400", "2006-12-31": "13.41600", "2005-12-31": "3.90200"}, "Total Change In Assets/Liabilities": {"2020-12-31": "", "2019-12-31": "134.58600", "2018-12-31": "-44.88300", "2017-12-31": "-171.44200", "2016-12-31": "96.38100", "2015-12-31": "385.47200", "2014-12-31": "-208.79500", "2013-12-31": "30.22800", "2012-12-31": "29.31000", "2011-12-31": "-66.84100", "2010-12-31": "-72.81200", "2009-12-31": "45.38400", "2008-12-31": "-36.28300", "2007-12-31": "68.19600", "2006-12-31": "-57.48200", "2005-12-31": "-113.30600"}, "Cash Flow From Operating Activities": {"2020-12-31": "", "2019-12-31": "696.20300", "2018-12-31": "730.67000", "2017-12-31": "300.71100", "2016-12-31": "305.03400", "2015-12-31": "999.43700", "2014-12-31": "728.72600", "2013-12-31": "888.87100", "2012-12-31": "1005.34000", "2011-12-31": "868.59700", "2010-12-31": "525.69800", "2009-12-31": "453.67700", "2008-12-31": "1.34400", "2007-12-31": "812.22400", "2006-12-31": "837.17000", "2005-12-31": "460.47900"}, "Net Change In Property, Plant, And Equipment": {"2020-12-31": "", "2019-12-31": "-301.75100", "2018-12-31": "-594.10100", "2017-12-31": "-506.14200", "2016-12-31": "-97.91000", "2015-12-31": "-722.96200", "2014-12-31": "-1019.10800", "2013-12-31": "-652.07500", "2012-12-31": "-907.96100", "2011-12-31": "-989.08300", "2010-12-31": "-708.68100", "2009-12-31": "-449.28700", "2008-12-31": "-433.99000", "2007-12-31": "-570.55000", "2006-12-31": "-586.98500", "2005-12-31": "-367.42000"}, "Net Change In Intangible Assets": {"2020-12-31": "", "2019-12-31": "", "2018-12-31": "", "2017-12-31": "", "2016-12-31": "", "2015-12-31": "", "2014-12-31": "", "2013-12-31": "", "2012-12-31": "", "2011-12-31": "", "2010-12-31": "", "2009-12-31": "", "2008-12-31": "", "2007-12-31": "", "2006-12-31": "", "2005-12-31": ""}, "Net Acquisitions/Divestitures": {"2020-12-31": "", "2019-12-31": "-0.01300", "2018-12-31": "-14.21100", "2017-12-31": "-501.95400", "2016-12-31": "0.15500", "2015-12-31": "", "2014-12-31": "-176.30100", "2013-12-31": "", "2012-12-31": "", "2011-12-31": "", "2010-12-31": "-238.02200", "2009-12-31": "", "2008-12-31": "", "2007-12-31": "-29.00000", "2006-12-31": "", "2005-12-31": "-73.57700"}, "Net Change In Short-term Investments": {"2020-12-31": "", "2019-12-31": "", "2018-12-31": "", "2017-12-31": "", "2016-12-31": "", "2015-12-31": "", "2014-12-31": "", "2013-12-31": "", "2012-12-31": "", "2011-12-31": "", "2010-12-31": "", "2009-12-31": "", "2008-12-31": "", "2007-12-31": "", "2006-12-31": "", "2005-12-31": "1.76600"}, "Net Change In Long-Term Investments": {"2020-12-31": "", "2019-12-31": "", "2018-12-31": "", "2017-12-31": "", "2016-12-31": "", "2015-12-31": "", "2014-12-31": "", "2013-12-31": "", "2012-12-31": "", "2011-12-31": "", "2010-12-31": "", "2009-12-31": "", "2008-12-31": "", "2007-12-31": "", "2006-12-31": "", "2005-12-31": ""}, "Net Change In Investments - Total": {"2020-12-31": "", "2019-12-31": "", "2018-12-31": "", "2017-12-31": "", "2016-12-31": "", "2015-12-31": "", "2014-12-31": "", "2013-12-31": "", "2012-12-31": "", "2011-12-31": "", "2010-12-31": "", "2009-12-31": "", "2008-12-31": "", "2007-12-31": "", "2006-12-31": "", "2005-12-31": "1.76600"}, "Investing Activities - Other": {"2020-12-31": "", "2019-12-31": "", "2018-12-31": "23.76000", "2017-12-31": "-2.52000", "2016-12-31": "", "2015-12-31": "", "2014-12-31": "", "2013-12-31": "", "2012-12-31": "", "2011-12-31": "25.50000", "2010-12-31": "42.63800", "2009-12-31": "-0.05400", "2008-12-31": "-3.28600", "2007-12-31": "-2.91200", "2006-12-31": "", "2005-12-31": ""}, "Cash Flow From Investing Activities": {"2020-12-31": "", "2019-12-31": "-301.76400", "2018-12-31": "-584.55200", "2017-12-31": "-1010.61600", "2016-12-31": "-97.75500", "2015-12-31": "-722.96200", "2014-12-31": "-1195.40900", "2013-12-31": "-652.07500", "2012-12-31": "-907.96100", "2011-12-31": "-963.58300", "2010-12-31": "-904.06500", "2009-12-31": "-449.34100", "2008-12-31": "-437.27600", "2007-12-31": "-602.46200", "2006-12-31": "-586.98500", "2005-12-31": "-439.23100"}, "Net Long-Term Debt": {"2020-12-31": "", "2019-12-31": "-176.47400", "2018-12-31": "521.19400", "2017-12-31": "", "2016-12-31": "-255.00000", "2015-12-31": "172.50000", "2014-12-31": "-10.00000", "2013-12-31": "-6.25000", "2012-12-31": "306.25000", "2011-12-31": "-6.25000", "2010-12-31": "398.75000", "2009-12-31": "", "2008-12-31": "", "2007-12-31": "-212.50000", "2006-12-31": "-154.00000", "2005-12-31": ""}, "Net Current Debt": {"2020-12-31": "", "2019-12-31": "", "2018-12-31": "-268.00000", "2017-12-31": "268.00000", "2016-12-31": "", "2015-12-31": "-303.00000", "2014-12-31": "303.00000", "2013-12-31": "", "2012-12-31": "-110.00000", "2011-12-31": "110.00000", "2010-12-31": "", "2009-12-31": "", "2008-12-31": "-50.00000", "2007-12-31": "142.50000", "2006-12-31": "274.00000", "2005-12-31": ""}, "Debt Issuance/Retirement Net - Total": {"2020-12-31": "", "2019-12-31": "-176.47400", "2018-12-31": "253.19400", "2017-12-31": "268.00000", "2016-12-31": "-255.00000", "2015-12-31": "-130.50000", "2014-12-31": "293.00000", "2013-12-31": "-6.25000", "2012-12-31": "196.25000", "2011-12-31": "103.75000", "2010-12-31": "398.75000", "2009-12-31": "", "2008-12-31": "-50.00000", "2007-12-31": "-70.00000", "2006-12-31": "120.00000", "2005-12-31": ""}, "Net Common Equity Issued/Repurchased": {"2020-12-31": "", "2019-12-31": "-255.46700", "2018-12-31": "-161.25200", "2017-12-31": "-6.68600", "2016-12-31": "-3.34200", "2015-12-31": "-8.01000", "2014-12-31": "26.01700", "2013-12-31": "-61.75700", "2012-12-31": "-169.35800", "2011-12-31": "18.89000", "2010-12-31": "-1.32800", "2009-12-31": "-1.05400", "2008-12-31": "-28.99000", "2007-12-31": "-67.69500", "2006-12-31": "-446.97800", "2005-12-31": "31.32100"}, "Net Total Equity Issued/Repurchased": {"2020-12-31": "", "2019-12-31": "-255.46700", "2018-12-31": "-161.25200", "2017-12-31": "-6.68600", "2016-12-31": "-3.34200", "2015-12-31": "-8.01000", "2014-12-31": "26.01700", "2013-12-31": "-61.75700", "2012-12-31": "-169.35800", "2011-12-31": "18.89000", "2010-12-31": "-1.32800", "2009-12-31": "-1.05400", "2008-12-31": "-28.99000", "2007-12-31": "-67.69500", "2006-12-31": "-446.97800", "2005-12-31": "31.32100"}, "Total Common And Preferred Stock Dividends Paid": {"2020-12-31": "", "2019-12-31": "-32.42800", "2018-12-31": "-30.58900", "2017-12-31": "-16.31500", "2016-12-31": "-23.57900", "2015-12-31": "-58.77500", "2014-12-31": "-58.28800", "2013-12-31": "-29.11200", "2012-12-31": "-30.30200", "2011-12-31": "-31.04500", "2010-12-31": "-30.79600", "2009-12-31": "-30.68100", "2008-12-31": "-92.86500", "2007-12-31": "-68.56100", "2006-12-31": "-45.82500", "2005-12-31": "-27.33900"}, "Financial Activities - Other": {"2020-12-31": "", "2019-12-31": "-0.85200", "2018-12-31": "-4.48900", "2017-12-31": "471.57000", "2016-12-31": "-3.35700", "2015-12-31": "-1.97900", "2014-12-31": "", "2013-12-31": "", "2012-12-31": "-7.58100", "2011-12-31": "", "2010-12-31": "-10.77900", "2009-12-31": "-6.16900", "2008-12-31": "", "2007-12-31": "", "2006-12-31": "-0.34200", "2005-12-31": ""}, "Cash Flow From Financial Activities": {"2020-12-31": "", "2019-12-31": "-465.22100", "2018-12-31": "56.86400", "2017-12-31": "716.56900", "2016-12-31": "-285.27800", "2015-12-31": "-199.26400", "2014-12-31": "260.72900", "2013-12-31": "-97.11900", "2012-12-31": "-10.99100", "2011-12-31": "91.59500", "2010-12-31": "355.84700", "2009-12-31": "-37.90400", "2008-12-31": "-171.85500", "2007-12-31": "-206.25600", "2006-12-31": "-373.14500", "2005-12-31": "3.98200"}, "Net Cash Flow": {"2020-12-31": "", "2019-12-31": "-70.84400", "2018-12-31": "202.20100", "2017-12-31": "7.67600", "2016-12-31": "-78.19400", "2015-12-31": "70.33400", "2014-12-31": "-206.49700", "2013-12-31": "138.78600", "2012-12-31": "86.77700", "2011-12-31": "-3.66600", "2010-12-31": "-22.26500", "2009-12-31": "-31.34600", "2008-12-31": "63.78900", "2007-12-31": "4.04900", "2006-12-31": "-123.01300", "2005-12-31": "24.02700"}, "Stock-Based Compensation": {"2020-12-31": "", "2019-12-31": "39.32800", "2018-12-31": "37.92500", "2017-12-31": "44.48300", "2016-12-31": "28.32400", "2015-12-31": "28.51000", "2014-12-31": "27.03200", "2013-12-31": "25.89100", "2012-12-31": "23.18500", "2011-12-31": "20.90400", "2010-12-31": "16.77900", "2009-12-31": "18.21400", "2008-12-31": "19.68800", "2007-12-31": "18.87300", "2006-12-31": "15.17900", "2005-12-31": "2.82500"}, "Common Stock Dividends Paid": {"2020-12-31": "", "2019-12-31": "-32.42800", "2018-12-31": "-30.58900", "2017-12-31": "-16.31500", "2016-12-31": "-23.57900", "2015-12-31": "-58.77500", "2014-12-31": "-58.28800", "2013-12-31": "-29.11200", "2012-12-31": "-30.30200", "2011-12-31": "-31.04500", "2010-12-31": "-30.79600", "2009-12-31": "-30.68100", "2008-12-31": "-92.86500", "2007-12-31": "-68.56100", "2006-12-31": "-45.82500", "2005-12-31": "-27.33900"}}, "cash flow statement, quarterly": {"Net Income/Loss": {"2020-12-31": 697.165, "2020-09-30": -112.111, "2020-06-30": -150.332, "2020-03-31": "-434.72200", "2019-12-31": -85.923, "2019-09-30": -261.719, "2019-06-30": -49.447, "2019-03-31": "-28.61400", "2018-12-31": -201.249, "2018-09-30": -75.042, "2018-06-30": -10.713, "2018-03-31": "-34.41700", "2017-12-31": 195.402, "2017-09-30": -33.769, "2017-06-30": -92.184, "2017-03-31": "-63.53900", "2016-12-31": -78.122, "2016-09-30": -84.143, "2016-06-30": -85.866, "2016-03-31": "-70.50300", "2015-12-31": -58.658, "2015-09-30": -225.978, "2015-06-30": -18.975, "2015-03-31": "9.12500", "2014-12-31": 57.583, "2014-09-30": 15.976, "2014-06-30": 54.283, "2014-03-31": "34.82200", "2013-12-31": 16.591, "2013-09-30": 74.42, "2013-06-30": 40.768, "2013-03-31": "56.23000", "2012-12-31": 58.859, "2012-09-30": 50.806, "2012-06-30": 92.538, "2012-03-31": "97.27400", "2011-12-31": 87.595, "2011-09-30": 81.928, "2011-06-30": 81.638, "2011-03-31": "71.25200", "2010-12-31": 53.854, "2010-09-30": 29.374, "2010-06-30": 29.528, "2010-03-31": "4.18600", "2009-12-31": -18.17, "2009-09-30": -18.58, "2009-06-30": -17.743, "2009-03-31": "16.20300", "2008-12-31": 79.492, "2008-09-30": 108.746, "2008-06-30": 81.422, "2008-03-31": "77.40900", "2007-12-31": 85.106, "2007-09-30": 98.181, "2007-06-30": 139.551, "2007-03-31": "115.80100", "2006-12-31": 156.318, "2006-09-30": 185.99, "2006-06-30": 171.69, "2006-03-31": "159.25600", "2005-12-31": 134.189, "2005-09-30": 106.305, "2005-06-30": 74.026, "2005-03-31": "58.22000"}, "Total Depreciation And Amortization - Cash Flow": {"2020-12-31": -912.934, "2020-09-30": 157.545, "2020-06-30": 173.304, "2020-03-31": "582.08500", "2019-12-31": 180.28, "2019-09-30": 418.789, "2019-06-30": 208.91, "2019-03-31": "214.63100", "2018-12-31": 423.742, "2018-09-30": 281.872, "2018-06-30": 212.601, "2018-03-31": "210.06200", "2017-12-31": 211.24, "2017-09-30": 196.729, "2017-06-30": 219.414, "2017-03-31": "156.30400", "2016-12-31": 157.311, "2016-09-30": 164.925, "2016-06-30": 171.336, "2016-03-31": "177.13200", "2015-12-31": 175.6629, "2015-09-30": 457.074, "2015-06-30": 182.283, "2015-03-31": "175.54500", "2014-12-31": 180.81, "2014-09-30": 237.825, "2014-06-30": 153.426, "2014-03-31": "147.32200", "2013-12-31": 183.118, "2013-09-30": 140.734, "2013-06-30": 137.182, "2013-03-31": "136.43500", "2012-12-31": 132.791, "2012-09-30": 142.393, "2012-06-30": 128.477, "2012-03-31": "122.95300", "2011-12-31": 127.602, "2011-09-30": 110.713, "2011-06-30": 102.749, "2011-03-31": "96.21500", "2010-12-31": 93.563, "2010-09-30": 85.431, "2010-06-30": 78.783, "2010-03-31": "75.71600", "2009-12-31": 82.276, "2009-09-30": 69.582, "2009-06-30": 68.257, "2009-03-31": "69.73200", "2008-12-31": 78.593, "2008-09-30": 67.998, "2008-06-30": 65.673, "2008-03-31": "63.72600", "2007-12-31": 63.945, "2007-09-30": 66.523, "2007-06-30": 59.947, "2007-03-31": "55.93100", "2006-12-31": 56.125, "2006-09-30": 49.215, "2006-06-30": 47.481, "2006-03-31": "43.54900", "2005-12-31": 44.074, "2005-09-30": 39.545, "2005-06-30": 37.559, "2005-03-31": "35.21500"}, "Other Non-Cash Items": {"2020-12-31": 47.517, "2020-09-30": -14.097, "2020-06-30": 25.624, "2020-03-31": "-59.04400", "2019-12-31": 0.695, "2019-09-30": -47.351, "2019-06-30": 15.156, "2019-03-31": "-3.79000", "2018-12-31": -14.518, "2018-09-30": -11.047, "2018-06-30": -5.071, "2018-03-31": "-0.66700", "2017-12-31": -229.719, "2017-09-30": -3.872, "2017-06-30": -40.477, "2017-03-31": "-43.37600", "2016-12-31": -40.799, "2016-09-30": -47.905, "2016-06-30": -47.54, "2016-03-31": "-7.17300", "2015-12-31": 14.048, "2015-09-30": -63.968, "2015-06-30": -12.345, "2015-03-31": "-19.84900", "2014-12-31": 94.727, "2014-09-30": -37.93, "2014-06-30": 3.42, "2014-03-31": "-4.74300", "2013-12-31": -6.764, "2013-09-30": 22.955, "2013-06-30": 26.381, "2013-03-31": "30.59300", "2012-12-31": 33.189, "2012-09-30": 33.189, "2012-06-30": 30.44, "2012-03-31": "53.12100", "2011-12-31": 54.397, "2011-09-30": 44.308, "2011-06-30": 36.01, "2011-03-31": "41.03100", "2010-12-31": 110.635, "2010-09-30": 21.066, "2010-06-30": -5.728, "2010-03-31": "22.10200", "2009-12-31": 89.126, "2009-09-30": 11.789, "2009-06-30": 28.708, "2009-03-31": "27.11300", "2008-12-31": 29.857, "2008-09-30": 18.815, "2008-06-30": 19.834, "2008-03-31": "19.72200", "2007-12-31": 23.57, "2007-09-30": 12.383, "2007-06-30": 7.809, "2007-03-31": "15.28100", "2006-12-31": 10.422, "2006-09-30": -3.048, "2006-06-30": 9.209, "2006-03-31": "8.44500", "2005-12-31": 25.584, "2005-09-30": 3.095, "2005-06-30": 9.586, "2005-03-31": "6.38700"}, "Total Non-Cash Items": {"2020-12-31": -865.4169, "2020-09-30": 143.4479, "2020-06-30": 198.9281, "2020-03-31": "523.04090", "2019-12-31": 180.9749, "2019-09-30": 371.438, "2019-06-30": 224.066, "2019-03-31": "210.84100", "2018-12-31": 409.2241, "2018-09-30": 270.8249, "2018-06-30": 207.53, "2018-03-31": "209.39500", "2017-12-31": -18.479, "2017-09-30": 192.8569, "2017-06-30": 178.9371, "2017-03-31": "112.92800", "2016-12-31": 116.512, "2016-09-30": 117.02, "2016-06-30": 123.796, "2016-03-31": "169.95900", "2015-12-31": 189.7111, "2015-09-30": 393.1059, "2015-06-30": 169.938, "2015-03-31": "155.69600", "2014-12-31": 275.5369, "2014-09-30": 199.895, "2014-06-30": 156.846, "2014-03-31": "142.57900", "2013-12-31": 176.354, "2013-09-30": 163.689, "2013-06-30": 163.563, "2013-03-31": "167.02800", "2012-12-31": 165.98, "2012-09-30": 175.582, "2012-06-30": 158.917, "2012-03-31": "176.07400", "2011-12-31": 181.999, "2011-09-30": 155.021, "2011-06-30": 138.759, "2011-03-31": "137.24600", "2010-12-31": 204.198, "2010-09-30": 106.497, "2010-06-30": 73.055, "2010-03-31": "97.81800", "2009-12-31": 171.402, "2009-09-30": 81.371, "2009-06-30": 96.965, "2009-03-31": "96.84500", "2008-12-31": 108.45, "2008-09-30": 86.813, "2008-06-30": 85.507, "2008-03-31": "83.44800", "2007-12-31": 87.515, "2007-09-30": 78.906, "2007-06-30": 67.756, "2007-03-31": "71.21200", "2006-12-31": 66.547, "2006-09-30": 46.167, "2006-06-30": 56.69, "2006-03-31": "51.99400", "2005-12-31": 69.658, "2005-09-30": 42.64, "2005-06-30": 47.145, "2005-03-31": "41.60200"}, "Change In Accounts Receivable": {"2020-12-31": -202.733, "2020-09-30": 26.661, "2020-06-30": 158.56, "2020-03-31": "17.51200", "2019-12-31": 66.025, "2019-09-30": 90.022, "2019-06-30": 43.273, "2019-03-31": "10.91500", "2018-12-31": 86.66, "2018-09-30": -42.315, "2018-06-30": -5.936, "2018-03-31": "-16.44900", "2017-12-31": 7.915, "2017-09-30": -110.865, "2017-06-30": -73.251, "2017-03-31": "-62.29100", "2016-12-31": 27.964, "2016-09-30": -16.817, "2016-06-30": 54.197, "2016-03-31": "37.36200", "2015-12-31": 81.58, "2015-09-30": 29.128, "2015-06-30": 153.504, "2015-03-31": "176.67200", "2014-12-31": -177.073, "2014-09-30": -72.375, "2014-06-30": -21.529, "2014-03-31": "-35.43400", "2013-12-31": 35.669, "2013-09-30": 12.363, "2013-06-30": -10.805, "2013-03-31": "-25.22000", "2012-12-31": 5.123, "2012-09-30": 57.937, "2012-06-30": 27.661, "2012-03-31": "-38.10900", "2011-12-31": -49.794, "2011-09-30": -61.955, "2011-06-30": -23.264, "2011-03-31": "-48.15200", "2010-12-31": -80.989, "2010-09-30": -50.073, "2010-06-30": -21.65, "2010-03-31": "-25.73200", "2009-12-31": -42.043, "2009-09-30": -9.493, "2009-06-30": 70.442, "2009-03-31": "194.90700", "2008-12-31": 44.749, "2008-09-30": -55.917, "2008-06-30": -19.442, "2008-03-31": "-0.16700", "2007-12-31": 13.369, "2007-09-30": -3.643, "2007-06-30": 22.209, "2007-03-31": "68.49400", "2006-12-31": 24.652, "2006-09-30": -5.884, "2006-06-30": -41.051, "2006-03-31": "-45.13400", "2005-12-31": -59.423, "2005-09-30": -63.408, "2005-06-30": -26.426, "2005-03-31": "-58.99100"}, "Change In Inventories": {"2020-12-31": -22.25, "2020-09-30": 5.327, "2020-06-30": 8.531, "2020-03-31": "8.39200", "2019-12-31": -12.698, "2019-09-30": 46.059, "2019-06-30": -10.559, "2019-03-31": "6.59200", "2018-12-31": 6.552, "2018-09-30": 17.255, "2018-06-30": -27.986, "2018-03-31": "2.70900", "2017-12-31": 2.949, "2017-09-30": 2.788, "2017-06-30": -39.117, "2017-03-31": "9.93100", "2016-12-31": -2.212, "2016-09-30": 4.081, "2016-06-30": 0.822, "2016-03-31": "2.97300", "2015-12-31": 12.298, "2015-09-30": 15.14, "2015-06-30": 1.994, "2015-03-31": "9.56100", "2014-12-31": 0.029, "2014-09-30": 15.477, "2014-06-30": -24.409, "2014-03-31": "2.51300", "2013-12-31": -2.52, "2013-09-30": 15.895, "2013-06-30": -19.477, "2013-03-31": "6.67200", "2012-12-31": -3.581, "2012-09-30": 2.749, "2012-06-30": 0.776, "2012-03-31": "5.33200", "2011-12-31": -2.866, "2011-09-30": 3.094, "2011-06-30": -14.924, "2011-03-31": "1.20500", "2010-12-31": -1.908, "2010-09-30": 6.419, "2010-06-30": -11.035, "2010-03-31": "-2.24800", "2009-12-31": 6.44, "2009-09-30": 6.008, "2009-06-30": -2.874, "2009-03-31": "4.60400", "2008-12-31": -2.211, "2008-09-30": 7.621, "2008-06-30": -5.689, "2008-03-31": "2.77700", "2007-12-31": -10.348, "2007-09-30": -1.793, "2007-06-30": 7.267, "2007-03-31": "7.08500", "2006-12-31": -11.32, "2006-09-30": -22.431, "2006-06-30": -10.389, "2006-03-31": "-3.26600", "2005-12-31": -5.358, "2005-09-30": 0.138, "2005-06-30": -4.962, "2005-03-31": "0.78000"}, "Change In Accounts Payable": {"2020-12-31": 57.788, "2020-09-30": 8.127, "2020-06-30": -42.916, "2020-03-31": "-22.99900", "2019-12-31": -33.416, "2019-09-30": -27.329, "2019-06-30": 0.917, "2019-03-31": "-17.85800", "2018-12-31": -37.518, "2018-09-30": -8.503, "2018-06-30": -0.918, "2018-03-31": "-22.51400", "2017-12-31": 12.573, "2017-09-30": 33.127, "2017-06-30": 47.12, "2017-03-31": "11.25200", "2016-12-31": 31.676, "2016-09-30": 6.086, "2016-06-30": -10.85, "2016-03-31": "-14.88800", "2015-12-31": -10.909, "2015-09-30": -12.316, "2015-06-30": -43.228, "2015-03-31": "-65.19600", "2014-12-31": 14.756, "2014-09-30": 21.853, "2014-06-30": 27.748, "2014-03-31": "22.26400", "2013-12-31": -10.876, "2013-09-30": -3.295, "2013-06-30": 4.117, "2013-03-31": "21.38500", "2012-12-31": -12.097, "2012-09-30": -4.636, "2012-06-30": -38.884, "2012-03-31": "30.41800", "2011-12-31": -16.025, "2011-09-30": 47.371, "2011-06-30": -3.404, "2011-03-31": "14.05300", "2010-12-31": 17.902, "2010-09-30": 13.233, "2010-06-30": -1.024, "2010-03-31": "19.46500", "2009-12-31": 26.793, "2009-09-30": 4.12, "2009-06-30": -9.985, "2009-03-31": "-73.60100", "2008-12-31": 2.438, "2008-09-30": -10.881, "2008-06-30": 0.36, "2008-03-31": "14.56900", "2007-12-31": -14.942, "2007-09-30": -29.346, "2007-06-30": -19.583, "2007-03-31": "26.45900", "2006-12-31": -13.096, "2006-09-30": 29.418, "2006-06-30": 7.507, "2006-03-31": "3.35500", "2005-12-31": 12.292, "2005-09-30": 34.087, "2005-06-30": 3.683, "2005-03-31": "10.79800"}, "Change In Assets/Liabilities": {"2020-12-31": 8.84, "2020-09-30": -4.078, "2020-06-30": -2.421, "2020-03-31": "-2.34100", "2019-12-31": -4.13, "2019-09-30": -2.038, "2019-06-30": -2.056, "2019-03-31": "-0.91500", "2018-12-31": -0.401, "2018-09-30": 0.269, "2018-06-30": 0.009, "2018-03-31": "0.06700", "2017-12-31": 0.692, "2017-09-30": 0.183, "2017-06-30": -0.519, "2017-03-31": "0.26100", "2016-12-31": 1.991, "2016-09-30": -0.343, "2016-06-30": -0.46, "2016-03-31": "-0.62800", "2015-12-31": -0.905, "2015-09-30": -1.38, "2015-06-30": -0.92, "2015-03-31": "0.85700", "2014-12-31": 1.137, "2014-09-30": 1.563, "2014-06-30": 1.626, "2014-03-31": "0.22100", "2013-12-31": 0.052, "2013-09-30": -0.167, "2013-06-30": -0.038, "2013-03-31": "0.05300", "2012-12-31": -0.097, "2012-09-30": 0.068, "2012-06-30": 0.089, "2012-03-31": "-0.89700", "2011-12-31": -1.662, "2011-09-30": -1.701, "2011-06-30": -5.268, "2011-03-31": "0.52000", "2010-12-31": 1.016, "2010-09-30": 1.028, "2010-06-30": 0.684, "2010-03-31": "0.50600", "2009-12-31": -0.037, "2009-09-30": -0.022, "2009-06-30": -0.06, "2009-03-31": "0.02700", "2008-12-31": -0.095, "2008-09-30": 14.372, "2008-06-30": -4.397, "2008-03-31": "-8.63800", "2007-12-31": 1.434, "2007-09-30": 47.23, "2007-06-30": -41.826, "2007-03-31": "-5.40400", "2006-12-31": 11.803, "2006-09-30": -1.165, "2006-06-30": -3.861, "2006-03-31": "6.63900", "2005-12-31": 2.389, "2005-09-30": 1.719, "2005-06-30": -2.18, "2005-03-31": "1.97400"}, "Total Change In Assets/Liabilities": {"2020-12-31": -115.033, "2020-09-30": 32.615, "2020-06-30": 97.446, "2020-03-31": "-15.02800", "2019-12-31": 17.31, "2019-09-30": 108.823, "2019-06-30": 6.848, "2019-03-31": "1.60500", "2018-12-31": 33.949, "2018-09-30": -7.272, "2018-06-30": -46.547, "2018-03-31": "-25.01300", "2017-12-31": -7.477, "2017-09-30": -43.208, "2017-06-30": -76.925, "2017-03-31": "-43.83200", "2016-12-31": 13.938, "2016-09-30": 37.902, "2016-06-30": 30.264, "2016-03-31": "14.27700", "2015-12-31": 62.345, "2015-09-30": -1.75, "2015-06-30": 84.713, "2015-03-31": "240.16400", "2014-12-31": -170.727, "2014-09-30": -9.717, "2014-06-30": -30.447, "2014-03-31": "2.09600", "2013-12-31": 39.226, "2013-09-30": 35.248, "2013-06-30": -30.705, "2013-03-31": "-13.54100", "2012-12-31": -1.849, "2012-09-30": 60.493, "2012-06-30": -19.651, "2012-03-31": "-9.68300", "2011-12-31": -56.894, "2011-09-30": -16.325, "2011-06-30": 41.769, "2011-03-31": "-35.39100", "2010-12-31": -134.821, "2010-09-30": -26.985, "2010-06-30": 103.252, "2010-03-31": "-14.25800", "2009-12-31": -113.063, "2009-09-30": -2.284, "2009-06-30": 59.475, "2009-03-31": "101.25600", "2008-12-31": 27.421, "2008-09-30": -9.194, "2008-06-30": -75.51, "2008-03-31": "21.00000", "2007-12-31": -4.591, "2007-09-30": 20.523, "2007-06-30": -69.752, "2007-03-31": "122.01600", "2006-12-31": 0.193, "2006-09-30": 29.127, "2006-06-30": -110.691, "2006-03-31": "23.88900", "2005-12-31": -62.84, "2005-09-30": 11.409, "2005-06-30": -45.36, "2005-03-31": "-16.51500"}, "Cash Flow From Operating Activities": {"2020-12-31": -283.285, "2020-09-30": 63.952, "2020-06-30": 146.042, "2020-03-31": "73.29100", "2019-12-31": 112.362, "2019-09-30": 218.542, "2019-06-30": 181.467, "2019-03-31": "183.83200", "2018-12-31": 241.924, "2018-09-30": 188.511, "2018-06-30": 150.27, "2018-03-31": "149.96500", "2017-12-31": 169.446, "2017-09-30": 115.88, "2017-06-30": 9.828, "2017-03-31": "5.55700", "2016-12-31": 52.328, "2016-09-30": 70.779, "2016-06-30": 68.194, "2016-03-31": "113.73300", "2015-12-31": 193.398, "2015-09-30": 165.378, "2015-06-30": 235.676, "2015-03-31": "404.98500", "2014-12-31": 162.393, "2014-09-30": 206.154, "2014-06-30": 180.682, "2014-03-31": "179.49700", "2013-12-31": 232.171, "2013-09-30": 273.357, "2013-06-30": 173.626, "2013-03-31": "209.71700", "2012-12-31": 222.99, "2012-09-30": 286.881, "2012-06-30": 231.804, "2012-03-31": "263.66500", "2011-12-31": 212.7, "2011-09-30": 220.624, "2011-06-30": 262.166, "2011-03-31": "173.10700", "2010-12-31": 123.231, "2010-09-30": 108.886, "2010-06-30": 205.835, "2010-03-31": "87.74600", "2009-12-31": 40.169, "2009-09-30": 60.507, "2009-06-30": 138.697, "2009-03-31": "214.30400", "2008-12-31": -458.297, "2008-09-30": 186.365, "2008-06-30": 91.419, "2008-03-31": "181.85700", "2007-12-31": 168.03, "2007-09-30": 197.61, "2007-06-30": 137.555, "2007-03-31": "309.02900", "2006-12-31": 223.058, "2006-09-30": 261.284, "2006-06-30": 117.689, "2006-03-31": "235.13900", "2005-12-31": 141.007, "2005-09-30": 160.354, "2005-06-30": 75.811, "2005-03-31": "83.30700"}, "Net Change In Property, Plant, And Equipment": {"2020-12-31": 117.251, "2020-09-30": -2.915, "2020-06-30": -46.688, "2020-03-31": "-67.64800", "2019-12-31": -50.897, "2019-09-30": -67.11, "2019-06-30": -87.457, "2019-03-31": "-96.28700", "2018-12-31": -141.541, "2018-09-30": -155.782, "2018-06-30": -184.151, "2018-03-31": "-112.62700", "2017-12-31": -215.963, "2017-09-30": -138.386, "2017-06-30": -109.214, "2017-03-31": "-42.57900", "2016-12-31": -35.783, "2016-09-30": -22.643, "2016-06-30": -23.283, "2016-03-31": "-16.20100", "2015-12-31": -130.662, "2015-09-30": -139.395, "2015-06-30": -217.266, "2015-03-31": "-235.63900", "2014-12-31": -267.816, "2014-09-30": -278.245, "2014-06-30": -309.265, "2014-03-31": "-163.78200", "2013-12-31": -177.073, "2013-09-30": -146.997, "2013-06-30": -154.551, "2013-03-31": "-173.45400", "2012-12-31": -227.308, "2012-09-30": -227.533, "2012-06-30": -194.368, "2012-03-31": "-258.75200", "2011-12-31": -286.701, "2011-09-30": -282.238, "2011-06-30": -239.546, "2011-03-31": "-180.59800", "2010-12-31": -222.226, "2010-09-30": -212.841, "2010-06-30": -164.964, "2010-03-31": "-108.65000", "2009-12-31": -102.019, "2009-09-30": -101.343, "2009-06-30": -156.537, "2009-03-31": "-89.38800", "2008-12-31": -113.425, "2008-09-30": -148.832, "2008-06-30": -88.408, "2008-03-31": "-83.32500", "2007-12-31": -141.296, "2007-09-30": -130.465, "2007-06-30": -125.141, "2007-03-31": "-173.64800", "2006-12-31": -171.546, "2006-09-30": -162.956, "2006-06-30": -141.293, "2006-03-31": "-111.19000", "2005-12-31": -117.199, "2005-09-30": -96.861, "2005-06-30": -85.353, "2005-03-31": "-68.00700"}, "Net Change In Intangible Assets": {"2020-12-31": 0, "2020-09-30": 0, "2020-06-30": 0, "2020-03-31": "", "2019-12-31": 0, "2019-09-30": 0, "2019-06-30": 0, "2019-03-31": "", "2018-12-31": 0, "2018-09-30": 0, "2018-06-30": 0, "2018-03-31": "", "2017-12-31": 0, "2017-09-30": 0, "2017-06-30": 0, "2017-03-31": "", "2016-12-31": 0, "2016-09-30": 0, "2016-06-30": 0, "2016-03-31": "", "2015-12-31": 0, "2015-09-30": 0, "2015-06-30": 0, "2015-03-31": "", "2014-12-31": 0, "2014-09-30": 0, "2014-06-30": 0, "2014-03-31": "", "2013-12-31": 0, "2013-09-30": 0, "2013-06-30": 0, "2013-03-31": "", "2012-12-31": 0, "2012-09-30": 0, "2012-06-30": 0, "2012-03-31": "", "2011-12-31": 0, "2011-09-30": 0, "2011-06-30": 0, "2011-03-31": "", "2010-12-31": 0, "2010-09-30": 0, "2010-06-30": 0, "2010-03-31": "", "2009-12-31": 0, "2009-09-30": 0, "2009-06-30": 0, "2009-03-31": "", "2008-12-31": 0, "2008-09-30": 0, "2008-06-30": 0, "2008-03-31": "", "2007-12-31": 0, "2007-09-30": 0, "2007-06-30": 0, "2007-03-31": "", "2006-12-31": 0, "2006-09-30": 0, "2006-06-30": 0, "2006-03-31": "", "2005-12-31": 0, "2005-09-30": 0, "2005-06-30": 0, "2005-03-31": ""}, "Net Acquisitions/Divestitures": {"2020-12-31": 0, "2020-09-30": 0, "2020-06-30": 0, "2020-03-31": "", "2019-12-31": -0.013, "2019-09-30": 0.013, "2019-06-30": 0, "2019-03-31": "-0.01300", "2018-12-31": -10.411, "2018-09-30": 0, "2018-06-30": 0, "2018-03-31": "-3.80000", "2017-12-31": -67.76, "2017-09-30": 0, "2017-06-30": -434.194, "2017-03-31": "", "2016-12-31": 0, "2016-09-30": 0.155, "2016-06-30": 0, "2016-03-31": "", "2015-12-31": 0, "2015-09-30": 0, "2015-06-30": 0, "2015-03-31": "", "2014-12-31": -176.301, "2014-09-30": 0, "2014-06-30": 0, "2014-03-31": "", "2013-12-31": 0, "2013-09-30": 0, "2013-06-30": 0, "2013-03-31": "", "2012-12-31": 0, "2012-09-30": 0, "2012-06-30": 0, "2012-03-31": "", "2011-12-31": 0, "2011-09-30": 0, "2011-06-30": 0, "2011-03-31": "", "2010-12-31": -238.022, "2010-09-30": 0, "2010-06-30": 0, "2010-03-31": "", "2009-12-31": 0, "2009-09-30": 0, "2009-06-30": 0, "2009-03-31": "", "2008-12-31": 0, "2008-09-30": 0, "2008-06-30": 0, "2008-03-31": "", "2007-12-31": -29, "2007-09-30": 0, "2007-06-30": 0, "2007-03-31": "", "2006-12-31": 0, "2006-09-30": 0, "2006-06-30": 0, "2006-03-31": "", "2005-12-31": 0, "2005-09-30": -8.176, "2005-06-30": -3.61, "2005-03-31": "-61.79100"}, "Net Change In Short-term Investments": {"2020-12-31": 0, "2020-09-30": 0, "2020-06-30": 0, "2020-03-31": "", "2019-12-31": 0, "2019-09-30": 0, "2019-06-30": 0, "2019-03-31": "", "2018-12-31": 0, "2018-09-30": 0, "2018-06-30": 0, "2018-03-31": "", "2017-12-31": 0, "2017-09-30": 0, "2017-06-30": 0, "2017-03-31": "", "2016-12-31": 0, "2016-09-30": 0, "2016-06-30": 0, "2016-03-31": "", "2015-12-31": 0, "2015-09-30": 0, "2015-06-30": 0, "2015-03-31": "", "2014-12-31": 0, "2014-09-30": 0, "2014-06-30": 0, "2014-03-31": "", "2013-12-31": 0, "2013-09-30": 0, "2013-06-30": 0, "2013-03-31": "", "2012-12-31": 0, "2012-09-30": 0, "2012-06-30": 0, "2012-03-31": "", "2011-12-31": 0, "2011-09-30": 0, "2011-06-30": 0, "2011-03-31": "", "2010-12-31": 0, "2010-09-30": 0, "2010-06-30": 0, "2010-03-31": "", "2009-12-31": 0, "2009-09-30": 0, "2009-06-30": 0, "2009-03-31": "", "2008-12-31": 0, "2008-09-30": 0, "2008-06-30": 0, "2008-03-31": "", "2007-12-31": 0, "2007-09-30": 0, "2007-06-30": 0, "2007-03-31": "", "2006-12-31": 0, "2006-09-30": 0, "2006-06-30": 0, "2006-03-31": "", "2005-12-31": 0, "2005-09-30": 0, "2005-06-30": 0, "2005-03-31": "1.76600"}, "Net Change In Long-Term Investments": {"2020-12-31": 0, "2020-09-30": 0, "2020-06-30": 0, "2020-03-31": "", "2019-12-31": 0, "2019-09-30": 0, "2019-06-30": 0, "2019-03-31": "", "2018-12-31": 0, "2018-09-30": 0, "2018-06-30": 0, "2018-03-31": "", "2017-12-31": 0, "2017-09-30": 0, "2017-06-30": 0, "2017-03-31": "", "2016-12-31": 0, "2016-09-30": 0, "2016-06-30": 0, "2016-03-31": "", "2015-12-31": 0, "2015-09-30": 0, "2015-06-30": 0, "2015-03-31": "", "2014-12-31": 0, "2014-09-30": 0, "2014-06-30": 0, "2014-03-31": "", "2013-12-31": 0, "2013-09-30": 0, "2013-06-30": 0, "2013-03-31": "", "2012-12-31": 0, "2012-09-30": 0, "2012-06-30": 0, "2012-03-31": "", "2011-12-31": 0, "2011-09-30": 0, "2011-06-30": 0, "2011-03-31": "", "2010-12-31": 0, "2010-09-30": 0, "2010-06-30": 0, "2010-03-31": "", "2009-12-31": 0, "2009-09-30": 0, "2009-06-30": 0, "2009-03-31": "", "2008-12-31": 0, "2008-09-30": 0, "2008-06-30": 0, "2008-03-31": "", "2007-12-31": 0, "2007-09-30": 0, "2007-06-30": 0, "2007-03-31": "", "2006-12-31": 0, "2006-09-30": 0, "2006-06-30": 0, "2006-03-31": "", "2005-12-31": 0, "2005-09-30": 0, "2005-06-30": 0, "2005-03-31": ""}, "Net Change In Investments - Total": {"2020-12-31": 0, "2020-09-30": 0, "2020-06-30": 0, "2020-03-31": "", "2019-12-31": 0, "2019-09-30": 0, "2019-06-30": 0, "2019-03-31": "", "2018-12-31": 0, "2018-09-30": 0, "2018-06-30": 0, "2018-03-31": "", "2017-12-31": 0, "2017-09-30": 0, "2017-06-30": 0, "2017-03-31": "", "2016-12-31": 0, "2016-09-30": 0, "2016-06-30": 0, "2016-03-31": "", "2015-12-31": 0, "2015-09-30": 0, "2015-06-30": 0, "2015-03-31": "", "2014-12-31": 0, "2014-09-30": 0, "2014-06-30": 0, "2014-03-31": "", "2013-12-31": 0, "2013-09-30": 0, "2013-06-30": 0, "2013-03-31": "", "2012-12-31": 0, "2012-09-30": 0, "2012-06-30": 0, "2012-03-31": "", "2011-12-31": 0, "2011-09-30": 0, "2011-06-30": 0, "2011-03-31": "", "2010-12-31": 0, "2010-09-30": 0, "2010-06-30": 0, "2010-03-31": "", "2009-12-31": 0, "2009-09-30": 0, "2009-06-30": 0, "2009-03-31": "", "2008-12-31": 0, "2008-09-30": 0, "2008-06-30": 0, "2008-03-31": "", "2007-12-31": 0, "2007-09-30": 0, "2007-06-30": 0, "2007-03-31": "", "2006-12-31": 0, "2006-09-30": 0, "2006-06-30": 0, "2006-03-31": "", "2005-12-31": 0, "2005-09-30": 0, "2005-06-30": 0, "2005-03-31": "1.76600"}, "Investing Activities - Other": {"2020-12-31": 0.121, "2020-09-30": -0.121, "2020-06-30": 0, "2020-03-31": "", "2019-12-31": 0.013, "2019-09-30": -0.013, "2019-06-30": 0, "2019-03-31": "", "2018-12-31": 0, "2018-09-30": 0, "2018-06-30": 23.76, "2018-03-31": "", "2017-12-31": 0, "2017-09-30": -2.52, "2017-06-30": 0, "2017-03-31": "", "2016-12-31": 0, "2016-09-30": 0, "2016-06-30": 0, "2016-03-31": "", "2015-12-31": 0, "2015-09-30": 0, "2015-06-30": 0, "2015-03-31": "", "2014-12-31": 0, "2014-09-30": 0, "2014-06-30": 0, "2014-03-31": "", "2013-12-31": 0, "2013-09-30": 0, "2013-06-30": 0, "2013-03-31": "", "2012-12-31": 0, "2012-09-30": 0, "2012-06-30": 0, "2012-03-31": "", "2011-12-31": 0, "2011-09-30": 0, "2011-06-30": 0, "2011-03-31": "25.50000", "2010-12-31": -0.008, "2010-09-30": 0, "2010-06-30": 0, "2010-03-31": "42.64600", "2009-12-31": 0, "2009-09-30": -0.143, "2009-06-30": 0.058, "2009-03-31": "0.03100", "2008-12-31": -3.286, "2008-09-30": 0, "2008-06-30": 0, "2008-03-31": "", "2007-12-31": -2.912, "2007-09-30": 0, "2007-06-30": 0, "2007-03-31": "", "2006-12-31": 0, "2006-09-30": 0, "2006-06-30": 0, "2006-03-31": "", "2005-12-31": 0, "2005-09-30": 0, "2005-06-30": 0, "2005-03-31": ""}, "Cash Flow From Investing Activities": {"2020-12-31": 117.372, "2020-09-30": -3.036, "2020-06-30": -46.688, "2020-03-31": "-67.64800", "2019-12-31": -50.897, "2019-09-30": -67.11, "2019-06-30": -87.457, "2019-03-31": "-96.30000", "2018-12-31": -151.952, "2018-09-30": -155.782, "2018-06-30": -160.391, "2018-03-31": "-116.42700", "2017-12-31": -283.723, "2017-09-30": -140.906, "2017-06-30": -543.408, "2017-03-31": "-42.57900", "2016-12-31": -35.783, "2016-09-30": -22.488, "2016-06-30": -23.283, "2016-03-31": "-16.20100", "2015-12-31": -130.662, "2015-09-30": -139.395, "2015-06-30": -217.266, "2015-03-31": "-235.63900", "2014-12-31": -444.117, "2014-09-30": -278.245, "2014-06-30": -309.265, "2014-03-31": "-163.78200", "2013-12-31": -177.073, "2013-09-30": -146.997, "2013-06-30": -154.551, "2013-03-31": "-173.45400", "2012-12-31": -227.308, "2012-09-30": -227.533, "2012-06-30": -194.368, "2012-03-31": "-258.75200", "2011-12-31": -286.701, "2011-09-30": -282.238, "2011-06-30": -239.546, "2011-03-31": "-155.09800", "2010-12-31": -460.256, "2010-09-30": -212.841, "2010-06-30": -164.964, "2010-03-31": "-66.00400", "2009-12-31": -102.019, "2009-09-30": -101.486, "2009-06-30": -156.479, "2009-03-31": "-89.35700", "2008-12-31": -116.711, "2008-09-30": -148.832, "2008-06-30": -88.408, "2008-03-31": "-83.32500", "2007-12-31": -173.208, "2007-09-30": -130.465, "2007-06-30": -125.141, "2007-03-31": "-173.64800", "2006-12-31": -171.546, "2006-09-30": -162.956, "2006-06-30": -141.293, "2006-03-31": "-111.19000", "2005-12-31": -117.199, "2005-09-30": -105.037, "2005-06-30": -88.963, "2005-03-31": "-128.03200"}, "Net Long-Term Debt": {"2020-12-31": 0, "2020-09-30": 0, "2020-06-30": 0, "2020-03-31": "", "2019-12-31": -18.413, "2019-09-30": -158.061, "2019-06-30": 0, "2019-03-31": "", "2018-12-31": 0, "2018-09-30": 0, "2018-06-30": 0, "2018-03-31": "521.19400", "2017-12-31": 0, "2017-09-30": 0, "2017-06-30": 0, "2017-03-31": "", "2016-12-31": 0, "2016-09-30": -230, "2016-06-30": -15, "2016-03-31": "-10.00000", "2015-12-31": -10, "2015-09-30": -7.5, "2015-06-30": -7.5, "2015-03-31": "197.50000", "2014-12-31": -2.5, "2014-09-30": -2.5, "2014-06-30": -2.5, "2014-03-31": "-2.50000", "2013-12-31": -2.5, "2013-09-30": -1.25, "2013-06-30": -1.25, "2013-03-31": "-1.25000", "2012-12-31": 98.75, "2012-09-30": 0, "2012-06-30": 210, "2012-03-31": "-2.50000", "2011-12-31": -2.5, "2011-09-30": -1.25, "2011-06-30": -1.25, "2011-03-31": "-1.25000", "2010-12-31": 298.75, "2010-09-30": 100, "2010-06-30": 0, "2010-03-31": "", "2009-12-31": 0, "2009-09-30": 0, "2009-06-30": 0, "2009-03-31": "", "2008-12-31": 0, "2008-09-30": 0, "2008-06-30": 0, "2008-03-31": "", "2007-12-31": -212.5, "2007-09-30": 0, "2007-06-30": 0, "2007-03-31": "", "2006-12-31": -154, "2006-09-30": 0, "2006-06-30": 0, "2006-03-31": "", "2005-12-31": 0, "2005-09-30": 0, "2005-06-30": 0, "2005-03-31": ""}, "Net Current Debt": {"2020-12-31": 0, "2020-09-30": 0, "2020-06-30": 0, "2020-03-31": "", "2019-12-31": 0, "2019-09-30": 0, "2019-06-30": 0, "2019-03-31": "", "2018-12-31": 0, "2018-09-30": 0, "2018-06-30": 0, "2018-03-31": "-268.00000", "2017-12-31": 124, "2017-09-30": 29, "2017-06-30": 115, "2017-03-31": "", "2016-12-31": -15, "2016-09-30": 15, "2016-06-30": 0, "2016-03-31": "", "2015-12-31": 0, "2015-09-30": 0, "2015-06-30": 0, "2015-03-31": "-303.00000", "2014-12-31": 303, "2014-09-30": 0, "2014-06-30": 0, "2014-03-31": "", "2013-12-31": 0, "2013-09-30": 0, "2013-06-30": 0, "2013-03-31": "", "2012-12-31": 0, "2012-09-30": 0, "2012-06-30": -108.5, "2012-03-31": "-1.50000", "2011-12-31": 94.2, "2011-09-30": 15.8, "2011-06-30": 0, "2011-03-31": "", "2010-12-31": 0, "2010-09-30": 0, "2010-06-30": 0, "2010-03-31": "", "2009-12-31": 0, "2009-09-30": 0, "2009-06-30": 0, "2009-03-31": "", "2008-12-31": 0, "2008-09-30": 0, "2008-06-30": 0, "2008-03-31": "-50.00000", "2007-12-31": 252.5, "2007-09-30": -5, "2007-06-30": 15, "2007-03-31": "-120.00000", "2006-12-31": 209, "2006-09-30": 65, "2006-06-30": 0, "2006-03-31": "", "2005-12-31": 0, "2005-09-30": 0, "2005-06-30": 0, "2005-03-31": ""}, "Debt Issuance/Retirement Net - Total": {"2020-12-31": 0, "2020-09-30": 0, "2020-06-30": 0, "2020-03-31": "", "2019-12-31": -18.413, "2019-09-30": -158.061, "2019-06-30": 0, "2019-03-31": "", "2018-12-31": 0, "2018-09-30": 0, "2018-06-30": 0, "2018-03-31": "253.19400", "2017-12-31": 124, "2017-09-30": 29, "2017-06-30": 115, "2017-03-31": "", "2016-12-31": -15, "2016-09-30": -215, "2016-06-30": -15, "2016-03-31": "-10.00000", "2015-12-31": -10, "2015-09-30": -7.5, "2015-06-30": -7.5, "2015-03-31": "-105.50000", "2014-12-31": 300.5, "2014-09-30": -2.5, "2014-06-30": -2.5, "2014-03-31": "-2.50000", "2013-12-31": -2.5, "2013-09-30": -1.25, "2013-06-30": -1.25, "2013-03-31": "-1.25000", "2012-12-31": 98.75, "2012-09-30": 0, "2012-06-30": 101.5, "2012-03-31": "-4.00000", "2011-12-31": 91.7, "2011-09-30": 14.55, "2011-06-30": -1.25, "2011-03-31": "-1.25000", "2010-12-31": 298.75, "2010-09-30": 100, "2010-06-30": 0, "2010-03-31": "", "2009-12-31": 0, "2009-09-30": 0, "2009-06-30": 0, "2009-03-31": "", "2008-12-31": 0, "2008-09-30": 0, "2008-06-30": 0, "2008-03-31": "-50.00000", "2007-12-31": 40, "2007-09-30": -5, "2007-06-30": 15, "2007-03-31": "-120.00000", "2006-12-31": 55, "2006-09-30": 65, "2006-06-30": 0, "2006-03-31": "", "2005-12-31": 0, "2005-09-30": 0, "2005-06-30": 0, "2005-03-31": ""}, "Net Common Equity Issued/Repurchased": {"2020-12-31": 21.129, "2020-09-30": -0.194, "2020-06-30": -0.91, "2020-03-31": "-20.02500", "2019-12-31": -25.192, "2019-09-30": -76.123, "2019-06-30": -79.039, "2019-03-31": "-75.11300", "2018-12-31": -50.082, "2018-09-30": -51.776, "2018-06-30": -42.951, "2018-03-31": "-16.44300", "2017-12-31": 0.123, "2017-09-30": -3.082, "2017-06-30": -3.727, "2017-03-31": "", "2016-12-31": 0.269, "2016-09-30": 0, "2016-06-30": -3.611, "2016-03-31": "", "2015-12-31": -0.458, "2015-09-30": -0.671, "2015-06-30": -6.881, "2015-03-31": "", "2014-12-31": 0.163, "2014-09-30": 8.587, "2014-06-30": 7.316, "2014-03-31": "9.95100", "2013-12-31": -0.101, "2013-09-30": -63.446, "2013-06-30": -4.368, "2013-03-31": "6.15800", "2012-12-31": -59.432, "2012-09-30": -38.784, "2012-06-30": -71.488, "2012-03-31": "0.34600", "2011-12-31": 3.231, "2011-09-30": 1.626, "2011-06-30": 13.319, "2011-03-31": "0.71400", "2010-12-31": 0.23, "2010-09-30": -0.415, "2010-06-30": -0.918, "2010-03-31": "-0.22500", "2009-12-31": 0.19, "2009-09-30": -0.337, "2009-06-30": -0.728, "2009-03-31": "-0.17900", "2008-12-31": -15.894, "2008-09-30": -49.972, "2008-06-30": 33.876, "2008-03-31": "3.00000", "2007-12-31": -19.377, "2007-09-30": -49.897, "2007-06-30": 0.892, "2007-03-31": "0.68700", "2006-12-31": -96.921, "2006-09-30": -152.165, "2006-06-30": -197.892, "2006-03-31": "", "2005-12-31": -10.978, "2005-09-30": 12.985, "2005-06-30": 22.004, "2005-03-31": "7.31000"}, "Net Total Equity Issued/Repurchased": {"2020-12-31": 21.129, "2020-09-30": -0.194, "2020-06-30": -0.91, "2020-03-31": "-20.02500", "2019-12-31": -25.192, "2019-09-30": -76.123, "2019-06-30": -79.039, "2019-03-31": "-75.11300", "2018-12-31": -50.082, "2018-09-30": -51.776, "2018-06-30": -42.951, "2018-03-31": "-16.44300", "2017-12-31": 0.123, "2017-09-30": -3.082, "2017-06-30": -3.727, "2017-03-31": "", "2016-12-31": 0.269, "2016-09-30": 0, "2016-06-30": -3.611, "2016-03-31": "", "2015-12-31": -0.458, "2015-09-30": -0.671, "2015-06-30": -6.881, "2015-03-31": "", "2014-12-31": 0.163, "2014-09-30": 8.587, "2014-06-30": 7.316, "2014-03-31": "9.95100", "2013-12-31": -0.101, "2013-09-30": -63.446, "2013-06-30": -4.368, "2013-03-31": "6.15800", "2012-12-31": -59.432, "2012-09-30": -38.784, "2012-06-30": -71.488, "2012-03-31": "0.34600", "2011-12-31": 3.231, "2011-09-30": 1.626, "2011-06-30": 13.319, "2011-03-31": "0.71400", "2010-12-31": 0.23, "2010-09-30": -0.415, "2010-06-30": -0.918, "2010-03-31": "-0.22500", "2009-12-31": 0.19, "2009-09-30": -0.337, "2009-06-30": -0.728, "2009-03-31": "-0.17900", "2008-12-31": -15.894, "2008-09-30": -49.972, "2008-06-30": 33.876, "2008-03-31": "3.00000", "2007-12-31": -19.377, "2007-09-30": -49.897, "2007-06-30": 0.892, "2007-03-31": "0.68700", "2006-12-31": -96.921, "2006-09-30": -152.165, "2006-06-30": -197.892, "2006-03-31": "", "2005-12-31": -10.978, "2005-09-30": 12.985, "2005-06-30": 22.004, "2005-03-31": "7.31000"}, "Total Common And Preferred Stock Dividends Paid": {"2020-12-31": 15.11, "2020-09-30": -3.746, "2020-06-30": -3.735, "2020-03-31": "-7.62900", "2019-12-31": -7.738, "2019-09-30": -7.847, "2019-06-30": -8.344, "2019-03-31": "-8.49900", "2018-12-31": -8.629, "2018-09-30": -8.685, "2018-06-30": -8.832, "2018-03-31": "-4.44300", "2017-12-31": -4.449, "2017-09-30": -4.271, "2017-06-30": -4.269, "2017-03-31": "-3.32600", "2016-12-31": -2.961, "2016-09-30": -2.953, "2016-06-30": -2.953, "2016-03-31": "-14.71200", "2015-12-31": -14.711, "2015-09-30": -14.712, "2015-06-30": -14.712, "2015-03-31": "-14.64000", "2014-12-31": -14.636, "2014-09-30": -14.634, "2014-06-30": -14.562, "2014-03-31": "-14.45600", "2013-12-31": -7.208, "2013-09-30": -7.231, "2013-06-30": -7.361, "2013-03-31": "-7.31200", "2012-12-31": -7.346, "2012-09-30": -7.518, "2012-06-30": -7.65, "2012-03-31": "-7.78800", "2011-12-31": -7.788, "2011-09-30": -7.777, "2011-06-30": -7.772, "2011-03-31": "-7.70800", "2010-12-31": -7.709, "2010-09-30": -7.704, "2010-06-30": -7.706, "2010-03-31": "-7.67700", "2009-12-31": -7.676, "2009-09-30": -7.675, "2009-06-30": -7.675, "2009-03-31": "-7.65500", "2008-12-31": -24.558, "2008-09-30": -24.803, "2008-06-30": -25.011, "2008-03-31": "-18.49300", "2007-12-31": -18.484, "2007-09-30": -18.69, "2007-06-30": -18.86, "2007-03-31": "-12.52700", "2006-12-31": -12.52, "2006-09-30": -12.986, "2006-06-30": -13.413, "2006-03-31": "-6.90600", "2005-12-31": -6.898, "2005-09-30": -6.904, "2005-06-30": -6.79, "2005-03-31": "-6.74700"}, "Financial Activities - Other": {"2020-12-31": 0.145, "2020-09-30": 0, "2020-06-30": -0.145, "2020-03-31": "", "2019-12-31": -0.702, "2019-09-30": -0.15, "2019-06-30": 0, "2019-03-31": "", "2018-12-31": -0.02, "2018-09-30": -0.136, "2018-06-30": -0.135, "2018-03-31": "-4.19800", "2017-12-31": 0, "2017-09-30": 0, "2017-06-30": 0, "2017-03-31": "471.57000", "2016-12-31": 0, "2016-09-30": -3.357, "2016-06-30": 0, "2016-03-31": "", "2015-12-31": 0, "2015-09-30": 0, "2015-06-30": -0.039, "2015-03-31": "-1.94000", "2014-12-31": 0, "2014-09-30": 0, "2014-06-30": 0, "2014-03-31": "", "2013-12-31": 0, "2013-09-30": 0, "2013-06-30": 0, "2013-03-31": "", "2012-12-31": -0.05, "2012-09-30": -5.982, "2012-06-30": -1.549, "2012-03-31": "", "2011-12-31": 0, "2011-09-30": 0, "2011-06-30": 0, "2011-03-31": "", "2010-12-31": -0.451, "2010-09-30": -10.328, "2010-06-30": 0, "2010-03-31": "", "2009-12-31": 0, "2009-09-30": 0, "2009-06-30": -0.621, "2009-03-31": "-5.54800", "2008-12-31": 0, "2008-09-30": 0, "2008-06-30": 0, "2008-03-31": "", "2007-12-31": 0, "2007-09-30": 0, "2007-06-30": 0, "2007-03-31": "", "2006-12-31": -0.001, "2006-09-30": -0.341, "2006-06-30": 0, "2006-03-31": "", "2005-12-31": 0, "2005-09-30": 0, "2005-06-30": 0, "2005-03-31": ""}, "Cash Flow From Financial Activities": {"2020-12-31": 36.384, "2020-09-30": -3.94, "2020-06-30": -4.79, "2020-03-31": "-27.65400", "2019-12-31": -52.045, "2019-09-30": -242.181, "2019-06-30": -87.383, "2019-03-31": "-83.61200", "2018-12-31": -58.731, "2018-09-30": -60.597, "2018-06-30": -51.918, "2018-03-31": "228.11000", "2017-12-31": 119.674, "2017-09-30": 21.647, "2017-06-30": 107.004, "2017-03-31": "468.24400", "2016-12-31": -17.692, "2016-09-30": -221.31, "2016-06-30": -21.564, "2016-03-31": "-24.71200", "2015-12-31": -25.169, "2015-09-30": -22.883, "2015-06-30": -29.132, "2015-03-31": "-122.08000", "2014-12-31": 286.027, "2014-09-30": -8.547, "2014-06-30": -9.746, "2014-03-31": "-7.00500", "2013-12-31": -9.809, "2013-09-30": -71.927, "2013-06-30": -12.979, "2013-03-31": "-2.40400", "2012-12-31": 31.922, "2012-09-30": -52.284, "2012-06-30": 20.813, "2012-03-31": "-11.44200", "2011-12-31": 87.143, "2011-09-30": 8.399, "2011-06-30": 4.297, "2011-03-31": "-8.24400", "2010-12-31": 290.82, "2010-09-30": 81.553, "2010-06-30": -8.624, "2010-03-31": "-7.90200", "2009-12-31": -7.486, "2009-09-30": -8.012, "2009-06-30": -9.024, "2009-03-31": "-13.38200", "2008-12-31": -40.452, "2008-09-30": -74.775, "2008-06-30": 8.865, "2008-03-31": "-65.49300", "2007-12-31": 2.139, "2007-09-30": -73.587, "2007-06-30": -2.968, "2007-03-31": "-131.84000", "2006-12-31": -54.442, "2006-09-30": -100.492, "2006-06-30": -211.305, "2006-03-31": "-6.90600", "2005-12-31": -17.876, "2005-09-30": 6.081, "2005-06-30": 15.214, "2005-03-31": "0.56300"}, "Net Cash Flow": {"2020-12-31": -129.556, "2020-09-30": 56.96, "2020-06-30": 94.581, "2020-03-31": "-21.98500", "2019-12-31": 9.356, "2019-09-30": -90.685, "2019-06-30": 6.613, "2019-03-31": "3.87200", "2018-12-31": 30.997, "2018-09-30": -27.876, "2018-06-30": -62.343, "2018-03-31": "261.42300", "2017-12-31": 4.989, "2017-09-30": -2.293, "2017-06-30": -426.476, "2017-03-31": "431.45600", "2016-12-31": -1.82, "2016-09-30": -172.655, "2016-06-30": 23.07, "2016-03-31": "73.21100", "2015-12-31": 36.881, "2015-09-30": -0.041, "2015-06-30": -10.411, "2015-03-31": "43.90500", "2014-12-31": 4.418, "2014-09-30": -82.243, "2014-06-30": -136.909, "2014-03-31": "8.23700", "2013-12-31": 44.873, "2013-09-30": 55.759, "2013-06-30": 4.846, "2013-03-31": "33.30800", "2012-12-31": 27.25, "2012-09-30": 8.174, "2012-06-30": 57.474, "2012-03-31": "-6.12100", "2011-12-31": 13.301, "2011-09-30": -53.939, "2011-06-30": 26.914, "2011-03-31": "10.05800", "2010-12-31": -46.304, "2010-09-30": -22.063, "2010-06-30": 32.095, "2010-03-31": "14.00700", "2009-12-31": -69.366, "2009-09-30": -48.422, "2009-06-30": -24.623, "2009-03-31": "111.06500", "2008-12-31": 56.204, "2008-09-30": -37.213, "2008-06-30": 11.905, "2008-03-31": "32.89300", "2007-12-31": -3.082, "2007-09-30": -6.959, "2007-06-30": 10.545, "2007-03-31": "3.54500", "2006-12-31": -3.56, "2006-09-30": -2.047, "2006-06-30": -234.412, "2006-03-31": "117.00600", "2005-12-31": 5.187, "2005-09-30": 61.134, "2005-06-30": 1.781, "2005-03-31": "-44.07500"}, "Stock-Based Compensation": {"2020-12-31": -20.087, "2020-09-30": 6.592, "2020-06-30": 4.335, "2020-03-31": "9.16000", "2019-12-31": 9.27, "2019-09-30": 9.67, "2019-06-30": 11.05, "2019-03-31": "9.33800", "2018-12-31": 9.476, "2018-09-30": 9.177, "2018-06-30": 9.907, "2018-03-31": "9.36500", "2017-12-31": 9.382, "2017-09-30": 12.931, "2017-06-30": 15.039, "2017-03-31": "7.13100", "2016-12-31": 7.194, "2016-09-30": 6.938, "2016-06-30": 6.981, "2016-03-31": "7.21100", "2015-12-31": 7.324, "2015-09-30": 7.355, "2015-06-30": 6.976, "2015-03-31": "6.85500", "2014-12-31": 7.087, "2014-09-30": 6.986, "2014-06-30": 6.248, "2014-03-31": "6.71100", "2013-12-31": 6.863, "2013-09-30": 6.909, "2013-06-30": 6.216, "2013-03-31": "5.90300", "2012-12-31": 5.982, "2012-09-30": 5.963, "2012-06-30": 5.782, "2012-03-31": "5.45800", "2011-12-31": 5.538, "2011-09-30": 5.516, "2011-06-30": 5.543, "2011-03-31": "4.30700", "2010-12-31": 4.898, "2010-09-30": 3.894, "2010-06-30": 3.861, "2010-03-31": "4.12600", "2009-12-31": 4.366, "2009-09-30": 4.409, "2009-06-30": 4.825, "2009-03-31": "4.61400", "2008-12-31": 4.544, "2008-09-30": 5.007, "2008-06-30": 5.019, "2008-03-31": "5.11800", "2007-12-31": 4.894, "2007-09-30": 5.563, "2007-06-30": 4.827, "2007-03-31": "3.58900", "2006-12-31": 5.469, "2006-09-30": 3.344, "2006-06-30": 3.524, "2006-03-31": "2.84200", "2005-12-31": 0.704, "2005-09-30": 1.013, "2005-06-30": 0.632, "2005-03-31": "0.47600"}, "Common Stock Dividends Paid": {"2020-12-31": 15.11, "2020-09-30": -3.746, "2020-06-30": -3.735, "2020-03-31": "-7.62900", "2019-12-31": -7.738, "2019-09-30": -7.847, "2019-06-30": -8.344, "2019-03-31": "-8.49900", "2018-12-31": -8.629, "2018-09-30": -8.685, "2018-06-30": -8.832, "2018-03-31": "-4.44300", "2017-12-31": -4.449, "2017-09-30": -4.271, "2017-06-30": -4.269, "2017-03-31": "-3.32600", "2016-12-31": -2.961, "2016-09-30": -2.953, "2016-06-30": -2.953, "2016-03-31": "-14.71200", "2015-12-31": -14.711, "2015-09-30": -14.712, "2015-06-30": -14.712, "2015-03-31": "-14.64000", "2014-12-31": -14.636, "2014-09-30": -14.634, "2014-06-30": -14.562, "2014-03-31": "-14.45600", "2013-12-31": -7.208, "2013-09-30": -7.231, "2013-06-30": -7.361, "2013-03-31": "-7.31200", "2012-12-31": -7.346, "2012-09-30": -7.518, "2012-06-30": -7.65, "2012-03-31": "-7.78800", "2011-12-31": -7.788, "2011-09-30": -7.777, "2011-06-30": -7.772, "2011-03-31": "-7.70800", "2010-12-31": -7.709, "2010-09-30": -7.704, "2010-06-30": -7.706, "2010-03-31": "-7.67700", "2009-12-31": -7.676, "2009-09-30": -7.675, "2009-06-30": -7.675, "2009-03-31": "-7.65500", "2008-12-31": -24.558, "2008-09-30": -24.803, "2008-06-30": -25.011, "2008-03-31": "-18.49300", "2007-12-31": -18.484, "2007-09-30": -18.69, "2007-06-30": -18.86, "2007-03-31": "-12.52700", "2006-12-31": -12.52, "2006-09-30": -12.986, "2006-06-30": -13.413, "2006-03-31": "-6.90600", "2005-12-31": -6.898, "2005-09-30": -6.904, "2005-06-30": -6.79, "2005-03-31": "-6.74700"}}, "financial ratios": {"Current Ratio": {"2019-12-31": "1.57720", "2018-12-31": "1.80540", "2017-12-31": "1.36720", "2016-12-31": "0.93230", "2015-12-31": "1.58150", "2014-12-31": "1.59940", "2013-12-31": "2.28250", "2012-12-31": "1.94520", "2011-12-31": "1.82690", "2010-12-31": "1.76420", "2009-12-31": "2.36920", "2008-12-31": "2.11950", "2007-12-31": "1.77090", "2006-12-31": "2.05490", "2005-12-31": "2.49740"}, "Long-term Debt / Capital": {"2019-12-31": "0.25430", "2018-12-31": "0.24200", "2017-12-31": "0.13070", "2016-12-31": "0.21020", "2015-12-31": "0.23530", "2014-12-31": "0.18740", "2013-12-31": "0.19850", "2012-12-31": "0.20780", "2011-12-31": "0.13190", "2010-12-31": "0.15210", "2009-12-31": "", "2008-12-31": "", "2007-12-31": "", "2006-12-31": "", "2005-12-31": ""}, "Debt/Equity Ratio": {"2019-12-31": "0.34110", "2018-12-31": "0.31930", "2017-12-31": "0.15040", "2016-12-31": "0.26610", "2015-12-31": "0.33230", "2014-12-31": "0.23490", "2013-12-31": "0.25130", "2012-12-31": "0.26460", "2011-12-31": "0.15600", "2010-12-31": "0.18230", "2009-12-31": "", "2008-12-31": "", "2007-12-31": "", "2006-12-31": "", "2005-12-31": ""}, "Gross Margin": {"2019-12-31": "28.21030", "2018-12-31": "27.78810", "2017-12-31": "27.12050", "2016-12-31": "29.16260", "2015-12-31": "34.83930", "2014-12-31": "33.50480", "2013-12-31": "36.45490", "2012-12-31": "38.76540", "2011-12-31": "39.83530", "2010-12-31": "38.63020", "2009-12-31": "37.44030", "2008-12-31": "41.92990", "2007-12-31": "45.65790", "2006-12-31": "51.16980", "2005-12-31": "46.02760"}, "Operating Margin": {"2019-12-31": "-18.68210", "2018-12-31": "-9.68370", "2017-12-31": "-12.41310", "2016-12-31": "-49.81360", "2015-12-31": "-21.51840", "2014-12-31": "8.89690", "2013-12-31": "11.86260", "2012-12-31": "18.26240", "2011-12-31": "20.48370", "2010-12-31": "13.73440", "2009-12-31": "-6.16590", "2008-12-31": "26.45180", "2007-12-31": "33.39770", "2006-12-31": "40.80620", "2005-12-31": "33.39910"}, "EBIT Margin": {"2019-12-31": "-18.68210", "2018-12-31": "-9.68370", "2017-12-31": "-12.41310", "2016-12-31": "-49.81360", "2015-12-31": "-21.51840", "2014-12-31": "8.89690", "2013-12-31": "11.86260", "2012-12-31": "18.26240", "2011-12-31": "20.48370", "2010-12-31": "13.73440", "2009-12-31": "-6.16590", "2008-12-31": "26.45180", "2007-12-31": "33.39770", "2006-12-31": "40.80620", "2005-12-31": "33.39910"}, "EBITDA Margin": {"2019-12-31": "22.70760", "2018-12-31": "24.22910", "2017-12-31": "20.84070", "2016-12-31": "23.41810", "2015-12-31": "30.85710", "2014-12-31": "31.50270", "2013-12-31": "33.86040", "2012-12-31": "37.59900", "2011-12-31": "37.52540", "2010-12-31": "36.53060", "2009-12-31": "30.90150", "2008-12-31": "39.82420", "2007-12-31": "45.80120", "2006-12-31": "48.51730", "2005-12-31": "42.38480"}, "Pre-Tax Profit Margin": {"2019-12-31": "-21.46680", "2018-12-31": "-11.04320", "2017-12-31": "-13.90940", "2016-12-31": "-54.17780", "2015-12-31": "-23.39420", "2014-12-31": "7.99060", "2013-12-31": "10.91450", "2012-12-31": "17.46610", "2011-12-31": "19.90370", "2010-12-31": "13.03920", "2009-12-31": "-6.59320", "2008-12-31": "26.52080", "2007-12-31": "33.42420", "2006-12-31": "40.98950", "2005-12-31": "33.59810"}, "Net Profit Margin": {"2019-12-31": "-17.23020", "2018-12-31": "-9.66100", "2017-12-31": "0.24360", "2016-12-31": "-34.79050", "2015-12-31": "-15.57080", "2014-12-31": "5.05930", "2013-12-31": "6.85370", "2012-12-31": "10.90340", "2011-12-31": "12.56510", "2010-12-31": "7.99370", "2009-12-31": "-4.89680", "2008-12-31": "16.81630", "2007-12-31": "22.08550", "2006-12-31": "26.43750", "2005-12-31": "21.41620"}, "Asset Turnover": {"2019-12-31": "0.55650", "2018-12-31": "0.60820", "2017-12-31": "0.40920", "2016-12-31": "0.24280", "2015-12-31": "0.41750", "2014-12-31": "0.59000", "2013-12-31": "0.57950", "2012-12-31": "0.59760", "2011-12-31": "0.60780", "2010-12-31": "0.42740", "2009-12-31": "0.29370", "2008-12-31": "0.76080", "2007-12-31": "0.80570", "2006-12-31": "1.16150", "2005-12-31": "0.96920"}, "Inventory Turnover Ratio": {"2019-12-31": "48.78560", "2018-12-31": "36.63500", "2017-12-31": "24.83180", "2016-12-31": "32.13190", "2015-12-31": "83.74350", "2014-12-31": "65.61260", "2013-12-31": "81.22680", "2012-12-31": "62.02060", "2011-12-31": "49.31290", "2010-12-31": "52.15210", "2009-12-31": "70.47730", "2008-12-31": "28.53630", "2007-12-31": "24.29950", "2006-12-31": "28.29550", "2005-12-31": "33.66060"}, "Receiveable Turnover": {"2019-12-31": "7.13870", "2018-12-31": "5.91020", "2017-12-31": "4.05270", "2016-12-31": "6.09700", "2015-12-31": "7.47170", "2014-12-31": "4.27080", "2013-12-31": "6.01540", "2012-12-31": "5.85030", "2011-12-31": "4.95250", "2010-12-31": "3.54880", "2009-12-31": "2.75950", "2008-12-31": "4.85960", "2007-12-31": "5.32070", "2006-12-31": "5.20180", "2005-12-31": "4.12430"}, "Days Sales In Receivables": {"2019-12-31": "51.12960", "2018-12-31": "61.75790", "2017-12-31": "90.06290", "2016-12-31": "59.86600", "2015-12-31": "48.85110", "2014-12-31": "85.46440", "2013-12-31": "60.67810", "2012-12-31": "62.39000", "2011-12-31": "73.69990", "2010-12-31": "102.85080", "2009-12-31": "132.27120", "2008-12-31": "75.10980", "2007-12-31": "68.60030", "2006-12-31": "70.16740", "2005-12-31": "88.50030"}, "ROE - Return On Equity": {"2019-12-31": "-15.02330", "2018-12-31": "-9.16930", "2017-12-31": "0.14840", "2016-12-31": "-14.16960", "2015-12-31": "-11.49830", "2014-12-31": "5.59790", "2013-12-31": "6.82180", "2012-12-31": "11.34100", "2011-12-31": "12.82590", "2010-12-31": "5.38940", "2009-12-31": "-1.63140", "2008-12-31": "16.63740", "2007-12-31": "22.91560", "2006-12-31": "43.04520", "2005-12-31": "27.26680"}, "Return On Tangible Equity": {"2019-12-31": "-17.81470", "2018-12-31": "-10.61570", "2017-12-31": "0.17930", "2016-12-31": "-14.75320", "2015-12-31": "-11.92970", "2014-12-31": "6.05830", "2013-12-31": "7.26320", "2012-12-31": "12.12850", "2011-12-31": "13.78780", "2010-12-31": "5.87160", "2009-12-31": "-1.70190", "2008-12-31": "17.34050", "2007-12-31": "24.14040", "2006-12-31": "45.95890", "2005-12-31": "29.39690"}, "ROA - Return On Assets": {"2019-12-31": "-9.58870", "2018-12-31": "-5.87620", "2017-12-31": "0.10260", "2016-12-31": "-8.44670", "2015-12-31": "-6.50150", "2014-12-31": "3.01560", "2013-12-31": "4.01120", "2012-12-31": "6.57190", "2011-12-31": "7.64540", "2010-12-31": "3.44430", "2009-12-31": "-1.27570", "2008-12-31": "13.04430", "2007-12-31": "17.62480", "2006-12-31": "30.67580", "2005-12-31": "20.75640"}, "ROI - Return On Investment": {"2019-12-31": "-11.20220", "2018-12-31": "-6.95020", "2017-12-31": "0.12900", "2016-12-31": "-11.19130", "2015-12-31": "-8.79320", "2014-12-31": "4.54900", "2013-12-31": "5.46780", "2012-12-31": "8.98480", "2011-12-31": "11.13370", "2010-12-31": "4.56950", "2009-12-31": "-1.63140", "2008-12-31": "16.63740", "2007-12-31": "22.91560", "2006-12-31": "43.04520", "2005-12-31": "27.26680"}, "Book Value Per Share": {"2019-12-31": "14.75570", "2018-12-31": "16.41010", "2017-12-31": "17.90240", "2016-12-31": "15.18040", "2015-12-31": "17.40280", "2014-12-31": "19.84250", "2013-12-31": "19.10980", "2012-12-31": "18.09750", "2011-12-31": "16.15210", "2010-12-31": "14.18740", "2009-12-31": "13.55180", "2008-12-31": "13.89300", "2007-12-31": "12.31640", "2006-12-31": "9.98110", "2005-12-31": "7.92740"}, "Operating Cash Flow Per Share": {"2019-12-31": 0.0871, "2018-12-31": 1.8374, "2017-12-31": -0.5823, "2016-12-31": -4.7863, "2015-12-31": 1.8603, "2014-12-31": -1.1047, "2013-12-31": -0.5098, "2012-12-31": 1.0343, "2011-12-31": 2.1632, "2010-12-31": 0.4463, "2009-12-31": 2.9747, "2008-12-31": -5.1775, "2007-12-31": 0.1856, "2006-12-31": 2.3506, "2005-12-31": 2.65}, "Free Cash Flow Per Share": {"2019-12-31": 1.3181, "2018-12-31": 1.6524, "2017-12-31": -2.4447, "2016-12-31": -0.4844, "2015-12-31": 3.8988, "2014-12-31": -3.6272, "2013-12-31": 0.9878, "2012-12-31": 1.4177, "2011-12-31": 0.418, "2010-12-31": -1.2227, "2009-12-31": 2.8318, "2008-12-31": -4.346, "2007-12-31": 0.0487, "2006-12-31": 0.9589, "2005-12-31": 0.5355}}, "financial ratios, quarterly": {"Current Ratio": {"2020-09-30": "2.02020", "2020-06-30": "1.90170", "2020-03-31": "1.65040", "2019-12-31": "1.57720", "2019-09-30": "1.54390", "2019-06-30": "1.90990", "2019-03-31": "1.81500", "2018-12-31": "1.80540", "2018-09-30": "1.65680", "2018-06-30": "1.67610", "2018-03-31": "1.72730", "2017-12-31": "1.36720", "2017-09-30": "1.23470", "2017-06-30": "1.20920", "2017-03-31": "2.48140", "2016-12-31": "0.93230", "2016-09-30": "1.18570", "2016-06-30": "1.56080", "2016-03-31": "1.57700", "2015-12-31": "1.58150", "2015-09-30": "1.27690", "2015-06-30": "1.15110", "2015-03-31": "1.22650", "2014-12-31": "1.59940", "2014-09-30": "1.27350", "2014-06-30": "1.51180", "2014-03-31": "1.85990", "2013-12-31": "2.28250", "2013-09-30": "2.29280", "2013-06-30": "2.19080", "2013-03-31": "1.90150", "2012-12-31": "1.94520", "2012-09-30": "1.86790", "2012-06-30": "2.01050", "2012-03-31": "1.72270", "2011-12-31": "1.82690", "2011-09-30": "1.60340", "2011-06-30": "1.58530", "2011-03-31": "1.79320", "2010-12-31": "1.76420", "2010-09-30": "1.44710", "2010-06-30": "1.29440", "2010-03-31": "1.64320", "2009-12-31": "2.36920", "2009-09-30": "2.19440", "2009-06-30": "2.04720", "2009-03-31": "2.47890", "2008-12-31": "2.11950", "2008-09-30": "2.11140", "2008-06-30": "2.22100", "2008-03-31": "1.87330", "2007-12-31": "1.77090", "2007-09-30": "1.53600", "2007-06-30": "1.69410", "2007-03-31": "1.61550", "2006-12-31": "2.05490", "2006-09-30": "1.94740", "2006-06-30": "2.30890", "2006-03-31": "2.44980", "2005-12-31": "2.49740", "2005-09-30": "2.33340", "2005-06-30": "2.57920", "2005-03-31": "2.02200"}, "Long-term Debt / Capital": {"2020-09-30": "0.31340", "2020-06-30": "0.30260", "2020-03-31": "0.28900", "2019-12-31": "0.25430", "2019-09-30": "0.24790", "2019-06-30": "0.25460", "2019-03-31": "0.24750", "2018-12-31": "0.24200", "2018-09-30": "0.22960", "2018-06-30": "0.22380", "2018-03-31": "0.22140", "2017-12-31": "0.13070", "2017-09-30": "0.14280", "2017-06-30": "0.14200", "2017-03-31": "0.18360", "2016-12-31": "0.21020", "2016-09-30": "0.20470", "2016-06-30": "0.23580", "2016-03-31": "0.23500", "2015-12-31": "0.23530", "2015-09-30": "0.23650", "2015-06-30": "0.22440", "2015-03-31": "0.22570", "2014-12-31": "0.18740", "2014-09-30": "0.19100", "2014-06-30": "0.19220", "2014-03-31": "0.19600", "2013-12-31": "0.19850", "2013-09-30": "0.19980", "2013-06-30": "0.20110", "2013-03-31": "0.20360", "2012-12-31": "0.20780", "2012-09-30": "0.18490", "2012-06-30": "0.18580", "2012-03-31": "0.12690", "2011-12-31": "0.13190", "2011-09-30": "0.13690", "2011-06-30": "0.14150", "2011-03-31": "0.14720", "2010-12-31": "0.15210", "2010-09-30": "0.04260", "2010-06-30": "", "2010-03-31": "", "2009-12-31": "", "2009-09-30": "", "2009-06-30": "", "2009-03-31": "", "2008-12-31": "", "2008-09-30": "", "2008-06-30": "", "2008-03-31": "", "2007-12-31": "", "2007-09-30": "", "2007-06-30": "", "2007-03-31": "", "2006-12-31": "", "2006-09-30": "", "2006-06-30": "", "2006-03-31": "", "2005-12-31": "", "2005-09-30": "", "2005-06-30": "", "2005-03-31": ""}, "Debt/Equity Ratio": {"2020-09-30": "0.45640", "2020-06-30": "0.43390", "2020-03-31": "0.40640", "2019-12-31": "0.34110", "2019-09-30": "0.32960", "2019-06-30": "0.34150", "2019-03-31": "0.32890", "2018-12-31": "0.31930", "2018-09-30": "0.29800", "2018-06-30": "0.28840", "2018-03-31": "0.28440", "2017-12-31": "0.15040", "2017-09-30": "0.16660", "2017-06-30": "0.16550", "2017-03-31": "0.22490", "2016-12-31": "0.26610", "2016-09-30": "0.25750", "2016-06-30": "0.34430", "2016-03-31": "0.33800", "2015-12-31": "0.33230", "2015-09-30": "0.32880", "2015-06-30": "0.30420", "2015-03-31": "0.30360", "2014-12-31": "0.23490", "2014-09-30": "0.23960", "2014-06-30": "0.24140", "2014-03-31": "0.24730", "2013-12-31": "0.25130", "2013-09-30": "0.25330", "2013-06-30": "0.25500", "2013-03-31": "0.25840", "2012-12-31": "0.26460", "2012-09-30": "0.22690", "2012-06-30": "0.22820", "2012-03-31": "0.14920", "2011-12-31": "0.15600", "2011-09-30": "0.16280", "2011-06-30": "0.16850", "2011-03-31": "0.17600", "2010-12-31": "0.18230", "2010-09-30": "0.04690", "2010-06-30": "", "2010-03-31": "", "2009-12-31": "", "2009-09-30": "", "2009-06-30": "", "2009-03-31": "", "2008-12-31": "", "2008-09-30": "", "2008-06-30": "", "2008-03-31": "", "2007-12-31": "", "2007-09-30": "", "2007-06-30": "", "2007-03-31": "", "2006-12-31": "", "2006-09-30": "", "2006-06-30": "", "2006-03-31": "", "2005-12-31": "", "2005-09-30": "", "2005-06-30": "", "2005-03-31": ""}, "Gross Margin": {"2020-09-30": "35.98950", "2020-06-30": "37.83050", "2020-03-31": "30.34650", "2019-12-31": "11.70800", "2019-09-30": "29.57580", "2019-06-30": "33.40420", "2019-03-31": "33.60250", "2018-12-31": "25.13520", "2018-09-30": "29.26500", "2018-06-30": "27.23040", "2018-03-31": "29.40340", "2017-12-31": "25.59640", "2017-09-30": "30.32410", "2017-06-30": "26.23630", "2017-03-31": "25.53980", "2016-12-31": "22.44150", "2016-09-30": "25.49280", "2016-06-30": "30.37950", "2016-03-31": "37.26790", "2015-12-31": "33.00600", "2015-09-30": "34.20170", "2015-06-30": "36.67350", "2015-03-31": "34.87400", "2014-12-31": "33.50370", "2014-09-30": "33.48300", "2014-06-30": "33.95180", "2014-03-31": "33.03420", "2013-12-31": "35.31990", "2013-09-30": "38.78560", "2013-06-30": "34.13750", "2013-03-31": "37.31250", "2012-12-31": "38.00120", "2012-09-30": "38.25890", "2012-06-30": "39.31190", "2012-03-31": "39.37210", "2011-12-31": "39.48830", "2011-09-30": "38.21850", "2011-06-30": "41.71910", "2011-03-31": "40.20650", "2010-12-31": "40.55050", "2010-09-30": "39.84410", "2010-06-30": "37.11630", "2010-03-31": "35.07350", "2009-12-31": "33.56620", "2009-09-30": "34.92430", "2009-06-30": "39.74460", "2009-03-31": "40.81590", "2008-12-31": "48.38250", "2008-09-30": "41.32800", "2008-06-30": "39.41190", "2008-03-31": "39.85340", "2007-12-31": "49.93080", "2007-09-30": "43.19470", "2007-06-30": "44.66390", "2007-03-31": "45.90140", "2006-12-31": "50.14320", "2006-09-30": "51.35370", "2006-06-30": "52.06600", "2006-03-31": "51.10440", "2005-12-31": "50.43310", "2005-09-30": "47.72250", "2005-06-30": "43.81670", "2005-03-31": "39.54560"}, "Operating Margin": {"2020-09-30": "-55.30820", "2020-06-30": "-63.53700", "2020-03-31": "-110.87240", "2019-12-31": "-16.81160", "2019-09-30": "-51.35000", "2019-06-30": "-7.12160", "2019-03-31": "-3.32060", "2018-12-31": "-26.48320", "2018-09-30": "-9.25450", "2018-06-30": "-1.05380", "2018-03-31": "-2.73150", "2017-12-31": "-2.74940", "2017-09-30": "-5.54990", "2017-06-30": "-24.21260", "2017-03-31": "-30.35600", "2016-12-31": "-45.86140", "2016-09-30": "-59.86860", "2016-06-30": "-64.11940", "2016-03-31": "-35.42030", "2015-12-31": "-22.68270", "2015-09-30": "-78.03770", "2015-06-30": "-5.23820", "2015-03-31": "3.66470", "2014-12-31": "11.85430", "2014-09-30": "3.58210", "2014-06-30": "11.51840", "2014-03-31": "8.66690", "2013-12-31": "4.87300", "2013-09-30": "17.04060", "2013-06-30": "10.70900", "2013-03-31": "14.23190", "2012-12-31": "15.35180", "2012-09-30": "13.76470", "2012-06-30": "22.15410", "2012-03-31": "21.13680", "2011-12-31": "19.85790", "2011-09-30": "19.63320", "2011-06-30": "21.97430", "2011-03-31": "20.71660", "2010-12-31": "18.75270", "2010-09-30": "13.86700", "2010-06-30": "14.90500", "2010-03-31": "2.88330", "2009-12-31": "-10.71980", "2009-09-30": "-15.41860", "2009-06-30": "-18.40250", "2009-03-31": "9.37850", "2008-12-31": "31.65010", "2008-09-30": "27.16080", "2008-06-30": "24.02110", "2008-03-31": "23.75840", "2007-12-31": "31.68650", "2007-09-30": "27.49990", "2007-06-30": "41.16980", "2007-03-31": "32.85040", "2006-12-31": "38.02540", "2006-09-30": "41.84690", "2006-06-30": "42.22790", "2006-03-31": "41.08840", "2005-12-31": "38.66070", "2005-09-30": "35.72270", "2005-06-30": "29.91650", "2005-03-31": "26.19360"}, "EBIT Margin": {"2020-09-30": "-55.30820", "2020-06-30": "-63.53700", "2020-03-31": "-110.87240", "2019-12-31": "-16.81160", "2019-09-30": "-51.35000", "2019-06-30": "-7.12160", "2019-03-31": "-3.32060", "2018-12-31": "-26.48330", "2018-09-30": "-9.25450", "2018-06-30": "-1.05380", "2018-03-31": "-2.73150", "2017-12-31": "-2.74930", "2017-09-30": "-5.54990", "2017-06-30": "-24.21260", "2017-03-31": "-30.35600", "2016-12-31": "-45.86140", "2016-09-30": "-59.86860", "2016-06-30": "-64.11940", "2016-03-31": "-35.42030", "2015-12-31": "-22.68270", "2015-09-30": "-78.03770", "2015-06-30": "-5.23820", "2015-03-31": "3.66470", "2014-12-31": "11.85430", "2014-09-30": "3.58210", "2014-06-30": "11.51840", "2014-03-31": "8.66690", "2013-12-31": "4.87300", "2013-09-30": "17.04060", "2013-06-30": "10.70900", "2013-03-31": "14.23190", "2012-12-31": "15.35180", "2012-09-30": "13.76470", "2012-06-30": "22.15410", "2012-03-31": "21.13680", "2011-12-31": "19.85790", "2011-09-30": "19.63320", "2011-06-30": "21.97430", "2011-03-31": "20.71660", "2010-12-31": "18.75270", "2010-09-30": "13.86700", "2010-06-30": "14.90500", "2010-03-31": "2.88330", "2009-12-31": "-10.71980", "2009-09-30": "-15.41860", "2009-06-30": "-18.40250", "2009-03-31": "9.37850", "2008-12-31": "31.65010", "2008-09-30": "27.16080", "2008-06-30": "24.02110", "2008-03-31": "23.75840", "2007-12-31": "31.68650", "2007-09-30": "27.49990", "2007-06-30": "41.16980", "2007-03-31": "32.85040", "2006-12-31": "38.02540", "2006-09-30": "41.84690", "2006-06-30": "42.22790", "2006-03-31": "41.08840", "2005-12-31": "38.66070", "2005-09-30": "35.72270", "2005-06-30": "29.91650", "2005-03-31": "26.19360"}, "EBITDA Margin": {"2020-09-30": "", "2020-06-30": "", "2020-03-31": "", "2019-12-31": "", "2019-09-30": "", "2019-06-30": "", "2019-03-31": "", "2018-12-31": "", "2018-09-30": "", "2018-06-30": "", "2018-03-31": "", "2017-12-31": "", "2017-09-30": "", "2017-06-30": "", "2017-03-31": "", "2016-12-31": "", "2016-09-30": "", "2016-06-30": "", "2016-03-31": "", "2015-12-31": "", "2015-09-30": "", "2015-06-30": "", "2015-03-31": "", "2014-12-31": "", "2014-09-30": "", "2014-06-30": "", "2014-03-31": "", "2013-12-31": "", "2013-09-30": "", "2013-06-30": "", "2013-03-31": "", "2012-12-31": "", "2012-09-30": "", "2012-06-30": "", "2012-03-31": "", "2011-12-31": "", "2011-09-30": "", "2011-06-30": "", "2011-03-31": "", "2010-12-31": "", "2010-09-30": "", "2010-06-30": "", "2010-03-31": "", "2009-12-31": "", "2009-09-30": "", "2009-06-30": "", "2009-03-31": "", "2008-12-31": "", "2008-09-30": "", "2008-06-30": "", "2008-03-31": "", "2007-12-31": "", "2007-09-30": "", "2007-06-30": "", "2007-03-31": "", "2006-12-31": "", "2006-09-30": "", "2006-06-30": "", "2006-03-31": "", "2005-12-31": "", "2005-09-30": "", "2005-06-30": "", "2005-03-31": ""}, "Pre-Tax Profit Margin": {"2020-09-30": "-60.39560", "2020-06-30": "-67.75660", "2020-03-31": "-113.22300", "2019-12-31": "-22.21280", "2019-09-30": "-54.51260", "2019-06-30": "-8.81590", "2019-03-31": "-5.00130", "2018-12-31": "-27.96940", "2018-09-30": "-10.55460", "2018-06-30": "-2.23490", "2018-03-31": "-4.21860", "2017-12-31": "-3.98260", "2017-09-30": "-6.92290", "2017-06-30": "-25.64600", "2017-03-31": "-32.92730", "2016-12-31": "-49.33390", "2016-09-30": "-64.79850", "2016-06-30": "-69.56580", "2016-03-31": "-39.38920", "2015-12-31": "-25.45120", "2015-09-30": "-80.14900", "2015-06-30": "-7.12730", "2015-03-31": "2.40920", "2014-12-31": "10.96280", "2014-09-30": "2.78280", "2014-06-30": "10.58900", "2014-03-31": "7.63290", "2013-12-31": "3.95680", "2013-09-30": "16.10620", "2013-06-30": "9.75190", "2013-03-31": "13.24630", "2012-12-31": "14.46860", "2012-09-30": "12.76510", "2012-06-30": "21.41760", "2012-03-31": "20.53720", "2011-12-31": "19.25740", "2011-09-30": "19.12670", "2011-06-30": "21.40920", "2011-03-31": "20.05980", "2010-12-31": "18.10010", "2010-09-30": "12.30800", "2010-06-30": "14.96070", "2010-03-31": "2.46390", "2009-12-31": "-11.27600", "2009-09-30": "-16.14950", "2009-06-30": "-18.84600", "2009-03-31": "9.24320", "2008-12-31": "31.57280", "2008-09-30": "27.24620", "2008-06-30": "24.16990", "2008-03-31": "23.84760", "2007-12-31": "31.76700", "2007-09-30": "27.64800", "2007-06-30": "41.11910", "2007-03-31": "32.79560", "2006-12-31": "37.92130", "2006-09-30": "41.94680", "2006-06-30": "42.58660", "2006-03-31": "41.48610", "2005-12-31": "38.96040", "2005-09-30": "35.91620", "2005-06-30": "30.06860", "2005-03-31": "26.29940"}, "Net Profit Margin": {"2020-09-30": "-54.12300", "2020-06-30": "-60.04150", "2020-03-31": "-97.48730", "2019-12-31": "-17.45350", "2019-09-30": "-43.73270", "2019-06-30": "-7.31720", "2019-03-31": "-4.06350", "2018-12-31": "-25.28450", "2018-09-30": "-8.65060", "2018-06-30": "-1.25380", "2018-03-31": "-4.25340", "2017-12-31": "24.79660", "2017-09-30": "-4.92990", "2017-06-30": "-15.91610", "2017-03-31": "-20.82050", "2016-12-31": "-32.26130", "2016-09-30": "-40.81980", "2016-06-30": "-43.84580", "2016-03-31": "-25.96200", "2015-12-31": "-17.35850", "2015-09-30": "-53.51750", "2015-06-30": "-3.97180", "2015-03-31": "1.37430", "2014-12-31": "6.32390", "2014-09-30": "1.87030", "2014-06-30": "7.09440", "2014-03-31": "5.08270", "2013-12-31": "2.49160", "2013-09-30": "10.07130", "2013-06-30": "6.12390", "2013-03-31": "8.35750", "2012-12-31": "8.93710", "2012-09-30": "7.82190", "2012-06-30": "13.46800", "2012-03-31": "12.94130", "2011-12-31": "12.08800", "2011-09-30": "12.15860", "2011-06-30": "13.60490", "2011-03-31": "12.55750", "2010-12-31": "10.64990", "2010-09-30": "7.75730", "2010-06-30": "9.61850", "2010-03-31": "1.54120", "2009-12-31": "-8.50780", "2009-09-30": "-11.63640", "2009-06-30": "-12.62870", "2009-03-31": "6.04120", "2008-12-31": "18.72560", "2008-09-30": "17.87020", "2008-06-30": "15.47110", "2008-03-31": "15.34210", "2007-12-31": "21.68670", "2007-09-30": "18.73680", "2007-06-30": "26.70540", "2007-03-31": "21.16630", "2006-12-31": "24.48660", "2006-09-30": "27.60900", "2006-06-30": "26.96080", "2006-03-31": "26.64330", "2005-12-31": "25.26140", "2005-09-30": "22.67890", "2005-06-30": "18.98480", "2005-03-31": "16.60620"}, "Asset Turnover": {"2020-09-30": "0.05930", "2020-06-30": "0.06910", "2020-03-31": "0.11520", "2019-12-31": "0.11090", "2019-09-30": "0.12980", "2019-06-30": "0.13020", "2019-03-31": "0.13120", "2018-12-31": "0.14550", "2018-09-30": "0.14910", "2018-06-30": "0.14350", "2018-03-31": "0.13450", "2017-12-31": "0.13670", "2017-09-30": "0.12520", "2017-06-30": "0.10720", "2017-03-31": "0.07300", "2016-12-31": "0.06540", "2016-09-30": "0.05270", "2016-06-30": "0.04600", "2016-03-31": "0.06110", "2015-12-31": "0.07470", "2015-09-30": "0.09030", "2015-06-30": "0.09360", "2015-03-31": "0.12570", "2014-12-31": "0.16710", "2014-09-30": "0.17020", "2014-06-30": "0.15430", "2014-03-31": "0.14090", "2013-12-31": "0.14050", "2013-09-30": "0.15630", "2013-06-30": "0.14140", "2013-03-31": "0.14320", "2012-12-31": "0.14320", "2012-09-30": "0.14400", "2012-06-30": "0.15330", "2012-03-31": "0.17090", "2011-12-31": "0.17160", "2011-09-30": "0.16900", "2011-06-30": "0.15880", "2011-03-31": "0.15840", "2010-12-31": "0.14770", "2010-09-30": "0.12630", "2010-06-30": "0.10960", "2010-03-31": "0.09900", "2009-12-31": "0.08020", "2009-09-30": "0.06040", "2009-06-30": "0.05300", "2009-03-31": "0.10110", "2008-12-31": "0.15650", "2008-09-30": "0.22890", "2008-06-30": "0.20370", "2008-03-31": "0.20240", "2007-12-31": "0.15920", "2007-09-30": "0.21590", "2007-06-30": "0.21990", "2007-03-31": "0.24550", "2006-12-31": "0.29120", "2006-09-30": "0.32160", "2006-06-30": "0.32790", "2006-03-31": "0.29460", "2005-12-31": "0.29580", "2005-09-30": "0.27310", "2005-06-30": "0.25690", "2005-03-31": "0.24400"}, "Inventory Turnover Ratio": {"2020-09-30": "3.93530", "2020-06-30": "4.45040", "2020-03-31": "9.09740", "2019-12-31": "11.95530", "2019-09-30": "11.28880", "2019-06-30": "6.55920", "2019-03-31": "7.09800", "2018-12-31": "9.08640", "2018-09-30": "8.84010", "2018-06-30": "7.66110", "2018-03-31": "7.92630", "2017-12-31": "8.46940", "2017-09-30": "11.73470", "2017-06-30": "11.82410", "2017-03-31": "10.94890", "2016-12-31": "9.48350", "2016-09-30": "7.73680", "2016-06-30": "11.70650", "2016-03-31": "12.76180", "2015-12-31": "15.41310", "2015-09-30": "15.94730", "2015-06-30": "13.20500", "2015-03-31": "15.11090", "2014-12-31": "18.58170", "2014-09-30": "19.28830", "2014-06-30": "17.53430", "2014-03-31": "20.03890", "2013-12-31": "20.05340", "2013-09-30": "18.43210", "2013-06-30": "18.12360", "2013-03-31": "18.21690", "2012-12-31": "15.05070", "2012-09-30": "15.45700", "2012-06-30": "15.09140", "2012-03-31": "15.82080", "2011-12-31": "14.00680", "2011-09-30": "16.28980", "2011-06-30": "14.89070", "2011-03-31": "18.45170", "2010-12-31": "17.46290", "2010-09-30": "23.90220", "2010-06-30": "19.65670", "2010-03-31": "18.85170", "2009-12-31": "20.44120", "2009-09-30": "2.97620", "2009-06-30": "2.09100", "2009-03-31": "3.71790", "2008-12-31": "5.21730", "2008-09-30": "8.85660", "2008-06-30": "7.99400", "2008-03-31": "7.40970", "2007-12-31": "4.42380", "2007-09-30": "6.77410", "2007-06-30": "6.77770", "2007-03-31": "6.66380", "2006-12-31": "7.24230", "2006-09-30": "9.08210", "2006-06-30": "9.42540", "2006-03-31": "8.79440", "2005-12-31": "9.43490", "2005-09-30": "11.71570", "2005-06-30": "9.99410", "2005-03-31": "11.66860"}, "Receiveable Turnover": {"2020-09-30": "1.52190", "2020-06-30": "1.50190", "2020-03-31": "1.36180", "2019-12-31": "1.42240", "2019-09-30": "1.43470", "2019-06-30": "1.33240", "2019-03-31": "1.27550", "2018-12-31": "1.41390", "2018-09-30": "1.33780", "2018-06-30": "1.41480", "2018-03-31": "1.35310", "2017-12-31": "1.35400", "2017-09-30": "1.25650", "2017-06-30": "1.32530", "2017-03-31": "1.43740", "2016-12-31": "1.64350", "2016-09-30": "1.37560", "2016-06-30": "1.17360", "2016-03-31": "1.22190", "2015-12-31": "1.33750", "2015-09-30": "1.26930", "2015-06-30": "1.42430", "2015-03-31": "1.35610", "2014-12-31": "1.20950", "2014-09-30": "1.42510", "2014-06-30": "1.48260", "2014-03-31": "1.39560", "2013-12-31": "1.45900", "2013-09-30": "1.49530", "2013-06-30": "1.30770", "2013-03-31": "1.35790", "2012-12-31": "1.40220", "2012-09-30": "1.36490", "2012-06-30": "1.28340", "2012-03-31": "1.33310", "2011-12-31": "1.39860", "2011-09-30": "1.42690", "2011-06-30": "1.47230", "2011-03-31": "1.24410", "2010-12-31": "1.22670", "2010-09-30": "1.52550", "2010-06-30": "1.55450", "2010-03-31": "0.93280", "2009-12-31": "0.75370", "2009-09-30": "1.37410", "2009-06-30": "1.26850", "2009-03-31": "1.34620", "2008-12-31": "0.99950", "2008-09-30": "1.36280", "2008-06-30": "1.31590", "2008-03-31": "1.39460", "2007-12-31": "1.05130", "2007-09-30": "1.34520", "2007-06-30": "1.22230", "2007-03-31": "1.34390", "2006-12-31": "1.30400", "2006-09-30": "1.33470", "2006-06-30": "1.25730", "2006-03-31": "1.28900", "2005-12-31": "1.25880", "2005-09-30": "1.30010", "2005-06-30": "1.31760", "2005-03-31": "1.29860"}, "Days Sales In Receivables": {"2020-09-30": "59.13670", "2020-06-30": "59.92310", "2020-03-31": "66.08740", "2019-12-31": "63.27210", "2019-09-30": "62.73220", "2019-06-30": "67.54480", "2019-03-31": "70.56080", "2018-12-31": "63.65260", "2018-09-30": "67.27230", "2018-06-30": "63.61350", "2018-03-31": "66.51490", "2017-12-31": "66.47180", "2017-09-30": "71.62520", "2017-06-30": "67.91060", "2017-03-31": "62.61260", "2016-12-31": "54.76000", "2016-09-30": "65.42660", "2016-06-30": "76.68610", "2016-03-31": "73.65680", "2015-12-31": "67.28770", "2015-09-30": "70.90470", "2015-06-30": "63.18830", "2015-03-31": "66.36580", "2014-12-31": "74.41220", "2014-09-30": "63.15260", "2014-06-30": "60.70410", "2014-03-31": "64.48730", "2013-12-31": "61.68530", "2013-09-30": "60.18870", "2013-06-30": "68.82550", "2013-03-31": "66.27900", "2012-12-31": "64.18460", "2012-09-30": "65.93760", "2012-06-30": "70.12680", "2012-03-31": "67.51290", "2011-12-31": "64.34830", "2011-09-30": "63.07310", "2011-06-30": "61.12700", "2011-03-31": "72.33880", "2010-12-31": "73.36800", "2010-09-30": "58.99840", "2010-06-30": "57.89670", "2010-03-31": "96.48430", "2009-12-31": "119.41360", "2009-09-30": "65.49770", "2009-06-30": "70.95030", "2009-03-31": "66.85550", "2008-12-31": "90.04140", "2008-09-30": "66.03980", "2008-06-30": "68.39320", "2008-03-31": "64.53390", "2007-12-31": "85.60680", "2007-09-30": "66.90700", "2007-06-30": "73.62990", "2007-03-31": "66.97170", "2006-12-31": "69.01800", "2006-09-30": "67.42910", "2006-06-30": "71.58250", "2006-03-31": "69.81900", "2005-12-31": "71.49870", "2005-09-30": "69.22630", "2005-06-30": "68.30820", "2005-03-31": "69.30470"}, "ROE - Return On Equity": {"2020-09-30": "-5.28930", "2020-06-30": "-6.74480", "2020-03-31": "-18.27410", "2019-12-31": "-3.03230", "2019-09-30": "-8.89300", "2019-06-30": "-1.50830", "2019-03-31": "-0.84080", "2018-12-31": "-5.74110", "2018-09-30": "-1.99820", "2018-06-30": "-0.27610", "2018-03-31": "-0.87470", "2017-12-31": "4.90650", "2017-09-30": "-0.93980", "2017-06-30": "-2.54810", "2017-03-31": "-2.38720", "2016-12-31": "-3.47410", "2016-09-30": "-3.62040", "2016-06-30": "-3.57500", "2016-03-31": "-2.83200", "2015-12-31": "-2.29030", "2015-09-30": "-8.58870", "2015-06-30": "-0.66160", "2015-03-31": "0.31480", "2014-12-31": "1.98170", "2014-09-30": "0.55870", "2014-06-30": "1.90640", "2014-03-31": "1.24820", "2013-12-31": "0.60200", "2013-09-30": "2.71220", "2013-06-30": "1.49290", "2013-03-31": "2.08310", "2012-12-31": "2.22900", "2012-09-30": "1.92140", "2012-06-30": "3.51950", "2012-03-31": "3.72060", "2011-12-31": "3.48060", "2011-09-30": "3.37610", "2011-06-30": "3.47240", "2011-03-31": "3.17060", "2010-12-31": "2.50550", "2010-09-30": "1.37640", "2010-06-30": "1.40050", "2010-03-31": "0.20060", "2009-12-31": "-0.77290", "2009-09-30": "-0.80020", "2009-06-30": "-0.79650", "2009-03-31": "0.74030", "2008-12-31": "4.05700", "2008-09-30": "5.19430", "2008-06-30": "3.95970", "2008-03-31": "3.94930", "2007-12-31": "4.26970", "2007-09-30": "5.32840", "2007-06-30": "7.74060", "2007-03-31": "6.93140", "2006-12-31": "10.00460", "2006-09-30": "12.40740", "2006-06-30": "11.53330", "2006-03-31": "10.41820", "2005-12-31": "9.81620", "2005-09-30": "8.17620", "2005-06-30": "6.30610", "2005-03-31": "5.42620"}, "Return On Tangible Equity": {"2020-09-30": "-5.37340", "2020-06-30": "-6.86280", "2020-03-31": "-18.61560", "2019-12-31": "-3.59570", "2019-09-30": "-10.49530", "2019-06-30": "-1.76230", "2019-03-31": "-0.97750", "2018-12-31": "-6.64670", "2018-09-30": "-2.44110", "2018-06-30": "-0.33520", "2018-03-31": "-1.06060", "2017-12-31": "5.92950", "2017-09-30": "-1.10370", "2017-06-30": "-2.99540", "2017-03-31": "-2.46890", "2016-12-31": "-3.61720", "2016-09-30": "-3.76610", "2016-06-30": "-3.71550", "2016-03-31": "-2.94030", "2015-12-31": "-2.37620", "2015-09-30": "-8.90530", "2015-06-30": "-0.71630", "2015-03-31": "0.34070", "2014-12-31": "2.14460", "2014-09-30": "0.59630", "2014-06-30": "2.03300", "2014-03-31": "1.32750", "2013-12-31": "0.64090", "2013-09-30": "2.88950", "2013-06-30": "1.59160", "2013-03-31": "2.22350", "2012-12-31": "2.38370", "2012-09-30": "2.05550", "2012-06-30": "3.76820", "2012-03-31": "3.98680", "2011-12-31": "3.74170", "2011-09-30": "3.64100", "2011-06-30": "3.75620", "2011-03-31": "3.44290", "2010-12-31": "2.72970", "2010-09-30": "1.43430", "2010-06-30": "1.46020", "2010-03-31": "0.20920", "2009-12-31": "-0.80630", "2009-09-30": "-0.83450", "2009-06-30": "-0.83030", "2009-03-31": "0.77140", "2008-12-31": "4.22850", "2008-09-30": "5.44450", "2008-06-30": "4.15400", "2008-03-31": "4.15320", "2007-12-31": "4.49790", "2007-09-30": "5.62190", "2007-06-30": "8.17690", "2007-03-31": "7.35490", "2006-12-31": "10.68180", "2006-09-30": "13.28530", "2006-06-30": "12.35540", "2006-03-31": "11.14340", "2005-12-31": "10.58310", "2005-09-30": "8.86730", "2005-06-30": "6.90190", "2005-03-31": "5.99210"}, "ROA - Return On Assets": {"2020-09-30": "-3.21120", "2020-06-30": "-4.14730", "2020-03-31": "-11.23230", "2019-12-31": "-1.93540", "2019-09-30": "-5.67830", "2019-06-30": "-0.95240", "2019-03-31": "-0.53310", "2018-12-31": "-3.67920", "2018-09-30": "-1.28940", "2018-06-30": "-0.17990", "2018-03-31": "-0.57210", "2017-12-31": "3.39310", "2017-09-30": "-0.61700", "2017-06-30": "-1.70580", "2017-03-31": "-1.52060", "2016-12-31": "-2.07090", "2016-09-30": "-2.15260", "2016-06-30": "-2.03890", "2016-03-31": "-1.60300", "2015-12-31": "-1.29500", "2015-09-30": "-4.83050", "2015-06-30": "-0.37580", "2015-03-31": "0.17440", "2014-12-31": "1.06750", "2014-09-30": "0.32160", "2014-06-30": "1.10590", "2014-03-31": "0.72350", "2013-12-31": "0.35400", "2013-09-30": "1.59100", "2013-06-30": "0.87420", "2013-03-31": "1.20740", "2012-12-31": "1.29160", "2012-09-30": "1.13660", "2012-06-30": "2.08300", "2012-03-31": "2.22910", "2011-12-31": "2.07480", "2011-09-30": "2.05500", "2011-06-30": "2.16110", "2011-03-31": "1.99890", "2010-12-31": "1.60120", "2010-09-30": "0.98000", "2010-06-30": "1.05460", "2010-03-31": "0.15260", "2009-12-31": "-0.60440", "2009-09-30": "-0.63570", "2009-06-30": "-0.63710", "2009-03-31": "0.59720", "2008-12-31": "3.18090", "2008-09-30": "4.09040", "2008-06-30": "3.15110", "2008-03-31": "3.10570", "2007-12-31": "3.28390", "2007-09-30": "4.04550", "2007-06-30": "5.87120", "2007-03-31": "5.19600", "2006-12-31": "7.12970", "2006-09-30": "8.87830", "2006-06-30": "8.84000", "2006-03-31": "7.81430", "2005-12-31": "7.47250", "2005-09-30": "6.19320", "2005-06-30": "4.87810", "2005-03-31": "4.05130"}, "ROI - Return On Investment": {"2020-09-30": "-3.63180", "2020-06-30": "-4.70370", "2020-03-31": "-12.99360", "2019-12-31": "-2.26100", "2019-09-30": "-6.68860", "2019-06-30": "-1.12430", "2019-03-31": "-0.63270", "2018-12-31": "-4.35170", "2018-09-30": "-1.53950", "2018-06-30": "-0.21430", "2018-03-31": "-0.68110", "2017-12-31": "4.26520", "2017-09-30": "-0.80560", "2017-06-30": "-2.18630", "2017-03-31": "-1.94900", "2016-12-31": "-2.74390", "2016-09-30": "-2.87920", "2016-06-30": "-2.73200", "2016-03-31": "-2.16660", "2015-12-31": "-1.75150", "2015-09-30": "-6.55750", "2015-06-30": "-0.51310", "2015-03-31": "0.24380", "2014-12-31": "1.61030", "2014-09-30": "0.45200", "2014-06-30": "1.54000", "2014-03-31": "1.00360", "2013-12-31": "0.48250", "2013-09-30": "2.17040", "2013-06-30": "1.19260", "2013-03-31": "1.65900", "2012-12-31": "1.76590", "2012-09-30": "1.56610", "2012-06-30": "2.86560", "2012-03-31": "3.24840", "2011-12-31": "3.02140", "2011-09-30": "2.91380", "2011-06-30": "2.98110", "2011-03-31": "2.70380", "2010-12-31": "2.12430", "2010-09-30": "1.31770", "2010-06-30": "1.40050", "2010-03-31": "0.20060", "2009-12-31": "-0.77290", "2009-09-30": "-0.80020", "2009-06-30": "-0.79650", "2009-03-31": "0.74030", "2008-12-31": "4.05700", "2008-09-30": "5.19430", "2008-06-30": "3.95970", "2008-03-31": "3.94930", "2007-12-31": "4.26970", "2007-09-30": "5.32840", "2007-06-30": "7.74060", "2007-03-31": "6.93140", "2006-12-31": "10.00460", "2006-09-30": "12.40740", "2006-06-30": "11.53330", "2006-03-31": "10.41820", "2005-12-31": "9.81620", "2005-09-30": "8.17620", "2005-06-30": "6.30610", "2005-03-31": "5.42620"}, "Book Value Per Share": {"2020-09-30": "11.30580", "2020-06-30": "11.90380", "2020-03-31": "12.76520", "2019-12-31": "14.75570", "2019-09-30": "15.12990", "2019-06-30": "16.19710", "2019-03-31": "16.34320", "2018-12-31": "16.41010", "2018-09-30": "17.28950", "2018-06-30": "17.65220", "2018-03-31": "17.75740", "2017-12-31": "17.90240", "2017-09-30": "16.81790", "2017-06-30": "16.95880", "2017-03-31": "16.00210", "2016-12-31": "15.18040", "2016-09-30": "15.69100", "2016-06-30": "16.25760", "2016-03-31": "16.91590", "2015-12-31": "17.40280", "2015-09-30": "17.87670", "2015-06-30": "19.48380", "2015-03-31": "19.79240", "2014-12-31": "19.84250", "2014-09-30": "19.52980", "2014-06-30": "19.48440", "2014-03-31": "19.27860", "2013-12-31": "19.10980", "2013-09-30": "19.02140", "2013-06-30": "18.53420", "2013-03-31": "18.43450", "2012-12-31": "18.09750", "2012-09-30": "17.70810", "2012-06-30": "17.32370", "2012-03-31": "16.77810", "2011-12-31": "16.15210", "2011-09-30": "15.59340", "2011-06-30": "15.11340", "2011-03-31": "14.64600", "2010-12-31": "14.18740", "2010-09-30": "13.84740", "2010-06-30": "13.67800", "2010-03-31": "13.59070", "2009-12-31": "13.55180", "2009-09-30": "13.67920", "2009-06-30": "13.80470", "2009-03-31": "13.97140", "2008-12-31": "13.89300", "2008-09-30": "13.53930", "2008-06-30": "13.12920", "2008-03-31": "12.71080", "2007-12-31": "12.31640", "2007-09-30": "11.89210", "2007-06-30": "11.46980", "2007-03-31": "10.66720", "2006-12-31": "9.98110", "2006-09-30": "9.37440", "2006-06-30": "8.96480", "2006-03-31": "8.81560", "2005-12-31": "7.92740", "2005-09-30": "7.52950", "2005-06-30": "6.84000", "2005-03-31": "6.33530"}, "Operating Cash Flow Per Share": {"2020-09-30": 0.3374, "2020-06-30": 0.7908, "2020-03-31": "0.38440", "2019-12-31": 0.5001, "2019-09-30": 1.1683, "2019-06-30": 0.8928, "2019-03-31": "0.86770", "2018-12-31": 1.1005, "2018-09-30": 0.8772, "2018-06-30": 0.6849, "2018-03-31": "0.67920", "2017-12-31": 0.8849, "2017-09-30": 0.543, "2017-06-30": 0.0418, "2017-03-31": "0.03470", "2016-12-31": 0.3597, "2016-09-30": 0.4804, "2016-06-30": 0.4664, "2016-03-31": "0.78020", "2015-12-31": 1.3394, "2015-09-30": 1.1244, "2015-06-30": 1.6305, "2015-03-31": "2.77870", "2014-12-31": 1.1599, "2014-09-30": 1.3863, "2014-06-30": 1.2294, "2014-03-31": "1.23710", "2013-12-31": 1.6019, "2013-09-30": 1.8966, "2013-06-30": 1.1901, "2013-03-31": "1.42880", "2012-12-31": 1.4296, "2012-09-30": 1.973, "2012-06-30": 1.5279, "2012-03-31": "1.69670", "2011-12-31": 1.3371, "2011-09-30": 1.4581, "2011-06-30": 1.6784, "2011-03-31": "1.11930", "2010-12-31": 0.8181, "2010-09-30": 0.6912, "2010-06-30": 1.3474, "2010-03-31": "0.57300", "2009-12-31": 0.2673, "2009-09-30": 0.3928, "2009-06-30": 0.9118, "2009-03-31": "1.41150", "2008-12-31": -2.9508, "2008-09-30": 1.2065, "2008-06-30": 0.5746, "2008-03-31": "1.17840", "2007-12-31": 1.0919, "2007-09-30": 1.2662, "2007-06-30": 0.869, "2007-03-31": "1.95910", "2006-12-31": 1.2954, "2006-09-30": 1.6482, "2006-06-30": 0.7081, "2006-03-31": "1.34890", "2005-12-31": 0.8201, "2005-09-30": 0.911, "2005-06-30": 0.4338, "2005-03-31": "0.48510"}, "Free Cash Flow Per Share": {"2020-09-30": 0.324, "2020-06-30": 0.533, "2020-03-31": "0.02960", "2019-12-31": 0.2723, "2019-09-30": 0.7954, "2019-06-30": 0.4618, "2019-03-31": "0.41320", "2018-12-31": 0.4587, "2018-09-30": 0.1502, "2018-06-30": -0.1534, "2018-03-31": "0.16910", "2017-12-31": -0.2778, "2017-09-30": -0.072, "2017-06-30": -0.4467, "2017-03-31": "-0.23130", "2016-12-31": 0.1145, "2016-09-30": 0.3264, "2016-06-30": 0.3069, "2016-03-31": "0.66910", "2015-12-31": 0.4339, "2015-09-30": 0.1752, "2015-06-30": 0.1303, "2015-03-31": "1.16190", "2014-12-31": -0.7392, "2014-09-30": -0.4854, "2014-06-30": -0.8812, "2014-03-31": "0.10830", "2013-12-31": 0.3803, "2013-09-30": 0.8713, "2013-06-30": 0.131, "2013-03-31": "0.24710", "2012-12-31": -0.0337, "2012-09-30": 0.4, "2012-06-30": 0.244, "2012-03-31": "0.03160", "2011-12-31": -0.4742, "2011-09-30": -0.3988, "2011-06-30": 0.1456, "2011-03-31": "-0.04840", "2010-12-31": -0.6488, "2010-09-30": -0.6756, "2010-06-30": 0.2671, "2010-03-31": "-0.13650", "2009-12-31": -0.4062, "2009-09-30": -0.2696, "2009-06-30": -0.118, "2009-03-31": "0.82270", "2008-12-31": -3.6984, "2008-09-30": 0.2441, "2008-06-30": 0.0129, "2008-03-31": "0.63850", "2007-12-31": 0.177, "2007-09-30": 0.4302, "2007-06-30": 0.0777, "2007-03-31": "0.85820", "2006-12-31": 0.2957, "2006-09-30": 0.6137, "2006-06-30": -0.1261, "2006-03-31": "0.71110", "2005-12-31": 0.1388, "2005-09-30": 0.3634, "2005-06-30": -0.0558, "2005-03-31": "0.08910"}}, "revenue": {"Patterson-UTI Energy Annual Revenue (Millions of US $)": {"2020": "$1,124", "2019": "$2,471", "2018": "$3,327", "2017": "$2,357", "2016": "$916", "2015": "$1,891", "2014": "$3,182", "2013": "$2,716", "2012": "$2,723", "2011": "$2,566", "2010": "$1,463", "2009": "$782", "2008": "$2,064", "2007": "$1,986", "2006": "$2,547", "2005": "$1,740"}, "Patterson-UTI Energy Quarterly Revenue (Millions of US $)": {"2020-12-31": "$221", "2020-09-30": "$207", "2020-06-30": "$250", "2020-03-31": "$446", "2019-12-31": "$492", "2019-09-30": "$598", "2019-06-30": "$676", "2019-03-31": "$704", "2018-12-31": "$796", "2018-09-30": "$867", "2018-06-30": "$854", "2018-03-31": "$809", "2017-12-31": "$787", "2017-09-30": "$685", "2017-06-30": "$579", "2017-03-31": "$305", "2016-12-31": "$247", "2016-09-30": "$206", "2016-06-30": "$194", "2016-03-31": "$269", "2015-12-31": "$339", "2015-09-30": "$422", "2015-06-30": "$473", "2015-03-31": "$658", "2014-12-31": "$901", "2014-09-30": "$846", "2014-06-30": "$757", "2014-03-31": "$678", "2013-12-31": "$659", "2013-09-30": "$731", "2013-06-30": "$659", "2013-03-31": "$667", "2012-12-31": "$653", "2012-09-30": "$644", "2012-06-30": "$681", "2012-03-31": "$746", "2011-12-31": "$725", "2011-09-30": "$674", "2011-06-30": "$600", "2011-03-31": "$567", "2010-12-31": "$506", "2010-09-30": "$379", "2010-06-30": "$307", "2010-03-31": "$272", "2009-12-31": "$214", "2009-09-30": "$160", "2009-06-30": "$140", "2009-03-31": "$268", "2008-12-31": "$425", "2008-09-30": "$609", "2008-06-30": "$526", "2008-03-31": "$505", "2007-12-31": "$392", "2007-09-30": "$524", "2007-06-30": "$523", "2007-03-31": "$547", "2006-12-31": "$638", "2006-09-30": "$674", "2006-06-30": "$637", "2006-03-31": "$598", "2005-12-31": "$531", "2005-09-30": "$469", "2005-06-30": "$390", "2005-03-31": "$351"}}, "gross-profit": {"Patterson-UTI Energy Annual Gross Profit (Millions of US $)": {"2020": "$322", "2019": "$697", "2018": "$925", "2017": "$639", "2016": "$267", "2015": "$659", "2014": "$1,066", "2013": "$990", "2012": "$1,056", "2011": "$1,022", "2010": "$565", "2009": "$293", "2008": "$865", "2007": "$907", "2006": "$1,303", "2005": "$801"}, "Patterson-UTI Energy Quarterly Gross Profit (Millions of US $)": {"2020-12-31": "$52", "2020-09-30": "$75", "2020-06-30": "$95", "2020-03-31": "$135", "2019-12-31": "$58", "2019-09-30": "$177", "2019-06-30": "$226", "2019-03-31": "$237", "2018-12-31": "$200", "2018-09-30": "$254", "2018-06-30": "$233", "2018-03-31": "$238", "2017-12-31": "$202", "2017-09-30": "$208", "2017-06-30": "$152", "2017-03-31": "$78", "2016-12-31": "$55", "2016-09-30": "$53", "2016-06-30": "$59", "2016-03-31": "$100", "2015-12-31": "$112", "2015-09-30": "$144", "2015-06-30": "$173", "2015-03-31": "$229", "2014-12-31": "$302", "2014-09-30": "$283", "2014-06-30": "$257", "2014-03-31": "$224", "2013-12-31": "$233", "2013-09-30": "$283", "2013-06-30": "$225", "2013-03-31": "$249", "2012-12-31": "$248", "2012-09-30": "$246", "2012-06-30": "$268", "2012-03-31": "$294", "2011-12-31": "$286", "2011-09-30": "$258", "2011-06-30": "$250", "2011-03-31": "$228", "2010-12-31": "$205", "2010-09-30": "$151", "2010-06-30": "$114", "2010-03-31": "$95", "2009-12-31": "$72", "2009-09-30": "$56", "2009-06-30": "$56", "2009-03-31": "$109", "2008-12-31": "$205", "2008-09-30": "$251", "2008-06-30": "$207", "2008-03-31": "$201", "2007-12-31": "$196", "2007-09-30": "$226", "2007-06-30": "$233", "2007-03-31": "$251", "2006-12-31": "$320", "2006-09-30": "$346", "2006-06-30": "$332", "2006-03-31": "$305", "2005-12-31": "$268", "2005-09-30": "$224", "2005-06-30": "$171", "2005-03-31": "$139"}}, "operating-income": {"Patterson-UTI Energy Annual Operating Income (Millions of US $)": {"2020": "$-892", "2019": "$-462", "2018": "$-322", "2017": "$-293", "2016": "$-456", "2015": "$-407", "2014": "$283", "2013": "$322", "2012": "$497", "2011": "$526", "2010": "$201", "2009": "$-48", "2008": "$546", "2007": "$663", "2006": "$1,039", "2005": "$581"}, "Patterson-UTI Energy Quarterly Operating Income (Millions of US $)": {"2020-12-31": "$-124", "2020-09-30": "$-115", "2020-06-30": "$-159", "2020-03-31": "$-494", "2019-12-31": "$-83", "2019-09-30": "$-307", "2019-06-30": "$-48", "2019-03-31": "$-23", "2018-12-31": "$-211", "2018-09-30": "$-80", "2018-06-30": "$-9", "2018-03-31": "$-22", "2017-12-31": "$-22", "2017-09-30": "$-38", "2017-06-30": "$-140", "2017-03-31": "$-93", "2016-12-31": "$-113", "2016-09-30": "$-123", "2016-06-30": "$-124", "2016-03-31": "$-95", "2015-12-31": "$-77", "2015-09-30": "$-330", "2015-06-30": "$-25", "2015-03-31": "$24", "2014-12-31": "$107", "2014-09-30": "$30", "2014-06-30": "$87", "2014-03-31": "$59", "2013-12-31": "$32", "2013-09-30": "$125", "2013-06-30": "$71", "2013-03-31": "$95", "2012-12-31": "$100", "2012-09-30": "$89", "2012-06-30": "$151", "2012-03-31": "$158", "2011-12-31": "$144", "2011-09-30": "$132", "2011-06-30": "$132", "2011-03-31": "$118", "2010-12-31": "$95", "2010-09-30": "$53", "2010-06-30": "$46", "2010-03-31": "$8", "2009-12-31": "$-23", "2009-09-30": "$-25", "2009-06-30": "$-26", "2009-03-31": "$25", "2008-12-31": "$134", "2008-09-30": "$165", "2008-06-30": "$126", "2008-03-31": "$120", "2007-12-31": "$124", "2007-09-30": "$144", "2007-06-30": "$215", "2007-03-31": "$180", "2006-12-31": "$243", "2006-09-30": "$282", "2006-06-30": "$269", "2006-03-31": "$246", "2005-12-31": "$205", "2005-09-30": "$167", "2005-06-30": "$117", "2005-03-31": "$92"}}, "ebitda": {"Patterson-UTI Energy Annual EBITDA (Millions of US $)": {"2019": "$561", "2018": "$806", "2017": "$491", "2016": "$214", "2015": "$584", "2014": "$1,003", "2013": "$920", "2012": "$1,024", "2011": "$963", "2010": "$534", "2009": "$242", "2008": "$822", "2007": "$910", "2006": "$1,236", "2005": "$738"}, "Patterson-UTI Energy Quarterly EBITDA (Millions of US $)": {"2020-09-30": "$43", "2020-06-30": "$14", "2020-03-31": "$88", "2019-12-31": "$98", "2019-09-30": "$111", "2019-06-30": "$161", "2019-03-31": "$191", "2018-12-31": "$213", "2018-09-30": "$202", "2018-06-30": "$204", "2018-03-31": "$188", "2017-12-31": "$190", "2017-09-30": "$159", "2017-06-30": "$79", "2017-03-31": "$64", "2016-12-31": "$44", "2016-09-30": "$42", "2016-06-30": "$47", "2016-03-31": "$82", "2015-12-31": "$99", "2015-09-30": "$128", "2015-06-30": "$158", "2015-03-31": "$200", "2014-12-31": "$288", "2014-09-30": "$268", "2014-06-30": "$241", "2014-03-31": "$206", "2013-12-31": "$215", "2013-09-30": "$265", "2013-06-30": "$208", "2013-03-31": "$231", "2012-12-31": "$233", "2012-09-30": "$231", "2012-06-30": "$279", "2012-03-31": "$281", "2011-12-31": "$272", "2011-09-30": "$243", "2011-06-30": "$235", "2011-03-31": "$214", "2010-12-31": "$188", "2010-09-30": "$138", "2010-06-30": "$125", "2010-03-31": "$84", "2009-12-31": "$59", "2009-09-30": "$45", "2009-06-30": "$42", "2009-03-31": "$95", "2008-12-31": "$213", "2008-09-30": "$233", "2008-06-30": "$192", "2008-03-31": "$184", "2007-12-31": "$188", "2007-09-30": "$211", "2007-06-30": "$275", "2007-03-31": "$236", "2006-12-31": "$299", "2006-09-30": "$331", "2006-06-30": "$316", "2006-03-31": "$289", "2005-12-31": "$249", "2005-09-30": "$207", "2005-06-30": "$154", "2005-03-31": "$127"}}, "net-income": {"Patterson-UTI Energy Annual Net Income (Millions of US $)": {"2020": "$-804", "2019": "$-426", "2018": "$-321", "2017": "$6", "2016": "$-319", "2015": "$-294", "2014": "$161", "2013": "$186", "2012": "$297", "2011": "$322", "2010": "$117", "2009": "$-38", "2008": "$347", "2007": "$439", "2006": "$673", "2005": "$373"}, "Patterson-UTI Energy Quarterly Net Income (Millions of US $)": {"2020-12-31": "$-107", "2020-09-30": "$-112", "2020-06-30": "$-150", "2020-03-31": "$-435", "2019-12-31": "$-86", "2019-09-30": "$-262", "2019-06-30": "$-49", "2019-03-31": "$-29", "2018-12-31": "$-201", "2018-09-30": "$-75", "2018-06-30": "$-11", "2018-03-31": "$-34", "2017-12-31": "$195", "2017-09-30": "$-34", "2017-06-30": "$-92", "2017-03-31": "$-64", "2016-12-31": "$-80", "2016-09-30": "$-84", "2016-06-30": "$-85", "2016-03-31": "$-70", "2015-12-31": "$-59", "2015-09-30": "$-226", "2015-06-30": "$-19", "2015-03-31": "$9", "2014-12-31": "$57", "2014-09-30": "$16", "2014-06-30": "$54", "2014-03-31": "$34", "2013-12-31": "$16", "2013-09-30": "$74", "2013-06-30": "$40", "2013-03-31": "$56", "2012-12-31": "$58", "2012-09-30": "$50", "2012-06-30": "$92", "2012-03-31": "$97", "2011-12-31": "$88", "2011-09-30": "$82", "2011-06-30": "$82", "2011-03-31": "$71", "2010-12-31": "$54", "2010-09-30": "$29", "2010-06-30": "$30", "2010-03-31": "$4", "2009-12-31": "$-18", "2009-09-30": "$-19", "2009-06-30": "$-18", "2009-03-31": "$16", "2008-12-31": "$79", "2008-09-30": "$109", "2008-06-30": "$81", "2008-03-31": "$77", "2007-12-31": "$85", "2007-09-30": "$98", "2007-06-30": "$140", "2007-03-31": "$116", "2006-12-31": "$156", "2006-09-30": "$186", "2006-06-30": "$172", "2006-03-31": "$159", "2005-12-31": "$134", "2005-09-30": "$106", "2005-06-30": "$74", "2005-03-31": "$58"}}, "eps-earnings-per-share-diluted": {"Patterson-UTI Energy Annual EPS": {"2020": "$-4.27", "2019": "$-2.10", "2018": "$-1.47", "2017": "$0.03", "2016": "$-2.18", "2015": "$-2.00", "2014": "$1.11", "2013": "$1.28", "2012": "$1.96", "2011": "$2.06", "2010": "$0.76", "2009": "$-0.25", "2008": "$2.23", "2007": "$2.78", "2006": "$4.02", "2005": "$2.15"}, "Patterson-UTI Energy Quarterly EPS": {"2020-12-31": "$-0.57", "2020-09-30": "$-0.60", "2020-06-30": "$-0.81", "2020-03-31": "$-2.28", "2019-12-31": "$-0.41", "2019-09-30": "$-1.31", "2019-06-30": "$-0.24", "2019-03-31": "$-0.14", "2018-12-31": "$-0.92", "2018-09-30": "$-0.34", "2018-06-30": "$-0.05", "2018-03-31": "$-0.16", "2017-12-31": "$1.05", "2017-09-30": "$-0.16", "2017-06-30": "$-0.46", "2017-03-31": "$-0.40", "2016-12-31": "$-0.54", "2016-09-30": "$-0.58", "2016-06-30": "$-0.58", "2016-03-31": "$-0.48", "2015-12-31": "$-0.39", "2015-09-30": "$-1.54", "2015-06-30": "$-0.13", "2015-03-31": "$0.06", "2014-12-31": "$0.39", "2014-09-30": "$0.11", "2014-06-30": "$0.37", "2014-03-31": "$0.24", "2013-12-31": "$0.11", "2013-09-30": "$0.51", "2013-06-30": "$0.28", "2013-03-31": "$0.38", "2012-12-31": "$0.41", "2012-09-30": "$0.33", "2012-06-30": "$0.60", "2012-03-31": "$0.62", "2011-12-31": "$0.55", "2011-09-30": "$0.53", "2011-06-30": "$0.52", "2011-03-31": "$0.46", "2010-12-31": "$0.35", "2010-09-30": "$0.19", "2010-06-30": "$0.19", "2010-03-31": "$0.03", "2009-12-31": "$-0.12", "2009-09-30": "$-0.12", "2009-06-30": "$-0.12", "2009-03-31": "$0.11", "2008-12-31": "$0.52", "2008-09-30": "$0.69", "2008-06-30": "$0.52", "2008-03-31": "$0.50", "2007-12-31": "$0.55", "2007-09-30": "$0.62", "2007-06-30": "$0.88", "2007-03-31": "$0.73", "2006-12-31": "$0.99", "2006-09-30": "$1.12", "2006-06-30": "$1.00", "2006-03-31": "$0.91", "2005-12-31": "$0.77", "2005-09-30": "$0.61", "2005-06-30": "$0.43", "2005-03-31": "$0.34"}}, "shares-outstanding": {"Patterson-UTI Energy Annual Shares Outstanding (Millions of Shares)": {"2020": "188", "2019": "203", "2018": "219", "2017": "200", "2016": "146", "2015": "145", "2014": "145", "2013": "145", "2012": "152", "2011": "155", "2010": "153", "2009": "152", "2008": "154", "2007": "157", "2006": "167", "2005": "174"}, "Patterson-UTI Energy Quarterly Shares Outstanding (Millions of Shares)": {"2020-12-31": "187", "2020-09-30": "187", "2020-06-30": "187", "2020-03-31": "191", "2019-12-31": "203", "2019-09-30": "199", "2019-06-30": "207", "2019-03-31": "212", "2018-12-31": "219", "2018-09-30": "218", "2018-06-30": "220", "2018-03-31": "221", "2017-12-31": "200", "2017-09-30": "212", "2017-06-30": "201", "2017-03-31": "160", "2016-12-31": "146", "2016-09-30": "146", "2016-06-30": "146", "2016-03-31": "146", "2015-12-31": "145", "2015-09-30": "146", "2015-06-30": "145", "2015-03-31": "146", "2014-12-31": "145", "2014-09-30": "147", "2014-06-30": "146", "2014-03-31": "145", "2013-12-31": "145", "2013-09-30": "145", "2013-06-30": "146", "2013-03-31": "147", "2012-12-31": "152", "2012-09-30": "151", "2012-06-30": "154", "2012-03-31": "155", "2011-12-31": "155", "2011-09-30": "154", "2011-06-30": "156", "2011-03-31": "155", "2010-12-31": "153", "2010-09-30": "154", "2010-06-30": "153", "2010-03-31": "153", "2009-12-31": "152", "2009-09-30": "152", "2009-06-30": "152", "2009-03-31": "152", "2008-12-31": "154", "2008-09-30": "155", "2008-06-30": "156", "2008-03-31": "154", "2007-12-31": "157", "2007-09-30": "157", "2007-06-30": "158", "2007-03-31": "158", "2006-12-31": "167", "2006-09-30": "166", "2006-06-30": "172", "2006-03-31": "174", "2005-12-31": "174", "2005-09-30": "175", "2005-06-30": "173", "2005-03-31": "172"}}, "total-assets": {"Patterson-UTI Energy Annual Total Assets (Millions of US $)": {"2019": "$4,440", "2018": "$5,470", "2017": "$5,759", "2016": "$3,772", "2015": "$4,529", "2014": "$5,394", "2013": "$4,687", "2012": "$4,557", "2011": "$4,222", "2010": "$3,423", "2009": "$2,662", "2008": "$2,713", "2007": "$2,465", "2006": "$2,193", "2005": "$1,796"}, "Patterson-UTI Energy Quarterly Total Assets (Millions of US $)": {"2020-09-30": "$3,491", "2020-06-30": "$3,625", "2020-03-31": "$3,870", "2019-12-31": "$4,440", "2019-09-30": "$4,609", "2019-06-30": "$5,192", "2019-03-31": "$5,368", "2018-12-31": "$5,470", "2018-09-30": "$5,820", "2018-06-30": "$5,954", "2018-03-31": "$6,016", "2017-12-31": "$5,759", "2017-09-30": "$5,473", "2017-06-30": "$5,404", "2017-03-31": "$4,179", "2016-12-31": "$3,772", "2016-09-30": "$3,909", "2016-06-30": "$4,211", "2016-03-31": "$4,398", "2015-12-31": "$4,529", "2015-09-30": "$4,678", "2015-06-30": "$5,050", "2015-03-31": "$5,231", "2014-12-31": "$5,394", "2014-09-30": "$4,968", "2014-06-30": "$4,908", "2014-03-31": "$4,813", "2013-12-31": "$4,687", "2013-09-30": "$4,678", "2013-06-30": "$4,664", "2013-03-31": "$4,657", "2012-12-31": "$4,557", "2012-09-30": "$4,470", "2012-06-30": "$4,443", "2012-03-31": "$4,364", "2011-12-31": "$4,222", "2011-09-30": "$3,987", "2011-06-30": "$3,778", "2011-03-31": "$3,583", "2010-12-31": "$3,423", "2010-09-30": "$2,997", "2010-06-30": "$2,800", "2010-03-31": "$2,743", "2009-12-31": "$2,662", "2009-09-30": "$2,645", "2009-06-30": "$2,651", "2009-03-31": "$2,652", "2008-12-31": "$2,713", "2008-09-30": "$2,659", "2008-06-30": "$2,584", "2008-03-31": "$2,492", "2007-12-31": "$2,465", "2007-09-30": "$2,427", "2007-06-30": "$2,377", "2007-03-31": "$2,229", "2006-12-31": "$2,193", "2006-09-30": "$2,095", "2006-06-30": "$1,942", "2006-03-31": "$2,029", "2005-12-31": "$1,796", "2005-09-30": "$1,716", "2005-06-30": "$1,518", "2005-03-31": "$1,437"}}, "cash-on-hand": {"Patterson-UTI Energy Annual Cash on Hand (Millions of US $)": {"2019": "$174", "2018": "$245", "2017": "$43", "2016": "$35", "2015": "$113", "2014": "$43", "2013": "$250", "2012": "$111", "2011": "$24", "2010": "$28", "2009": "$50", "2008": "$81", "2007": "$17", "2006": "$13", "2005": "$136"}, "Patterson-UTI Energy Quarterly Cash on Hand (Millions of US $)": {"2020-09-30": "$304", "2020-06-30": "$247", "2020-03-31": "$152", "2019-12-31": "$174", "2019-09-30": "$165", "2019-06-30": "$256", "2019-03-31": "$249", "2018-12-31": "$245", "2018-09-30": "$214", "2018-06-30": "$242", "2018-03-31": "$304", "2017-12-31": "$43", "2017-09-30": "$38", "2017-06-30": "$40", "2017-03-31": "$467", "2016-12-31": "$35", "2016-09-30": "$37", "2016-06-30": "$210", "2016-03-31": "$187", "2015-12-31": "$113", "2015-09-30": "$76", "2015-06-30": "$77", "2015-03-31": "$87", "2014-12-31": "$43", "2014-09-30": "$39", "2014-06-30": "$121", "2014-03-31": "$258", "2013-12-31": "$250", "2013-09-30": "$205", "2013-06-30": "$149", "2013-03-31": "$144", "2012-12-31": "$111", "2012-09-30": "$83", "2012-06-30": "$75", "2012-03-31": "$18", "2011-12-31": "$24", "2011-09-30": "$11", "2011-06-30": "$65", "2011-03-31": "$38", "2010-12-31": "$28", "2010-09-30": "$74", "2010-06-30": "$96", "2010-03-31": "$64", "2009-12-31": "$50", "2009-09-30": "$119", "2009-06-30": "$168", "2009-03-31": "$192", "2008-12-31": "$81", "2008-09-30": "$25", "2008-06-30": "$62", "2008-03-31": "$50", "2007-12-31": "$17", "2007-09-30": "$21", "2007-06-30": "$27", "2007-03-31": "$17", "2006-12-31": "$13", "2006-09-30": "$17", "2006-06-30": "$19", "2006-03-31": "$253", "2005-12-31": "$136", "2005-09-30": "$131", "2005-06-30": "$70", "2005-03-31": "$68"}}, "long-term-debt": {"Patterson-UTI Energy Annual Long Term Debt (Millions of US $)": {"2019": "$967", "2018": "$1,119", "2017": "$599", "2016": "$598", "2015": "$788", "2014": "$670", "2013": "$683", "2012": "$693", "2011": "$383", "2010": "$393", "2009": "$", "2008": "$", "2007": "$", "2006": "$", "2005": "$"}, "Patterson-UTI Energy Quarterly Long Term Debt (Millions of US $)": {"2020-09-30": "$967", "2020-06-30": "$967", "2020-03-31": "$967", "2019-12-31": "$967", "2019-09-30": "$970", "2019-06-30": "$1,120", "2019-03-31": "$1,119", "2018-12-31": "$1,119", "2018-09-30": "$1,119", "2018-06-30": "$1,119", "2018-03-31": "$1,119", "2017-12-31": "$599", "2017-09-30": "$599", "2017-06-30": "$599", "2017-03-31": "$599", "2016-12-31": "$598", "2016-09-30": "$598", "2016-06-30": "$741", "2016-03-31": "$765", "2015-12-31": "$788", "2015-09-30": "$815", "2015-06-30": "$830", "2015-03-31": "$845", "2014-12-31": "$670", "2014-09-30": "$675", "2014-06-30": "$678", "2014-03-31": "$680", "2013-12-31": "$683", "2013-09-30": "$685", "2013-06-30": "$688", "2013-03-31": "$690", "2012-12-31": "$693", "2012-09-30": "$600", "2012-06-30": "$600", "2012-03-31": "$380", "2011-12-31": "$383", "2011-09-30": "$385", "2011-06-30": "$388", "2011-03-31": "$390", "2010-12-31": "$393", "2010-09-30": "$95", "2010-06-30": "", "2010-03-31": "", "2009-12-31": "", "2009-09-30": "", "2009-06-30": "", "2009-03-31": "", "2008-12-31": "", "2008-09-30": "", "2008-06-30": "", "2008-03-31": "", "2007-12-31": "", "2007-09-30": "", "2007-06-30": "", "2007-03-31": "", "2006-12-31": "", "2006-09-30": "", "2006-06-30": "", "2006-03-31": "", "2005-12-31": "", "2005-09-30": "", "2005-06-30": "", "2005-03-31": ""}}, "total-liabilities": {"Patterson-UTI Energy Annual Total Liabilities (Millions of US $)": {"2019": "$1,606", "2018": "$1,964", "2017": "$1,776", "2016": "$1,524", "2015": "$1,968", "2014": "$2,488", "2013": "$1,931", "2012": "$1,916", "2011": "$1,705", "2010": "$1,235", "2009": "$580", "2008": "$586", "2007": "$569", "2006": "$630", "2005": "$429"}, "Patterson-UTI Energy Quarterly Total Liabilities (Millions of US $)": {"2020-09-30": "$1,372", "2020-06-30": "$1,396", "2020-03-31": "$1,491", "2019-12-31": "$1,606", "2019-09-30": "$1,666", "2019-06-30": "$1,913", "2019-03-31": "$1,964", "2018-12-31": "$1,964", "2018-09-30": "$2,065", "2018-06-30": "$2,074", "2018-03-31": "$2,081", "2017-12-31": "$1,776", "2017-09-30": "$1,880", "2017-06-30": "$1,786", "2017-03-31": "$1,517", "2016-12-31": "$1,524", "2016-09-30": "$1,585", "2016-06-30": "$1,810", "2016-03-31": "$1,909", "2015-12-31": "$1,968", "2015-09-30": "$2,047", "2015-06-30": "$2,182", "2015-03-31": "$2,332", "2014-12-31": "$2,488", "2014-09-30": "$2,109", "2014-06-30": "$2,061", "2014-03-31": "$2,023", "2013-12-31": "$1,931", "2013-09-30": "$1,934", "2013-06-30": "$1,933", "2013-03-31": "$1,958", "2012-12-31": "$1,916", "2012-09-30": "$1,826", "2012-06-30": "$1,813", "2012-03-31": "$1,749", "2011-12-31": "$1,705", "2011-09-30": "$1,560", "2011-06-30": "$1,427", "2011-03-31": "$1,324", "2010-12-31": "$1,235", "2010-09-30": "$863", "2010-06-30": "$692", "2010-03-31": "$656", "2009-12-31": "$580", "2009-09-30": "$544", "2009-06-30": "$531", "2009-03-31": "$513", "2008-12-31": "$586", "2008-09-30": "$565", "2008-06-30": "$528", "2008-03-31": "$532", "2007-12-31": "$569", "2007-09-30": "$584", "2007-06-30": "$574", "2007-03-31": "$558", "2006-12-31": "$630", "2006-09-30": "$596", "2006-06-30": "$454", "2006-03-31": "$507", "2005-12-31": "$429", "2005-09-30": "$416", "2005-06-30": "$344", "2005-03-31": "$364"}}, "total-share-holder-equity": {"Patterson-UTI Energy Annual Share Holder Equity (Millions of US $)": {"2019": "$2,834", "2018": "$3,505", "2017": "$3,982", "2016": "$2,249", "2015": "$2,561", "2014": "$2,906", "2013": "$2,756", "2012": "$2,641", "2011": "$2,517", "2010": "$2,188", "2009": "$2,082", "2008": "$2,127", "2007": "$1,896", "2006": "$1,562", "2005": "$1,367"}, "Patterson-UTI Energy Quarterly Share Holder Equity (Millions of US $)": {"2020-09-30": "$2,120", "2020-06-30": "$2,229", "2020-03-31": "$2,379", "2019-12-31": "$2,834", "2019-09-30": "$2,943", "2019-06-30": "$3,278", "2019-03-31": "$3,403", "2018-12-31": "$3,505", "2018-09-30": "$3,755", "2018-06-30": "$3,880", "2018-03-31": "$3,935", "2017-12-31": "$3,982", "2017-09-30": "$3,593", "2017-06-30": "$3,618", "2017-03-31": "$2,662", "2016-12-31": "$2,249", "2016-09-30": "$2,324", "2016-06-30": "$2,402", "2016-03-31": "$2,489", "2015-12-31": "$2,561", "2015-09-30": "$2,631", "2015-06-30": "$2,868", "2015-03-31": "$2,899", "2014-12-31": "$2,906", "2014-09-30": "$2,859", "2014-06-30": "$2,847", "2014-03-31": "$2,790", "2013-12-31": "$2,756", "2013-09-30": "$2,744", "2013-06-30": "$2,731", "2013-03-31": "$2,699", "2012-12-31": "$2,641", "2012-09-30": "$2,644", "2012-06-30": "$2,629", "2012-03-31": "$2,614", "2011-12-31": "$2,517", "2011-09-30": "$2,427", "2011-06-30": "$2,351", "2011-03-31": "$2,259", "2010-12-31": "$2,188", "2010-09-30": "$2,134", "2010-06-30": "$2,108", "2010-03-31": "$2,087", "2009-12-31": "$2,082", "2009-09-30": "$2,101", "2009-06-30": "$2,121", "2009-03-31": "$2,139", "2008-12-31": "$2,127", "2008-09-30": "$2,094", "2008-06-30": "$2,056", "2008-03-31": "$1,960", "2007-12-31": "$1,896", "2007-09-30": "$1,843", "2007-06-30": "$1,803", "2007-03-31": "$1,671", "2006-12-31": "$1,562", "2006-09-30": "$1,499", "2006-06-30": "$1,489", "2006-03-31": "$1,522", "2005-12-31": "$1,367", "2005-09-30": "$1,300", "2005-06-30": "$1,174", "2005-03-31": "$1,073"}}, "profit-margins": {"current": "-71.49%"}, "gross margin": {"2020-12-31": "31.76%", "2020-09-30": "26.02%", "2020-06-30": "26.04%", "2020-03-31": "26.94%", "2019-12-31": "28.26%", "2019-09-30": "30.28%", "2019-06-30": "30.13%", "2019-03-31": "28.69%", "2018-12-31": "27.81%", "2018-09-30": "27.95%", "2018-06-30": "28.10%", "2018-03-31": "27.97%", "2017-12-31": "27.16%", "2017-09-30": "27.15%", "2017-06-30": "25.28%", "2017-03-31": "25.74%", "2016-12-31": "29.15%", "2016-09-30": "32.14%", "2016-06-30": "33.91%", "2016-03-31": "35.20%", "2015-12-31": "34.78%", "2015-09-30": "34.56%", "2015-06-30": "34.29%", "2015-03-31": "33.87%", "2014-12-31": "33.50%", "2014-09-30": "33.91%", "2014-06-30": "35.29%", "2014-03-31": "35.39%", "2013-12-31": "36.45%", "2013-09-30": "37.08%", "2013-06-30": "36.90%", "2013-03-31": "38.22%", "2012-12-31": "38.77%", "2012-09-30": "39.13%", "2012-06-30": "39.14%", "2012-03-31": "39.64%", "2011-12-31": "39.83%", "2011-09-30": "40.09%", "2011-06-30": "40.64%", "2011-03-31": "39.68%", "2010-12-31": "38.59%", "2010-09-30": "36.86%", "2010-06-30": "35.36%", "2010-03-31": "35.50%", "2009-12-31": "37.47%", "2009-09-30": "42.90%", "2009-06-30": "43.07%", "2009-03-31": "42.23%", "2008-12-31": "41.84%", "2008-09-30": "42.08%", "2008-06-30": "42.63%", "2008-03-31": "44.03%", "2007-12-31": "45.62%", "2007-09-30": "46.15%", "2007-06-30": "48.28%", "2007-03-31": "50.04%", "2006-12-31": "51.16%", "2006-09-30": "51.27%", "2006-06-30": "50.51%", "2006-03-31": "48.69%", "2005-12-31": "46.07%"}, "operating margin": {"2020-12-31": "-79.36%", "2020-09-30": "-61.00%", "2020-06-30": "-58.40%", "2020-03-31": "-42.13%", "2019-12-31": "-18.66%", "2019-09-30": "-21.23%", "2019-06-30": "-11.90%", "2019-03-31": "-10.03%", "2018-12-31": "-9.68%", "2018-09-30": "-4.01%", "2018-06-30": "-2.90%", "2018-03-31": "-7.76%", "2017-12-31": "-12.44%", "2017-09-30": "-21.15%", "2017-06-30": "-35.08%", "2017-03-31": "-47.58%", "2016-12-31": "-49.67%", "2016-09-30": "-41.57%", "2016-06-30": "-51.14%", "2016-03-31": "-35.06%", "2015-12-31": "-21.56%", "2015-09-30": "-9.13%", "2015-06-30": "4.73%", "2015-03-31": "7.84%", "2014-12-31": "8.89%", "2014-09-30": "7.07%", "2014-06-30": "10.73%", "2014-03-31": "10.52%", "2013-12-31": "11.89%", "2013-09-30": "14.43%", "2013-06-30": "13.53%", "2013-03-31": "16.45%", "2012-12-31": "18.28%", "2012-09-30": "19.38%", "2012-06-30": "20.70%", "2012-03-31": "20.62%", "2011-12-31": "20.50%", "2011-09-30": "20.32%", "2011-06-30": "19.40%", "2011-03-31": "17.74%", "2010-12-31": "13.80%", "2010-09-30": "7.17%", "2010-06-30": "0.63%", "2010-03-31": "-8.40%", "2009-12-31": "-6.27%", "2009-09-30": "10.88%", "2009-06-30": "20.67%", "2009-03-31": "24.62%", "2008-12-31": "26.39%", "2008-09-30": "26.33%", "2008-06-30": "26.40%", "2008-03-31": "31.02%", "2007-12-31": "33.38%", "2007-09-30": "35.04%", "2007-06-30": "38.62%", "2007-03-31": "39.02%", "2006-12-31": "40.83%", "2006-09-30": "41.07%", "2006-06-30": "39.69%", "2006-03-31": "36.97%", "2005-12-31": "33.37%"}, "ebitda margin": {"2020-09-30": "17.42%", "2020-06-30": "17.41%", "2020-03-31": "20.71%", "2019-12-31": "22.71%", "2019-09-30": "24.37%", "2019-06-30": "25.21%", "2019-03-31": "25.15%", "2018-12-31": "24.26%", "2018-09-30": "23.64%", "2018-06-30": "23.64%", "2018-03-31": "21.54%", "2017-12-31": "20.88%", "2017-09-30": "19.05%", "2017-06-30": "17.13%", "2017-03-31": "20.69%", "2016-12-31": "23.47%", "2016-09-30": "26.79%", "2016-06-30": "29.08%", "2016-03-31": "31.07%", "2015-12-31": "30.92%", "2015-09-30": "31.54%", "2015-06-30": "31.76%", "2015-03-31": "31.53%", "2014-12-31": "31.52%", "2014-09-30": "31.63%", "2014-06-30": "32.81%", "2014-03-31": "32.78%", "2013-12-31": "33.84%", "2013-09-30": "34.58%", "2013-06-30": "34.43%", "2013-03-31": "36.82%", "2012-12-31": "37.59%", "2012-09-30": "38.02%", "2012-06-30": "38.04%", "2012-03-31": "37.56%", "2011-12-31": "37.57%", "2011-09-30": "37.49%", "2011-06-30": "37.77%", "2011-03-31": "37.81%", "2010-12-31": "36.54%", "2010-09-30": "34.64%", "2010-06-30": "32.84%", "2010-03-31": "29.26%", "2009-12-31": "30.82%", "2009-09-30": "39.78%", "2009-06-30": "40.43%", "2009-03-31": "40.10%", "2008-12-31": "39.81%", "2008-09-30": "39.22%", "2008-06-30": "39.80%", "2008-03-31": "44.14%", "2007-12-31": "45.82%", "2007-09-30": "45.74%", "2007-06-30": "47.90%", "2007-03-31": "47.36%", "2006-12-31": "48.49%", "2006-09-30": "48.57%", "2006-06-30": "47.47%", "2006-03-31": "45.22%", "2005-12-31": "42.33%"}, "pre tax profit margin": {"2020-12-31": "-82.83%", "2020-09-30": "-65.16%", "2020-06-30": "-62.15%", "2020-03-31": "-45.21%", "2019-12-31": "-21.46%", "2019-09-30": "-23.22%", "2019-06-30": "-13.47%", "2019-03-31": "-11.46%", "2018-12-31": "-11.06%", "2018-09-30": "-5.31%", "2018-06-30": "-4.18%", "2018-03-31": "-9.13%", "2017-12-31": "-13.88%", "2017-09-30": "-23.02%", "2017-06-30": "-37.77%", "2017-03-31": "-51.58%", "2016-12-31": "-54.26%", "2016-09-30": "-45.73%", "2016-06-30": "-54.33%", "2016-03-31": "-37.52%", "2015-12-31": "-23.36%", "2015-09-30": "-10.47%", "2015-06-30": "3.65%", "2015-03-31": "6.93%", "2014-12-31": "8.01%", "2014-09-30": "6.19%", "2014-06-30": "9.77%", "2014-03-31": "9.53%", "2013-12-31": "10.90%", "2013-09-30": "13.43%", "2013-06-30": "12.50%", "2013-03-31": "15.50%", "2012-12-31": "17.44%", "2012-09-30": "18.63%", "2012-06-30": "20.10%", "2012-03-31": "20.04%", "2011-12-31": "19.91%", "2011-09-30": "19.73%", "2011-06-30": "18.57%", "2011-03-31": "17.00%", "2010-12-31": "13.11%", "2010-09-30": "6.48%", "2010-06-30": "0.31%", "2010-03-31": "-8.78%", "2009-12-31": "-6.52%", "2009-09-30": "10.78%", "2009-06-30": "20.74%", "2009-03-31": "24.73%", "2008-12-31": "26.49%", "2008-09-30": "26.48%", "2008-06-30": "26.55%", "2008-03-31": "31.12%", "2007-12-31": "33.43%", "2007-09-30": "34.99%", "2007-06-30": "38.58%", "2007-03-31": "39.06%", "2006-12-31": "40.99%", "2006-09-30": "41.35%", "2006-06-30": "40.00%", "2006-03-31": "37.22%", "2005-12-31": "33.54%"}, "net profit margin": {"2020-12-31": "-71.53%", "2020-09-30": "-56.13%", "2020-06-30": "-52.24%", "2020-03-31": "-37.61%", "2019-12-31": "-17.25%", "2019-09-30": "-19.50%", "2019-06-30": "-11.63%", "2019-03-31": "-9.81%", "2018-12-31": "-9.65%", "2018-09-30": "2.26%", "2018-06-30": "3.70%", "2018-03-31": "1.22%", "2017-12-31": "0.21%", "2017-09-30": "-14.87%", "2017-06-30": "-23.93%", "2017-03-31": "-32.88%", "2016-12-31": "-34.83%", "2016-09-30": "-29.56%", "2016-06-30": "-35.95%", "2016-03-31": "-24.88%", "2015-12-31": "-15.59%", "2015-09-30": "-7.29%", "2015-06-30": "2.19%", "2015-03-31": "4.30%", "2014-12-31": "5.06%", "2014-09-30": "4.08%", "2014-06-30": "6.30%", "2014-03-31": "6.01%", "2013-12-31": "6.85%", "2013-09-30": "8.41%", "2013-06-30": "7.78%", "2013-03-31": "9.68%", "2012-12-31": "10.90%", "2012-09-30": "11.70%", "2012-06-30": "12.70%", "2012-03-31": "12.71%", "2011-12-31": "12.59%", "2011-09-30": "12.31%", "2011-06-30": "11.50%", "2011-03-31": "10.46%", "2010-12-31": "7.99%", "2010-09-30": "3.84%", "2010-06-30": "-0.31%", "2010-03-31": "-6.49%", "2009-12-31": "-4.99%", "2009-09-30": "5.84%", "2009-06-30": "12.90%", "2009-03-31": "15.59%", "2008-12-31": "16.76%", "2008-09-30": "17.32%", "2008-06-30": "17.51%", "2008-03-31": "20.58%", "2007-12-31": "22.10%", "2007-09-30": "22.85%", "2007-06-30": "25.10%", "2007-03-31": "25.24%", "2006-12-31": "26.42%", "2006-09-30": "26.68%", "2006-06-30": "25.55%", "2006-03-31": "23.79%", "2005-12-31": "21.37%"}, "pe ratio": {"current": "0.00", "2021-02-05": "0.00", "2020-12-31": "0.00", "2020-09-30": "0.00", "2020-06-30": "0.00", "2020-03-31": "0.00", "2019-12-31": "0.00", "2019-09-30": "0.00", "2019-06-30": "0.00", "2019-03-31": "0.00", "2018-12-31": "0.00", "2018-09-30": "49.78", "2018-06-30": "33.81", "2018-03-31": "167.36", "2017-12-31": "0.00", "2017-09-30": "0.00", "2017-06-30": "0.00", "2017-03-31": "0.00", "2016-12-31": "0.00", "2016-09-30": "0.00", "2016-06-30": "0.00", "2016-03-31": "0.00", "2015-12-31": "0.00", "2015-09-30": "0.00", "2015-06-30": "40.72", "2015-03-31": "18.70", "2014-12-31": "13.76", "2014-09-30": "35.86", "2014-06-30": "25.91", "2014-03-31": "25.27", "2013-12-31": "17.93", "2013-09-30": "12.32", "2013-06-30": "12.56", "2013-03-31": "12.55", "2012-12-31": "8.58", "2012-09-30": "6.72", "2012-06-30": "5.63", "2012-03-31": "6.90", "2011-12-31": "8.56", "2011-09-30": "8.25", "2011-06-30": "18.36", "2011-03-31": "21.77", "2010-12-31": "24.95", "2010-09-30": "51.71", "2010-06-30": "0.00", "2010-03-31": "0.00", "2009-12-31": "0.00", "2009-09-30": "33.56", "2009-06-30": "9.18", "2009-03-31": "4.17", "2008-12-31": "4.40", "2008-09-30": "7.44", "2008-06-30": "13.82", "2008-03-31": "8.56", "2007-12-31": "5.82", "2007-09-30": "5.81", "2007-06-30": "5.81", "2007-03-31": "4.79", "2006-12-31": "4.72"}, "price sales": {"2021-02-05": "1.05", "2020-12-31": "0.88", "2020-09-30": "0.39", "2020-06-30": "0.38", "2020-03-31": "0.21", "2019-12-31": "0.86", "2019-09-30": "0.63", "2019-06-30": "0.79", "2019-03-31": "0.91", "2018-12-31": "0.66", "2018-09-30": "1.06", "2018-06-30": "1.17", "2018-03-31": "1.22", "2017-12-31": "1.84", "2017-09-30": "2.06", "2017-06-30": "2.44", "2017-03-31": "3.65", "2016-12-31": "4.08", "2016-09-30": "3.08", "2016-06-30": "2.41", "2016-03-31": "1.62", "2015-12-31": "1.09", "2015-09-30": "0.73", "2015-06-30": "0.89", "2015-03-31": "0.80", "2014-12-31": "0.70", "2014-09-30": "1.48", "2014-06-30": "1.64", "2014-03-31": "1.54", "2013-12-31": "1.23", "2013-09-30": "1.05", "2013-06-30": "0.99", "2013-03-31": "1.22", "2012-12-31": "0.94", "2012-09-30": "0.78", "2012-06-30": "0.71", "2012-03-31": "0.87", "2011-12-31": "1.07", "2011-09-30": "1.01", "2011-06-30": "2.10", "2011-03-31": "2.27", "2010-12-31": "1.99", "2010-09-30": "1.96", "2010-06-30": "1.81", "2010-03-31": "2.37", "2009-12-31": "2.59", "2009-09-30": "2.02", "2009-06-30": "1.19", "2009-03-31": "0.65", "2008-12-31": "0.74", "2008-09-30": "1.29", "2008-06-30": "2.43", "2008-03-31": "1.76", "2007-12-31": "1.28", "2007-09-30": "1.34", "2007-06-30": "1.47", "2007-03-31": "1.22", "2006-12-31": "1.26"}, "price book": {"current": "0.55", "2021-02-05": "0.55", "2020-09-30": "0.25", "2020-06-30": "0.29", "2020-03-31": "0.18", "2019-12-31": "0.70", "2019-09-30": "0.55", "2019-06-30": "0.69", "2019-03-31": "0.83", "2018-12-31": "0.61", "2018-09-30": "0.95", "2018-06-30": "0.98", "2018-03-31": "0.94", "2017-12-31": "1.23", "2017-09-30": "1.19", "2017-06-30": "1.13", "2017-03-31": "1.44", "2016-12-31": "1.69", "2016-09-30": "1.36", "2016-06-30": "1.25", "2016-03-31": "0.99", "2015-12-31": "0.82", "2015-09-30": "0.69", "2015-06-30": "0.90", "2015-03-31": "0.88", "2014-12-31": "0.77", "2014-09-30": "1.52", "2014-06-30": "1.64", "2014-03-31": "1.49", "2013-12-31": "1.20", "2013-09-30": "1.02", "2013-06-30": "0.94", "2013-03-31": "1.16", "2012-12-31": "0.92", "2012-09-30": "0.80", "2012-06-30": "0.75", "2012-03-31": "0.92", "2011-12-31": "1.10", "2011-09-30": "0.98", "2011-06-30": "1.85", "2011-03-31": "1.77", "2010-12-31": "1.34", "2010-09-30": "1.08", "2010-06-30": "0.82", "2010-03-31": "0.90", "2009-12-31": "0.98", "2009-09-30": "0.96", "2009-06-30": "0.80", "2009-03-31": "0.55", "2008-12-31": "0.71", "2008-09-30": "1.25", "2008-06-30": "2.31", "2008-03-31": "1.72", "2007-12-31": "1.31", "2007-09-30": "1.56", "2007-06-30": "1.87", "2007-03-31": "1.72", "2006-12-31": "1.89", "2006-09-30": "2.05", "2006-06-30": "2.55", "2006-03-31": "2.92"}, "price fcf": {"2021-02-05": "", "2020-09-30": "$1.16", "2020-06-30": "$1.63", "2020-03-31": "$1.56", "2019-12-31": "$1.94", "2019-09-30": "$2.13", "2019-06-30": "$1.48", "2019-03-31": "$0.87", "2018-12-31": "$0.62", "2018-09-30": "$-0.11", "2018-06-30": "$-0.33", "2018-03-31": "$-0.63", "2017-12-31": "$-1.03", "2017-09-30": "$-0.64", "2017-06-30": "$-0.24", "2017-03-31": "$0.52", "2016-12-31": "$1.42", "2016-09-30": "$1.74", "2016-06-30": "$1.59", "2016-03-31": "$1.41", "2015-12-31": "$1.90", "2015-09-30": "$0.73", "2015-06-30": "$0.07", "2015-03-31": "$-0.94", "2014-12-31": "$-2.00", "2014-09-30": "$-0.88", "2014-06-30": "$0.48", "2014-03-31": "$1.49", "2013-12-31": "$1.63", "2013-09-30": "$1.22", "2013-06-30": "$0.74", "2013-03-31": "$0.86", "2012-12-31": "$0.64", "2012-09-30": "$0.20", "2012-06-30": "$-0.60", "2012-03-31": "$-0.70", "2011-12-31": "$-0.78", "2011-09-30": "$-0.95", "2011-06-30": "$-1.23", "2011-03-31": "$-1.11", "2010-12-31": "$-1.19", "2010-09-30": "$-0.95", "2010-06-30": "$-0.55", "2010-03-31": "$-0.93", "2009-12-31": "$0.03", "2009-09-30": "$-3.26", "2009-06-30": "$-2.75", "2009-03-31": "$-2.62", "2008-12-31": "$-2.80", "2008-09-30": "$1.07", "2008-06-30": "$1.26", "2008-03-31": "$1.32", "2007-12-31": "$1.54", "2007-09-30": "$1.66", "2007-06-30": "$1.85", "2007-03-31": "$1.64", "2006-12-31": "$1.49"}, "net worth": {"value": "$1.17B"}, "current ratio": {"2020-12-31": "0.00", "2020-09-30": "2.02", "2020-06-30": "1.90", "2020-03-31": "1.65", "2019-12-31": "1.58", "2019-09-30": "1.54", "2019-06-30": "1.91", "2019-03-31": "1.82", "2018-12-31": "1.81", "2018-09-30": "1.66", "2018-06-30": "1.68", "2018-03-31": "1.73", "2017-12-31": "1.37", "2017-09-30": "1.24", "2017-06-30": "1.21", "2017-03-31": "2.48", "2016-12-31": "0.93", "2016-09-30": "1.19", "2016-06-30": "1.56", "2016-03-31": "1.58", "2015-12-31": "1.58", "2015-09-30": "1.28", "2015-06-30": "1.15", "2015-03-31": "1.23", "2014-12-31": "1.60", "2014-09-30": "1.27", "2014-06-30": "1.51", "2014-03-31": "1.86", "2013-12-31": "2.28", "2013-09-30": "2.29", "2013-06-30": "2.19", "2013-03-31": "1.90", "2012-12-31": "1.95", "2012-09-30": "1.87", "2012-06-30": "2.01", "2012-03-31": "1.72", "2011-12-31": "1.83", "2011-09-30": "1.60", "2011-06-30": "1.59", "2011-03-31": "1.79", "2010-12-31": "1.76", "2010-09-30": "1.45", "2010-06-30": "1.29", "2010-03-31": "1.64", "2009-12-31": "2.37", "2009-09-30": "2.19", "2009-06-30": "2.05", "2009-03-31": "2.48", "2008-12-31": "2.12", "2008-09-30": "2.11", "2008-06-30": "2.22", "2008-03-31": "1.87", "2007-12-31": "1.77", "2007-09-30": "1.54", "2007-06-30": "1.69", "2007-03-31": "1.62", "2006-12-31": "2.06", "2006-09-30": "1.95", "2006-06-30": "2.31", "2006-03-31": "2.45", "2005-12-31": "2.50", "2005-09-30": "2.33", "2005-06-30": "2.58", "2005-03-31": "2.02"}, "quick ratio": {"2020-12-31": "0.00", "2020-09-30": "1.89", "2020-06-30": "1.77", "2020-03-31": "1.55", "2019-12-31": "1.49", "2019-09-30": "1.46", "2019-06-30": "1.76", "2019-03-31": "1.69", "2018-12-31": "1.68", "2018-09-30": "1.54", "2018-06-30": "1.54", "2018-03-31": "1.61", "2017-12-31": "1.24", "2017-09-30": "1.16", "2017-06-30": "1.13", "2017-03-31": "2.41", "2016-12-31": "0.86", "2016-09-30": "1.10", "2016-06-30": "1.52", "2016-03-31": "1.54", "2015-12-31": "1.53", "2015-09-30": "1.23", "2015-06-30": "1.10", "2015-03-31": "1.18", "2014-12-31": "1.54", "2014-09-30": "1.22", "2014-06-30": "1.46", "2014-03-31": "1.81", "2013-12-31": "2.22", "2013-09-30": "2.22", "2013-06-30": "2.12", "2013-03-31": "1.84", "2012-12-31": "1.87", "2012-09-30": "1.80", "2012-06-30": "1.94", "2012-03-31": "1.66", "2011-12-31": "1.75", "2011-09-30": "1.54", "2011-06-30": "1.53", "2011-03-31": "1.74", "2010-12-31": "1.71", "2010-09-30": "1.42", "2010-06-30": "1.26", "2010-03-31": "1.61", "2009-12-31": "2.33", "2009-09-30": "2.02", "2009-06-30": "1.86", "2009-03-31": "2.28", "2008-12-31": "1.98", "2008-09-30": "1.98", "2008-06-30": "2.08", "2008-03-31": "1.73", "2007-12-31": "1.62", "2007-09-30": "1.41", "2007-06-30": "1.57", "2007-03-31": "1.49", "2006-12-31": "1.92", "2006-09-30": "1.84", "2006-06-30": "2.19", "2006-03-31": "2.35", "2005-12-31": "2.39", "2005-09-30": "2.25", "2005-06-30": "2.45", "2005-03-31": "1.93"}, "debt equity ratio": {"current": "0.46", "2020-12-31": "0.00", "2020-09-30": "0.65", "2020-06-30": "0.63", "2020-03-31": "0.63", "2019-12-31": "0.57", "2019-09-30": "0.57", "2019-06-30": "0.58", "2019-03-31": "0.58", "2018-12-31": "0.56", "2018-09-30": "0.55", "2018-06-30": "0.53", "2018-03-31": "0.53", "2017-12-31": "0.45", "2017-09-30": "0.52", "2017-06-30": "0.49", "2017-03-31": "0.57", "2016-12-31": "0.68", "2016-09-30": "0.68", "2016-06-30": "0.75", "2016-03-31": "0.77", "2015-12-31": "0.77", "2015-09-30": "0.78", "2015-06-30": "0.76", "2015-03-31": "0.81", "2014-12-31": "0.86", "2014-09-30": "0.74", "2014-06-30": "0.72", "2014-03-31": "0.73", "2013-12-31": "0.70", "2013-09-30": "0.71", "2013-06-30": "0.71", "2013-03-31": "0.73", "2012-12-31": "0.73", "2012-09-30": "0.69", "2012-06-30": "0.69", "2012-03-31": "0.67", "2011-12-31": "0.68", "2011-09-30": "0.64", "2011-06-30": "0.61", "2011-03-31": "0.59", "2010-12-31": "0.57", "2010-09-30": "0.41", "2010-06-30": "0.33", "2010-03-31": "0.31", "2009-12-31": "0.28", "2009-09-30": "0.26", "2009-06-30": "0.25", "2009-03-31": "0.24", "2008-12-31": "0.28", "2008-09-30": "0.27", "2008-06-30": "0.26", "2008-03-31": "0.27", "2007-12-31": "0.30", "2007-09-30": "0.32", "2007-06-30": "0.32", "2007-03-31": "0.33", "2006-12-31": "0.40", "2006-09-30": "0.40", "2006-06-30": "0.31", "2006-03-31": "0.33", "2005-12-31": "0.31", "2005-09-30": "0.32", "2005-06-30": "0.29", "2005-03-31": "0.34"}, "return on equity": {"2020-12-31": "-47.80%", "2020-09-30": "-32.75%", "2020-06-30": "-35.94%", "2020-03-31": "-29.11%", "2019-12-31": "-13.68%", "2019-09-30": "-16.48%", "2019-06-30": "-10.16%", "2019-03-31": "-8.69%", "2018-12-31": "-8.52%", "2018-09-30": "1.93%", "2018-06-30": "3.01%", "2018-03-31": "0.93%", "2017-12-31": "0.14%", "2017-09-30": "-8.91%", "2017-06-30": "-11.79%", "2017-03-31": "-12.99%", "2016-12-31": "-13.48%", "2016-09-30": "-12.19%", "2016-06-30": "-17.46%", "2016-03-31": "-14.18%", "2015-12-31": "-10.77%", "2015-09-30": "-6.33%", "2015-06-30": "2.19%", "2015-03-31": "4.73%", "2014-12-31": "5.65%", "2014-09-30": "4.27%", "2014-06-30": "6.39%", "2014-03-31": "5.95%", "2013-12-31": "6.81%", "2013-09-30": "8.43%", "2013-06-30": "7.62%", "2013-03-31": "9.65%", "2012-12-31": "11.28%", "2012-09-30": "12.57%", "2012-06-30": "14.10%", "2012-03-31": "14.09%", "2011-12-31": "13.52%", "2011-09-30": "12.53%", "2011-06-30": "10.57%", "2011-03-31": "8.47%", "2010-12-31": "5.49%", "2010-09-30": "2.14%", "2010-06-30": "-0.14%", "2010-03-31": "-2.43%", "2009-12-31": "-1.85%", "2009-09-30": "2.73%", "2009-06-30": "8.77%", "2009-03-31": "13.55%", "2008-12-31": "16.80%", "2008-09-30": "17.59%", "2008-06-30": "17.59%", "2008-03-31": "21.33%", "2007-12-31": "24.34%", "2007-09-30": "29.66%", "2007-06-30": "36.60%", "2007-03-31": "40.51%", "2006-12-31": "44.33%", "2006-09-30": "44.31%", "2006-06-30": "40.23%", "2006-03-31": "35.28%", "2005-12-31": "30.28%"}, "return on assets": {"2020-12-31": "-29.27%", "2020-09-30": "-20.30%", "2020-06-30": "-22.56%", "2020-03-31": "-18.38%", "2019-12-31": "-8.69%", "2019-09-30": "-10.49%", "2019-06-30": "-6.48%", "2019-03-31": "-5.59%", "2018-12-31": "-5.52%", "2018-09-30": "1.27%", "2018-06-30": "2.00%", "2018-03-31": "0.62%", "2017-12-31": "0.10%", "2017-09-30": "-5.74%", "2017-06-30": "-7.41%", "2017-03-31": "-7.79%", "2016-12-31": "-7.83%", "2016-09-30": "-6.99%", "2016-06-30": "-9.88%", "2016-03-31": "-8.02%", "2015-12-31": "-6.06%", "2015-09-30": "-3.52%", "2015-06-30": "1.22%", "2015-03-31": "2.65%", "2014-12-31": "3.21%", "2014-09-30": "2.48%", "2014-06-30": "3.73%", "2014-03-31": "3.48%", "2013-12-31": "3.98%", "2013-09-30": "4.91%", "2013-06-30": "4.45%", "2013-03-31": "5.65%", "2012-12-31": "6.66%", "2012-09-30": "7.47%", "2012-06-30": "8.44%", "2012-03-31": "8.54%", "2011-12-31": "8.30%", "2011-09-30": "7.83%", "2011-06-30": "6.85%", "2011-03-31": "5.75%", "2010-12-31": "3.91%", "2010-09-30": "1.61%", "2010-06-30": "-0.11%", "2010-03-31": "-1.91%", "2009-12-31": "-1.47%", "2009-09-30": "2.18%", "2009-06-30": "6.97%", "2009-03-31": "10.75%", "2008-12-31": "13.25%", "2008-09-30": "13.80%", "2008-06-30": "13.68%", "2008-03-31": "16.39%", "2007-12-31": "18.49%", "2007-09-30": "22.11%", "2007-06-30": "26.89%", "2007-03-31": "29.79%", "2006-12-31": "32.59%", "2006-09-30": "33.12%", "2006-06-30": "30.52%", "2006-03-31": "26.80%", "2005-12-31": "23.01%"}, "return on investments": {"2020-12-31": "-37.05%", "2020-09-30": "-25.35%", "2020-06-30": "-29.27%", "2020-03-31": "-24.12%", "2019-12-31": "-11.09%", "2019-09-30": "-13.49%", "2019-06-30": "-7.86%", "2019-03-31": "-6.79%", "2018-12-31": "-6.59%", "2018-09-30": "-2.73%", "2018-06-30": "-1.93%", "2018-03-31": "-4.92%", "2017-12-31": "-7.21%", "2017-09-30": "-10.58%", "2017-06-30": "-14.16%", "2017-03-31": "-14.89%", "2016-12-31": "-14.96%", "2016-09-30": "-13.23%", "2016-06-30": "-18.98%", "2016-03-31": "-15.33%", "2015-12-31": "-11.46%", "2015-09-30": "-6.19%", "2015-06-30": "3.74%", "2015-03-31": "6.90%", "2014-12-31": "8.03%", "2014-09-30": "5.96%", "2014-06-30": "8.74%", "2014-03-31": "8.35%", "2013-12-31": "9.45%", "2013-09-30": "11.53%", "2013-06-30": "10.61%", "2013-03-31": "13.19%", "2012-12-31": "15.56%", "2012-09-30": "17.53%", "2012-06-30": "19.61%", "2012-03-31": "19.78%", "2011-12-31": "18.96%", "2011-09-30": "17.70%", "2011-06-30": "15.61%", "2011-03-31": "16.73%", "2010-12-31": "16.80%", "2010-09-30": "15.07%", "2010-06-30": "inf%", "2010-03-31": "inf%", "2009-12-31": "inf%", "2009-09-30": "inf%", "2009-06-30": "inf%", "2009-03-31": "inf%", "2008-12-31": "inf%", "2008-09-30": "inf%", "2008-06-30": "inf%", "2008-03-31": "inf%", "2007-12-31": "inf%", "2007-09-30": "inf%", "2007-06-30": "inf%", "2007-03-31": "inf%", "2006-12-31": "inf%", "2006-09-30": "inf%", "2006-06-30": "inf%", "2006-03-31": "inf%", "2005-12-31": "inf%"}, "return on tangible equity": {"2020-09-30": "-34.79%", "2020-06-30": "-39.66%", "2020-03-31": "-33.20%", "2019-12-31": "-16.05%", "2019-09-30": "-19.23%", "2019-06-30": "-11.96%", "2019-03-31": "-10.34%", "2018-12-31": "-10.24%", "2018-09-30": "2.34%", "2018-06-30": "3.63%", "2018-03-31": "1.10%", "2017-12-31": "0.17%", "2017-09-30": "-9.93%", "2017-06-30": "-12.74%", "2017-03-31": "-13.49%", "2016-12-31": "-14.02%", "2016-09-30": "-12.66%", "2016-06-30": "-18.11%", "2016-03-31": "-14.88%", "2015-12-31": "-11.42%", "2015-09-30": "-6.79%", "2015-06-30": "2.36%", "2015-03-31": "5.08%", "2014-12-31": "6.04%", "2014-09-30": "4.55%", "2014-06-30": "6.81%", "2014-03-31": "6.34%", "2013-12-31": "7.26%", "2013-09-30": "9.00%", "2013-06-30": "8.13%", "2013-03-31": "10.32%", "2012-12-31": "12.08%", "2012-09-30": "13.47%", "2012-06-30": "15.14%", "2012-03-31": "15.17%", "2011-12-31": "14.61%", "2011-09-30": "13.58%", "2011-06-30": "11.36%", "2011-03-31": "9.02%", "2010-12-31": "5.79%", "2010-09-30": "2.23%", "2010-06-30": "-0.15%", "2010-03-31": "-2.54%", "2009-12-31": "-1.93%", "2009-09-30": "2.85%", "2009-06-30": "9.16%", "2009-03-31": "14.16%", "2008-12-31": "17.60%", "2008-09-30": "18.48%", "2008-06-30": "18.51%", "2008-03-31": "22.48%", "2007-12-31": "25.72%", "2007-09-30": "31.43%", "2007-06-30": "38.93%", "2007-03-31": "43.25%", "2006-12-31": "47.43%", "2006-09-30": "47.51%", "2006-06-30": "43.26%", "2006-03-31": "38.12%", "2005-12-31": "32.98%"}, "dividend yield history": {"last payout": "$0.08", "last yield": "1.28%"}}