{"ticker": "PAYC", "price": {"title": "Paycom Software Historical Annual Stock Price Data", "value": 434.22, "historical": {"2020": {"Average Stock Price": "308.1396", "Year Open": "271.8000", "Year High": "465.1300", "Year Low": "165.0100", "Year Close": "452.2500", "Annual % Change": "70.82%"}, "2019": {"Average Stock Price": "210.1125", "Year Open": "119.7000", "Year High": "279.6600", "Year Low": "116.5000", "Year Close": "264.7600", "Annual % Change": "116.22%"}, "2018": {"Average Stock Price": "116.7419", "Year Open": "80.4400", "Year High": "163.3200", "Year Low": "80.4400", "Year Close": "122.4500", "Annual % Change": "52.43%"}, "2017": {"Average Stock Price": "67.0018", "Year Open": "46.4700", "Year High": "85.5900", "Year Low": "43.9300", "Year Close": "80.3300", "Annual % Change": "76.59%"}, "2016": {"Average Stock Price": "41.4943", "Year Open": "35.9700", "Year High": "52.4400", "Year Low": "22.5000", "Year Close": "45.4900", "Annual % Change": "20.89%"}, "2015": {"Average Stock Price": "35.2259", "Year Open": "26.0600", "Year High": "45.7300", "Year Low": "23.1800", "Year Close": "37.6300", "Annual % Change": "42.92%"}, "2014": {"Average Stock Price": "17.5182", "Year Open": "15.3500", "Year High": "28.7500", "Year Low": "12.4100", "Year Close": "26.3300", "Annual % Change": "0.00%"}}}, "market cap": {"value": "$25.41B"}, "income statement": {"Revenue": {"2019-12-31": "737.67100", "2018-12-31": "566.33600", "2017-12-31": "433.04700", "2016-12-31": "329.14100", "2015-12-31": "224.65300", "2014-12-31": "150.92900", "2013-12-31": "107.60100", "2012-12-31": "76.81000", "2011-12-31": "57.20600"}, "Cost Of Goods Sold": {"2019-12-31": "109.74700", "2018-12-31": "90.76300", "2017-12-31": "72.02800", "2016-12-31": "54.06600", "2015-12-31": "35.47300", "2014-12-31": "27.31800", "2013-12-31": "20.89100", "2012-12-31": "16.32600", "2011-12-31": "13.27400"}, "Gross Profit": {"2019-12-31": "627.92400", "2018-12-31": "475.57300", "2017-12-31": "361.01900", "2016-12-31": "275.07500", "2015-12-31": "189.18000", "2014-12-31": "123.61100", "2013-12-31": "86.71000", "2012-12-31": "60.48400", "2011-12-31": "43.93200"}, "Research And Development Expenses": {"2019-12-31": "73.08000", "2018-12-31": "46.24700", "2017-12-31": "30.43000", "2016-12-31": "20.96600", "2015-12-31": "8.62700", "2014-12-31": "4.32500", "2013-12-31": "2.14600", "2012-12-31": "1.63200", "2011-12-31": "1.22500"}, "SG&A Expenses": {"2019-12-31": "306.82000", "2018-12-31": "240.48600", "2017-12-31": "191.07400", "2016-12-31": "144.53500", "2015-12-31": "140.38000", "2014-12-31": "99.04800", "2013-12-31": "71.41000", "2012-12-31": "48.62700", "2011-12-31": "36.95100"}, "Other Operating Income Or Expenses": {"2019-12-31": "", "2018-12-31": "", "2017-12-31": "", "2016-12-31": "", "2015-12-31": "", "2014-12-31": "", "2013-12-31": "", "2012-12-31": "", "2011-12-31": ""}, "Operating Expenses": {"2019-12-31": "511.44700", "2018-12-31": "392.62100", "2017-12-31": "303.33700", "2016-12-31": "227.40100", "2015-12-31": "190.21800", "2014-12-31": "135.22900", "2013-12-31": "98.12900", "2012-12-31": "70.67700", "2011-12-31": "55.75000"}, "Operating Income": {"2019-12-31": "226.22400", "2018-12-31": "173.71500", "2017-12-31": "129.71000", "2016-12-31": "101.74000", "2015-12-31": "34.43500", "2014-12-31": "15.70000", "2013-12-31": "9.47200", "2012-12-31": "6.13300", "2011-12-31": "1.45600"}, "Total Non-Operating Income/Expense": {"2019-12-31": "-0.13700", "2018-12-31": "0.99600", "2017-12-31": "-1.97800", "2016-12-31": "-0.72800", "2015-12-31": "-0.91000", "2014-12-31": "-6.04400", "2013-12-31": "-8.07300", "2012-12-31": "-6.62300", "2011-12-31": "-0.02600"}, "Pre-Tax Income": {"2019-12-31": "226.08700", "2018-12-31": "174.71100", "2017-12-31": "127.73200", "2016-12-31": "101.01200", "2015-12-31": "33.52500", "2014-12-31": "9.65600", "2013-12-31": "1.39900", "2012-12-31": "-0.49000", "2011-12-31": "1.43000"}, "Income Taxes": {"2019-12-31": "45.51100", "2018-12-31": "37.64600", "2017-12-31": "4.24600", "2016-12-31": "30.59100", "2015-12-31": "12.58000", "2014-12-31": "3.99300", "2013-12-31": "0.79200", "2012-12-31": "-0.08400", "2011-12-31": ""}, "Income After Taxes": {"2019-12-31": "180.57600", "2018-12-31": "137.06500", "2017-12-31": "123.48600", "2016-12-31": "70.42100", "2015-12-31": "20.94500", "2014-12-31": "5.66300", "2013-12-31": "0.60700", "2012-12-31": "-0.40600", "2011-12-31": "1.43000"}, "Other Income": {"2019-12-31": "", "2018-12-31": "", "2017-12-31": "", "2016-12-31": "", "2015-12-31": "", "2014-12-31": "", "2013-12-31": "", "2012-12-31": "", "2011-12-31": ""}, "Income From Continuous Operations": {"2019-12-31": "180.57600", "2018-12-31": "137.06500", "2017-12-31": "123.48600", "2016-12-31": "70.42100", "2015-12-31": "20.94500", "2014-12-31": "5.66300", "2013-12-31": "0.60700", "2012-12-31": "-0.40600", "2011-12-31": "1.43000"}, "Income From Discontinued Operations": {"2019-12-31": "", "2018-12-31": "", "2017-12-31": "", "2016-12-31": "", "2015-12-31": "", "2014-12-31": "", "2013-12-31": "", "2012-12-31": "", "2011-12-31": ""}, "Net Income": {"2019-12-31": "180.57600", "2018-12-31": "137.06500", "2017-12-31": "123.48600", "2016-12-31": "70.42100", "2015-12-31": "20.94500", "2014-12-31": "5.66300", "2013-12-31": "0.60100", "2012-12-31": "-0.40300", "2011-12-31": "1.43000"}, "EBITDA": {"2019-12-31": "267.53000", "2018-12-31": "202.29200", "2017-12-31": "148.77100", "2016-12-31": "115.36100", "2015-12-31": "44.01300", "2014-12-31": "27.04600", "2013-12-31": "15.21600", "2012-12-31": "11.81700", "2011-12-31": "6.74200"}, "EBIT": {"2019-12-31": "226.22400", "2018-12-31": "173.71500", "2017-12-31": "129.71000", "2016-12-31": "101.74000", "2015-12-31": "34.43500", "2014-12-31": "15.70000", "2013-12-31": "9.47200", "2012-12-31": "6.13300", "2011-12-31": "1.45600"}, "Basic Shares Outstanding": {"2019-12-31": "57.56100", "2018-12-31": "57.71100", "2017-12-31": "57.83900", "2016-12-31": "57.55000", "2015-12-31": "56.49500", "2014-12-31": "49.78400", "2013-12-31": "45.47700", "2012-12-31": "44.77200", "2011-12-31": "0.93580"}, "Shares Outstanding": {"2019-12-31": "58.39500", "2018-12-31": "58.58200", "2017-12-31": "58.79000", "2016-12-31": "58.96800", "2015-12-31": "57.92000", "2014-12-31": "51.85700", "2013-12-31": "48.06200", "2012-12-31": "44.77200", "2011-12-31": "0.96060"}, "Basic EPS": {"2019-12-31": "3.14000", "2018-12-31": "2.37000", "2017-12-31": "2.13000", "2016-12-31": "1.21000", "2015-12-31": "0.37000", "2014-12-31": "0.11000", "2013-12-31": "0.01000", "2012-12-31": "-0.01000", "2011-12-31": "1.53000"}, "EPS - Earnings Per Share": {"2019-12-31": "3.09000", "2018-12-31": "2.34000", "2017-12-31": "2.10000", "2016-12-31": "1.19000", "2015-12-31": "0.36000", "2014-12-31": "0.11000", "2013-12-31": "0.01000", "2012-12-31": "-0.01000", "2011-12-31": "1.49000"}}, "income statement, quarterly": {"Revenue": {"2020-09-30": "196.53200", "2020-06-30": "181.58700", "2020-03-31": "242.36800", "2019-12-31": "193.40910", "2019-09-30": "175.00600", "2019-06-30": "169.31300", "2019-03-31": "199.94300", "2018-12-31": "150.33200", "2018-09-30": "133.28800", "2018-06-30": "128.80000", "2018-03-31": "153.91600", "2017-12-31": "114.02500", "2017-09-30": "101.28700", "2017-06-30": "98.22700", "2017-03-31": "119.50800", "2016-12-31": "87.81000", "2016-09-30": "77.32500", "2016-06-30": "73.88000", "2016-03-31": "90.12600", "2015-12-31": "65.11800", "2015-09-30": "55.34000", "2015-06-30": "48.97300", "2015-03-31": "55.22200", "2014-12-31": "44.04000", "2014-09-30": "36.59800", "2014-06-30": "33.30600", "2014-03-31": "36.98500", "2013-12-31": "30.30000", "2013-09-30": "25.83000", "2013-06-30": "23.91400", "2013-03-31": "27.57700", "2012-12-31": "", "2011-12-31": ""}, "Cost Of Goods Sold": {"2020-09-30": "30.91200", "2020-06-30": "29.55800", "2020-03-31": "30.04600", "2019-12-31": "28.79800", "2019-09-30": "26.39200", "2019-06-30": "25.23900", "2019-03-31": "29.31800", "2018-12-31": "24.10200", "2018-09-30": "22.12500", "2018-06-30": "20.93100", "2018-03-31": "23.60500", "2017-12-31": "19.18000", "2017-09-30": "17.82600", "2017-06-30": "17.87600", "2017-03-31": "17.14600", "2016-12-31": "15.48200", "2016-09-30": "14.74800", "2016-06-30": "11.86500", "2016-03-31": "11.97100", "2015-12-31": "10.26200", "2015-09-30": "8.90900", "2015-06-30": "8.02100", "2015-03-31": "8.28100", "2014-12-31": "7.13100", "2014-09-30": "6.43600", "2014-06-30": "6.82900", "2014-03-31": "6.92200", "2013-12-31": "5.95000", "2013-09-30": "5.34000", "2013-06-30": "4.76800", "2013-03-31": "4.84500", "2012-12-31": "", "2011-12-31": ""}, "Gross Profit": {"2020-09-30": "165.62000", "2020-06-30": "152.02900", "2020-03-31": "212.32200", "2019-12-31": "164.61110", "2019-09-30": "148.61400", "2019-06-30": "144.07400", "2019-03-31": "170.62500", "2018-12-31": "126.23000", "2018-09-30": "111.16300", "2018-06-30": "107.86900", "2018-03-31": "130.31100", "2017-12-31": "94.84500", "2017-09-30": "83.46100", "2017-06-30": "80.35100", "2017-03-31": "102.36200", "2016-12-31": "72.32800", "2016-09-30": "62.57700", "2016-06-30": "62.01500", "2016-03-31": "78.15500", "2015-12-31": "54.85600", "2015-09-30": "46.43100", "2015-06-30": "40.95200", "2015-03-31": "46.94100", "2014-12-31": "36.90900", "2014-09-30": "30.16200", "2014-06-30": "26.47700", "2014-03-31": "30.06300", "2013-12-31": "24.35000", "2013-09-30": "20.49000", "2013-06-30": "19.14600", "2013-03-31": "22.73200", "2012-12-31": "", "2011-12-31": ""}, "Research And Development Expenses": {"2020-09-30": "21.77200", "2020-06-30": "21.77800", "2020-03-31": "21.62100", "2019-12-31": "18.21100", "2019-09-30": "19.60500", "2019-06-30": "16.77500", "2019-03-31": "18.48900", "2018-12-31": "12.74000", "2018-09-30": "11.52600", "2018-06-30": "10.73100", "2018-03-31": "11.25000", "2017-12-31": "7.42600", "2017-09-30": "8.11200", "2017-06-30": "8.09500", "2017-03-31": "6.79700", "2016-12-31": "6.67200", "2016-09-30": "6.23200", "2016-06-30": "4.20200", "2016-03-31": "3.86000", "2015-12-31": "2.50400", "2015-09-30": "2.34900", "2015-06-30": "1.90700", "2015-03-31": "1.86700", "2014-12-31": "1.44700", "2014-09-30": "1.05900", "2014-06-30": "0.93700", "2014-03-31": "0.88200", "2013-12-31": "0.84000", "2013-09-30": "0.53800", "2013-06-30": "0.32400", "2013-03-31": "0.45500", "2012-12-31": "", "2011-12-31": ""}, "SG&A Expenses": {"2020-09-30": "102.66200", "2020-06-30": "96.90100", "2020-03-31": "95.15200", "2019-12-31": "80.15400", "2019-09-30": "72.78800", "2019-06-30": "69.03500", "2019-03-31": "84.84300", "2018-12-31": "65.60400", "2018-09-30": "59.23100", "2018-06-30": "50.64200", "2018-03-31": "65.00900", "2017-12-31": "48.28200", "2017-09-30": "50.93900", "2017-06-30": "51.02400", "2017-03-31": "40.82900", "2016-12-31": "6.95000", "2016-09-30": "53.73100", "2016-06-30": "39.98600", "2016-03-31": "43.86800", "2015-12-31": "44.56000", "2015-09-30": "35.77000", "2015-06-30": "26.83700", "2015-03-31": "33.21300", "2014-12-31": "28.99500", "2014-09-30": "23.26600", "2014-06-30": "21.83800", "2014-03-31": "24.94900", "2013-12-31": "23.66000", "2013-09-30": "17.15400", "2013-06-30": "14.75600", "2013-03-31": "15.85400", "2012-12-31": "", "2011-12-31": ""}, "Other Operating Income Or Expenses": {"2020-09-30": "", "2020-06-30": "", "2020-03-31": "", "2019-12-31": "", "2019-09-30": "", "2019-06-30": "", "2019-03-31": "", "2018-12-31": "", "2018-09-30": "", "2018-06-30": "", "2018-03-31": "", "2017-12-31": "", "2017-09-30": "", "2017-06-30": "", "2017-03-31": "", "2016-12-31": "", "2016-09-30": "", "2016-06-30": "", "2016-03-31": "", "2015-12-31": "", "2015-09-30": "", "2015-06-30": "", "2015-03-31": "", "2014-12-31": "", "2014-09-30": "", "2014-06-30": "", "2014-03-31": "", "2013-12-31": "", "2013-09-30": "", "2013-06-30": "", "2013-03-31": "", "2012-12-31": "", "2011-12-31": ""}, "Operating Expenses": {"2020-09-30": "162.49600", "2020-06-30": "155.01100", "2020-03-31": "153.10400", "2019-12-31": "133.11500", "2019-09-30": "124.45000", "2019-06-30": "116.42700", "2019-03-31": "137.45500", "2018-12-31": "106.91900", "2018-09-30": "97.04300", "2018-06-30": "85.76300", "2018-03-31": "102.89600", "2017-12-31": "77.62400", "2017-09-30": "79.28000", "2017-06-30": "79.43500", "2017-03-31": "66.99800", "2016-12-31": "31.36000", "2016-09-30": "76.74300", "2016-06-30": "57.87600", "2016-03-31": "61.42200", "2015-12-31": "58.88400", "2015-09-30": "48.48500", "2015-06-30": "38.16500", "2015-03-31": "44.68400", "2014-12-31": "39.25300", "2014-09-30": "31.92000", "2014-06-30": "30.21200", "2014-03-31": "33.84400", "2013-12-31": "31.43000", "2013-09-30": "23.99100", "2013-06-30": "20.72100", "2013-03-31": "22.03800", "2012-12-31": "", "2011-12-31": ""}, "Operating Income": {"2020-09-30": "34.03600", "2020-06-30": "26.57600", "2020-03-31": "89.26400", "2019-12-31": "60.29410", "2019-09-30": "50.55600", "2019-06-30": "52.88600", "2019-03-31": "62.48800", "2018-12-31": "43.41300", "2018-09-30": "36.24500", "2018-06-30": "43.03700", "2018-03-31": "51.02000", "2017-12-31": "36.40100", "2017-09-30": "22.00700", "2017-06-30": "18.79200", "2017-03-31": "52.51000", "2016-12-31": "56.45000", "2016-09-30": "0.58200", "2016-06-30": "16.00400", "2016-03-31": "28.70400", "2015-12-31": "6.23400", "2015-09-30": "6.85500", "2015-06-30": "10.80800", "2015-03-31": "10.53800", "2014-12-31": "4.78700", "2014-09-30": "4.67800", "2014-06-30": "3.09400", "2014-03-31": "3.14100", "2013-12-31": "-1.13000", "2013-09-30": "1.83900", "2013-06-30": "3.19300", "2013-03-31": "5.53900", "2012-12-31": "", "2011-12-31": ""}, "Total Non-Operating Income/Expense": {"2020-09-30": "0.24600", "2020-06-30": "0.15900", "2020-03-31": "-0.94600", "2019-12-31": "0.82500", "2019-09-30": "-0.06500", "2019-06-30": "-0.52100", "2019-03-31": "-0.37600", "2018-12-31": "-0.71400", "2018-09-30": "0.19900", "2018-06-30": "0.48100", "2018-03-31": "1.03000", "2017-12-31": "-1.58200", "2017-09-30": "-0.10200", "2017-06-30": "-0.13200", "2017-03-31": "-0.16200", "2016-12-31": "0.06800", "2016-09-30": "-0.46500", "2016-06-30": "-0.05400", "2016-03-31": "-0.27700", "2015-12-31": "0.00700", "2015-09-30": "-0.24500", "2015-06-30": "-0.37300", "2015-03-31": "-0.29900", "2014-12-31": "-0.31600", "2014-09-30": "-0.29900", "2014-06-30": "-4.13100", "2014-03-31": "-1.29800", "2013-12-31": "-1.32000", "2013-09-30": "-2.46200", "2013-06-30": "-2.66400", "2013-03-31": "-1.66300", "2012-12-31": "", "2011-12-31": ""}, "Pre-Tax Income": {"2020-09-30": "34.28200", "2020-06-30": "26.73500", "2020-03-31": "88.31800", "2019-12-31": "61.11900", "2019-09-30": "50.49100", "2019-06-30": "52.36500", "2019-03-31": "62.11200", "2018-12-31": "42.69900", "2018-09-30": "36.44400", "2018-06-30": "43.51800", "2018-03-31": "52.05000", "2017-12-31": "34.81900", "2017-09-30": "21.90500", "2017-06-30": "18.66000", "2017-03-31": "52.34800", "2016-12-31": "56.51800", "2016-09-30": "0.11700", "2016-06-30": "15.95000", "2016-03-31": "28.42700", "2015-12-31": "6.24100", "2015-09-30": "6.61000", "2015-06-30": "10.43500", "2015-03-31": "10.23900", "2014-12-31": "4.47100", "2014-09-30": "4.37900", "2014-06-30": "-1.03700", "2014-03-31": "1.84300", "2013-12-31": "-2.38000", "2013-09-30": "-0.62300", "2013-06-30": "0.52900", "2013-03-31": "3.87600", "2012-12-31": "", "2011-12-31": ""}, "Income Taxes": {"2020-09-30": "6.80000", "2020-06-30": "-1.85400", "2020-03-31": "25.30300", "2019-12-31": "15.73900", "2019-09-30": "11.33900", "2019-06-30": "3.60300", "2019-03-31": "14.83000", "2018-12-31": "11.28500", "2018-09-30": "7.67500", "2018-06-30": "7.79600", "2018-03-31": "10.89000", "2017-12-31": "-14.04700", "2017-09-30": "0.99500", "2017-06-30": "-1.35600", "2017-03-31": "18.65400", "2016-12-31": "21.30400", "2016-09-30": "-6.08100", "2016-06-30": "5.52900", "2016-03-31": "9.83900", "2015-12-31": "1.08400", "2015-09-30": "2.76300", "2015-06-30": "4.48900", "2015-03-31": "4.24400", "2014-12-31": "1.96500", "2014-09-30": "1.68900", "2014-06-30": "-0.44400", "2014-03-31": "0.78300", "2013-12-31": "-0.42000", "2013-09-30": "-0.19900", "2013-06-30": "0.16900", "2013-03-31": "1.24100", "2012-12-31": "", "2011-12-31": ""}, "Income After Taxes": {"2020-09-30": "27.48200", "2020-06-30": "28.58900", "2020-03-31": "63.01500", "2019-12-31": "45.38000", "2019-09-30": "39.15200", "2019-06-30": "48.76200", "2019-03-31": "47.28200", "2018-12-31": "31.41400", "2018-09-30": "28.76900", "2018-06-30": "35.72200", "2018-03-31": "41.16000", "2017-12-31": "48.86600", "2017-09-30": "20.91000", "2017-06-30": "20.01600", "2017-03-31": "33.69400", "2016-12-31": "35.21400", "2016-09-30": "6.19800", "2016-06-30": "10.42100", "2016-03-31": "18.58800", "2015-12-31": "5.15700", "2015-09-30": "3.84700", "2015-06-30": "5.94600", "2015-03-31": "5.99500", "2014-12-31": "2.50600", "2014-09-30": "2.69000", "2014-06-30": "-0.59300", "2014-03-31": "1.06000", "2013-12-31": "-1.96000", "2013-09-30": "-0.42400", "2013-06-30": "0.36000", "2013-03-31": "2.63500", "2012-12-31": "", "2011-12-31": ""}, "Other Income": {"2020-09-30": "", "2020-06-30": "", "2020-03-31": "", "2019-12-31": "", "2019-09-30": "", "2019-06-30": "", "2019-03-31": "", "2018-12-31": "", "2018-09-30": "", "2018-06-30": "", "2018-03-31": "", "2017-12-31": "", "2017-09-30": "", "2017-06-30": "", "2017-03-31": "", "2016-12-31": "", "2016-09-30": "", "2016-06-30": "", "2016-03-31": "", "2015-12-31": "", "2015-09-30": "", "2015-06-30": "", "2015-03-31": "", "2014-12-31": "", "2014-09-30": "", "2014-06-30": "", "2014-03-31": "", "2013-12-31": "0.00000", "2013-09-30": "", "2013-06-30": "", "2013-03-31": "", "2012-12-31": "", "2011-12-31": ""}, "Income From Continuous Operations": {"2020-09-30": "27.48200", "2020-06-30": "28.58900", "2020-03-31": "63.01500", "2019-12-31": "45.38000", "2019-09-30": "39.15200", "2019-06-30": "48.76200", "2019-03-31": "47.28200", "2018-12-31": "31.41400", "2018-09-30": "28.76900", "2018-06-30": "35.72200", "2018-03-31": "41.16000", "2017-12-31": "48.86600", "2017-09-30": "20.91000", "2017-06-30": "20.01600", "2017-03-31": "33.69400", "2016-12-31": "35.21400", "2016-09-30": "6.19800", "2016-06-30": "10.42100", "2016-03-31": "18.58800", "2015-12-31": "5.15700", "2015-09-30": "3.84700", "2015-06-30": "5.94600", "2015-03-31": "5.99500", "2014-12-31": "2.50600", "2014-09-30": "2.69000", "2014-06-30": "-0.59300", "2014-03-31": "1.06000", "2013-12-31": "-1.25100", "2013-09-30": "-0.42400", "2013-06-30": "0.36000", "2013-03-31": "2.63500", "2012-12-31": "", "2011-12-31": ""}, "Income From Discontinued Operations": {"2020-09-30": "", "2020-06-30": "", "2020-03-31": "", "2019-12-31": "", "2019-09-30": "", "2019-06-30": "", "2019-03-31": "", "2018-12-31": "", "2018-09-30": "", "2018-06-30": "", "2018-03-31": "", "2017-12-31": "", "2017-09-30": "", "2017-06-30": "", "2017-03-31": "", "2016-12-31": "", "2016-09-30": "", "2016-06-30": "", "2016-03-31": "", "2015-12-31": "", "2015-09-30": "", "2015-06-30": "", "2015-03-31": "", "2014-12-31": "", "2014-09-30": "", "2014-06-30": "", "2014-03-31": "", "2013-12-31": "0.00000", "2013-09-30": "", "2013-06-30": "", "2013-03-31": "", "2012-12-31": "", "2011-12-31": ""}, "Net Income": {"2020-09-30": "27.48200", "2020-06-30": "28.57600", "2020-03-31": "63.01500", "2019-12-31": "45.43400", "2019-09-30": "39.15200", "2019-06-30": "48.70800", "2019-03-31": "47.28200", "2018-12-31": "31.41400", "2018-09-30": "28.76900", "2018-06-30": "35.72200", "2018-03-31": "41.16000", "2017-12-31": "48.86600", "2017-09-30": "20.91000", "2017-06-30": "20.01600", "2017-03-31": "33.69400", "2016-12-31": "35.26100", "2016-09-30": "6.15100", "2016-06-30": "10.42100", "2016-03-31": "18.58800", "2015-12-31": "5.15700", "2015-09-30": "3.84700", "2015-06-30": "5.94600", "2015-03-31": "5.99500", "2014-12-31": "2.50600", "2014-09-30": "2.69000", "2014-06-30": "-0.59300", "2014-03-31": "1.06000", "2013-12-31": "-1.25100", "2013-09-30": "-0.42100", "2013-06-30": "0.35700", "2013-03-31": "2.61600", "2012-12-31": "", "2011-12-31": ""}, "EBITDA": {"2020-09-30": "46.45300", "2020-06-30": "40.12800", "2020-03-31": "101.02100", "2019-12-31": "71.57610", "2019-09-30": "60.88800", "2019-06-30": "63.38700", "2019-03-31": "71.67900", "2018-12-31": "51.91600", "2018-09-30": "44.01500", "2018-06-30": "49.44300", "2018-03-31": "56.91800", "2017-12-31": "41.84300", "2017-09-30": "26.57400", "2017-06-30": "23.53500", "2017-03-31": "56.81900", "2016-12-31": "60.30400", "2016-09-30": "4.16800", "2016-06-30": "19.24400", "2016-03-31": "31.64500", "2015-12-31": "8.88200", "2015-09-30": "9.28000", "2015-06-30": "13.16700", "2015-03-31": "12.68400", "2014-12-31": "10.86800", "2014-09-30": "6.46800", "2014-06-30": "4.77800", "2014-03-31": "4.93200", "2013-12-31": "0.39600", "2013-09-30": "3.35400", "2013-06-30": "4.54000", "2013-03-31": "6.89100", "2012-12-31": "", "2011-12-31": ""}, "EBIT": {"2020-09-30": "34.03600", "2020-06-30": "26.57600", "2020-03-31": "89.26400", "2019-12-31": "60.29400", "2019-09-30": "50.55600", "2019-06-30": "52.88600", "2019-03-31": "62.48800", "2018-12-31": "43.41300", "2018-09-30": "36.24500", "2018-06-30": "43.03700", "2018-03-31": "51.02000", "2017-12-31": "36.40100", "2017-09-30": "22.00700", "2017-06-30": "18.79200", "2017-03-31": "52.51000", "2016-12-31": "56.45000", "2016-09-30": "0.58200", "2016-06-30": "16.00400", "2016-03-31": "28.70400", "2015-12-31": "6.23400", "2015-09-30": "6.85500", "2015-06-30": "10.80800", "2015-03-31": "10.53800", "2014-12-31": "4.78700", "2014-09-30": "4.67800", "2014-06-30": "3.09400", "2014-03-31": "3.14100", "2013-12-31": "-1.13000", "2013-09-30": "1.83900", "2013-06-30": "3.19300", "2013-03-31": "5.53900", "2012-12-31": "", "2011-12-31": ""}, "Basic Shares Outstanding": {"2020-09-30": "57.60300", "2020-06-30": "57.56800", "2020-03-31": "57.65500", "2019-12-31": "57.56100", "2019-09-30": "57.65400", "2019-06-30": "57.56900", "2019-03-31": "57.35700", "2018-12-31": "57.71100", "2018-09-30": "57.72700", "2018-06-30": "57.83700", "2018-03-31": "57.79300", "2017-12-31": "57.83900", "2017-09-30": "58.00300", "2017-06-30": "57.89900", "2017-03-31": "57.30700", "2016-12-31": "57.55000", "2016-09-30": "57.82000", "2016-06-30": "57.59200", "2016-03-31": "57.13300", "2015-12-31": "56.49500", "2015-09-30": "57.05100", "2015-06-30": "57.03800", "2015-03-31": "54.75000", "2014-12-31": "49.78400", "2014-09-30": "51.05700", "2014-06-30": "50.28400", "2014-03-31": "45.72200", "2013-12-31": "41.70000", "2013-09-30": "45.70800", "2013-06-30": "45.62200", "2013-03-31": "44.85800", "2012-12-31": "", "2011-12-31": ""}, "Shares Outstanding": {"2020-09-30": "58.17100", "2020-06-30": "58.23700", "2020-03-31": "58.44000", "2019-12-31": "58.39500", "2019-09-30": "58.38300", "2019-06-30": "58.41000", "2019-03-31": "58.31600", "2018-12-31": "58.58200", "2018-09-30": "58.54500", "2018-06-30": "58.72100", "2018-03-31": "58.73900", "2017-12-31": "58.79000", "2017-09-30": "58.87400", "2017-06-30": "58.81600", "2017-03-31": "58.52600", "2016-12-31": "58.96800", "2016-09-30": "58.90700", "2016-06-30": "58.69700", "2016-03-31": "58.36200", "2015-12-31": "57.92000", "2015-09-30": "58.36800", "2015-06-30": "58.36900", "2015-03-31": "56.56300", "2014-12-31": "51.85700", "2014-09-30": "52.97800", "2014-06-30": "50.28400", "2014-03-31": "48.37100", "2013-12-31": "41.70000", "2013-09-30": "45.70800", "2013-06-30": "47.99800", "2013-03-31": "47.91800", "2012-12-31": "", "2011-12-31": ""}, "Basic EPS": {"2020-09-30": "0.48000", "2020-06-30": "0.50000", "2020-03-31": "1.09000", "2019-12-31": "0.79000", "2019-09-30": "0.68000", "2019-06-30": "0.85000", "2019-03-31": "0.82000", "2018-12-31": "0.54000", "2018-09-30": "0.50000", "2018-06-30": "0.62000", "2018-03-31": "0.71000", "2017-12-31": "0.85000", "2017-09-30": "0.36000", "2017-06-30": "0.34000", "2017-03-31": "0.58000", "2016-12-31": "0.60000", "2016-09-30": "0.11000", "2016-06-30": "0.18000", "2016-03-31": "0.32000", "2015-12-31": "0.09000", "2015-09-30": "0.07000", "2015-06-30": "0.10000", "2015-03-31": "0.11000", "2014-12-31": "0.05000", "2014-09-30": "0.05000", "2014-06-30": "-0.01000", "2014-03-31": "0.02000", "2013-12-31": "-0.03000", "2013-09-30": "-0.01000", "2013-06-30": "0.01000", "2013-03-31": "0.06000", "2012-12-31": "", "2011-12-31": ""}, "EPS - Earnings Per Share": {"2020-09-30": "0.47000", "2020-06-30": "0.49000", "2020-03-31": "1.08000", "2019-12-31": "0.78000", "2019-09-30": "0.67000", "2019-06-30": "0.83000", "2019-03-31": "0.81000", "2018-12-31": "0.54000", "2018-09-30": "0.49000", "2018-06-30": "0.61000", "2018-03-31": "0.70000", "2017-12-31": "0.84000", "2017-09-30": "0.35000", "2017-06-30": "0.34000", "2017-03-31": "0.57000", "2016-12-31": "0.60000", "2016-09-30": "0.10000", "2016-06-30": "0.18000", "2016-03-31": "0.31000", "2015-12-31": "0.08000", "2015-09-30": "0.07000", "2015-06-30": "0.10000", "2015-03-31": "0.11000", "2014-12-31": "0.05000", "2014-09-30": "0.05000", "2014-06-30": "-0.01000", "2014-03-31": "0.02000", "2013-12-31": "-0.03000", "2013-09-30": "-0.01000", "2013-06-30": "0.01000", "2013-03-31": "0.05000", "2012-12-31": "0.00000", "2011-12-31": "0.00000"}}, "balance sheet": {"Cash On Hand": {"2019-12-31": "133.66700", "2018-12-31": "45.71800", "2017-12-31": "46.07700", "2016-12-31": "60.15800", "2015-12-31": "50.71400", "2014-12-31": "25.51500", "2013-12-31": "13.73100", "2012-12-31": "13.80300", "2011-12-31": ""}, "Receivables": {"2019-12-31": "13.31800", "2018-12-31": "7.37600", "2017-12-31": "8.62300", "2016-12-31": "2.03100", "2015-12-31": "9.09700", "2014-12-31": "3.72900", "2013-12-31": "1.85500", "2012-12-31": "0.62200", "2011-12-31": ""}, "Inventory": {"2019-12-31": "1.15800", "2018-12-31": "0.79700", "2017-12-31": "0.97900", "2016-12-31": "0.67500", "2015-12-31": "1.09300", "2014-12-31": "0.19500", "2013-12-31": "0.57800", "2012-12-31": "0.71400", "2011-12-31": ""}, "Pre-Paid Expenses": {"2019-12-31": "13.56100", "2018-12-31": "7.65800", "2017-12-31": "4.98200", "2016-12-31": "4.47500", "2015-12-31": "3.53100", "2014-12-31": "1.95200", "2013-12-31": "2.13300", "2012-12-31": "0.68600", "2011-12-31": ""}, "Other Current Assets": {"2019-12-31": "1662.77800", "2018-12-31": "967.78700", "2017-12-31": "1089.20100", "2016-12-31": "858.24400", "2015-12-31": "696.70300", "2014-12-31": "660.55700", "2013-12-31": "455.77900", "2012-12-31": "324.26600", "2011-12-31": ""}, "Total Current Assets": {"2019-12-31": "1871.10000", "2018-12-31": "1064.62200", "2017-12-31": "1176.26500", "2016-12-31": "925.58300", "2015-12-31": "761.13800", "2014-12-31": "691.94800", "2013-12-31": "477.74800", "2012-12-31": "340.09100", "2011-12-31": ""}, "Property, Plant, And Equipment": {"2019-12-31": "238.45800", "2018-12-31": "176.96200", "2017-12-31": "147.70500", "2016-12-31": "96.84800", "2015-12-31": "58.85800", "2014-12-31": "47.91900", "2013-12-31": "38.67100", "2012-12-31": "25.13900", "2011-12-31": ""}, "Long-Term Investments": {"2019-12-31": "", "2018-12-31": "", "2017-12-31": "", "2016-12-31": "", "2015-12-31": "", "2014-12-31": "", "2013-12-31": "", "2012-12-31": "", "2011-12-31": ""}, "Goodwill And Intangible Assets": {"2019-12-31": "51.88900", "2018-12-31": "51.88900", "2017-12-31": "52.84700", "2016-12-31": "53.76000", "2015-12-31": "55.37300", "2014-12-31": "56.98500", "2013-12-31": "58.59800", "2012-12-31": "60.21000", "2011-12-31": "0.00000"}, "Other Long-Term Assets": {"2019-12-31": "33.33600", "2018-12-31": "2.99400", "2017-12-31": "1.45600", "2016-12-31": "1.21500", "2015-12-31": "1.28600", "2014-12-31": "0.64500", "2013-12-31": "0.46100", "2012-12-31": "0.41700", "2011-12-31": ""}, "Total Long-Term Assets": {"2019-12-31": "615.81700", "2018-12-31": "457.30400", "2017-12-31": "373.87300", "2016-12-31": "153.03000", "2015-12-31": "115.51700", "2014-12-31": "105.54900", "2013-12-31": "97.73000", "2012-12-31": "85.76600", "2011-12-31": ""}, "Total Assets": {"2019-12-31": "2486.91700", "2018-12-31": "1521.92600", "2017-12-31": "1550.13800", "2016-12-31": "1078.61300", "2015-12-31": "876.65500", "2014-12-31": "797.49700", "2013-12-31": "575.47800", "2012-12-31": "425.85700", "2011-12-31": "0.00000"}, "Total Current Liabilities": {"2019-12-31": "1753.52200", "2018-12-31": "1028.68200", "2017-12-31": "1140.15200", "2016-12-31": "898.89400", "2015-12-31": "727.53400", "2014-12-31": "678.77200", "2013-12-31": "482.98300", "2012-12-31": "335.66400", "2011-12-31": ""}, "Long Term Debt": {"2019-12-31": "30.85800", "2018-12-31": "32.61400", "2017-12-31": "34.41400", "2016-12-31": "28.71100", "2015-12-31": "24.85600", "2014-12-31": "26.12300", "2013-12-31": "72.42000", "2012-12-31": "26.39900", "2011-12-31": ""}, "Other Non-Current Liabilities": {"2019-12-31": "19.55300", "2018-12-31": "", "2017-12-31": "0.55400", "2016-12-31": "", "2015-12-31": "", "2014-12-31": "", "2013-12-31": "1.10700", "2012-12-31": "1.76700", "2011-12-31": ""}, "Total Long Term Liabilities": {"2019-12-31": "206.76700", "2018-12-31": "158.49100", "2017-12-31": "128.73900", "2016-12-31": "63.19200", "2015-12-31": "50.80700", "2014-12-31": "44.58700", "2013-12-31": "87.41200", "2012-12-31": "35.52200", "2011-12-31": ""}, "Total Liabilities": {"2019-12-31": "1960.28900", "2018-12-31": "1187.17300", "2017-12-31": "1268.89100", "2016-12-31": "962.08600", "2015-12-31": "778.34100", "2014-12-31": "723.35900", "2013-12-31": "570.39500", "2012-12-31": "371.18600", "2011-12-31": "0.00000"}, "Common Stock Net": {"2019-12-31": "0.61300", "2018-12-31": "0.60700", "2017-12-31": "0.60100", "2016-12-31": "0.58500", "2015-12-31": "0.57100", "2014-12-31": "0.53800", "2013-12-31": "0.45700", "2012-12-31": "", "2011-12-31": "0.00000"}, "Retained Earnings (Accumulated Deficit)": {"2019-12-31": "576.16600", "2018-12-31": "395.59000", "2017-12-31": "258.52500", "2016-12-31": "70.44800", "2015-12-31": "26.60800", "2014-12-31": "5.66300", "2013-12-31": "-29.34900", "2012-12-31": "-8.87100", "2011-12-31": ""}, "Comprehensive Income": {"2019-12-31": "", "2018-12-31": "", "2017-12-31": "", "2016-12-31": "", "2015-12-31": "", "2014-12-31": "", "2013-12-31": "", "2012-12-31": "", "2011-12-31": ""}, "Other Share Holders Equity": {"2019-12-31": "", "2018-12-31": "", "2017-12-31": "", "2016-12-31": "", "2015-12-31": "", "2014-12-31": "", "2013-12-31": "", "2012-12-31": "63.54200", "2011-12-31": "0.00000"}, "Share Holder Equity": {"2019-12-31": "526.62800", "2018-12-31": "334.75300", "2017-12-31": "281.24700", "2016-12-31": "116.52700", "2015-12-31": "98.31400", "2014-12-31": "74.13800", "2013-12-31": "5.08300", "2012-12-31": "54.67100", "2011-12-31": "0.00000"}, "Total Liabilities And Share Holders Equity": {"2019-12-31": "2486.91700", "2018-12-31": "1521.92600", "2017-12-31": "1550.13800", "2016-12-31": "1078.61300", "2015-12-31": "876.65500", "2014-12-31": "797.49700", "2013-12-31": "575.47800", "2012-12-31": "425.85700", "2011-12-31": "0.00000"}}, "balance sheet, quarterly": {"Cash On Hand": {"2020-09-30": "156.39800", "2020-06-30": "113.51800", "2020-03-31": "181.82700", "2019-12-31": "133.66700", "2019-09-30": "108.12700", "2019-06-30": "94.81400", "2019-03-31": "91.30700", "2018-12-31": "45.71800", "2018-09-30": "85.04800", "2018-06-30": "54.63000", "2018-03-31": "68.12100", "2017-12-31": "46.07700", "2017-09-30": "66.61000", "2017-06-30": "68.11700", "2017-03-31": "92.91500", "2016-12-31": "60.15800", "2016-09-30": "74.49600", "2016-06-30": "80.89300", "2016-03-31": "72.07500", "2015-12-31": "50.71400", "2015-09-30": "48.54700", "2015-06-30": "42.66700", "2015-03-31": "35.67300", "2014-12-31": "25.51500", "2014-09-30": "18.84300", "2014-06-30": "14.33800", "2014-03-31": "13.49400", "2013-12-31": "13.73100", "2013-09-30": "", "2013-06-30": "", "2013-03-31": "", "2012-12-31": "13.80000", "2011-12-31": ""}, "Receivables": {"2020-09-30": "21.63500", "2020-06-30": "13.61900", "2020-03-31": "8.05900", "2019-12-31": "13.31800", "2019-09-30": "12.12100", "2019-06-30": "13.46500", "2019-03-31": "3.83500", "2018-12-31": "7.37600", "2018-09-30": "8.66900", "2018-06-30": "8.01600", "2018-03-31": "5.38400", "2017-12-31": "8.62300", "2017-09-30": "10.69100", "2017-06-30": "5.35000", "2017-03-31": "1.84700", "2016-12-31": "2.03100", "2016-09-30": "5.79500", "2016-06-30": "2.77500", "2016-03-31": "2.58000", "2015-12-31": "9.09700", "2015-09-30": "3.39700", "2015-06-30": "2.56200", "2015-03-31": "1.68400", "2014-12-31": "3.72900", "2014-09-30": "1.46800", "2014-06-30": "0.92100", "2014-03-31": "0.73700", "2013-12-31": "1.85500", "2013-09-30": "", "2013-06-30": "", "2013-03-31": "", "2012-12-31": "0.62000", "2011-12-31": ""}, "Inventory": {"2020-09-30": "0.92400", "2020-06-30": "1.37600", "2020-03-31": "0.93000", "2019-12-31": "1.15800", "2019-09-30": "0.70000", "2019-06-30": "0.76700", "2019-03-31": "0.91000", "2018-12-31": "0.79700", "2018-09-30": "0.57400", "2018-06-30": "0.47700", "2018-03-31": "0.42000", "2017-12-31": "0.97900", "2017-09-30": "0.75000", "2017-06-30": "0.52000", "2017-03-31": "0.49900", "2016-12-31": "0.67500", "2016-09-30": "0.35500", "2016-06-30": "0.44100", "2016-03-31": "0.73600", "2015-12-31": "1.09300", "2015-09-30": "0.63900", "2015-06-30": "0.32600", "2015-03-31": "0.71800", "2014-12-31": "0.19500", "2014-09-30": "0.38400", "2014-06-30": "0.51900", "2014-03-31": "0.45200", "2013-12-31": "0.57800", "2013-09-30": "", "2013-06-30": "", "2013-03-31": "", "2012-12-31": "0.71000", "2011-12-31": ""}, "Pre-Paid Expenses": {"2020-09-30": "20.75700", "2020-06-30": "24.98700", "2020-03-31": "17.85300", "2019-12-31": "13.56100", "2019-09-30": "12.72400", "2019-06-30": "11.26400", "2019-03-31": "9.15600", "2018-12-31": "7.65800", "2018-09-30": "7.93400", "2018-06-30": "8.02500", "2018-03-31": "7.00100", "2017-12-31": "4.98200", "2017-09-30": "5.70500", "2017-06-30": "5.73700", "2017-03-31": "5.41300", "2016-12-31": "4.47500", "2016-09-30": "3.99100", "2016-06-30": "4.13600", "2016-03-31": "4.79300", "2015-12-31": "3.53100", "2015-09-30": "2.42600", "2015-06-30": "3.21200", "2015-03-31": "3.04400", "2014-12-31": "1.95200", "2014-09-30": "1.58100", "2014-06-30": "1.61500", "2014-03-31": "3.76900", "2013-12-31": "2.13300", "2013-09-30": "", "2013-06-30": "", "2013-03-31": "", "2012-12-31": "", "2011-12-31": ""}, "Other Current Assets": {"2020-09-30": "1522.35700", "2020-06-30": "1033.53500", "2020-03-31": "1392.37900", "2019-12-31": "1662.77800", "2019-09-30": "835.91800", "2019-06-30": "1126.80800", "2019-03-31": "1405.46500", "2018-12-31": "967.78700", "2018-09-30": "902.84400", "2018-06-30": "900.34400", "2018-03-31": "1095.17300", "2017-12-31": "1089.20100", "2017-09-30": "792.73400", "2017-06-30": "787.01500", "2017-03-31": "950.98000", "2016-12-31": "858.24400", "2016-09-30": "593.04100", "2016-06-30": "1034.31400", "2016-03-31": "1125.61900", "2015-12-31": "696.70300", "2015-09-30": "615.89500", "2015-06-30": "542.80700", "2015-03-31": "591.56300", "2014-12-31": "660.55700", "2014-09-30": "393.63300", "2014-06-30": "315.62900", "2014-03-31": "409.21800", "2013-12-31": "455.77900", "2013-09-30": "", "2013-06-30": "", "2013-03-31": "", "2012-12-31": "324.95000", "2011-12-31": ""}, "Total Current Assets": {"2020-09-30": "1778.31600", "2020-06-30": "1240.05800", "2020-03-31": "1651.56100", "2019-12-31": "1871.10000", "2019-09-30": "1012.97500", "2019-06-30": "1287.98600", "2019-03-31": "1549.48400", "2018-12-31": "1064.62200", "2018-09-30": "1037.53400", "2018-06-30": "1002.03200", "2018-03-31": "1205.01900", "2017-12-31": "1176.26500", "2017-09-30": "876.49000", "2017-06-30": "866.73900", "2017-03-31": "1051.65400", "2016-12-31": "925.58300", "2016-09-30": "677.67800", "2016-06-30": "1122.55900", "2016-03-31": "1205.80300", "2015-12-31": "761.13800", "2015-09-30": "671.22000", "2015-06-30": "591.94700", "2015-03-31": "633.55100", "2014-12-31": "691.94800", "2014-09-30": "418.33100", "2014-06-30": "336.49200", "2014-03-31": "430.95100", "2013-12-31": "477.74800", "2013-09-30": "", "2013-06-30": "", "2013-03-31": "", "2012-12-31": "340.09000", "2011-12-31": ""}, "Property, Plant, And Equipment": {"2020-09-30": "275.62400", "2020-06-30": "266.83100", "2020-03-31": "254.42300", "2019-12-31": "238.45800", "2019-09-30": "224.03500", "2019-06-30": "196.37100", "2019-03-31": "187.51100", "2018-12-31": "176.96200", "2018-09-30": "168.39700", "2018-06-30": "165.37000", "2018-03-31": "159.56100", "2017-12-31": "147.70500", "2017-09-30": "133.76500", "2017-06-30": "116.95700", "2017-03-31": "106.48500", "2016-12-31": "96.84800", "2016-09-30": "87.28500", "2016-06-30": "76.62700", "2016-03-31": "66.99000", "2015-12-31": "58.85800", "2015-09-30": "53.67400", "2015-06-30": "50.11500", "2015-03-31": "48.69200", "2014-12-31": "47.91900", "2014-09-30": "46.64200", "2014-06-30": "45.35800", "2014-03-31": "42.51400", "2013-12-31": "38.67100", "2013-09-30": "", "2013-06-30": "", "2013-03-31": "", "2012-12-31": "33.15000", "2011-12-31": ""}, "Long-Term Investments": {"2020-09-30": "", "2020-06-30": "", "2020-03-31": "", "2019-12-31": "", "2019-09-30": "", "2019-06-30": "", "2019-03-31": "", "2018-12-31": "", "2018-09-30": "", "2018-06-30": "", "2018-03-31": "", "2017-12-31": "", "2017-09-30": "", "2017-06-30": "", "2017-03-31": "", "2016-12-31": "", "2016-09-30": "", "2016-06-30": "", "2016-03-31": "", "2015-12-31": "", "2015-09-30": "", "2015-06-30": "", "2015-03-31": "", "2014-12-31": "", "2014-09-30": "", "2014-06-30": "", "2014-03-31": "", "2013-12-31": "", "2013-09-30": "", "2013-06-30": "", "2013-03-31": "", "2012-12-31": "", "2011-12-31": ""}, "Goodwill And Intangible Assets": {"2020-09-30": "51.88900", "2020-06-30": "51.88900", "2020-03-31": "51.88900", "2019-12-31": "51.88900", "2019-09-30": "51.88900", "2019-06-30": "51.88900", "2019-03-31": "51.88900", "2018-12-31": "51.88900", "2018-09-30": "52.68700", "2018-06-30": "52.74100", "2018-03-31": "52.79400", "2017-12-31": "52.84700", "2017-09-30": "52.90000", "2017-06-30": "52.95400", "2017-03-31": "53.35700", "2016-12-31": "53.76000", "2016-09-30": "54.16300", "2016-06-30": "54.56600", "2016-03-31": "54.97000", "2015-12-31": "55.37300", "2015-09-30": "55.77500", "2015-06-30": "56.17900", "2015-03-31": "56.58200", "2014-12-31": "56.98500", "2014-09-30": "57.38800", "2014-06-30": "57.79100", "2014-03-31": "58.19500", "2013-12-31": "58.59800", "2013-09-30": "0.00000", "2013-06-30": "0.00000", "2013-03-31": "0.00000", "2012-12-31": "60.21000", "2011-12-31": "0.00000"}, "Other Long-Term Assets": {"2020-09-30": "36.93400", "2020-06-30": "34.34200", "2020-03-31": "35.08400", "2019-12-31": "33.33600", "2019-09-30": "30.34500", "2019-06-30": "30.70500", "2019-03-31": "26.80900", "2018-12-31": "2.99400", "2018-09-30": "2.24600", "2018-06-30": "2.04400", "2018-03-31": "2.17600", "2017-12-31": "1.45600", "2017-09-30": "1.34100", "2017-06-30": "1.32600", "2017-03-31": "1.36900", "2016-12-31": "1.21500", "2016-09-30": "1.01000", "2016-06-30": "0.93600", "2016-03-31": "0.86600", "2015-12-31": "1.28600", "2015-09-30": "0.91300", "2015-06-30": "0.94100", "2015-03-31": "0.76400", "2014-12-31": "0.64500", "2014-09-30": "0.59500", "2014-06-30": "0.55400", "2014-03-31": "0.57100", "2013-12-31": "0.46100", "2013-09-30": "", "2013-06-30": "", "2013-03-31": "", "2012-12-31": "0.41000", "2011-12-31": ""}, "Total Long-Term Assets": {"2020-09-30": "706.88300", "2020-06-30": "681.44200", "2020-03-31": "658.16400", "2019-12-31": "615.81700", "2019-09-30": "579.05200", "2019-06-30": "538.20600", "2019-03-31": "513.34400", "2018-12-31": "457.30400", "2018-09-30": "430.65200", "2018-06-30": "416.93300", "2018-03-31": "403.11100", "2017-12-31": "373.87300", "2017-09-30": "193.44600", "2017-06-30": "179.20400", "2017-03-31": "166.89800", "2016-12-31": "153.03000", "2016-09-30": "143.31700", "2016-06-30": "136.42400", "2016-03-31": "125.82900", "2015-12-31": "115.51700", "2015-09-30": "110.36200", "2015-06-30": "107.23500", "2015-03-31": "106.03800", "2014-12-31": "105.54900", "2014-09-30": "104.62500", "2014-06-30": "103.70300", "2014-03-31": "101.28000", "2013-12-31": "97.73000", "2013-09-30": "", "2013-06-30": "", "2013-03-31": "", "2012-12-31": "93.77000", "2011-12-31": ""}, "Total Assets": {"2020-09-30": "2485.19900", "2020-06-30": "1921.50000", "2020-03-31": "2309.72500", "2019-12-31": "2486.91700", "2019-09-30": "1592.02700", "2019-06-30": "1826.19200", "2019-03-31": "2062.82800", "2018-12-31": "1521.92600", "2018-09-30": "1468.18600", "2018-06-30": "1418.96500", "2018-03-31": "1608.13000", "2017-12-31": "1550.13800", "2017-09-30": "1069.93600", "2017-06-30": "1045.94300", "2017-03-31": "1218.55200", "2016-12-31": "1078.61300", "2016-09-30": "820.99500", "2016-06-30": "1258.98300", "2016-03-31": "1331.63200", "2015-12-31": "876.65500", "2015-09-30": "781.58200", "2015-06-30": "699.18200", "2015-03-31": "739.58900", "2014-12-31": "797.49700", "2014-09-30": "522.95600", "2014-06-30": "440.19500", "2014-03-31": "532.23100", "2013-12-31": "575.47800", "2013-09-30": "0.00000", "2013-06-30": "0.00000", "2013-03-31": "0.00000", "2012-12-31": "425.85000", "2011-12-31": "0.00000"}, "Total Current Liabilities": {"2020-09-30": "1627.80100", "2020-06-30": "1117.25100", "2020-03-31": "1497.91500", "2019-12-31": "1753.52200", "2019-09-30": "918.47800", "2019-06-30": "1201.27800", "2019-03-31": "1483.71000", "2018-12-31": "1028.68200", "2018-09-30": "958.14900", "2018-06-30": "947.05600", "2018-03-31": "1141.34200", "2017-12-31": "1140.15200", "2017-09-30": "837.61200", "2017-06-30": "828.45200", "2017-03-31": "1005.42900", "2016-12-31": "898.89400", "2016-09-30": "628.89400", "2016-06-30": "1072.49700", "2016-03-31": "1161.79300", "2015-12-31": "727.53400", "2015-09-30": "641.57600", "2015-06-30": "565.49500", "2015-03-31": "613.00400", "2014-12-31": "678.77200", "2014-09-30": "407.89200", "2014-06-30": "329.39800", "2014-03-31": "438.26900", "2013-12-31": "482.98300", "2013-09-30": "", "2013-06-30": "", "2013-03-31": "", "2012-12-31": "335.66000", "2011-12-31": ""}, "Long Term Debt": {"2020-09-30": "29.55400", "2020-06-30": "29.98900", "2020-03-31": "30.42300", "2019-12-31": "30.85800", "2019-09-30": "31.29300", "2019-06-30": "31.72700", "2019-03-31": "32.17900", "2018-12-31": "32.61400", "2018-09-30": "33.04900", "2018-06-30": "33.48600", "2018-03-31": "33.93500", "2017-12-31": "34.41400", "2017-09-30": "33.21800", "2017-06-30": "33.47900", "2017-03-31": "30.38900", "2016-12-31": "28.71100", "2016-09-30": "29.00000", "2016-06-30": "28.34900", "2016-03-31": "24.65000", "2015-12-31": "24.85600", "2015-09-30": "25.20600", "2015-06-30": "25.43500", "2015-03-31": "25.65200", "2014-12-31": "26.12300", "2014-09-30": "26.34100", "2014-06-30": "26.52800", "2014-03-31": "72.37600", "2013-12-31": "72.42000", "2013-09-30": "", "2013-06-30": "", "2013-03-31": "", "2012-12-31": "26.39000", "2011-12-31": ""}, "Other Non-Current Liabilities": {"2020-09-30": "21.52400", "2020-06-30": "21.25700", "2020-03-31": "22.19500", "2019-12-31": "19.55300", "2019-09-30": "18.70600", "2019-06-30": "18.86100", "2019-03-31": "16.61900", "2018-12-31": "", "2018-09-30": "", "2018-06-30": "", "2018-03-31": "", "2017-12-31": "0.55400", "2017-09-30": "", "2017-06-30": "", "2017-03-31": "", "2016-12-31": "", "2016-09-30": "", "2016-06-30": "", "2016-03-31": "", "2015-12-31": "", "2015-09-30": "", "2015-06-30": "", "2015-03-31": "", "2014-12-31": "", "2014-09-30": "", "2014-06-30": "", "2014-03-31": "0.47200", "2013-12-31": "1.10700", "2013-09-30": "", "2013-06-30": "", "2013-03-31": "", "2012-12-31": "1.76000", "2011-12-31": ""}, "Total Long Term Liabilities": {"2020-09-30": "224.99900", "2020-06-30": "218.39600", "2020-03-31": "212.02200", "2019-12-31": "206.76700", "2019-09-30": "198.65100", "2019-06-30": "190.15200", "2019-03-31": "180.56500", "2018-12-31": "158.49100", "2018-09-30": "149.66000", "2018-06-30": "142.17100", "2018-03-31": "133.75500", "2017-12-31": "128.73900", "2017-09-30": "75.05900", "2017-06-30": "72.44300", "2017-03-31": "66.94400", "2016-12-31": "63.19200", "2016-09-30": "61.06400", "2016-06-30": "57.67100", "2016-03-31": "51.47500", "2015-12-31": "50.80700", "2015-09-30": "48.32700", "2015-06-30": "47.31700", "2015-03-31": "46.19600", "2014-12-31": "44.58700", "2014-09-30": "44.44800", "2014-06-30": "42.95900", "2014-03-31": "87.90800", "2013-12-31": "87.41200", "2013-09-30": "", "2013-06-30": "", "2013-03-31": "", "2012-12-31": "35.50000", "2011-12-31": ""}, "Total Liabilities": {"2020-09-30": "1852.80000", "2020-06-30": "1335.64700", "2020-03-31": "1709.93700", "2019-12-31": "1960.28900", "2019-09-30": "1117.12900", "2019-06-30": "1391.43000", "2019-03-31": "1664.27500", "2018-12-31": "1187.17300", "2018-09-30": "1107.80900", "2018-06-30": "1089.22700", "2018-03-31": "1275.09700", "2017-12-31": "1268.89100", "2017-09-30": "912.67100", "2017-06-30": "900.89500", "2017-03-31": "1072.37300", "2016-12-31": "962.08600", "2016-09-30": "689.95800", "2016-06-30": "1130.16800", "2016-03-31": "1213.26800", "2015-12-31": "778.34100", "2015-09-30": "689.90300", "2015-06-30": "612.81200", "2015-03-31": "659.20000", "2014-12-31": "723.35900", "2014-09-30": "452.34000", "2014-06-30": "372.35700", "2014-03-31": "526.17700", "2013-12-31": "570.39500", "2013-09-30": "0.00000", "2013-06-30": "0.00000", "2013-03-31": "0.00000", "2012-12-31": "371.18000", "2011-12-31": "0.00000"}, "Common Stock Net": {"2020-09-30": "0.61600", "2020-06-30": "0.61600", "2020-03-31": "0.61400", "2019-12-31": "0.61300", "2019-09-30": "0.61200", "2019-06-30": "0.61200", "2019-03-31": "0.60900", "2018-12-31": "0.60700", "2018-09-30": "0.60600", "2018-06-30": "0.60600", "2018-03-31": "0.60400", "2017-12-31": "0.60100", "2017-09-30": "0.59900", "2017-06-30": "0.59500", "2017-03-31": "0.58500", "2016-12-31": "0.58500", "2016-09-30": "0.58400", "2016-06-30": "0.57600", "2016-03-31": "0.57100", "2015-12-31": "0.57100", "2015-09-30": "0.57100", "2015-06-30": "0.57100", "2015-03-31": "0.56600", "2014-12-31": "0.53800", "2014-09-30": "0.51000", "2014-06-30": "0.51000", "2014-03-31": "0.45700", "2013-12-31": "0.45700", "2013-09-30": "0.00000", "2013-06-30": "0.00000", "2013-03-31": "0.00000", "2012-12-31": "0.00000", "2011-12-31": "0.00000"}, "Retained Earnings (Accumulated Deficit)": {"2020-09-30": "695.25200", "2020-06-30": "667.77000", "2020-03-31": "639.18100", "2019-12-31": "576.16600", "2019-09-30": "530.78600", "2019-06-30": "491.63400", "2019-03-31": "442.87200", "2018-12-31": "395.59000", "2018-09-30": "364.17600", "2018-06-30": "335.40700", "2018-03-31": "299.68500", "2017-12-31": "258.52500", "2017-09-30": "124.35000", "2017-06-30": "110.28300", "2017-03-31": "96.06200", "2016-12-31": "70.44800", "2016-09-30": "61.81500", "2016-06-30": "55.61700", "2016-03-31": "45.19600", "2015-12-31": "26.60800", "2015-09-30": "21.45100", "2015-06-30": "17.60400", "2015-03-31": "11.65800", "2014-12-31": "5.66300", "2014-09-30": "3.15700", "2014-06-30": "0.46700", "2014-03-31": "1.06000", "2013-12-31": "-29.34900", "2013-09-30": "", "2013-06-30": "", "2013-03-31": "", "2012-12-31": "-8.87000", "2011-12-31": ""}, "Comprehensive Income": {"2020-09-30": "", "2020-06-30": "", "2020-03-31": "", "2019-12-31": "", "2019-09-30": "", "2019-06-30": "", "2019-03-31": "", "2018-12-31": "", "2018-09-30": "", "2018-06-30": "", "2018-03-31": "", "2017-12-31": "", "2017-09-30": "", "2017-06-30": "", "2017-03-31": "", "2016-12-31": "", "2016-09-30": "", "2016-06-30": "", "2016-03-31": "", "2015-12-31": "", "2015-09-30": "", "2015-06-30": "", "2015-03-31": "", "2014-12-31": "", "2014-09-30": "", "2014-06-30": "", "2014-03-31": "", "2013-12-31": "", "2013-09-30": "", "2013-06-30": "", "2013-03-31": "", "2012-12-31": "", "2011-12-31": ""}, "Other Share Holders Equity": {"2020-09-30": "", "2020-06-30": "", "2020-03-31": "", "2019-12-31": "", "2019-09-30": "", "2019-06-30": "", "2019-03-31": "", "2018-12-31": "", "2018-09-30": "", "2018-06-30": "", "2018-03-31": "", "2017-12-31": "", "2017-09-30": "", "2017-06-30": "", "2017-03-31": "", "2016-12-31": "", "2016-09-30": "", "2016-06-30": "", "2016-03-31": "", "2015-12-31": "", "2015-09-30": "", "2015-06-30": "", "2015-03-31": "", "2014-12-31": "", "2014-09-30": "", "2014-06-30": "", "2014-03-31": "", "2013-12-31": "", "2013-09-30": "0.00000", "2013-06-30": "0.00000", "2013-03-31": "0.00000", "2012-12-31": "63.54000", "2011-12-31": "0.00000"}, "Share Holder Equity": {"2020-09-30": "632.39900", "2020-06-30": "585.85300", "2020-03-31": "599.78800", "2019-12-31": "526.62800", "2019-09-30": "474.89800", "2019-06-30": "434.76200", "2019-03-31": "398.55300", "2018-12-31": "334.75300", "2018-09-30": "360.37700", "2018-06-30": "329.73800", "2018-03-31": "333.03300", "2017-12-31": "281.24700", "2017-09-30": "157.26500", "2017-06-30": "145.04800", "2017-03-31": "146.17900", "2016-12-31": "116.52700", "2016-09-30": "131.03700", "2016-06-30": "128.81500", "2016-03-31": "118.36400", "2015-12-31": "98.31400", "2015-09-30": "91.67900", "2015-06-30": "86.37000", "2015-03-31": "80.38900", "2014-12-31": "74.13800", "2014-09-30": "70.61600", "2014-06-30": "67.83800", "2014-03-31": "6.05400", "2013-12-31": "5.08300", "2013-09-30": "0.00000", "2013-06-30": "0.00000", "2013-03-31": "0.00000", "2012-12-31": "54.67000", "2011-12-31": "0.00000"}, "Total Liabilities And Share Holders Equity": {"2020-09-30": "2485.19900", "2020-06-30": "1921.50000", "2020-03-31": "2309.72500", "2019-12-31": "2486.91700", "2019-09-30": "1592.02700", "2019-06-30": "1826.19200", "2019-03-31": "2062.82800", "2018-12-31": "1521.92600", "2018-09-30": "1468.18600", "2018-06-30": "1418.96500", "2018-03-31": "1608.13000", "2017-12-31": "1550.13800", "2017-09-30": "1069.93600", "2017-06-30": "1045.94300", "2017-03-31": "1218.55200", "2016-12-31": "1078.61300", "2016-09-30": "820.99500", "2016-06-30": "1258.98300", "2016-03-31": "1331.63200", "2015-12-31": "876.65500", "2015-09-30": "781.58200", "2015-06-30": "699.18200", "2015-03-31": "739.58900", "2014-12-31": "797.49700", "2014-09-30": "522.95600", "2014-06-30": "440.19500", "2014-03-31": "532.23100", "2013-12-31": "575.47800", "2013-09-30": "0.00000", "2013-06-30": "0.00000", "2013-03-31": "0.00000", "2012-12-31": "425.85000", "2011-12-31": "0.00000"}}, "cash flow statement": {"Net Income/Loss": {"2019-12-31": "180.57600", "2018-12-31": "137.06500", "2017-12-31": "123.48600", "2016-12-31": "70.42100", "2015-12-31": "20.94500", "2014-12-31": "5.66300", "2013-12-31": "0.60700", "2012-12-31": "-0.40600", "2011-12-31": "1.43000"}, "Total Depreciation And Amortization - Cash Flow": {"2019-12-31": "41.30600", "2018-12-31": "28.57700", "2017-12-31": "19.06100", "2016-12-31": "13.62100", "2015-12-31": "9.57800", "2014-12-31": "11.34600", "2013-12-31": "5.74400", "2012-12-31": "5.68400", "2011-12-31": "5.28600"}, "Other Non-Cash Items": {"2019-12-31": "69.65400", "2018-12-31": "56.98600", "2017-12-31": "29.98800", "2016-12-31": "35.99700", "2015-12-31": "2.21300", "2014-12-31": "1.86400", "2013-12-31": "0.54300", "2012-12-31": "0.00600", "2011-12-31": "0.16500"}, "Total Non-Cash Items": {"2019-12-31": "110.96000", "2018-12-31": "85.56300", "2017-12-31": "49.04900", "2016-12-31": "49.61800", "2015-12-31": "11.79100", "2014-12-31": "13.21000", "2013-12-31": "6.28700", "2012-12-31": "5.69000", "2011-12-31": "5.45100"}, "Change In Accounts Receivable": {"2019-12-31": "-5.88400", "2018-12-31": "-1.83800", "2017-12-31": "-0.23700", "2016-12-31": "1.01500", "2015-12-31": "0.44000", "2014-12-31": "-1.08900", "2013-12-31": "-1.08300", "2012-12-31": "-0.13300", "2011-12-31": "-0.24100"}, "Change In Inventories": {"2019-12-31": "-0.40300", "2018-12-31": "-0.30600", "2017-12-31": "0.46200", "2016-12-31": "0.41800", "2015-12-31": "-0.22400", "2014-12-31": "0.26700", "2013-12-31": "0.13600", "2012-12-31": "0.00800", "2011-12-31": "-0.07500"}, "Change In Accounts Payable": {"2019-12-31": "-0.22100", "2018-12-31": "1.07900", "2017-12-31": "0.07900", "2016-12-31": "-1.57100", "2015-12-31": "-0.43100", "2014-12-31": "-2.38600", "2013-12-31": "2.66700", "2012-12-31": "1.15700", "2011-12-31": "-0.59700"}, "Change In Assets/Liabilities": {"2019-12-31": "-74.06900", "2018-12-31": "-51.14100", "2017-12-31": "-37.45400", "2016-12-31": "-32.21700", "2015-12-31": "7.31000", "2014-12-31": "6.06800", "2013-12-31": "3.31900", "2012-12-31": "2.30800", "2011-12-31": "2.23700"}, "Total Change In Assets/Liabilities": {"2019-12-31": "-67.27300", "2018-12-31": "-37.81100", "2017-12-31": "-42.38600", "2016-12-31": "-21.22100", "2015-12-31": "10.23600", "2014-12-31": "3.46400", "2013-12-31": "10.09000", "2012-12-31": "5.69000", "2011-12-31": "2.20400"}, "Cash Flow From Operating Activities": {"2019-12-31": "224.26300", "2018-12-31": "184.81700", "2017-12-31": "130.14900", "2016-12-31": "98.81800", "2015-12-31": "42.97200", "2014-12-31": "22.33700", "2013-12-31": "16.98400", "2012-12-31": "10.97400", "2011-12-31": "9.08500"}, "Net Change In Property, Plant, And Equipment": {"2019-12-31": "-92.93400", "2018-12-31": "-59.90600", "2017-12-31": "-59.38900", "2016-12-31": "-43.51000", "2015-12-31": "-16.54900", "2014-12-31": "-14.27000", "2013-12-31": "-16.91800", "2012-12-31": "-5.86500", "2011-12-31": "-14.85800"}, "Net Change In Intangible Assets": {"2019-12-31": "", "2018-12-31": "", "2017-12-31": "", "2016-12-31": "", "2015-12-31": "", "2014-12-31": "", "2013-12-31": "", "2012-12-31": "", "2011-12-31": ""}, "Net Acquisitions/Divestitures": {"2019-12-31": "", "2018-12-31": "", "2017-12-31": "", "2016-12-31": "", "2015-12-31": "", "2014-12-31": "", "2013-12-31": "", "2012-12-31": "", "2011-12-31": ""}, "Net Change In Short-term Investments": {"2019-12-31": "-126.61100", "2018-12-31": "10.48900", "2017-12-31": "74.97000", "2016-12-31": "-161.40600", "2015-12-31": "-36.14600", "2014-12-31": "-204.77800", "2013-12-31": "-131.51300", "2012-12-31": "-71.00100", "2011-12-31": "-87.19000"}, "Net Change In Long-Term Investments": {"2019-12-31": "", "2018-12-31": "", "2017-12-31": "", "2016-12-31": "", "2015-12-31": "", "2014-12-31": "", "2013-12-31": "", "2012-12-31": "", "2011-12-31": ""}, "Net Change In Investments - Total": {"2019-12-31": "-126.61100", "2018-12-31": "10.48900", "2017-12-31": "74.97000", "2016-12-31": "-161.40600", "2015-12-31": "-36.14600", "2014-12-31": "-204.77800", "2013-12-31": "-131.51300", "2012-12-31": "-71.00100", "2011-12-31": "-87.19000"}, "Investing Activities - Other": {"2019-12-31": "", "2018-12-31": "", "2017-12-31": "", "2016-12-31": "", "2015-12-31": "0.37100", "2014-12-31": "-0.00200", "2013-12-31": "-0.00100", "2012-12-31": "-0.11700", "2011-12-31": "-0.25100"}, "Cash Flow From Investing Activities": {"2019-12-31": "-219.54500", "2018-12-31": "-49.41700", "2017-12-31": "15.58100", "2016-12-31": "-204.91600", "2015-12-31": "-52.32400", "2014-12-31": "-219.05000", "2013-12-31": "-148.43200", "2012-12-31": "-76.98300", "2011-12-31": "-102.29900"}, "Net Long-Term Debt": {"2019-12-31": "-1.77500", "2018-12-31": "-0.88800", "2017-12-31": "5.60500", "2016-12-31": "4.03600", "2015-12-31": "-1.11800", "2014-12-31": "-59.11200", "2013-12-31": "6.97900", "2012-12-31": "17.74700", "2011-12-31": "9.61200"}, "Net Current Debt": {"2019-12-31": "694.99100", "2018-12-31": "-121.41400", "2017-12-31": "230.95700", "2016-12-31": "161.54100", "2015-12-31": "36.14600", "2014-12-31": "204.77800", "2013-12-31": "131.51300", "2012-12-31": "71.00100", "2011-12-31": "87.19100"}, "Debt Issuance/Retirement Net - Total": {"2019-12-31": "693.21600", "2018-12-31": "-122.30200", "2017-12-31": "236.56200", "2016-12-31": "165.57700", "2015-12-31": "35.02800", "2014-12-31": "145.66600", "2013-12-31": "138.49200", "2012-12-31": "88.74800", "2011-12-31": "96.80300"}, "Net Common Equity Issued/Repurchased": {"2019-12-31": "", "2018-12-31": "-105.18800", "2017-12-31": "-56.88000", "2016-12-31": "-35.56100", "2015-12-31": "", "2014-12-31": "62.84000", "2013-12-31": "", "2012-12-31": "2.40900", "2011-12-31": "-1.00000"}, "Net Total Equity Issued/Repurchased": {"2019-12-31": "", "2018-12-31": "-105.18800", "2017-12-31": "-56.88000", "2016-12-31": "-35.56100", "2015-12-31": "", "2014-12-31": "62.84000", "2013-12-31": "", "2012-12-31": "2.40900", "2011-12-31": "-1.00000"}, "Total Common And Preferred Stock Dividends Paid": {"2019-12-31": "", "2018-12-31": "", "2017-12-31": "", "2016-12-31": "", "2015-12-31": "", "2014-12-31": "", "2013-12-31": "", "2012-12-31": "", "2011-12-31": ""}, "Financial Activities - Other": {"2019-12-31": "-42.54400", "2018-12-31": "-20.30600", "2017-12-31": "-34.01700", "2016-12-31": "-14.47400", "2015-12-31": "-0.10600", "2014-12-31": "-0.01100", "2013-12-31": "-7.11700", "2012-12-31": "-18.96500", "2011-12-31": "-1.44300"}, "Cash Flow From Financial Activities": {"2019-12-31": "650.67200", "2018-12-31": "-247.79600", "2017-12-31": "145.66500", "2016-12-31": "115.54200", "2015-12-31": "34.92200", "2014-12-31": "208.49500", "2013-12-31": "131.37500", "2012-12-31": "72.19200", "2011-12-31": "94.36000"}, "Net Cash Flow": {"2019-12-31": "655.39000", "2018-12-31": "-112.39600", "2017-12-31": "291.39500", "2016-12-31": "9.44400", "2015-12-31": "25.57000", "2014-12-31": "11.78200", "2013-12-31": "-0.07300", "2012-12-31": "6.18300", "2011-12-31": "1.14600"}, "Stock-Based Compensation": {"2019-12-31": "47.26800", "2018-12-31": "36.57600", "2017-12-31": "36.07600", "2016-12-31": "20.72100", "2015-12-31": "3.21900", "2014-12-31": "0.71200", "2013-12-31": "0.93400", "2012-12-31": "0.50300", "2011-12-31": "0.16500"}, "Common Stock Dividends Paid": {"2019-12-31": "", "2018-12-31": "", "2017-12-31": "", "2016-12-31": "", "2015-12-31": "", "2014-12-31": "", "2013-12-31": "", "2012-12-31": "", "2011-12-31": ""}}, "cash flow statement, quarterly": {"Net Income/Loss": {"2020-09-30": 27.482, "2020-06-30": 28.589, "2020-03-31": "63.01500", "2019-12-31": 45.38, "2019-09-30": 39.152, "2019-06-30": 48.762, "2019-03-31": "47.28200", "2018-12-31": 31.414, "2018-09-30": 28.769, "2018-06-30": 35.722, "2018-03-31": "41.16000", "2017-12-31": 48.866, "2017-09-30": 20.91, "2017-06-30": 20.016, "2017-03-31": "33.69400", "2016-12-31": 35.214, "2016-09-30": 6.198, "2016-06-30": 10.421, "2016-03-31": "18.58800", "2015-12-31": 5.157, "2015-09-30": 3.847, "2015-06-30": 5.946, "2015-03-31": "5.99500", "2014-12-31": 2.506, "2014-09-30": 2.69, "2014-06-30": -0.593, "2014-03-31": "1.06000", "2013-12-31": 5.139, "2013-09-30": -0.424, "2013-06-30": 0.36, "2013-03-31": "2.63500", "2012-12-31": 2.8, "2011-12-31": 1.43}, "Total Depreciation And Amortization - Cash Flow": {"2020-09-30": 12.417, "2020-06-30": 13.552, "2020-03-31": "11.75700", "2019-12-31": 11.282, "2019-09-30": 10.332, "2019-06-30": 10.501, "2019-03-31": "9.19100", "2018-12-31": 8.503, "2018-09-30": 7.77, "2018-06-30": 6.406, "2018-03-31": "5.89800", "2017-12-31": 5.442, "2017-09-30": 4.567, "2017-06-30": 4.743, "2017-03-31": "4.30900", "2016-12-31": 3.854, "2016-09-30": 3.586, "2016-06-30": 3.24, "2016-03-31": "2.94100", "2015-12-31": 2.648, "2015-09-30": 2.425, "2015-06-30": 2.359, "2015-03-31": "2.14600", "2014-12-31": 6.081, "2014-09-30": 1.79, "2014-06-30": 1.684, "2014-03-31": "1.79100", "2013-12-31": 1.526, "2013-09-30": 1.515, "2013-06-30": 1.347, "2013-03-31": "1.35200", "2012-12-31": 0.4, "2011-12-31": 5.28}, "Other Non-Cash Items": {"2020-09-30": 24.273, "2020-06-30": 26.302, "2020-03-31": "18.77800", "2019-12-31": 11.054, "2019-09-30": 11.49, "2019-06-30": 11.778, "2019-03-31": "35.33200", "2018-12-31": 11.828, "2018-09-30": 9.144, "2018-06-30": 9.337, "2018-03-31": "26.67700", "2017-12-31": -8.863, "2017-09-30": 19.632, "2017-06-30": 14.591, "2017-03-31": "4.62800", "2016-12-31": 18.525, "2016-09-30": 17.588, "2016-06-30": 2.305, "2016-03-31": "-2.42100", "2015-12-31": 1.905, "2015-09-30": 0.234, "2015-06-30": -0.079, "2015-03-31": "0.15300", "2014-12-31": -2.856, "2014-09-30": 1.114, "2014-06-30": 3.571, "2014-03-31": "0.03500", "2013-12-31": -1.85, "2013-09-30": 0.139, "2013-06-30": 0.637, "2013-03-31": "1.61700", "2012-12-31": 0, "2011-12-31": 0}, "Total Non-Cash Items": {"2020-09-30": 36.69, "2020-06-30": 39.854, "2020-03-31": "30.53500", "2019-12-31": 22.336, "2019-09-30": 21.822, "2019-06-30": 22.279, "2019-03-31": "44.52300", "2018-12-31": 20.331, "2018-09-30": 16.914, "2018-06-30": 15.743, "2018-03-31": "32.57500", "2017-12-31": -3.421, "2017-09-30": 24.199, "2017-06-30": 19.334, "2017-03-31": "8.93700", "2016-12-31": 22.379, "2016-09-30": 21.174, "2016-06-30": 5.545, "2016-03-31": "0.52000", "2015-12-31": 4.553, "2015-09-30": 2.659, "2015-06-30": 2.28, "2015-03-31": "2.29900", "2014-12-31": 3.225, "2014-09-30": 2.904, "2014-06-30": 5.255, "2014-03-31": "1.82600", "2013-12-31": -0.867, "2013-09-30": 1.654, "2013-06-30": 1.984, "2013-03-31": "2.96900", "2012-12-31": 0.4, "2011-12-31": 5.28}, "Change In Accounts Receivable": {"2020-09-30": -3.06, "2020-06-30": -1.236, "2020-03-31": "1.23900", "2019-12-31": -6.689, "2019-09-30": 0.241, "2019-06-30": 0.985, "2019-03-31": "-0.42100", "2018-12-31": -1.201, "2018-09-30": 0.201, "2018-06-30": -0.064, "2018-03-31": "-0.77400", "2017-12-31": -0.132, "2017-09-30": 0.359, "2017-06-30": 0.044, "2017-03-31": "-0.50800", "2016-12-31": 0.14, "2016-09-30": 1.296, "2016-06-30": -0.195, "2016-03-31": "-0.22600", "2015-12-31": 1.032, "2015-09-30": -0.834, "2015-06-30": -0.868, "2015-03-31": "1.11000", "2014-12-31": -1.326, "2014-09-30": -0.562, "2014-06-30": -0.169, "2014-03-31": "0.96800", "2013-12-31": -0.998, "2013-09-30": -0.148, "2013-06-30": -0.084, "2013-03-31": "0.14700", "2012-12-31": 0, "2011-12-31": 0}, "Change In Inventories": {"2020-09-30": 0.465, "2020-06-30": -0.687, "2020-03-31": "0.25400", "2019-12-31": -0.222, "2019-09-30": 0.067, "2019-06-30": -0.237, "2019-03-31": "-0.01100", "2018-12-31": -0.25, "2018-09-30": -0.113, "2018-06-30": 0.25, "2018-03-31": "-0.19300", "2017-12-31": 0.537, "2017-09-30": -0.509, "2017-06-30": 0.258, "2017-03-31": "0.17600", "2016-12-31": -0.545, "2016-09-30": 0.311, "2016-06-30": 0.229, "2016-03-31": "0.42300", "2015-12-31": -0.469, "2015-09-30": 0.376, "2015-06-30": 0.392, "2015-03-31": "-0.52300", "2014-12-31": 0.072, "2014-09-30": 0.136, "2014-06-30": -0.067, "2014-03-31": "0.12600", "2013-12-31": 0.257, "2013-09-30": -0.208, "2013-06-30": 0.117, "2013-03-31": "-0.03000", "2012-12-31": 0, "2011-12-31": 0}, "Change In Accounts Payable": {"2020-09-30": 5.508, "2020-06-30": -1.425, "2020-03-31": "0.40800", "2019-12-31": 0.749, "2019-09-30": 0.314, "2019-06-30": -0.033, "2019-03-31": "-1.25100", "2018-12-31": -0.71, "2018-09-30": 1.196, "2018-06-30": 1.303, "2018-03-31": "-0.71000", "2017-12-31": 1.542, "2017-09-30": -1.144, "2017-06-30": 1.03, "2017-03-31": "-1.34900", "2016-12-31": 2.087, "2016-09-30": -6.277, "2016-06-30": 3.789, "2016-03-31": "-1.17000", "2015-12-31": 0.419, "2015-09-30": 0.12, "2015-06-30": -0.455, "2015-03-31": "-0.51500", "2014-12-31": 0.658, "2014-09-30": -0.644, "2014-06-30": -0.69, "2014-03-31": "-1.71000", "2013-12-31": 2.826, "2013-09-30": 0.476, "2013-06-30": -0.224, "2013-03-31": "-0.41100", "2012-12-31": 0, "2011-12-31": 0}, "Change In Assets/Liabilities": {"2020-09-30": -10.348, "2020-06-30": -16.872, "2020-03-31": "-31.51200", "2019-12-31": -21.696, "2019-09-30": -14.049, "2019-06-30": -15.57, "2019-03-31": "-22.75400", "2018-12-31": -17.387, "2018-09-30": -8.636, "2018-06-30": -6.975, "2018-03-31": "-18.14300", "2017-12-31": -12.73, "2017-09-30": -6.314, "2017-06-30": -6.21, "2017-03-31": "-12.20000", "2016-12-31": -39.882, "2016-09-30": 3.245, "2016-06-30": 3.479, "2016-03-31": "0.94100", "2015-12-31": 1.471, "2015-09-30": 3.774, "2015-06-30": 1.837, "2015-03-31": "0.22800", "2014-12-31": 1.645, "2014-09-30": 1.929, "2014-06-30": 2.335, "2014-03-31": "0.15900", "2013-12-31": 1.35, "2013-09-30": 0.865, "2013-06-30": 1.161, "2013-03-31": "-0.05700", "2012-12-31": 0, "2011-12-31": 0}, "Total Change In Assets/Liabilities": {"2020-09-30": 2.644, "2020-06-30": -42.961, "2020-03-31": "-11.52000", "2019-12-31": -19.872, "2019-09-30": -7.323, "2019-06-30": -28.699, "2019-03-31": "-11.37900", "2018-12-31": -12.777, "2018-09-30": 0.302, "2018-06-30": -9.088, "2018-03-31": "-16.24800", "2017-12-31": -7.345, "2017-09-30": -8.353, "2017-06-30": -24.282, "2017-03-31": "-2.40600", "2016-12-31": -33.21, "2016-09-30": -7.491, "2016-06-30": 8.64, "2016-03-31": "10.84000", "2015-12-31": -0.867, "2015-09-30": 4.844, "2015-06-30": 1.417, "2015-03-31": "4.84200", "2014-12-31": 3.305, "2014-09-30": 1.814, "2014-06-30": -0.5, "2014-03-31": "-1.15500", "2013-12-31": 7.322, "2013-09-30": 1.96, "2013-06-30": 2.038, "2013-03-31": "-1.08000", "2012-12-31": 3.49, "2011-12-31": 2.2}, "Cash Flow From Operating Activities": {"2020-09-30": 66.816, "2020-06-30": 25.482, "2020-03-31": "82.03000", "2019-12-31": 47.844, "2019-09-30": 53.651, "2019-06-30": 42.342, "2019-03-31": "80.42600", "2018-12-31": 38.968, "2018-09-30": 45.985, "2018-06-30": 42.377, "2018-03-31": "57.48700", "2017-12-31": 38.1, "2017-09-30": 36.756, "2017-06-30": 15.068, "2017-03-31": "40.22500", "2016-12-31": 24.383, "2016-09-30": 19.881, "2016-06-30": 24.606, "2016-03-31": "29.94800", "2015-12-31": 8.843, "2015-09-30": 11.35, "2015-06-30": 9.643, "2015-03-31": "13.13600", "2014-12-31": 9.036, "2014-09-30": 7.408, "2014-06-30": 4.162, "2014-03-31": "1.73100", "2013-12-31": 11.624, "2013-09-30": 3.19, "2013-06-30": 4.382, "2013-03-31": "4.52400", "2012-12-31": 6.7, "2011-12-31": 9.08}, "Net Change In Property, Plant, And Equipment": {"2020-09-30": -21.044, "2020-06-30": -26.732, "2020-03-31": "-25.72600", "2019-12-31": -21.854, "2019-09-30": -36.375, "2019-06-30": -19.816, "2019-03-31": "-14.88900", "2018-12-31": -15.642, "2018-09-30": -12.391, "2018-06-30": -13.165, "2018-03-31": "-18.70800", "2017-12-31": -16.463, "2017-09-30": -21.017, "2017-06-30": -12.773, "2017-03-31": "-9.13600", "2016-12-31": -11.38, "2016-09-30": -7.79, "2016-06-30": -15.977, "2016-03-31": "-8.36300", "2015-12-31": -6.399, "2015-09-30": -5.228, "2015-06-30": -2.42, "2015-03-31": "-2.50200", "2014-12-31": -2.322, "2014-09-30": -2.67, "2014-06-30": -4.118, "2014-03-31": "-5.16000", "2013-12-31": -10.677, "2013-09-30": -3.404, "2013-06-30": -1.612, "2013-03-31": "-1.22700", "2012-12-31": 8.99, "2011-12-31": -14.85}, "Net Change In Intangible Assets": {"2020-09-30": 0, "2020-06-30": 0, "2020-03-31": "", "2019-12-31": 0, "2019-09-30": 0, "2019-06-30": 0, "2019-03-31": "", "2018-12-31": 0, "2018-09-30": 0, "2018-06-30": 0, "2018-03-31": "", "2017-12-31": 0, "2017-09-30": 0, "2017-06-30": 0, "2017-03-31": "", "2016-12-31": 0, "2016-09-30": 0, "2016-06-30": 0, "2016-03-31": "", "2015-12-31": 0, "2015-09-30": 0, "2015-06-30": 0, "2015-03-31": "", "2014-12-31": 0, "2014-09-30": 0, "2014-06-30": 0, "2014-03-31": "", "2013-12-31": 0, "2013-09-30": 0, "2013-06-30": 0, "2013-03-31": "", "2012-12-31": 0, "2011-12-31": 0}, "Net Acquisitions/Divestitures": {"2020-09-30": 0, "2020-06-30": 0, "2020-03-31": "", "2019-12-31": 0, "2019-09-30": 0, "2019-06-30": 0, "2019-03-31": "", "2018-12-31": 0, "2018-09-30": 0, "2018-06-30": 0, "2018-03-31": "", "2017-12-31": 0, "2017-09-30": 0, "2017-06-30": 0, "2017-03-31": "", "2016-12-31": 0, "2016-09-30": 0, "2016-06-30": 0, "2016-03-31": "", "2015-12-31": 0, "2015-09-30": 0, "2015-06-30": 0, "2015-03-31": "", "2014-12-31": 0, "2014-09-30": 0, "2014-06-30": 0, "2014-03-31": "", "2013-12-31": 0, "2013-09-30": 0, "2013-06-30": 0, "2013-03-31": "", "2012-12-31": 0, "2011-12-31": 0}, "Net Change In Short-term Investments": {"2020-09-30": 13.27, "2020-06-30": 20.368, "2020-03-31": "-157.90300", "2019-12-31": -119.543, "2019-09-30": 5.157, "2019-06-30": -9.925, "2019-03-31": "-2.30000", "2018-12-31": 52.603, "2018-09-30": -12.712, "2018-06-30": -23.62, "2018-03-31": "-5.78200", "2017-12-31": 9.089, "2017-09-30": -5.348, "2017-06-30": 163.965, "2017-03-31": "-92.73600", "2016-12-31": -265.068, "2016-09-30": 441.273, "2016-06-30": 91.305, "2016-03-31": "-428.91600", "2015-12-31": -80.808, "2015-09-30": -73.088, "2015-06-30": 48.756, "2015-03-31": "68.99400", "2014-12-31": -266.924, "2014-09-30": -78.004, "2014-06-30": 93.589, "2014-03-31": "46.56100", "2013-12-31": -213.807, "2013-09-30": 43.526, "2013-06-30": 64.798, "2013-03-31": "-26.03000", "2012-12-31": 0, "2011-12-31": 0}, "Net Change In Long-Term Investments": {"2020-09-30": 0, "2020-06-30": 0, "2020-03-31": "", "2019-12-31": 0, "2019-09-30": 0, "2019-06-30": 0, "2019-03-31": "", "2018-12-31": 0, "2018-09-30": 0, "2018-06-30": 0, "2018-03-31": "", "2017-12-31": 0, "2017-09-30": 0, "2017-06-30": 0, "2017-03-31": "", "2016-12-31": 0, "2016-09-30": 0, "2016-06-30": 0, "2016-03-31": "", "2015-12-31": 0, "2015-09-30": 0, "2015-06-30": 0, "2015-03-31": "", "2014-12-31": 0, "2014-09-30": 0, "2014-06-30": 0, "2014-03-31": "", "2013-12-31": 0, "2013-09-30": 0, "2013-06-30": 0, "2013-03-31": "", "2012-12-31": 0, "2011-12-31": 0}, "Net Change In Investments - Total": {"2020-09-30": 13.27, "2020-06-30": 20.368, "2020-03-31": "-157.90300", "2019-12-31": -119.543, "2019-09-30": 5.157, "2019-06-30": -9.925, "2019-03-31": "-2.30000", "2018-12-31": 52.603, "2018-09-30": -12.712, "2018-06-30": -23.62, "2018-03-31": "-5.78200", "2017-12-31": 9.089, "2017-09-30": -5.348, "2017-06-30": 163.965, "2017-03-31": "-92.73600", "2016-12-31": -265.068, "2016-09-30": 441.273, "2016-06-30": 91.305, "2016-03-31": "-428.91600", "2015-12-31": -80.808, "2015-09-30": -73.088, "2015-06-30": 48.756, "2015-03-31": "68.99400", "2014-12-31": -266.924, "2014-09-30": -78.004, "2014-06-30": 93.589, "2014-03-31": "46.56100", "2013-12-31": -213.804, "2013-09-30": 43.526, "2013-06-30": 64.798, "2013-03-31": "-26.03000", "2012-12-31": 16.19, "2011-12-31": -87.19}, "Investing Activities - Other": {"2020-09-30": 0, "2020-06-30": 0, "2020-03-31": "", "2019-12-31": 0, "2019-09-30": 0, "2019-06-30": 0, "2019-03-31": "", "2018-12-31": 0, "2018-09-30": 0, "2018-06-30": 0, "2018-03-31": "", "2017-12-31": 0, "2017-09-30": 0, "2017-06-30": 0, "2017-03-31": "", "2016-12-31": 0, "2016-09-30": 0, "2016-06-30": 0, "2016-03-31": "", "2015-12-31": 0, "2015-09-30": 0, "2015-06-30": 0, "2015-03-31": "0.37100", "2014-12-31": -0.003, "2014-09-30": 0, "2014-06-30": 0.001, "2014-03-31": "", "2013-12-31": 0, "2013-09-30": 0, "2013-06-30": -0.001, "2013-03-31": "", "2012-12-31": 0.14, "2011-12-31": -0.25}, "Cash Flow From Investing Activities": {"2020-09-30": -7.774, "2020-06-30": -6.364, "2020-03-31": "-183.62900", "2019-12-31": -141.397, "2019-09-30": -31.218, "2019-06-30": -29.741, "2019-03-31": "-17.18900", "2018-12-31": 36.961, "2018-09-30": -25.103, "2018-06-30": -36.785, "2018-03-31": "-24.49000", "2017-12-31": -7.374, "2017-09-30": -26.365, "2017-06-30": 151.192, "2017-03-31": "-101.87200", "2016-12-31": -276.448, "2016-09-30": 433.483, "2016-06-30": 75.328, "2016-03-31": "-437.27900", "2015-12-31": -87.207, "2015-09-30": -78.316, "2015-06-30": 46.336, "2015-03-31": "66.86300", "2014-12-31": -269.249, "2014-09-30": -80.674, "2014-06-30": 89.472, "2014-03-31": "41.40100", "2013-12-31": -224.49, "2013-09-30": 40.122, "2013-06-30": 63.185, "2013-03-31": "-27.25700", "2012-12-31": 25.31, "2011-12-31": -102.29}, "Net Long-Term Debt": {"2020-09-30": -0.443, "2020-06-30": -0.444, "2020-03-31": "-0.44400", "2019-12-31": -0.444, "2019-09-30": -0.443, "2019-06-30": -0.444, "2019-03-31": "-0.44400", "2018-12-31": -0.444, "2018-09-30": -0.444, "2018-06-30": 0, "2018-03-31": "", "2017-12-31": 1.008, "2017-09-30": -0.281, "2017-06-30": 3.067, "2017-03-31": "1.81100", "2016-12-31": -0.262, "2016-09-30": 0.843, "2016-06-30": 3.679, "2016-03-31": "-0.22400", "2015-12-31": -0.221, "2015-09-30": -0.215, "2015-06-30": -0.218, "2015-03-31": "-0.46400", "2014-12-31": -0.209, "2014-09-30": -0.235, "2014-06-30": -62.954, "2014-03-31": "4.28600", "2013-12-31": 5.229, "2013-09-30": 1.947, "2013-06-30": -0.097, "2013-03-31": "-0.10000", "2012-12-31": 0, "2011-12-31": 0}, "Net Current Debt": {"2020-09-30": -140.421, "2020-06-30": 270.399, "2020-03-31": "-270.39900", "2019-12-31": 826.86, "2019-09-30": -131.869, "2019-06-30": -437.678, "2019-03-31": "437.67800", "2018-12-31": -121.414, "2018-09-30": 188.914, "2018-06-30": -194.873, "2018-03-31": "5.95900", "2017-12-31": 296.467, "2017-09-30": 5.719, "2017-06-30": -163.965, "2017-03-31": "92.73600", "2016-12-31": 265.203, "2016-09-30": -441.273, "2016-06-30": -91.305, "2016-03-31": "428.91600", "2015-12-31": 80.808, "2015-09-30": 73.088, "2015-06-30": -48.756, "2015-03-31": "-68.99400", "2014-12-31": 266.924, "2014-09-30": 78.004, "2014-06-30": -93.589, "2014-03-31": "-46.56100", "2013-12-31": 213.804, "2013-09-30": -43.526, "2013-06-30": -64.798, "2013-03-31": "26.03000", "2012-12-31": -16.19, "2011-12-31": 87.19}, "Debt Issuance/Retirement Net - Total": {"2020-09-30": -140.864, "2020-06-30": 269.955, "2020-03-31": "-270.84300", "2019-12-31": 826.416, "2019-09-30": -132.312, "2019-06-30": -438.122, "2019-03-31": "437.23400", "2018-12-31": -121.858, "2018-09-30": 188.47, "2018-06-30": -194.873, "2018-03-31": "5.95900", "2017-12-31": 297.475, "2017-09-30": 5.438, "2017-06-30": -160.898, "2017-03-31": "94.54700", "2016-12-31": 264.941, "2016-09-30": -440.43, "2016-06-30": -87.626, "2016-03-31": "428.69200", "2015-12-31": 80.587, "2015-09-30": 72.873, "2015-06-30": -48.974, "2015-03-31": "-69.45800", "2014-12-31": 266.715, "2014-09-30": 77.769, "2014-06-30": -156.543, "2014-03-31": "-42.27500", "2013-12-31": 87.514, "2013-09-30": -41.579, "2013-06-30": -64.895, "2013-03-31": "25.93000", "2012-12-31": 8.13, "2011-12-31": 9.61}, "Net Common Equity Issued/Repurchased": {"2020-09-30": 0, "2020-06-30": -44.042, "2020-03-31": "-7.99800", "2019-12-31": 0, "2019-09-30": 0, "2019-06-30": 0, "2019-03-31": "", "2018-12-31": -62.331, "2018-09-30": -1.168, "2018-06-30": -36.69, "2018-03-31": "-4.99900", "2017-12-31": -37.489, "2017-09-30": -4.204, "2017-06-30": -15.187, "2017-03-31": "", "2016-12-31": -27.182, "2016-09-30": -4.889, "2016-06-30": -3.49, "2016-03-31": "", "2015-12-31": 0, "2015-09-30": 0, "2015-06-30": 0, "2015-03-31": "", "2014-12-31": -0.003, "2014-09-30": 0.647, "2014-06-30": 62.196, "2014-03-31": "", "2013-12-31": 0, "2013-09-30": 0, "2013-06-30": 0, "2013-03-31": "", "2012-12-31": 0, "2011-12-31": 0}, "Net Total Equity Issued/Repurchased": {"2020-09-30": 0, "2020-06-30": -44.042, "2020-03-31": "-7.99800", "2019-12-31": 0, "2019-09-30": 0, "2019-06-30": 0, "2019-03-31": "", "2018-12-31": -62.331, "2018-09-30": -1.168, "2018-06-30": -36.69, "2018-03-31": "-4.99900", "2017-12-31": -37.489, "2017-09-30": -4.204, "2017-06-30": -15.187, "2017-03-31": "", "2016-12-31": -27.182, "2016-09-30": -4.889, "2016-06-30": -3.49, "2016-03-31": "", "2015-12-31": 0, "2015-09-30": 0, "2015-06-30": 0, "2015-03-31": "", "2014-12-31": -0.003, "2014-09-30": 0.647, "2014-06-30": 62.196, "2014-03-31": "", "2013-12-31": 0, "2013-09-30": 0, "2013-06-30": 0, "2013-03-31": "", "2012-12-31": 3.4, "2011-12-31": -1}, "Total Common And Preferred Stock Dividends Paid": {"2020-09-30": 0, "2020-06-30": 0, "2020-03-31": "", "2019-12-31": 0, "2019-09-30": 0, "2019-06-30": 0, "2019-03-31": "", "2018-12-31": 0, "2018-09-30": 0, "2018-06-30": 0, "2018-03-31": "", "2017-12-31": 0, "2017-09-30": 0, "2017-06-30": 0, "2017-03-31": "", "2016-12-31": 0, "2016-09-30": 0, "2016-06-30": 0, "2016-03-31": "", "2015-12-31": 0, "2015-09-30": 0, "2015-06-30": 0, "2015-03-31": "", "2014-12-31": 0, "2014-09-30": 0, "2014-06-30": 0, "2014-03-31": "", "2013-12-31": 0, "2013-09-30": 0, "2013-06-30": 0, "2013-03-31": "", "2012-12-31": 0, "2011-12-31": 0}, "Financial Activities - Other": {"2020-09-30": 626.393, "2020-06-30": -652.322, "2020-03-31": "-0.17000", "2019-12-31": -0.299, "2019-09-30": -162.821, "2019-06-30": 140.245, "2019-03-31": "-19.66900", "2018-12-31": 186.321, "2018-09-30": -188.385, "2018-06-30": -6.329, "2018-03-31": "-11.91300", "2017-12-31": -5.769, "2017-09-30": -13.132, "2017-06-30": -14.973, "2017-03-31": "-0.14300", "2016-12-31": -0.032, "2016-09-30": -14.442, "2016-06-30": 0, "2016-03-31": "", "2015-12-31": -0.056, "2015-09-30": -0.027, "2015-06-30": -0.011, "2015-03-31": "-0.01200", "2014-12-31": 0.172, "2014-09-30": -0.645, "2014-06-30": 1.556, "2014-03-31": "-1.09400", "2013-12-31": -14.031, "2013-09-30": 1.629, "2013-06-30": -2.123, "2013-03-31": "0.59500", "2012-12-31": -22.33, "2011-12-31": -1.44}, "Cash Flow From Financial Activities": {"2020-09-30": 485.529, "2020-06-30": -426.409, "2020-03-31": "-279.01100", "2019-12-31": 826.117, "2019-09-30": -295.133, "2019-06-30": -297.877, "2019-03-31": "417.56500", "2018-12-31": 2.132, "2018-09-30": -1.083, "2018-06-30": -237.892, "2018-03-31": "-10.95300", "2017-12-31": 254.217, "2017-09-30": -11.898, "2017-06-30": -191.058, "2017-03-31": "94.40400", "2016-12-31": 237.727, "2016-09-30": -459.761, "2016-06-30": -91.116, "2016-03-31": "428.69200", "2015-12-31": 80.531, "2015-09-30": 72.846, "2015-06-30": -48.985, "2015-03-31": "-69.47000", "2014-12-31": 266.884, "2014-09-30": 77.771, "2014-06-30": -92.791, "2014-03-31": "-43.36900", "2013-12-31": 204.993, "2013-09-30": -39.95, "2013-06-30": -67.018, "2013-03-31": "26.52500", "2012-12-31": -26.98, "2011-12-31": 94.36}, "Net Cash Flow": {"2020-09-30": 544.571, "2020-06-30": -407.291, "2020-03-31": "-380.61000", "2019-12-31": 732.564, "2019-09-30": -272.7, "2019-06-30": -285.276, "2019-03-31": "480.80200", "2018-12-31": 78.061, "2018-09-30": 19.799, "2018-06-30": -232.3, "2018-03-31": "22.04400", "2017-12-31": 284.943, "2017-09-30": -1.507, "2017-06-30": -24.798, "2017-03-31": "32.75700", "2016-12-31": -14.338, "2016-09-30": -6.397, "2016-06-30": 8.818, "2016-03-31": "21.36100", "2015-12-31": 2.167, "2015-09-30": 5.88, "2015-06-30": 6.994, "2015-03-31": "10.52900", "2014-12-31": 6.671, "2014-09-30": 4.505, "2014-06-30": 0.843, "2014-03-31": "-0.23700", "2013-12-31": -7.863, "2013-09-30": 3.362, "2013-06-30": 0.549, "2013-03-31": "3.79200", "2012-12-31": 5.04, "2011-12-31": 1.14}, "Stock-Based Compensation": {"2020-09-30": 19.502, "2020-06-30": 21.218, "2020-03-31": "15.81100", "2019-12-31": 6.146, "2019-09-30": 4.454, "2019-06-30": 5.597, "2019-03-31": "31.07100", "2018-12-31": 5.068, "2018-09-30": 4.587, "2018-06-30": 3.699, "2018-03-31": "23.22200", "2017-12-31": 6.413, "2017-09-30": 13.357, "2017-06-30": 12.963, "2017-03-31": "3.34300", "2016-12-31": 1.979, "2016-09-30": 13.925, "2016-06-30": 3.594, "2016-03-31": "1.22300", "2015-12-31": 1.412, "2015-09-30": 1.518, "2015-06-30": 0.035, "2015-03-31": "0.25400", "2014-12-31": 0.35, "2014-09-30": 0.088, "2014-06-30": 0.181, "2014-03-31": "0.09300", "2013-12-31": 0.009, "2013-09-30": 0.081, "2013-06-30": 0.122, "2013-03-31": "0.72200", "2012-12-31": 0, "2011-12-31": 0}, "Common Stock Dividends Paid": {"2020-09-30": 0, "2020-06-30": 0, "2020-03-31": "", "2019-12-31": 0, "2019-09-30": 0, "2019-06-30": 0, "2019-03-31": "", "2018-12-31": 0, "2018-09-30": 0, "2018-06-30": 0, "2018-03-31": "", "2017-12-31": 0, "2017-09-30": 0, "2017-06-30": 0, "2017-03-31": "", "2016-12-31": 0, "2016-09-30": 0, "2016-06-30": 0, "2016-03-31": "", "2015-12-31": 0, "2015-09-30": 0, "2015-06-30": 0, "2015-03-31": "", "2014-12-31": 0, "2014-09-30": 0, "2014-06-30": 0, "2014-03-31": "", "2013-12-31": 0, "2013-09-30": 0, "2013-06-30": 0, "2013-03-31": "", "2012-12-31": 0, "2011-12-31": 0}}, "financial ratios": {"Current Ratio": {"2019-12-31": "1.06710", "2018-12-31": "1.03490", "2017-12-31": "1.03170", "2016-12-31": "1.02970", "2015-12-31": "1.04620", "2014-12-31": "1.01940", "2013-12-31": "0.98920", "2012-12-31": "1.01320", "2011-12-31": ""}, "Long-term Debt / Capital": {"2019-12-31": "0.05540", "2018-12-31": "0.08880", "2017-12-31": "0.10900", "2016-12-31": "0.19770", "2015-12-31": "0.20180", "2014-12-31": "0.26060", "2013-12-31": "0.93440", "2012-12-31": "0.32560", "2011-12-31": ""}, "Debt/Equity Ratio": {"2019-12-31": "0.06200", "2018-12-31": "0.10270", "2017-12-31": "0.12550", "2016-12-31": "0.25590", "2015-12-31": "0.26180", "2014-12-31": "0.36390", "2013-12-31": "16.12530", "2012-12-31": "0.52220", "2011-12-31": ""}, "Gross Margin": {"2019-12-31": "85.12250", "2018-12-31": "83.97370", "2017-12-31": "83.36720", "2016-12-31": "83.57360", "2015-12-31": "84.20990", "2014-12-31": "81.90010", "2013-12-31": "80.58480", "2012-12-31": "78.74500", "2011-12-31": "76.79610"}, "Operating Margin": {"2019-12-31": "30.66730", "2018-12-31": "30.67350", "2017-12-31": "29.95290", "2016-12-31": "30.91080", "2015-12-31": "15.32810", "2014-12-31": "10.40220", "2013-12-31": "8.80290", "2012-12-31": "7.98460", "2011-12-31": "2.54520"}, "EBIT Margin": {"2019-12-31": "30.66730", "2018-12-31": "30.67350", "2017-12-31": "29.95290", "2016-12-31": "30.91080", "2015-12-31": "15.32810", "2014-12-31": "10.40220", "2013-12-31": "8.80290", "2012-12-31": "7.98460", "2011-12-31": "2.54520"}, "EBITDA Margin": {"2019-12-31": "36.26690", "2018-12-31": "35.71940", "2017-12-31": "34.35450", "2016-12-31": "35.04910", "2015-12-31": "19.59160", "2014-12-31": "17.91970", "2013-12-31": "14.14110", "2012-12-31": "15.38470", "2011-12-31": "11.78550"}, "Pre-Tax Profit Margin": {"2019-12-31": "30.64880", "2018-12-31": "30.84940", "2017-12-31": "29.49610", "2016-12-31": "30.68960", "2015-12-31": "14.92300", "2014-12-31": "6.39770", "2013-12-31": "1.30020", "2012-12-31": "-0.63790", "2011-12-31": "2.49970"}, "Net Profit Margin": {"2019-12-31": "24.47920", "2018-12-31": "24.20210", "2017-12-31": "28.51560", "2016-12-31": "21.39540", "2015-12-31": "9.32330", "2014-12-31": "3.75210", "2013-12-31": "0.55850", "2012-12-31": "-0.52470", "2011-12-31": "2.49970"}, "Asset Turnover": {"2019-12-31": "0.29660", "2018-12-31": "0.37210", "2017-12-31": "0.27940", "2016-12-31": "0.30520", "2015-12-31": "0.25630", "2014-12-31": "0.18930", "2013-12-31": "0.18700", "2012-12-31": "0.18040", "2011-12-31": ""}, "Inventory Turnover Ratio": {"2019-12-31": "94.77290", "2018-12-31": "113.88080", "2017-12-31": "73.57300", "2016-12-31": "80.09780", "2015-12-31": "32.45470", "2014-12-31": "140.09230", "2013-12-31": "36.14360", "2012-12-31": "22.86560", "2011-12-31": ""}, "Receiveable Turnover": {"2019-12-31": "55.38900", "2018-12-31": "76.78090", "2017-12-31": "50.22000", "2016-12-31": "162.05860", "2015-12-31": "24.69530", "2014-12-31": "40.47440", "2013-12-31": "58.00590", "2012-12-31": "123.48870", "2011-12-31": ""}, "Days Sales In Receivables": {"2019-12-31": "6.58980", "2018-12-31": "4.75380", "2017-12-31": "7.26800", "2016-12-31": "2.25230", "2015-12-31": "14.78020", "2014-12-31": "9.01800", "2013-12-31": "6.29250", "2012-12-31": "2.95570", "2011-12-31": ""}, "ROE - Return On Equity": {"2019-12-31": "34.28910", "2018-12-31": "40.94510", "2017-12-31": "43.90660", "2016-12-31": "60.43320", "2015-12-31": "21.30420", "2014-12-31": "7.63850", "2013-12-31": "11.94180", "2012-12-31": "-0.74260", "2011-12-31": ""}, "Return On Tangible Equity": {"2019-12-31": "38.03690", "2018-12-31": "48.45610", "2017-12-31": "54.06570", "2016-12-31": "112.19420", "2015-12-31": "48.77620", "2014-12-31": "33.01460", "2013-12-31": "-1.13430", "2012-12-31": "7.32980", "2011-12-31": ""}, "ROA - Return On Assets": {"2019-12-31": "7.26100", "2018-12-31": "9.00600", "2017-12-31": "7.96610", "2016-12-31": "6.52880", "2015-12-31": "2.38920", "2014-12-31": "0.71010", "2013-12-31": "0.10550", "2012-12-31": "-0.09530", "2011-12-31": ""}, "ROI - Return On Investment": {"2019-12-31": "32.39110", "2018-12-31": "37.31010", "2017-12-31": "39.11980", "2016-12-31": "48.48660", "2015-12-31": "17.00500", "2014-12-31": "5.64830", "2013-12-31": "0.78320", "2012-12-31": "-0.50080", "2011-12-31": ""}, "Book Value Per Share": {"2019-12-31": "9.13330", "2018-12-31": "5.84450", "2017-12-31": "4.86680", "2016-12-31": "2.03250", "2015-12-31": "1.72120", "2014-12-31": "1.37720", "2013-12-31": "0.11120", "2012-12-31": "", "2011-12-31": ""}, "Operating Cash Flow Per Share": {"2019-12-31": 0.6856, "2018-12-31": 0.941, "2017-12-31": 0.538, "2016-12-31": 0.9339, "2015-12-31": 0.3112, "2014-12-31": 0.0773, "2013-12-31": 0.1083, "2012-12-31": -9.2124, "2011-12-31": 9.4575}, "Free Cash Flow Per Share": {"2019-12-31": 0.1168, "2018-12-31": 0.9286, "2017-12-31": 0.2657, "2016-12-31": 0.4817, "2015-12-31": 0.3006, "2014-12-31": 0.1542, "2013-12-31": -0.1127, "2012-12-31": 6.1238, "2011-12-31": -6.0097}}, "financial ratios, quarterly": {"Current Ratio": {"2020-09-30": "1.09250", "2020-06-30": "1.10990", "2020-03-31": "1.10260", "2019-12-31": "1.06710", "2019-09-30": "1.10290", "2019-06-30": "1.07220", "2019-03-31": "1.04430", "2018-12-31": "1.03490", "2018-09-30": "1.08290", "2018-06-30": "1.05800", "2018-03-31": "1.05580", "2017-12-31": "1.03170", "2017-09-30": "1.04640", "2017-06-30": "1.04620", "2017-03-31": "1.04600", "2016-12-31": "1.02970", "2016-09-30": "1.07760", "2016-06-30": "1.04670", "2016-03-31": "1.03790", "2015-12-31": "1.04620", "2015-09-30": "1.04620", "2015-06-30": "1.04680", "2015-03-31": "1.03350", "2014-12-31": "1.01940", "2014-09-30": "1.02560", "2014-06-30": "1.02150", "2014-03-31": "0.98330", "2013-12-31": "0.98920", "2013-09-30": "", "2013-06-30": "", "2013-03-31": "", "2012-12-31": "", "2011-12-31": ""}, "Long-term Debt / Capital": {"2020-09-30": "0.04460", "2020-06-30": "0.04870", "2020-03-31": "0.04830", "2019-12-31": "0.05540", "2019-09-30": "0.06180", "2019-06-30": "0.06800", "2019-03-31": "0.07470", "2018-12-31": "0.08880", "2018-09-30": "0.08400", "2018-06-30": "0.09220", "2018-03-31": "0.09250", "2017-12-31": "0.10900", "2017-09-30": "0.17440", "2017-06-30": "0.18750", "2017-03-31": "0.17210", "2016-12-31": "0.19770", "2016-09-30": "0.18120", "2016-06-30": "0.18040", "2016-03-31": "0.17240", "2015-12-31": "0.20180", "2015-09-30": "0.21560", "2015-06-30": "0.22750", "2015-03-31": "0.24190", "2014-12-31": "0.26060", "2014-09-30": "0.27170", "2014-06-30": "0.28110", "2014-03-31": "0.92280", "2013-12-31": "0.93440", "2013-09-30": "", "2013-06-30": "", "2013-03-31": "", "2012-12-31": "", "2011-12-31": ""}, "Debt/Equity Ratio": {"2020-09-30": "0.04950", "2020-06-30": "0.05420", "2020-03-31": "0.05370", "2019-12-31": "0.06200", "2019-09-30": "0.06960", "2019-06-30": "0.07710", "2019-03-31": "0.08520", "2018-12-31": "0.10270", "2018-09-30": "0.09660", "2018-06-30": "0.10690", "2018-03-31": "0.10590", "2017-12-31": "0.12550", "2017-09-30": "0.21850", "2017-06-30": "0.23870", "2017-03-31": "0.21560", "2016-12-31": "0.25590", "2016-09-30": "0.22960", "2016-06-30": "0.22710", "2016-03-31": "0.21590", "2015-12-31": "0.26180", "2015-09-30": "0.28450", "2015-06-30": "0.30450", "2015-03-31": "0.32980", "2014-12-31": "0.36390", "2014-09-30": "0.38500", "2014-06-30": "0.40420", "2014-03-31": "14.25790", "2013-12-31": "16.12530", "2013-09-30": "", "2013-06-30": "", "2013-03-31": "", "2012-12-31": "", "2011-12-31": ""}, "Gross Margin": {"2020-09-30": "84.27130", "2020-06-30": "83.72240", "2020-03-31": "87.60320", "2019-12-31": "85.11030", "2019-09-30": "84.91940", "2019-06-30": "85.09330", "2019-03-31": "85.33680", "2018-12-31": "83.96750", "2018-09-30": "83.40060", "2018-06-30": "83.74920", "2018-03-31": "84.66370", "2017-12-31": "83.17910", "2017-09-30": "82.40050", "2017-06-30": "81.80130", "2017-03-31": "85.65280", "2016-12-31": "82.36870", "2016-09-30": "80.92730", "2016-06-30": "83.94020", "2016-03-31": "86.71750", "2015-12-31": "84.24090", "2015-09-30": "83.90130", "2015-06-30": "83.62160", "2015-03-31": "85.00420", "2014-12-31": "83.80790", "2014-09-30": "82.41430", "2014-06-30": "79.49620", "2014-03-31": "81.28430", "2013-12-31": "80.36300", "2013-09-30": "79.32640", "2013-06-30": "80.06190", "2013-03-31": "82.43100", "2012-12-31": "", "2011-12-31": ""}, "Operating Margin": {"2020-09-30": "17.31830", "2020-06-30": "14.63540", "2020-03-31": "36.82990", "2019-12-31": "31.17440", "2019-09-30": "28.88820", "2019-06-30": "31.23560", "2019-03-31": "31.25290", "2018-12-31": "28.87810", "2018-09-30": "27.19300", "2018-06-30": "33.41380", "2018-03-31": "33.14800", "2017-12-31": "31.92370", "2017-09-30": "21.72740", "2017-06-30": "19.13120", "2017-03-31": "43.93850", "2016-12-31": "64.28650", "2016-09-30": "0.75270", "2016-06-30": "21.66220", "2016-03-31": "31.84870", "2015-12-31": "9.57340", "2015-09-30": "12.38710", "2015-06-30": "22.06930", "2015-03-31": "19.08300", "2014-12-31": "10.86960", "2014-09-30": "12.78210", "2014-06-30": "9.28960", "2014-03-31": "8.49260", "2013-12-31": "-3.72940", "2013-09-30": "7.11960", "2013-06-30": "13.35200", "2013-03-31": "20.08560", "2012-12-31": "", "2011-12-31": ""}, "EBIT Margin": {"2020-09-30": "17.31830", "2020-06-30": "14.63540", "2020-03-31": "36.82990", "2019-12-31": "31.17430", "2019-09-30": "28.88820", "2019-06-30": "31.23560", "2019-03-31": "31.25290", "2018-12-31": "28.87810", "2018-09-30": "27.19300", "2018-06-30": "33.41380", "2018-03-31": "33.14800", "2017-12-31": "31.92370", "2017-09-30": "21.72740", "2017-06-30": "19.13120", "2017-03-31": "43.93850", "2016-12-31": "64.28650", "2016-09-30": "0.75270", "2016-06-30": "21.66220", "2016-03-31": "31.84870", "2015-12-31": "9.57340", "2015-09-30": "12.38710", "2015-06-30": "22.06930", "2015-03-31": "19.08300", "2014-12-31": "10.86970", "2014-09-30": "12.78210", "2014-06-30": "9.28960", "2014-03-31": "8.49260", "2013-12-31": "-3.72940", "2013-09-30": "7.11960", "2013-06-30": "13.35200", "2013-03-31": "20.08560", "2012-12-31": "", "2011-12-31": ""}, "EBITDA Margin": {"2020-09-30": "", "2020-06-30": "", "2020-03-31": "", "2019-12-31": "", "2019-09-30": "", "2019-06-30": "", "2019-03-31": "", "2018-12-31": "", "2018-09-30": "", "2018-06-30": "", "2018-03-31": "", "2017-12-31": "", "2017-09-30": "", "2017-06-30": "", "2017-03-31": "", "2016-12-31": "", "2016-09-30": "", "2016-06-30": "", "2016-03-31": "", "2015-12-31": "", "2015-09-30": "", "2015-06-30": "", "2015-03-31": "", "2014-12-31": "", "2014-09-30": "", "2014-06-30": "", "2014-03-31": "", "2013-12-31": "", "2013-09-30": "", "2013-06-30": "", "2013-03-31": "", "2012-12-31": "", "2011-12-31": ""}, "Pre-Tax Profit Margin": {"2020-09-30": "17.44350", "2020-06-30": "14.72300", "2020-03-31": "36.43960", "2019-12-31": "31.60090", "2019-09-30": "28.85100", "2019-06-30": "30.92790", "2019-03-31": "31.06490", "2018-12-31": "28.40310", "2018-09-30": "27.34230", "2018-06-30": "33.78730", "2018-03-31": "33.81720", "2017-12-31": "30.53630", "2017-09-30": "21.62670", "2017-06-30": "18.99680", "2017-03-31": "43.80290", "2016-12-31": "64.36400", "2016-09-30": "0.15130", "2016-06-30": "21.58910", "2016-03-31": "31.54140", "2015-12-31": "9.58410", "2015-09-30": "11.94430", "2015-06-30": "21.30770", "2015-03-31": "18.54150", "2014-12-31": "10.15210", "2014-09-30": "11.96510", "2014-06-30": "-3.11360", "2014-03-31": "4.98310", "2013-12-31": "-7.85480", "2013-09-30": "-2.41190", "2013-06-30": "2.21210", "2013-03-31": "14.05520", "2012-12-31": "", "2011-12-31": ""}, "Net Profit Margin": {"2020-09-30": "13.98350", "2020-06-30": "15.73680", "2020-03-31": "25.99970", "2019-12-31": "23.49120", "2019-09-30": "22.37180", "2019-06-30": "28.76800", "2019-03-31": "23.64770", "2018-12-31": "20.89640", "2018-09-30": "21.58410", "2018-06-30": "27.73450", "2018-03-31": "26.74190", "2017-12-31": "42.85550", "2017-09-30": "20.64430", "2017-06-30": "20.37730", "2017-03-31": "28.19390", "2016-12-31": "40.15600", "2016-09-30": "7.95470", "2016-06-30": "14.10530", "2016-03-31": "20.62450", "2015-12-31": "7.91950", "2015-09-30": "6.95160", "2015-06-30": "12.14140", "2015-03-31": "10.85620", "2014-12-31": "5.69030", "2014-09-30": "7.35010", "2014-06-30": "-1.78050", "2014-03-31": "2.86600", "2013-12-31": "-4.12870", "2013-09-30": "-1.62990", "2013-06-30": "1.49280", "2013-03-31": "9.48620", "2012-12-31": "", "2011-12-31": ""}, "Asset Turnover": {"2020-09-30": "0.07910", "2020-06-30": "0.09450", "2020-03-31": "0.10490", "2019-12-31": "0.07780", "2019-09-30": "0.10990", "2019-06-30": "0.09270", "2019-03-31": "0.09690", "2018-12-31": "0.09880", "2018-09-30": "0.09080", "2018-06-30": "0.09080", "2018-03-31": "0.09570", "2017-12-31": "0.07360", "2017-09-30": "0.09470", "2017-06-30": "0.09390", "2017-03-31": "0.09810", "2016-12-31": "0.08140", "2016-09-30": "0.09420", "2016-06-30": "0.05870", "2016-03-31": "0.06770", "2015-12-31": "0.07430", "2015-09-30": "0.07080", "2015-06-30": "0.07000", "2015-03-31": "0.07470", "2014-12-31": "0.05520", "2014-09-30": "0.07000", "2014-06-30": "0.07570", "2014-03-31": "0.06950", "2013-12-31": "0.05270", "2013-09-30": "", "2013-06-30": "", "2013-03-31": "", "2012-12-31": "", "2011-12-31": ""}, "Inventory Turnover Ratio": {"2020-09-30": "33.45450", "2020-06-30": "21.48110", "2020-03-31": "32.30750", "2019-12-31": "24.86870", "2019-09-30": "37.70290", "2019-06-30": "32.90610", "2019-03-31": "32.21760", "2018-12-31": "30.24090", "2018-09-30": "38.54530", "2018-06-30": "43.88050", "2018-03-31": "56.20240", "2017-12-31": "19.59140", "2017-09-30": "23.76800", "2017-06-30": "34.37690", "2017-03-31": "34.36070", "2016-12-31": "22.93630", "2016-09-30": "41.54370", "2016-06-30": "26.90480", "2016-03-31": "16.26500", "2015-12-31": "9.38880", "2015-09-30": "13.94210", "2015-06-30": "24.60430", "2015-03-31": "11.53340", "2014-12-31": "36.56920", "2014-09-30": "16.76040", "2014-06-30": "13.15800", "2014-03-31": "15.31420", "2013-12-31": "10.29410", "2013-09-30": "", "2013-06-30": "", "2013-03-31": "", "2012-12-31": "", "2011-12-31": ""}, "Receiveable Turnover": {"2020-09-30": "9.08400", "2020-06-30": "13.33340", "2020-03-31": "30.07420", "2019-12-31": "14.52240", "2019-09-30": "14.43830", "2019-06-30": "12.57430", "2019-03-31": "52.13640", "2018-12-31": "20.38120", "2018-09-30": "15.37530", "2018-06-30": "16.06790", "2018-03-31": "28.58770", "2017-12-31": "13.22340", "2017-09-30": "9.47400", "2017-06-30": "18.36020", "2017-03-31": "64.70380", "2016-12-31": "43.23490", "2016-09-30": "13.34340", "2016-06-30": "26.62340", "2016-03-31": "34.93260", "2015-12-31": "7.15820", "2015-09-30": "16.29080", "2015-06-30": "19.11510", "2015-03-31": "32.79220", "2014-12-31": "11.81010", "2014-09-30": "24.93050", "2014-06-30": "36.16290", "2014-03-31": "50.18320", "2013-12-31": "16.33420", "2013-09-30": "", "2013-06-30": "", "2013-03-31": "", "2012-12-31": "", "2011-12-31": ""}, "Days Sales In Receivables": {"2020-09-30": "9.90750", "2020-06-30": "6.75000", "2020-03-31": "2.99260", "2019-12-31": "6.19730", "2019-09-30": "6.23340", "2019-06-30": "7.15750", "2019-03-31": "1.72620", "2018-12-31": "4.41580", "2018-09-30": "5.85360", "2018-06-30": "5.60120", "2018-03-31": "3.14820", "2017-12-31": "6.80610", "2017-09-30": "9.49960", "2017-06-30": "4.90190", "2017-03-31": "1.39100", "2016-12-31": "2.08170", "2016-09-30": "6.74490", "2016-06-30": "3.38050", "2016-03-31": "2.57640", "2015-12-31": "12.57300", "2015-09-30": "5.52460", "2015-06-30": "4.70830", "2015-03-31": "2.74460", "2014-12-31": "7.62060", "2014-09-30": "3.61000", "2014-06-30": "2.48870", "2014-03-31": "1.79340", "2013-12-31": "5.50990", "2013-09-30": "", "2013-06-30": "", "2013-03-31": "", "2012-12-31": "", "2011-12-31": ""}, "ROE - Return On Equity": {"2020-09-30": "4.34570", "2020-06-30": "4.87990", "2020-03-31": "10.50620", "2019-12-31": "8.61710", "2019-09-30": "8.24430", "2019-06-30": "11.21580", "2019-03-31": "11.86340", "2018-12-31": "9.38420", "2018-09-30": "7.98300", "2018-06-30": "10.83350", "2018-03-31": "12.35910", "2017-12-31": "17.37480", "2017-09-30": "13.29600", "2017-06-30": "13.79960", "2017-03-31": "23.04980", "2016-12-31": "30.21960", "2016-09-30": "4.73000", "2016-06-30": "8.08990", "2016-03-31": "15.70410", "2015-12-31": "5.24540", "2015-09-30": "4.19620", "2015-06-30": "6.88430", "2015-03-31": "7.45750", "2014-12-31": "3.38020", "2014-09-30": "3.80930", "2014-06-30": "-0.87410", "2014-03-31": "17.50910", "2013-12-31": "-24.61150", "2013-09-30": "", "2013-06-30": "", "2013-03-31": "", "2012-12-31": "", "2011-12-31": ""}, "Return On Tangible Equity": {"2020-09-30": "4.73410", "2020-06-30": "5.35410", "2020-03-31": "11.50120", "2019-12-31": "9.55890", "2019-09-30": "9.25560", "2019-06-30": "12.73580", "2019-03-31": "13.63920", "2018-12-31": "11.10570", "2018-09-30": "9.35000", "2018-06-30": "12.89620", "2018-03-31": "14.68750", "2017-12-31": "21.39490", "2017-09-30": "20.03550", "2017-06-30": "21.73430", "2017-03-31": "36.29960", "2016-12-31": "56.10270", "2016-09-30": "8.06250", "2016-06-30": "14.03520", "2016-03-31": "29.32140", "2015-12-31": "12.00950", "2015-09-30": "10.71470", "2015-06-30": "19.69460", "2015-03-31": "25.18170", "2014-12-31": "14.60970", "2014-09-30": "20.33570", "2014-06-30": "-5.90230", "2014-03-31": "-2.03300", "2013-12-31": "2.33770", "2013-09-30": "", "2013-06-30": "", "2013-03-31": "", "2012-12-31": "", "2011-12-31": ""}, "ROA - Return On Assets": {"2020-09-30": "1.10580", "2020-06-30": "1.48780", "2020-03-31": "2.72820", "2019-12-31": "1.82480", "2019-09-30": "2.45930", "2019-06-30": "2.67010", "2019-03-31": "2.29210", "2018-12-31": "2.06410", "2018-09-30": "1.95950", "2018-06-30": "2.51750", "2018-03-31": "2.55950", "2017-12-31": "3.15240", "2017-09-30": "1.95430", "2017-06-30": "1.91370", "2017-03-31": "2.76510", "2016-12-31": "3.26470", "2016-09-30": "0.75490", "2016-06-30": "0.82770", "2016-03-31": "1.39590", "2015-12-31": "0.58830", "2015-09-30": "0.49220", "2015-06-30": "0.85040", "2015-03-31": "0.81060", "2014-12-31": "0.31420", "2014-09-30": "0.51440", "2014-06-30": "-0.13470", "2014-03-31": "0.19920", "2013-12-31": "-0.21740", "2013-09-30": "", "2013-06-30": "", "2013-03-31": "", "2012-12-31": "", "2011-12-31": ""}, "ROI - Return On Investment": {"2020-09-30": "4.15170", "2020-06-30": "4.64230", "2020-03-31": "9.99900", "2019-12-31": "8.14010", "2019-09-30": "7.73460", "2019-06-30": "10.45300", "2019-03-31": "10.97710", "2018-12-31": "8.55110", "2018-09-30": "7.31240", "2018-06-30": "9.83470", "2018-03-31": "11.21620", "2017-12-31": "15.48050", "2017-09-30": "10.97740", "2017-06-30": "11.21180", "2017-03-31": "19.08270", "2016-12-31": "24.24570", "2016-09-30": "3.87290", "2016-06-30": "6.63070", "2016-03-31": "12.99730", "2015-12-31": "4.18690", "2015-09-30": "3.29130", "2015-06-30": "5.31820", "2015-03-31": "5.65350", "2014-12-31": "2.49950", "2014-09-30": "2.77440", "2014-06-30": "-0.62840", "2014-03-31": "1.35150", "2013-12-31": "-1.61410", "2013-09-30": "", "2013-06-30": "", "2013-03-31": "", "2012-12-31": "", "2011-12-31": ""}, "Book Value Per Share": {"2020-09-30": "10.97820", "2020-06-30": "10.17320", "2020-03-31": "10.40900", "2019-12-31": "9.13330", "2019-09-30": "8.23660", "2019-06-30": "7.54420", "2019-03-31": "6.93780", "2018-12-31": "5.84450", "2018-09-30": "6.24250", "2018-06-30": "5.71460", "2018-03-31": "5.75020", "2017-12-31": "4.86680", "2017-09-30": "2.70530", "2017-06-30": "2.50350", "2017-03-31": "2.54890", "2016-12-31": "2.03250", "2016-09-30": "2.26320", "2016-06-30": "2.23870", "2016-03-31": "2.07150", "2015-12-31": "1.72120", "2015-09-30": "1.60700", "2015-06-30": "1.51390", "2015-03-31": "1.42120", "2014-12-31": "1.37720", "2014-09-30": "1.38310", "2014-06-30": "1.32910", "2014-03-31": "0.13240", "2013-12-31": "0.11120", "2013-09-30": "", "2013-06-30": "", "2013-03-31": "", "2012-12-31": "", "2011-12-31": ""}, "Operating Cash Flow Per Share": {"2020-09-30": 1.1507, "2020-06-30": 0.4424, "2020-03-31": "1.40370", "2019-12-31": 0.8186, "2019-09-30": 0.92, "2019-06-30": 0.7227, "2019-03-31": "1.37910", "2018-12-31": 0.6636, "2018-09-30": 0.7905, "2018-06-30": 0.722, "2018-03-31": "0.97870", "2017-12-31": 0.6503, "2017-09-30": 0.6234, "2017-06-30": 0.2528, "2017-03-31": "0.68730", "2016-12-31": 0.4122, "2016-09-30": 0.3342, "2016-06-30": 0.4163, "2016-03-31": "0.51310", "2015-12-31": 0.1572, "2015-09-30": 0.1944, "2015-06-30": 0.1581, "2015-03-31": "0.23220", "2014-12-31": 0.1796, "2014-09-30": 0.1339, "2014-06-30": 0.0814, "2014-03-31": "0.03580", "2013-12-31": 0.3042, "2013-09-30": 0.0791, "2013-06-30": 0.0911, "2013-03-31": "0.09440", "2012-12-31": 0, "2011-12-31": 0}, "Free Cash Flow Per Share": {"2020-09-30": 0.788, "2020-06-30": -0.0181, "2020-03-31": "0.96340", "2019-12-31": 0.4447, "2019-09-30": 0.2966, "2019-06-30": 0.3839, "2019-03-31": "1.12380", "2018-12-31": 0.397, "2018-09-30": 0.5773, "2018-06-30": 0.4977, "2018-03-31": "0.66020", "2017-12-31": 0.3692, "2017-09-30": 0.2668, "2017-06-30": 0.0364, "2017-03-31": "0.53120", "2016-12-31": 0.2197, "2016-09-30": 0.2035, "2016-06-30": 0.1449, "2016-03-31": "0.36980", "2015-12-31": 0.0454, "2015-09-30": 0.1049, "2015-06-30": 0.1179, "2015-03-31": "0.18800", "2014-12-31": 0.1301, "2014-09-30": 0.0928, "2014-06-30": 0.0036, "2014-03-31": "-0.07090", "2013-12-31": 0.035, "2013-09-30": 0.0017, "2013-06-30": 0.0576, "2013-03-31": "0.06880", "2012-12-31": 0, "2011-12-31": 0}}, "revenue": {"Paycom Software Annual Revenue (Millions of US $)": {"2019": "$738", "2018": "$566", "2017": "$433", "2016": "$329", "2015": "$225", "2014": "$151", "2013": "$108", "2012": "$77", "2011": "$57"}, "Paycom Software Quarterly Revenue (Millions of US $)": {"2020-09-30": "$197", "2020-06-30": "$182", "2020-03-31": "$242", "2019-12-31": "$193", "2019-09-30": "$175", "2019-06-30": "$169", "2019-03-31": "$200", "2018-12-31": "$150", "2018-09-30": "$133", "2018-06-30": "$129", "2018-03-31": "$154", "2017-12-31": "$114", "2017-09-30": "$101", "2017-06-30": "$98", "2017-03-31": "$120", "2016-12-31": "$88", "2016-09-30": "$77", "2016-06-30": "$74", "2016-03-31": "$90", "2015-12-31": "$65", "2015-09-30": "$55", "2015-06-30": "$49", "2015-03-31": "$55", "2014-12-31": "$44", "2014-09-30": "$37", "2014-06-30": "$33", "2014-03-31": "$37", "2013-12-31": "$30", "2013-09-30": "$26", "2013-06-30": "$24", "2013-03-31": "$28", "2012-12-31": "", "2011-12-31": ""}}, "gross-profit": {"Paycom Software Annual Gross Profit (Millions of US $)": {"2019": "$628", "2018": "$476", "2017": "$361", "2016": "$275", "2015": "$189", "2014": "$124", "2013": "$87", "2012": "$60", "2011": "$44"}, "Paycom Software Quarterly Gross Profit (Millions of US $)": {"2020-09-30": "$166", "2020-06-30": "$152", "2020-03-31": "$212", "2019-12-31": "$165", "2019-09-30": "$149", "2019-06-30": "$144", "2019-03-31": "$171", "2018-12-31": "$126", "2018-09-30": "$111", "2018-06-30": "$108", "2018-03-31": "$130", "2017-12-31": "$95", "2017-09-30": "$83", "2017-06-30": "$80", "2017-03-31": "$102", "2016-12-31": "$72", "2016-09-30": "$63", "2016-06-30": "$62", "2016-03-31": "$78", "2015-12-31": "$55", "2015-09-30": "$46", "2015-06-30": "$41", "2015-03-31": "$47", "2014-12-31": "$37", "2014-09-30": "$30", "2014-06-30": "$26", "2014-03-31": "$30", "2013-12-31": "$24", "2013-09-30": "$20", "2013-06-30": "$19", "2013-03-31": "$23", "2012-12-31": "", "2011-12-31": ""}}, "operating-income": {"Paycom Software Annual Operating Income (Millions of US $)": {"2019": "$226", "2018": "$174", "2017": "$130", "2016": "$102", "2015": "$34", "2014": "$16", "2013": "$9", "2012": "$6", "2011": "$1"}, "Paycom Software Quarterly Operating Income (Millions of US $)": {"2020-09-30": "$34", "2020-06-30": "$27", "2020-03-31": "$89", "2019-12-31": "$60", "2019-09-30": "$51", "2019-06-30": "$53", "2019-03-31": "$62", "2018-12-31": "$43", "2018-09-30": "$36", "2018-06-30": "$43", "2018-03-31": "$51", "2017-12-31": "$36", "2017-09-30": "$22", "2017-06-30": "$19", "2017-03-31": "$53", "2016-12-31": "$56", "2016-09-30": "$1", "2016-06-30": "$16", "2016-03-31": "$29", "2015-12-31": "$6", "2015-09-30": "$7", "2015-06-30": "$11", "2015-03-31": "$11", "2014-12-31": "$5", "2014-09-30": "$5", "2014-06-30": "$3", "2014-03-31": "$3", "2013-12-31": "$-1", "2013-09-30": "$2", "2013-06-30": "$3", "2013-03-31": "$6", "2012-12-31": "", "2011-12-31": ""}}, "ebitda": {"Paycom Software Annual EBITDA (Millions of US $)": {"2019": "$268", "2018": "$202", "2017": "$149", "2016": "$115", "2015": "$44", "2014": "$27", "2013": "$15", "2012": "$12", "2011": "$7"}, "Paycom Software Quarterly EBITDA (Millions of US $)": {"2020-09-30": "$46", "2020-06-30": "$40", "2020-03-31": "$101", "2019-12-31": "$72", "2019-09-30": "$61", "2019-06-30": "$63", "2019-03-31": "$72", "2018-12-31": "$52", "2018-09-30": "$44", "2018-06-30": "$49", "2018-03-31": "$57", "2017-12-31": "$42", "2017-09-30": "$27", "2017-06-30": "$24", "2017-03-31": "$57", "2016-12-31": "$60", "2016-09-30": "$4", "2016-06-30": "$19", "2016-03-31": "$32", "2015-12-31": "$9", "2015-09-30": "$9", "2015-06-30": "$13", "2015-03-31": "$13", "2014-12-31": "$11", "2014-09-30": "$6", "2014-06-30": "$5", "2014-03-31": "$5", "2013-12-31": "$0", "2013-09-30": "$3", "2013-06-30": "$5", "2013-03-31": "$7", "2012-12-31": "", "2011-12-31": ""}}, "net-income": {"Paycom Software Annual Net Income (Millions of US $)": {"2019": "$181", "2018": "$137", "2017": "$123", "2016": "$70", "2015": "$21", "2014": "$6", "2013": "$1", "2012": "$-0", "2011": "$1"}, "Paycom Software Quarterly Net Income (Millions of US $)": {"2020-09-30": "$27", "2020-06-30": "$29", "2020-03-31": "$63", "2019-12-31": "$45", "2019-09-30": "$39", "2019-06-30": "$49", "2019-03-31": "$47", "2018-12-31": "$31", "2018-09-30": "$29", "2018-06-30": "$36", "2018-03-31": "$41", "2017-12-31": "$49", "2017-09-30": "$21", "2017-06-30": "$20", "2017-03-31": "$34", "2016-12-31": "$35", "2016-09-30": "$6", "2016-06-30": "$10", "2016-03-31": "$19", "2015-12-31": "$5", "2015-09-30": "$4", "2015-06-30": "$6", "2015-03-31": "$6", "2014-12-31": "$3", "2014-09-30": "$3", "2014-06-30": "$-1", "2014-03-31": "$1", "2013-12-31": "$-1", "2013-09-30": "$-0", "2013-06-30": "$0", "2013-03-31": "$3", "2012-12-31": "", "2011-12-31": ""}}, "eps-earnings-per-share-diluted": {"Paycom Software Annual EPS": {"2019": "$3.09", "2018": "$2.34", "2017": "$2.10", "2016": "$1.19", "2015": "$0.36", "2014": "$0.11", "2013": "$0.01", "2012": "$-0.01", "2011": "$1.49"}, "Paycom Software Quarterly EPS": {"2020-09-30": "$0.47", "2020-06-30": "$0.49", "2020-03-31": "$1.08", "2019-12-31": "$0.78", "2019-09-30": "$0.67", "2019-06-30": "$0.83", "2019-03-31": "$0.81", "2018-12-31": "$0.54", "2018-09-30": "$0.49", "2018-06-30": "$0.61", "2018-03-31": "$0.70", "2017-12-31": "$0.84", "2017-09-30": "$0.35", "2017-06-30": "$0.34", "2017-03-31": "$0.57", "2016-12-31": "$0.60", "2016-09-30": "$0.10", "2016-06-30": "$0.18", "2016-03-31": "$0.31", "2015-12-31": "$0.08", "2015-09-30": "$0.07", "2015-06-30": "$0.10", "2015-03-31": "$0.11", "2014-12-31": "$0.05", "2014-09-30": "$0.05", "2014-06-30": "$-0.01", "2014-03-31": "$0.02", "2013-12-31": "$-0.03", "2013-09-30": "$-0.01", "2013-06-30": "$0.01", "2013-03-31": "$0.05", "2012-12-31": "$0.00", "2011-12-31": "$0.00"}}, "shares-outstanding": {"Paycom Software Annual Shares Outstanding (Millions of Shares)": {"2019": "58", "2018": "59", "2017": "59", "2016": "59", "2015": "58", "2014": "52", "2013": "48", "2012": "45", "2011": "1"}, "Paycom Software Quarterly Shares Outstanding (Millions of Shares)": {"2020-09-30": "58", "2020-06-30": "58", "2020-03-31": "58", "2019-12-31": "58", "2019-09-30": "58", "2019-06-30": "58", "2019-03-31": "58", "2018-12-31": "59", "2018-09-30": "59", "2018-06-30": "59", "2018-03-31": "59", "2017-12-31": "59", "2017-09-30": "59", "2017-06-30": "59", "2017-03-31": "59", "2016-12-31": "59", "2016-09-30": "59", "2016-06-30": "59", "2016-03-31": "58", "2015-12-31": "58", "2015-09-30": "58", "2015-06-30": "58", "2015-03-31": "57", "2014-12-31": "52", "2014-09-30": "53", "2014-06-30": "50", "2014-03-31": "48", "2013-12-31": "42", "2013-09-30": "46", "2013-06-30": "48", "2013-03-31": "48", "2012-12-31": "", "2011-12-31": ""}}, "total-assets": {"Paycom Software Annual Total Assets (Millions of US $)": {"2019": "$2,487", "2018": "$1,522", "2017": "$1,550", "2016": "$1,079", "2015": "$877", "2014": "$797", "2013": "$575", "2012": "$426", "2011": "$0"}, "Paycom Software Quarterly Total Assets (Millions of US $)": {"2020-09-30": "$2,485", "2020-06-30": "$1,922", "2020-03-31": "$2,310", "2019-12-31": "$2,487", "2019-09-30": "$1,592", "2019-06-30": "$1,826", "2019-03-31": "$2,063", "2018-12-31": "$1,522", "2018-09-30": "$1,468", "2018-06-30": "$1,419", "2018-03-31": "$1,608", "2017-12-31": "$1,550", "2017-09-30": "$1,070", "2017-06-30": "$1,046", "2017-03-31": "$1,219", "2016-12-31": "$1,079", "2016-09-30": "$821", "2016-06-30": "$1,259", "2016-03-31": "$1,332", "2015-12-31": "$877", "2015-09-30": "$782", "2015-06-30": "$699", "2015-03-31": "$740", "2014-12-31": "$797", "2014-09-30": "$523", "2014-06-30": "$440", "2014-03-31": "$532", "2013-12-31": "$575", "2013-09-30": "$0", "2013-06-30": "$0", "2013-03-31": "$0", "2012-12-31": "$426", "2011-12-31": "$0"}}, "cash-on-hand": {"Paycom Software Annual Cash on Hand (Millions of US $)": {"2019": "$134", "2018": "$46", "2017": "$46", "2016": "$60", "2015": "$51", "2014": "$26", "2013": "$14", "2012": "$14", "2011": "$"}, "Paycom Software Quarterly Cash on Hand (Millions of US $)": {"2020-09-30": "$156", "2020-06-30": "$114", "2020-03-31": "$182", "2019-12-31": "$134", "2019-09-30": "$108", "2019-06-30": "$95", "2019-03-31": "$91", "2018-12-31": "$46", "2018-09-30": "$85", "2018-06-30": "$55", "2018-03-31": "$68", "2017-12-31": "$46", "2017-09-30": "$67", "2017-06-30": "$68", "2017-03-31": "$93", "2016-12-31": "$60", "2016-09-30": "$74", "2016-06-30": "$81", "2016-03-31": "$72", "2015-12-31": "$51", "2015-09-30": "$49", "2015-06-30": "$43", "2015-03-31": "$36", "2014-12-31": "$26", "2014-09-30": "$19", "2014-06-30": "$14", "2014-03-31": "$13", "2013-12-31": "$14", "2013-09-30": "", "2013-06-30": "", "2013-03-31": "", "2012-12-31": "$14", "2011-12-31": ""}}, "long-term-debt": {"Paycom Software Annual Long Term Debt (Millions of US $)": {"2019": "$31", "2018": "$33", "2017": "$34", "2016": "$29", "2015": "$25", "2014": "$26", "2013": "$72", "2012": "$26", "2011": "$"}, "Paycom Software Quarterly Long Term Debt (Millions of US $)": {"2020-09-30": "$30", "2020-06-30": "$30", "2020-03-31": "$30", "2019-12-31": "$31", "2019-09-30": "$31", "2019-06-30": "$32", "2019-03-31": "$32", "2018-12-31": "$33", "2018-09-30": "$33", "2018-06-30": "$33", "2018-03-31": "$34", "2017-12-31": "$34", "2017-09-30": "$33", "2017-06-30": "$33", "2017-03-31": "$30", "2016-12-31": "$29", "2016-09-30": "$29", "2016-06-30": "$28", "2016-03-31": "$25", "2015-12-31": "$25", "2015-09-30": "$25", "2015-06-30": "$25", "2015-03-31": "$26", "2014-12-31": "$26", "2014-09-30": "$26", "2014-06-30": "$27", "2014-03-31": "$72", "2013-12-31": "$72", "2013-09-30": "", "2013-06-30": "", "2013-03-31": "", "2012-12-31": "$26", "2011-12-31": ""}}, "total-liabilities": {"Paycom Software Annual Total Liabilities (Millions of US $)": {"2019": "$1,960", "2018": "$1,187", "2017": "$1,269", "2016": "$962", "2015": "$778", "2014": "$723", "2013": "$570", "2012": "$371", "2011": "$0"}, "Paycom Software Quarterly Total Liabilities (Millions of US $)": {"2020-09-30": "$1,853", "2020-06-30": "$1,336", "2020-03-31": "$1,710", "2019-12-31": "$1,960", "2019-09-30": "$1,117", "2019-06-30": "$1,391", "2019-03-31": "$1,664", "2018-12-31": "$1,187", "2018-09-30": "$1,108", "2018-06-30": "$1,089", "2018-03-31": "$1,275", "2017-12-31": "$1,269", "2017-09-30": "$913", "2017-06-30": "$901", "2017-03-31": "$1,072", "2016-12-31": "$962", "2016-09-30": "$690", "2016-06-30": "$1,130", "2016-03-31": "$1,213", "2015-12-31": "$778", "2015-09-30": "$690", "2015-06-30": "$613", "2015-03-31": "$659", "2014-12-31": "$723", "2014-09-30": "$452", "2014-06-30": "$372", "2014-03-31": "$526", "2013-12-31": "$570", "2013-09-30": "$0", "2013-06-30": "$0", "2013-03-31": "$0", "2012-12-31": "$371", "2011-12-31": "$0"}}, "total-share-holder-equity": {"Paycom Software Annual Share Holder Equity (Millions of US $)": {"2019": "$527", "2018": "$335", "2017": "$281", "2016": "$117", "2015": "$98", "2014": "$74", "2013": "$5", "2012": "$55", "2011": "$0"}, "Paycom Software Quarterly Share Holder Equity (Millions of US $)": {"2020-09-30": "$632", "2020-06-30": "$586", "2020-03-31": "$600", "2019-12-31": "$527", "2019-09-30": "$475", "2019-06-30": "$435", "2019-03-31": "$399", "2018-12-31": "$335", "2018-09-30": "$360", "2018-06-30": "$330", "2018-03-31": "$333", "2017-12-31": "$281", "2017-09-30": "$157", "2017-06-30": "$145", "2017-03-31": "$146", "2016-12-31": "$117", "2016-09-30": "$131", "2016-06-30": "$129", "2016-03-31": "$118", "2015-12-31": "$98", "2015-09-30": "$92", "2015-06-30": "$86", "2015-03-31": "$80", "2014-12-31": "$74", "2014-09-30": "$71", "2014-06-30": "$68", "2014-03-31": "$6", "2013-12-31": "$5", "2013-09-30": "$0", "2013-06-30": "$0", "2013-03-31": "$0", "2012-12-31": "$55", "2011-12-31": "$0"}}, "profit-margins": {"current": "20.21%"}, "gross margin": {"2020-09-30": "85.38%", "2020-06-30": "85.61%", "2020-03-31": "86.01%", "2019-12-31": "85.35%", "2019-09-30": "85.01%", "2019-06-30": "84.66%", "2019-03-31": "84.31%", "2018-12-31": "83.92%", "2018-09-30": "83.77%", "2018-06-30": "83.53%", "2018-03-31": "83.08%", "2017-12-31": "83.14%", "2017-09-30": "82.80%", "2017-06-30": "82.77%", "2017-03-31": "83.29%", "2016-12-31": "83.59%", "2016-09-30": "84.31%", "2016-06-30": "84.86%", "2016-03-31": "84.94%", "2015-12-31": "84.38%", "2015-09-30": "84.24%", "2015-06-30": "83.78%", "2015-03-31": "82.84%", "2014-12-31": "81.46%", "2014-09-30": "80.29%", "2014-06-30": "79.37%", "2014-03-31": "79.49%", "2013-12-31": "79.63%"}, "operating margin": {"2020-09-30": "25.80%", "2020-06-30": "28.66%", "2020-03-31": "32.48%", "2019-12-31": "30.66%", "2019-09-30": "30.12%", "2019-06-30": "29.75%", "2019-03-31": "30.07%", "2018-12-31": "30.57%", "2018-09-30": "31.32%", "2018-06-30": "30.52%", "2018-03-31": "27.41%", "2017-12-31": "30.02%", "2017-09-30": "36.86%", "2017-06-30": "33.68%", "2017-03-31": "35.10%", "2016-12-31": "31.00%", "2016-09-30": "16.99%", "2016-06-30": "20.42%", "2016-03-31": "20.46%", "2015-12-31": "15.63%", "2015-09-30": "16.75%", "2015-06-30": "17.30%", "2015-03-31": "14.20%", "2014-12-31": "10.60%", "2014-09-30": "7.30%", "2014-06-30": "5.56%", "2014-03-31": "5.98%", "2013-12-31": "9.26%"}, "ebitda margin": {"2020-09-30": "31.82%", "2020-06-30": "34.60%", "2020-03-31": "38.13%", "2019-12-31": "36.36%", "2019-09-30": "35.73%", "2019-06-30": "35.43%", "2019-03-31": "35.46%", "2018-12-31": "35.69%", "2018-09-30": "36.23%", "2018-06-30": "35.14%", "2018-03-31": "32.12%", "2017-12-31": "34.64%", "2017-09-30": "41.28%", "2017-06-30": "37.86%", "2017-03-31": "39.00%", "2016-12-31": "34.95%", "2016-09-30": "20.92%", "2016-06-30": "24.30%", "2016-03-31": "24.32%", "2015-12-31": "19.64%", "2015-09-30": "22.66%", "2015-06-30": "23.24%", "2015-03-31": "20.71%", "2014-12-31": "17.88%", "2014-09-30": "11.68%", "2014-06-30": "10.32%", "2014-03-31": "11.11%", "2013-12-31": "13.89%"}, "pre tax profit margin": {"2020-09-30": "25.80%", "2020-06-30": "28.54%", "2020-03-31": "32.22%", "2019-12-31": "30.53%", "2019-09-30": "29.83%", "2019-06-30": "29.60%", "2019-03-31": "30.23%", "2018-12-31": "30.92%", "2018-09-30": "31.51%", "2018-06-30": "30.72%", "2018-03-31": "27.41%", "2017-12-31": "29.56%", "2017-09-30": "36.86%", "2017-06-30": "33.42%", "2017-03-31": "34.82%", "2016-12-31": "30.70%", "2016-09-30": "16.34%", "2016-06-30": "20.07%", "2016-03-31": "19.69%", "2015-12-31": "14.73%", "2015-09-30": "15.27%", "2015-06-30": "15.14%", "2015-03-31": "10.06%", "2014-12-31": "5.96%", "2014-09-30": "2.19%", "2014-06-30": "-1.59%", "2014-03-31": "0.00%", "2013-12-31": "1.85%"}, "net profit margin": {"2020-09-30": "20.15%", "2020-06-30": "22.22%", "2020-03-31": "25.16%", "2019-12-31": "24.42%", "2019-09-30": "23.92%", "2019-06-30": "23.93%", "2019-03-31": "23.37%", "2018-12-31": "24.20%", "2018-09-30": "29.25%", "2018-06-30": "29.52%", "2018-03-31": "28.05%", "2017-12-31": "28.64%", "2017-09-30": "27.03%", "2017-06-30": "24.80%", "2017-03-31": "23.68%", "2016-12-31": "21.28%", "2016-09-30": "13.07%", "2016-06-30": "13.38%", "2016-03-31": "13.13%", "2015-12-31": "9.38%", "2015-09-30": "9.36%", "2015-06-30": "9.73%", "2015-03-31": "6.51%", "2014-12-31": "3.97%", "2014-09-30": "1.46%", "2014-06-30": "-0.79%", "2014-03-31": "0.00%", "2013-12-31": "1.85%"}, "pe ratio": {"current": "162.02", "2021-02-05": "153.98", "2020-09-30": "110.39", "2020-06-30": "102.56", "2020-03-31": "60.12", "2019-12-31": "85.68", "2019-09-30": "73.51", "2019-06-30": "84.91", "2019-03-31": "77.20", "2018-12-31": "52.33", "2018-09-30": "76.94", "2018-06-30": "55.84", "2018-03-31": "76.71", "2017-12-31": "70.46", "2017-09-30": "70.06", "2017-06-30": "73.56", "2017-03-31": "66.10", "2016-12-31": "61.47", "2016-09-30": "73.72", "2016-06-30": "66.48", "2016-03-31": "62.46", "2015-12-31": "101.70", "2015-09-30": "108.82", "2015-06-30": "110.16", "2015-03-31": "160.30"}, "price sales": {"2021-02-05": "31.11", "2020-09-30": "22.31", "2020-06-30": "22.82", "2020-03-31": "15.13", "2019-12-31": "20.95", "2019-09-30": "17.62", "2019-06-30": "20.30", "2019-03-31": "18.07", "2018-12-31": "12.68", "2018-09-30": "17.21", "2018-06-30": "11.66", "2018-03-31": "13.51", "2017-12-31": "10.90", "2017-09-30": "10.83", "2017-06-30": "10.50", "2017-03-31": "9.42", "2016-12-31": "8.12", "2016-09-30": "9.57", "2016-06-30": "8.86", "2016-03-31": "7.99", "2015-12-31": "9.68", "2015-09-30": "9.94", "2015-06-30": "10.18", "2015-03-31": "10.09"}, "price book": {"current": "40.18", "2021-02-05": "39.55", "2020-09-30": "28.36", "2020-06-30": "30.45", "2020-03-31": "19.41", "2019-12-31": "28.99", "2019-09-30": "25.43", "2019-06-30": "30.05", "2019-03-31": "27.26", "2018-12-31": "20.95", "2018-09-30": "24.90", "2018-06-30": "17.29", "2018-03-31": "18.68", "2017-12-31": "16.51", "2017-09-30": "27.71", "2017-06-30": "27.33", "2017-03-31": "22.56", "2016-12-31": "22.38", "2016-09-30": "22.15", "2016-06-30": "19.30", "2016-03-31": "17.19", "2015-12-31": "21.86", "2015-09-30": "22.35", "2015-06-30": "22.56", "2015-03-31": "22.56", "2014-12-31": "19.12", "2014-09-30": "11.97", "2014-06-30": "10.98"}, "price fcf": {"2021-02-05": "", "2020-09-30": "$2.18", "2020-06-30": "$1.69", "2020-03-31": "$2.09", "2019-12-31": "$2.25", "2019-09-30": "$2.20", "2019-06-30": "$2.48", "2019-03-31": "$2.60", "2018-12-31": "$2.13", "2018-09-30": "$2.10", "2018-06-30": "$1.79", "2018-03-31": "$1.33", "2017-12-31": "$1.20", "2017-09-30": "$1.05", "2017-06-30": "$0.99", "2017-03-31": "$1.10", "2016-12-31": "$0.94", "2016-09-30": "$0.76", "2016-06-30": "$0.67", "2016-03-31": "$0.64", "2015-12-31": "$0.46", "2015-09-30": "$0.54", "2015-06-30": "$0.53", "2015-03-31": "$0.34"}, "net worth": {"value": "$25.41B"}, "current ratio": {"current": "1.09", "2020-09-30": "1.09", "2020-06-30": "1.11", "2020-03-31": "1.10", "2019-12-31": "1.07", "2019-09-30": "1.10", "2019-06-30": "1.07", "2019-03-31": "1.04", "2018-12-31": "1.04", "2018-09-30": "1.08", "2018-06-30": "1.06", "2018-03-31": "1.06", "2017-12-31": "1.03", "2017-09-30": "1.05", "2017-06-30": "1.05", "2017-03-31": "1.05", "2016-12-31": "1.03", "2016-09-30": "1.08", "2016-06-30": "1.05", "2016-03-31": "1.04", "2015-12-31": "1.05", "2015-09-30": "1.05", "2015-06-30": "1.05", "2015-03-31": "1.03", "2014-12-31": "1.02", "2014-09-30": "1.03", "2014-06-30": "1.02", "2014-03-31": "0.98", "2013-12-31": "0.99", "2013-09-30": "0.00", "2013-06-30": "0.00", "2013-03-31": "0.00", "2012-12-31": "1.01", "2011-12-31": "0.00"}, "quick ratio": {"2020-09-30": "1.09", "2020-06-30": "1.11", "2020-03-31": "1.10", "2019-12-31": "1.07", "2019-09-30": "1.10", "2019-06-30": "1.07", "2019-03-31": "1.04", "2018-12-31": "1.03", "2018-09-30": "1.08", "2018-06-30": "1.06", "2018-03-31": "1.06", "2017-12-31": "1.03", "2017-09-30": "1.05", "2017-06-30": "1.05", "2017-03-31": "1.05", "2016-12-31": "1.03", "2016-09-30": "1.08", "2016-06-30": "1.05", "2016-03-31": "1.04", "2015-12-31": "1.05", "2015-09-30": "1.05", "2015-06-30": "1.05", "2015-03-31": "1.03", "2014-12-31": "1.02", "2014-09-30": "1.03", "2014-06-30": "1.02", "2014-03-31": "0.98", "2013-12-31": "0.99", "2013-09-30": "0.00", "2013-06-30": "0.00", "2013-03-31": "0.00", "2012-12-31": "1.01", "2011-12-31": "0.00"}, "debt equity ratio": {"current": "0.05", "2020-09-30": "2.93", "2020-06-30": "2.28", "2020-03-31": "2.85", "2019-12-31": "3.72", "2019-09-30": "2.35", "2019-06-30": "3.20", "2019-03-31": "4.18", "2018-12-31": "3.55", "2018-09-30": "3.07", "2018-06-30": "3.30", "2018-03-31": "3.83", "2017-12-31": "4.51", "2017-09-30": "5.80", "2017-06-30": "6.21", "2017-03-31": "7.34", "2016-12-31": "8.26", "2016-09-30": "5.27", "2016-06-30": "8.77", "2016-03-31": "10.25", "2015-12-31": "7.92", "2015-09-30": "7.53", "2015-06-30": "7.10", "2015-03-31": "8.20", "2014-12-31": "9.76", "2014-09-30": "6.41", "2014-06-30": "5.49", "2014-03-31": "86.91", "2013-12-31": "112.22", "2013-09-30": "0.00", "2013-06-30": "0.00", "2013-03-31": "0.00", "2012-12-31": "6.79", "2011-12-31": "0.00"}, "return on equity": {"2020-09-30": "27.97%", "2020-06-30": "32.18%", "2020-03-31": "38.49%", "2019-12-31": "39.22%", "2019-09-30": "40.39%", "2019-06-30": "40.81%", "2019-03-31": "40.17%", "2018-12-31": "40.35%", "2018-09-30": "47.55%", "2018-06-30": "53.41%", "2018-03-31": "57.21%", "2017-12-31": "68.04%", "2017-09-30": "77.88%", "2017-06-30": "70.50%", "2017-03-31": "65.01%", "2016-12-31": "56.57%", "2016-09-30": "33.61%", "2016-06-30": "34.78%", "2016-03-31": "34.52%", "2015-12-31": "23.60%", "2015-09-30": "22.89%", "2015-06-30": "23.15%", "2015-03-31": "15.02%", "2014-12-31": "10.96%", "2014-09-30": "5.33%", "2014-06-30": "-5.06%", "2014-03-31": "0.00%", "2013-12-31": "160.00%"}, "return on assets": {"2020-09-30": "7.13%", "2020-06-30": "8.47%", "2020-03-31": "9.54%", "2019-12-31": "9.04%", "2019-09-30": "9.48%", "2019-06-30": "9.07%", "2019-03-31": "8.84%", "2018-12-31": "9.11%", "2018-09-30": "10.26%", "2018-06-30": "10.41%", "2018-03-31": "9.94%", "2017-12-31": "10.15%", "2017-09-30": "9.97%", "2017-06-30": "9.12%", "2017-03-31": "7.77%", "2016-12-31": "6.23%", "2016-09-30": "3.73%", "2016-06-30": "3.58%", "2016-03-31": "3.69%", "2015-12-31": "2.71%", "2015-09-30": "2.52%", "2015-06-30": "2.61%", "2015-03-31": "1.76%", "2014-12-31": "1.05%", "2014-09-30": "0.39%", "2014-06-30": "-0.26%", "2014-03-31": "0.00%", "2013-12-31": "1.39%"}, "return on investments": {"2020-09-30": "34.08%", "2020-06-30": "39.32%", "2020-03-31": "46.87%", "2019-12-31": "46.12%", "2019-09-30": "47.23%", "2019-06-30": "46.83%", "2019-03-31": "47.36%", "2018-12-31": "46.44%", "2018-09-30": "46.14%", "2018-06-30": "49.19%", "2018-03-31": "48.67%", "2017-12-31": "60.32%", "2017-09-30": "86.83%", "2017-06-30": "78.06%", "2017-03-31": "78.87%", "2016-12-31": "67.44%", "2016-09-30": "35.68%", "2016-06-30": "42.96%", "2016-03-31": "42.83%", "2015-12-31": "30.57%", "2015-09-30": "31.26%", "2015-06-30": "30.84%", "2015-03-31": "24.18%", "2014-12-31": "17.34%", "2014-09-30": "11.53%", "2014-06-30": "11.20%", "2014-03-31": "17.95%", "2013-12-31": "51.28%"}, "return on tangible equity": {"2020-09-30": "30.68%", "2020-06-30": "35.56%", "2020-03-31": "42.86%", "2019-12-31": "44.23%", "2019-09-30": "46.24%", "2019-06-30": "47.24%", "2019-03-31": "47.08%", "2018-12-31": "47.74%", "2018-09-30": "56.72%", "2018-06-30": "66.14%", "2018-03-31": "74.43%", "2017-12-31": "95.94%", "2017-09-30": "125.00%", "2017-06-30": "116.92%", "2017-03-31": "110.75%", "2016-12-31": "101.08%", "2016-09-30": "62.26%", "2016-06-30": "70.37%", "2016-03-31": "79.07%", "2015-12-31": "63.16%", "2015-09-30": "71.03%", "2015-06-30": "85.71%", "2015-03-31": "68.75%", "2014-12-31": "-200.00%", "2014-09-30": "-9.64%", "2014-06-30": "4.17%", "2014-03-31": "0.00%", "2013-12-31": "-14.81%"}, "dividend yield history": {"last payout": "$0.00", "last yield": "0.00%"}}