{"ticker": "PYPL", "price": {"title": "PayPal Holdings Historical Annual Stock Price Data", "value": 269.44, "historical": {"2020": {"Average Stock Price": "161.5247", "Year Open": "110.7500", "Year High": "243.4900", "Year Low": "85.2600", "Year Close": "234.2000", "Annual % Change": "116.51%"}, "2019": {"Average Stock Price": "105.0669", "Year Open": "85.7500", "Year High": "121.3000", "Year Low": "82.0900", "Year Close": "108.1700", "Annual % Change": "28.64%"}, "2018": {"Average Stock Price": "82.6036", "Year Open": "73.8400", "Year High": "93.0700", "Year Low": "71.7300", "Year Close": "84.0900", "Annual % Change": "14.22%"}, "2017": {"Average Stock Price": "55.8551", "Year Open": "40.2500", "Year High": "78.5700", "Year Low": "39.3100", "Year Close": "73.6200", "Annual % Change": "86.52%"}, "2016": {"Average Stock Price": "38.2653", "Year Open": "34.7500", "Year High": "44.1500", "Year Low": "31.2000", "Year Close": "39.4700", "Annual % Change": "9.03%"}, "2015": {"Average Stock Price": "35.5216", "Year Open": "40.4700", "Year High": "40.4700", "Year Low": "30.6300", "Year Close": "36.2000", "Annual % Change": "0.00%"}}}, "market cap": {"value": "$315.7B"}, "income statement": {"Revenue": {"2020-12-31": "21454.00000", "2019-12-31": "17772.00000", "2018-12-31": "15451.00000", "2017-12-31": "13094.00000", "2016-12-31": "10842.00000", "2015-12-31": "9248.00000", "2014-12-31": "8025.00000", "2013-12-31": "6727.00000", "2012-12-31": "5662.00000"}, "Cost Of Goods Sold": {"2020-12-31": "11453.00000", "2019-12-31": "9785.00000", "2018-12-31": "8262.00000", "2017-12-31": "6695.00000", "2016-12-31": "5701.00000", "2015-12-31": "4529.00000", "2014-12-31": "3807.00000", "2013-12-31": "3287.00000", "2012-12-31": "2697.00000"}, "Gross Profit": {"2020-12-31": "10001.00000", "2019-12-31": "7987.00000", "2018-12-31": "7189.00000", "2017-12-31": "6399.00000", "2016-12-31": "5141.00000", "2015-12-31": "4719.00000", "2014-12-31": "4218.00000", "2013-12-31": "3440.00000", "2012-12-31": "2965.00000"}, "Research And Development Expenses": {"2020-12-31": "2642.00000", "2019-12-31": "2085.00000", "2018-12-31": "1831.00000", "2017-12-31": "1740.00000", "2016-12-31": "834.00000", "2015-12-31": "792.00000", "2014-12-31": "747.00000", "2013-12-31": "727.00000", "2012-12-31": "677.00000"}, "SG&A Expenses": {"2020-12-31": "3931.00000", "2019-12-31": "3112.00000", "2018-12-31": "2855.00000", "2017-12-31": "2400.00000", "2016-12-31": "1997.00000", "2015-12-31": "1810.00000", "2014-12-31": "1687.00000", "2013-12-31": "1169.00000", "2012-12-31": "1007.00000"}, "Other Operating Income Or Expenses": {"2020-12-31": "", "2019-12-31": "", "2018-12-31": "", "2017-12-31": "", "2016-12-31": "", "2015-12-31": "", "2014-12-31": "", "2013-12-31": "", "2012-12-31": ""}, "Operating Expenses": {"2020-12-31": "18165.00000", "2019-12-31": "15053.00000", "2018-12-31": "13257.00000", "2017-12-31": "10967.00000", "2016-12-31": "9256.00000", "2015-12-31": "7787.00000", "2014-12-31": "6757.00000", "2013-12-31": "5636.00000", "2012-12-31": "4782.00000"}, "Operating Income": {"2020-12-31": "3289.00000", "2019-12-31": "2719.00000", "2018-12-31": "2194.00000", "2017-12-31": "2127.00000", "2016-12-31": "1586.00000", "2015-12-31": "1461.00000", "2014-12-31": "1268.00000", "2013-12-31": "1091.00000", "2012-12-31": "880.00000"}, "Total Non-Operating Income/Expense": {"2020-12-31": "1776.00000", "2019-12-31": "279.00000", "2018-12-31": "182.00000", "2017-12-31": "73.00000", "2016-12-31": "45.00000", "2015-12-31": "27.00000", "2014-12-31": "-7.00000", "2013-12-31": "-7.00000", "2012-12-31": "11.00000"}, "Pre-Tax Income": {"2020-12-31": "5065.00000", "2019-12-31": "2998.00000", "2018-12-31": "2376.00000", "2017-12-31": "2200.00000", "2016-12-31": "1631.00000", "2015-12-31": "1488.00000", "2014-12-31": "1261.00000", "2013-12-31": "1084.00000", "2012-12-31": "891.00000"}, "Income Taxes": {"2020-12-31": "863.00000", "2019-12-31": "539.00000", "2018-12-31": "319.00000", "2017-12-31": "405.00000", "2016-12-31": "230.00000", "2015-12-31": "260.00000", "2014-12-31": "842.00000", "2013-12-31": "129.00000", "2012-12-31": "113.00000"}, "Income After Taxes": {"2020-12-31": "4202.00000", "2019-12-31": "2459.00000", "2018-12-31": "2057.00000", "2017-12-31": "1795.00000", "2016-12-31": "1401.00000", "2015-12-31": "1228.00000", "2014-12-31": "419.00000", "2013-12-31": "955.00000", "2012-12-31": "778.00000"}, "Other Income": {"2020-12-31": "", "2019-12-31": "", "2018-12-31": "", "2017-12-31": "", "2016-12-31": "", "2015-12-31": "", "2014-12-31": "", "2013-12-31": "", "2012-12-31": ""}, "Income From Continuous Operations": {"2020-12-31": "4202.00000", "2019-12-31": "2459.00000", "2018-12-31": "2057.00000", "2017-12-31": "1795.00000", "2016-12-31": "1401.00000", "2015-12-31": "1228.00000", "2014-12-31": "419.00000", "2013-12-31": "955.00000", "2012-12-31": "778.00000"}, "Income From Discontinued Operations": {"2020-12-31": "", "2019-12-31": "", "2018-12-31": "", "2017-12-31": "", "2016-12-31": "", "2015-12-31": "", "2014-12-31": "", "2013-12-31": "", "2012-12-31": ""}, "Net Income": {"2020-12-31": "4202.00000", "2019-12-31": "2459.00000", "2018-12-31": "2057.00000", "2017-12-31": "1795.00000", "2016-12-31": "1401.00000", "2015-12-31": "1228.00000", "2014-12-31": "419.00000", "2013-12-31": "955.00000", "2012-12-31": "778.00000"}, "EBITDA": {"2020-12-31": "4478.00000", "2019-12-31": "3631.00000", "2018-12-31": "2970.00000", "2017-12-31": "2932.00000", "2016-12-31": "2310.00000", "2015-12-31": "2069.00000", "2014-12-31": "1784.00000", "2013-12-31": "1544.00000", "2012-12-31": "1262.00000"}, "EBIT": {"2020-12-31": "3289.00000", "2019-12-31": "2719.00000", "2018-12-31": "2194.00000", "2017-12-31": "2127.00000", "2016-12-31": "1586.00000", "2015-12-31": "1461.00000", "2014-12-31": "1268.00000", "2013-12-31": "1091.00000", "2012-12-31": "880.00000"}, "Basic Shares Outstanding": {"2020-12-31": "1173.00000", "2019-12-31": "1174.00000", "2018-12-31": "1184.00000", "2017-12-31": "1203.00000", "2016-12-31": "1210.00000", "2015-12-31": "1222.00000", "2014-12-31": "1218.00000", "2013-12-31": "1218.00000", "2012-12-31": ""}, "Shares Outstanding": {"2020-12-31": "1187.00000", "2019-12-31": "1188.00000", "2018-12-31": "1203.00000", "2017-12-31": "1221.00000", "2016-12-31": "1218.00000", "2015-12-31": "1229.00000", "2014-12-31": "1224.00000", "2013-12-31": "1224.00000", "2012-12-31": ""}, "Basic EPS": {"2020-12-31": "3.58000", "2019-12-31": "2.09000", "2018-12-31": "1.74000", "2017-12-31": "1.49000", "2016-12-31": "1.16000", "2015-12-31": "1.00000", "2014-12-31": "0.34000", "2013-12-31": "0.78000", "2012-12-31": ""}, "EPS - Earnings Per Share": {"2020-12-31": "3.54000", "2019-12-31": "2.07000", "2018-12-31": "1.71000", "2017-12-31": "1.47000", "2016-12-31": "1.15000", "2015-12-31": "1.00000", "2014-12-31": "0.34000", "2013-12-31": "0.78000", "2012-12-31": "0.00000"}}, "income statement, quarterly": {"Revenue": {"2020-12-31": "6116.00000", "2020-09-30": "5459.00000", "2020-06-30": "5261.00000", "2020-03-31": "4618.00000", "2019-12-31": "4961.00000", "2019-09-30": "4378.00000", "2019-06-30": "4305.00000", "2019-03-31": "4128.00000", "2018-12-31": "4226.00000", "2018-09-30": "3683.00000", "2018-06-30": "3857.00000", "2018-03-31": "3685.00000", "2017-12-31": "3744.00000", "2017-09-30": "3239.00000", "2017-06-30": "3136.00000", "2017-03-31": "2975.00000", "2016-12-31": "2981.00000", "2016-09-30": "2667.00000", "2016-06-30": "2650.00000", "2016-03-31": "2544.00000", "2015-12-31": "2556.00000", "2015-09-30": "2258.00000", "2015-06-30": "2297.00000", "2015-03-31": "2137.00000", "2014-12-31": "2193.00000", "2014-09-30": "1975.00000", "2014-06-30": "1983.00000", "2014-03-31": "1874.00000", "2013-12-31": "", "2012-12-31": ""}, "Cost Of Goods Sold": {"2020-12-31": "3203.00000", "2020-09-30": "2815.00000", "2020-06-30": "2706.00000", "2020-03-31": "2729.00000", "2019-12-31": "2732.00000", "2019-09-30": "2431.00000", "2019-06-30": "2344.00000", "2019-03-31": "2278.00000", "2018-12-31": "2295.00000", "2018-09-30": "2011.00000", "2018-06-30": "2034.00000", "2018-03-31": "1922.00000", "2017-12-31": "1573.00000", "2017-09-30": "1811.00000", "2017-06-30": "1707.00000", "2017-03-31": "1604.00000", "2016-12-31": "1589.00000", "2016-09-30": "1426.00000", "2016-06-30": "1383.00000", "2016-03-31": "1303.00000", "2015-12-31": "1294.00000", "2015-09-30": "1136.00000", "2015-06-30": "1097.00000", "2015-03-31": "1002.00000", "2014-12-31": "1003.00000", "2014-09-30": "974.00000", "2014-06-30": "932.00000", "2014-03-31": "898.00000", "2013-12-31": "", "2012-12-31": ""}, "Gross Profit": {"2020-12-31": "2913.00000", "2020-09-30": "2644.00000", "2020-06-30": "2555.00000", "2020-03-31": "1889.00000", "2019-12-31": "2229.00000", "2019-09-30": "1947.00000", "2019-06-30": "1961.00000", "2019-03-31": "1850.00000", "2018-12-31": "1931.00000", "2018-09-30": "1672.00000", "2018-06-30": "1823.00000", "2018-03-31": "1763.00000", "2017-12-31": "2171.00000", "2017-09-30": "1428.00000", "2017-06-30": "1429.00000", "2017-03-31": "1371.00000", "2016-12-31": "1392.00000", "2016-09-30": "1241.00000", "2016-06-30": "1267.00000", "2016-03-31": "1241.00000", "2015-12-31": "1262.00000", "2015-09-30": "1122.00000", "2015-06-30": "1200.00000", "2015-03-31": "1135.00000", "2014-12-31": "1190.00000", "2014-09-30": "1001.00000", "2014-06-30": "1051.00000", "2014-03-31": "976.00000", "2013-12-31": "", "2012-12-31": ""}, "Research And Development Expenses": {"2020-12-31": "732.00000", "2020-09-30": "674.00000", "2020-06-30": "631.00000", "2020-03-31": "605.00000", "2019-12-31": "558.00000", "2019-09-30": "533.00000", "2019-06-30": "483.00000", "2019-03-31": "511.00000", "2018-12-31": "490.00000", "2018-09-30": "452.00000", "2018-06-30": "441.00000", "2018-03-31": "448.00000", "2017-12-31": "1054.00000", "2017-09-30": "240.00000", "2017-06-30": "232.00000", "2017-03-31": "214.00000", "2016-12-31": "215.00000", "2016-09-30": "215.00000", "2016-06-30": "209.00000", "2016-03-31": "195.00000", "2015-12-31": "208.00000", "2015-09-30": "197.00000", "2015-06-30": "202.00000", "2015-03-31": "185.00000", "2014-12-31": "239.00000", "2014-09-30": "232.00000", "2014-06-30": "221.00000", "2014-03-31": "198.00000", "2013-12-31": "", "2012-12-31": ""}, "SG&A Expenses": {"2020-12-31": "1174.00000", "2020-09-30": "974.00000", "2020-06-30": "926.00000", "2020-03-31": "857.00000", "2019-12-31": "872.00000", "2019-09-30": "717.00000", "2019-06-30": "775.00000", "2019-03-31": "748.00000", "2018-12-31": "831.00000", "2018-09-30": "702.00000", "2018-06-30": "694.00000", "2018-03-31": "628.00000", "2017-12-31": "760.00000", "2017-09-30": "571.00000", "2017-06-30": "566.00000", "2017-03-31": "503.00000", "2016-12-31": "528.00000", "2016-09-30": "494.00000", "2016-06-30": "511.00000", "2016-03-31": "464.00000", "2015-12-31": "480.00000", "2015-09-30": "442.00000", "2015-06-30": "449.00000", "2015-03-31": "439.00000", "2014-12-31": "614.00000", "2014-09-30": "368.00000", "2014-06-30": "375.00000", "2014-03-31": "330.00000", "2013-12-31": "", "2012-12-31": ""}, "Other Operating Income Or Expenses": {"2020-12-31": "", "2020-09-30": "", "2020-06-30": "", "2020-03-31": "", "2019-12-31": "", "2019-09-30": "", "2019-06-30": "", "2019-03-31": "", "2018-12-31": "", "2018-09-30": "", "2018-06-30": "", "2018-03-31": "", "2017-12-31": "", "2017-09-30": "", "2017-06-30": "", "2017-03-31": "", "2016-12-31": "", "2016-09-30": "", "2016-06-30": "", "2016-03-31": "", "2015-12-31": "", "2015-09-30": "", "2015-06-30": "", "2015-03-31": "", "2014-12-31": "", "2014-09-30": "", "2014-06-30": "", "2014-03-31": "", "2013-12-31": "", "2012-12-31": ""}, "Operating Expenses": {"2020-12-31": "5153.00000", "2020-09-30": "4482.00000", "2020-06-30": "4310.00000", "2020-03-31": "4220.00000", "2019-12-31": "4162.00000", "2019-09-30": "3681.00000", "2019-06-30": "3600.00000", "2019-03-31": "3610.00000", "2018-12-31": "3628.00000", "2018-09-30": "3193.00000", "2018-06-30": "3285.00000", "2018-03-31": "3151.00000", "2017-12-31": "2901.00000", "2017-09-30": "2816.00000", "2017-06-30": "2706.00000", "2017-03-31": "2544.00000", "2016-12-31": "2521.00000", "2016-09-30": "2319.00000", "2016-06-30": "2279.00000", "2016-03-31": "2137.00000", "2015-12-31": "2145.00000", "2015-09-30": "1928.00000", "2015-06-30": "1899.00000", "2015-03-31": "1815.00000", "2014-12-31": "1988.00000", "2014-09-30": "1703.00000", "2014-06-30": "1653.00000", "2014-03-31": "1556.00000", "2013-12-31": "", "2012-12-31": ""}, "Operating Income": {"2020-12-31": "963.00000", "2020-09-30": "977.00000", "2020-06-30": "951.00000", "2020-03-31": "398.00000", "2019-12-31": "799.00000", "2019-09-30": "697.00000", "2019-06-30": "705.00000", "2019-03-31": "518.00000", "2018-12-31": "598.00000", "2018-09-30": "490.00000", "2018-06-30": "572.00000", "2018-03-31": "534.00000", "2017-12-31": "843.00000", "2017-09-30": "423.00000", "2017-06-30": "430.00000", "2017-03-31": "431.00000", "2016-12-31": "460.00000", "2016-09-30": "348.00000", "2016-06-30": "371.00000", "2016-03-31": "407.00000", "2015-12-31": "411.00000", "2015-09-30": "330.00000", "2015-06-30": "398.00000", "2015-03-31": "322.00000", "2014-12-31": "205.00000", "2014-09-30": "272.00000", "2014-06-30": "330.00000", "2014-03-31": "318.00000", "2013-12-31": "", "2012-12-31": ""}, "Total Non-Operating Income/Expense": {"2020-12-31": "896.00000", "2020-09-30": "167.00000", "2020-06-30": "848.00000", "2020-03-31": "-135.00000", "2019-12-31": "55.00000", "2019-09-30": "-213.00000", "2019-06-30": "238.00000", "2019-03-31": "199.00000", "2018-12-31": "88.00000", "2018-09-30": "43.00000", "2018-06-30": "37.00000", "2018-03-31": "14.00000", "2017-12-31": "21.00000", "2017-09-30": "28.00000", "2017-06-30": "17.00000", "2017-03-31": "7.00000", "2016-12-31": "9.00000", "2016-09-30": "12.00000", "2016-06-30": "9.00000", "2016-03-31": "15.00000", "2015-12-31": "7.00000", "2015-09-30": "20.00000", "2015-06-30": "1.00000", "2015-03-31": "-1.00000", "2014-12-31": "-1.00000", "2014-09-30": "4.00000", "2014-06-30": "-4.00000", "2014-03-31": "-6.00000", "2013-12-31": "", "2012-12-31": ""}, "Pre-Tax Income": {"2020-12-31": "1859.00000", "2020-09-30": "1144.00000", "2020-06-30": "1799.00000", "2020-03-31": "263.00000", "2019-12-31": "854.00000", "2019-09-30": "484.00000", "2019-06-30": "943.00000", "2019-03-31": "717.00000", "2018-12-31": "686.00000", "2018-09-30": "533.00000", "2018-06-30": "609.00000", "2018-03-31": "548.00000", "2017-12-31": "864.00000", "2017-09-30": "451.00000", "2017-06-30": "447.00000", "2017-03-31": "438.00000", "2016-12-31": "469.00000", "2016-09-30": "360.00000", "2016-06-30": "380.00000", "2016-03-31": "422.00000", "2015-12-31": "418.00000", "2015-09-30": "350.00000", "2015-06-30": "399.00000", "2015-03-31": "321.00000", "2014-12-31": "347.00000", "2014-09-30": "276.00000", "2014-06-30": "326.00000", "2014-03-31": "312.00000", "2013-12-31": "", "2012-12-31": ""}, "Income Taxes": {"2020-12-31": "292.00000", "2020-09-30": "123.00000", "2020-06-30": "269.00000", "2020-03-31": "179.00000", "2019-12-31": "347.00000", "2019-09-30": "22.00000", "2019-06-30": "120.00000", "2019-03-31": "50.00000", "2018-12-31": "102.00000", "2018-09-30": "97.00000", "2018-06-30": "83.00000", "2018-03-31": "37.00000", "2017-12-31": "244.00000", "2017-09-30": "71.00000", "2017-06-30": "36.00000", "2017-03-31": "54.00000", "2016-12-31": "79.00000", "2016-09-30": "37.00000", "2016-06-30": "57.00000", "2016-03-31": "57.00000", "2015-12-31": "51.00000", "2015-09-30": "49.00000", "2015-06-30": "94.00000", "2015-03-31": "66.00000", "2014-12-31": "61.00000", "2014-09-30": "42.00000", "2014-06-30": "45.00000", "2014-03-31": "694.00000", "2013-12-31": "", "2012-12-31": ""}, "Income After Taxes": {"2020-12-31": "1567.00000", "2020-09-30": "1021.00000", "2020-06-30": "1530.00000", "2020-03-31": "84.00000", "2019-12-31": "507.00000", "2019-09-30": "462.00000", "2019-06-30": "823.00000", "2019-03-31": "667.00000", "2018-12-31": "584.00000", "2018-09-30": "436.00000", "2018-06-30": "526.00000", "2018-03-31": "511.00000", "2017-12-31": "620.00000", "2017-09-30": "380.00000", "2017-06-30": "411.00000", "2017-03-31": "384.00000", "2016-12-31": "390.00000", "2016-09-30": "323.00000", "2016-06-30": "323.00000", "2016-03-31": "365.00000", "2015-12-31": "367.00000", "2015-09-30": "301.00000", "2015-06-30": "305.00000", "2015-03-31": "255.00000", "2014-12-31": "286.00000", "2014-09-30": "234.00000", "2014-06-30": "281.00000", "2014-03-31": "-382.00000", "2013-12-31": "", "2012-12-31": ""}, "Other Income": {"2020-12-31": "", "2020-09-30": "", "2020-06-30": "", "2020-03-31": "", "2019-12-31": "", "2019-09-30": "", "2019-06-30": "", "2019-03-31": "", "2018-12-31": "", "2018-09-30": "", "2018-06-30": "", "2018-03-31": "", "2017-12-31": "", "2017-09-30": "", "2017-06-30": "", "2017-03-31": "", "2016-12-31": "", "2016-09-30": "", "2016-06-30": "", "2016-03-31": "", "2015-12-31": "", "2015-09-30": "", "2015-06-30": "", "2015-03-31": "", "2014-12-31": "0.00000", "2014-09-30": "", "2014-06-30": "", "2014-03-31": "", "2013-12-31": "", "2012-12-31": ""}, "Income From Continuous Operations": {"2020-12-31": "1567.00000", "2020-09-30": "1021.00000", "2020-06-30": "1530.00000", "2020-03-31": "84.00000", "2019-12-31": "507.00000", "2019-09-30": "462.00000", "2019-06-30": "823.00000", "2019-03-31": "667.00000", "2018-12-31": "584.00000", "2018-09-30": "436.00000", "2018-06-30": "526.00000", "2018-03-31": "511.00000", "2017-12-31": "620.00000", "2017-09-30": "380.00000", "2017-06-30": "411.00000", "2017-03-31": "384.00000", "2016-12-31": "390.00000", "2016-09-30": "323.00000", "2016-06-30": "323.00000", "2016-03-31": "365.00000", "2015-12-31": "367.00000", "2015-09-30": "301.00000", "2015-06-30": "305.00000", "2015-03-31": "255.00000", "2014-12-31": "286.00000", "2014-09-30": "234.00000", "2014-06-30": "281.00000", "2014-03-31": "-382.00000", "2013-12-31": "", "2012-12-31": ""}, "Income From Discontinued Operations": {"2020-12-31": "", "2020-09-30": "", "2020-06-30": "", "2020-03-31": "", "2019-12-31": "", "2019-09-30": "", "2019-06-30": "", "2019-03-31": "", "2018-12-31": "", "2018-09-30": "", "2018-06-30": "", "2018-03-31": "", "2017-12-31": "", "2017-09-30": "", "2017-06-30": "", "2017-03-31": "", "2016-12-31": "", "2016-09-30": "", "2016-06-30": "", "2016-03-31": "", "2015-12-31": "", "2015-09-30": "", "2015-06-30": "", "2015-03-31": "", "2014-12-31": "0.00000", "2014-09-30": "", "2014-06-30": "", "2014-03-31": "", "2013-12-31": "", "2012-12-31": ""}, "Net Income": {"2020-12-31": "1567.00000", "2020-09-30": "1021.00000", "2020-06-30": "1530.00000", "2020-03-31": "84.00000", "2019-12-31": "507.00000", "2019-09-30": "462.00000", "2019-06-30": "823.00000", "2019-03-31": "667.00000", "2018-12-31": "584.00000", "2018-09-30": "436.00000", "2018-06-30": "526.00000", "2018-03-31": "511.00000", "2017-12-31": "620.00000", "2017-09-30": "380.00000", "2017-06-30": "411.00000", "2017-03-31": "384.00000", "2016-12-31": "390.00000", "2016-09-30": "323.00000", "2016-06-30": "323.00000", "2016-03-31": "365.00000", "2015-12-31": "367.00000", "2015-09-30": "301.00000", "2015-06-30": "305.00000", "2015-03-31": "255.00000", "2014-12-31": "286.00000", "2014-09-30": "234.00000", "2014-06-30": "281.00000", "2014-03-31": "-382.00000", "2013-12-31": "", "2012-12-31": ""}, "EBITDA": {"2020-12-31": "", "2020-09-30": "1275.00000", "2020-06-30": "1248.00000", "2020-03-31": "691.00000", "2019-12-31": "1026.00000", "2019-09-30": "924.00000", "2019-06-30": "933.00000", "2019-03-31": "748.00000", "2018-12-31": "821.00000", "2018-09-30": "678.00000", "2018-06-30": "752.00000", "2018-03-31": "719.00000", "2017-12-31": "1070.00000", "2017-09-30": "617.00000", "2017-06-30": "631.00000", "2017-03-31": "614.00000", "2016-12-31": "649.00000", "2016-09-30": "533.00000", "2016-06-30": "547.00000", "2016-03-31": "581.00000", "2015-12-31": "575.00000", "2015-09-30": "483.00000", "2015-06-30": "548.00000", "2015-03-31": "463.00000", "2014-12-31": "337.00000", "2014-09-30": "401.00000", "2014-06-30": "455.00000", "2014-03-31": "448.00000", "2013-12-31": "", "2012-12-31": ""}, "EBIT": {"2020-12-31": "963.00000", "2020-09-30": "977.00000", "2020-06-30": "951.00000", "2020-03-31": "398.00000", "2019-12-31": "799.00000", "2019-09-30": "697.00000", "2019-06-30": "705.00000", "2019-03-31": "518.00000", "2018-12-31": "598.00000", "2018-09-30": "490.00000", "2018-06-30": "572.00000", "2018-03-31": "534.00000", "2017-12-31": "843.00000", "2017-09-30": "423.00000", "2017-06-30": "430.00000", "2017-03-31": "431.00000", "2016-12-31": "460.00000", "2016-09-30": "348.00000", "2016-06-30": "371.00000", "2016-03-31": "407.00000", "2015-12-31": "411.00000", "2015-09-30": "330.00000", "2015-06-30": "398.00000", "2015-03-31": "322.00000", "2014-12-31": "205.00000", "2014-09-30": "272.00000", "2014-06-30": "330.00000", "2014-03-31": "318.00000", "2013-12-31": "", "2012-12-31": ""}, "Basic Shares Outstanding": {"2020-12-31": "1172.00000", "2020-09-30": "1172.00000", "2020-06-30": "1173.00000", "2020-03-31": "1173.00000", "2019-12-31": "1174.00000", "2019-09-30": "1175.00000", "2019-06-30": "1175.00000", "2019-03-31": "1171.00000", "2018-12-31": "1184.00000", "2018-09-30": "1181.00000", "2018-06-30": "1187.00000", "2018-03-31": "1192.00000", "2017-12-31": "1203.00000", "2017-09-30": "1202.00000", "2017-06-30": "1202.00000", "2017-03-31": "1203.00000", "2016-12-31": "1210.00000", "2016-09-30": "1207.00000", "2016-06-30": "1210.00000", "2016-03-31": "1216.00000", "2015-12-31": "1222.00000", "2015-09-30": "1221.00000", "2015-06-30": "1218.00000", "2015-03-31": "1218.00000", "2014-12-31": "1218.00000", "2014-09-30": "1218.00000", "2014-06-30": "1218.00000", "2014-03-31": "", "2013-12-31": "", "2012-12-31": ""}, "Shares Outstanding": {"2020-12-31": "1191.00000", "2020-09-30": "1190.00000", "2020-06-30": "1184.00000", "2020-03-31": "1185.00000", "2019-12-31": "1188.00000", "2019-09-30": "1188.00000", "2019-06-30": "1187.00000", "2019-03-31": "1188.00000", "2018-12-31": "1203.00000", "2018-09-30": "1199.00000", "2018-06-30": "1202.00000", "2018-03-31": "1217.00000", "2017-12-31": "1221.00000", "2017-09-30": "1223.00000", "2017-06-30": "1215.00000", "2017-03-31": "1216.00000", "2016-12-31": "1218.00000", "2016-09-30": "1214.00000", "2016-06-30": "1215.00000", "2016-03-31": "1225.00000", "2015-12-31": "1229.00000", "2015-09-30": "1227.00000", "2015-06-30": "1224.00000", "2015-03-31": "1224.00000", "2014-12-31": "1224.00000", "2014-09-30": "1224.00000", "2014-06-30": "1224.00000", "2014-03-31": "", "2013-12-31": "", "2012-12-31": ""}, "Basic EPS": {"2020-12-31": "1.34000", "2020-09-30": "0.87000", "2020-06-30": "1.30000", "2020-03-31": "0.07000", "2019-12-31": "0.43000", "2019-09-30": "0.39000", "2019-06-30": "0.70000", "2019-03-31": "0.57000", "2018-12-31": "0.50000", "2018-09-30": "0.37000", "2018-06-30": "0.44000", "2018-03-31": "0.43000", "2017-12-31": "0.51000", "2017-09-30": "0.32000", "2017-06-30": "0.34000", "2017-03-31": "0.32000", "2016-12-31": "0.32000", "2016-09-30": "0.27000", "2016-06-30": "0.27000", "2016-03-31": "0.30000", "2015-12-31": "0.29000", "2015-09-30": "0.25000", "2015-06-30": "0.25000", "2015-03-31": "0.21000", "2014-12-31": "0.23000", "2014-09-30": "0.19000", "2014-06-30": "0.23000", "2014-03-31": "", "2013-12-31": "", "2012-12-31": ""}, "EPS - Earnings Per Share": {"2020-12-31": "1.32000", "2020-09-30": "0.86000", "2020-06-30": "1.29000", "2020-03-31": "0.07000", "2019-12-31": "0.43000", "2019-09-30": "0.39000", "2019-06-30": "0.69000", "2019-03-31": "0.56000", "2018-12-31": "0.49000", "2018-09-30": "0.36000", "2018-06-30": "0.44000", "2018-03-31": "0.42000", "2017-12-31": "0.50000", "2017-09-30": "0.31000", "2017-06-30": "0.34000", "2017-03-31": "0.32000", "2016-12-31": "0.31000", "2016-09-30": "0.27000", "2016-06-30": "0.27000", "2016-03-31": "0.30000", "2015-12-31": "0.29000", "2015-09-30": "0.25000", "2015-06-30": "0.25000", "2015-03-31": "0.21000", "2014-12-31": "0.23000", "2014-09-30": "0.19000", "2014-06-30": "0.23000", "2014-03-31": "0.00000", "2013-12-31": "0.00000", "2012-12-31": "0.00000"}}, "balance sheet": {"Cash On Hand": {"2020-12-31": "13083.00000", "2019-12-31": "10761.00000", "2018-12-31": "9109.00000", "2017-12-31": "5695.00000", "2016-12-31": "4975.00000", "2015-12-31": "3411.00000", "2014-12-31": "2230.00000", "2013-12-31": "1925.00000", "2012-12-31": ""}, "Receivables": {"2020-12-31": "33995.00000", "2019-12-31": "22962.00000", "2018-12-31": "20375.00000", "2017-12-31": "18525.00000", "2016-12-31": "14577.00000", "2015-12-31": "12398.00000", "2014-12-31": "10677.00000", "2013-12-31": "9329.00000", "2012-12-31": ""}, "Inventory": {"2020-12-31": "", "2019-12-31": "", "2018-12-31": "", "2017-12-31": "", "2016-12-31": "", "2015-12-31": "", "2014-12-31": "", "2013-12-31": "", "2012-12-31": ""}, "Pre-Paid Expenses": {"2020-12-31": "1148.00000", "2019-12-31": "800.00000", "2018-12-31": "947.00000", "2017-12-31": "713.00000", "2016-12-31": "833.00000", "2015-12-31": "655.00000", "2014-12-31": "378.00000", "2013-12-31": "", "2012-12-31": ""}, "Other Current Assets": {"2020-12-31": "", "2019-12-31": "", "2018-12-31": "", "2017-12-31": "", "2016-12-31": "", "2015-12-31": "", "2014-12-31": "", "2013-12-31": "267.00000", "2012-12-31": ""}, "Total Current Assets": {"2020-12-31": "50995.00000", "2019-12-31": "38495.00000", "2018-12-31": "32963.00000", "2017-12-31": "32645.00000", "2016-12-31": "25733.00000", "2015-12-31": "20648.00000", "2014-12-31": "17565.00000", "2013-12-31": "14620.00000", "2012-12-31": ""}, "Property, Plant, And Equipment": {"2020-12-31": "1807.00000", "2019-12-31": "1693.00000", "2018-12-31": "1724.00000", "2017-12-31": "1528.00000", "2016-12-31": "1482.00000", "2015-12-31": "1344.00000", "2014-12-31": "922.00000", "2013-12-31": "858.00000", "2012-12-31": ""}, "Long-Term Investments": {"2020-12-31": "6089.00000", "2019-12-31": "2863.00000", "2018-12-31": "971.00000", "2017-12-31": "1961.00000", "2016-12-31": "1539.00000", "2015-12-31": "2348.00000", "2014-12-31": "31.00000", "2013-12-31": "196.00000", "2012-12-31": ""}, "Goodwill And Intangible Assets": {"2020-12-31": "10183.00000", "2019-12-31": "6990.00000", "2018-12-31": "7109.00000", "2017-12-31": "4507.00000", "2016-12-31": "4270.00000", "2015-12-31": "4427.00000", "2014-12-31": "3345.00000", "2013-12-31": "3445.00000", "2012-12-31": "0.00000"}, "Other Long-Term Assets": {"2020-12-31": "1305.00000", "2019-12-31": "1292.00000", "2018-12-31": "565.00000", "2017-12-31": "133.00000", "2016-12-31": "79.00000", "2015-12-31": "114.00000", "2014-12-31": "54.00000", "2013-12-31": "41.00000", "2012-12-31": ""}, "Total Long-Term Assets": {"2020-12-31": "19384.00000", "2019-12-31": "12838.00000", "2018-12-31": "10369.00000", "2017-12-31": "8129.00000", "2016-12-31": "7370.00000", "2015-12-31": "8233.00000", "2014-12-31": "4352.00000", "2013-12-31": "4540.00000", "2012-12-31": ""}, "Total Assets": {"2020-12-31": "70379.00000", "2019-12-31": "51333.00000", "2018-12-31": "43332.00000", "2017-12-31": "40774.00000", "2016-12-31": "33103.00000", "2015-12-31": "28881.00000", "2014-12-31": "21917.00000", "2013-12-31": "19160.00000", "2012-12-31": "0.00000"}, "Total Current Liabilities": {"2020-12-31": "38447.00000", "2019-12-31": "26919.00000", "2018-12-31": "25904.00000", "2017-12-31": "22863.00000", "2016-12-31": "16878.00000", "2015-12-31": "13617.00000", "2014-12-31": "13283.00000", "2013-12-31": "11261.00000", "2012-12-31": ""}, "Long Term Debt": {"2020-12-31": "8939.00000", "2019-12-31": "4965.00000", "2018-12-31": "", "2017-12-31": "", "2016-12-31": "", "2015-12-31": "", "2014-12-31": "", "2013-12-31": "", "2012-12-31": ""}, "Other Non-Current Liabilities": {"2020-12-31": "", "2019-12-31": "", "2018-12-31": "", "2017-12-31": "", "2016-12-31": "", "2015-12-31": "", "2014-12-31": "", "2013-12-31": "509.00000", "2012-12-31": ""}, "Total Long Term Liabilities": {"2020-12-31": "11869.00000", "2019-12-31": "7485.00000", "2018-12-31": "2042.00000", "2017-12-31": "1917.00000", "2016-12-31": "1513.00000", "2015-12-31": "1505.00000", "2014-12-31": "386.00000", "2013-12-31": "509.00000", "2012-12-31": ""}, "Total Liabilities": {"2020-12-31": "50316.00000", "2019-12-31": "34404.00000", "2018-12-31": "27946.00000", "2017-12-31": "24780.00000", "2016-12-31": "18391.00000", "2015-12-31": "15122.00000", "2014-12-31": "13669.00000", "2013-12-31": "11770.00000", "2012-12-31": "0.00000"}, "Common Stock Net": {"2020-12-31": "", "2019-12-31": "", "2018-12-31": "", "2017-12-31": "", "2016-12-31": "", "2015-12-31": "", "2014-12-31": "", "2013-12-31": "", "2012-12-31": "0.00000"}, "Retained Earnings (Accumulated Deficit)": {"2020-12-31": "12366.00000", "2019-12-31": "8342.00000", "2018-12-31": "5880.00000", "2017-12-31": "3823.00000", "2016-12-31": "2069.00000", "2015-12-31": "668.00000", "2014-12-31": "", "2013-12-31": "", "2012-12-31": ""}, "Comprehensive Income": {"2020-12-31": "-484.00000", "2019-12-31": "-173.00000", "2018-12-31": "78.00000", "2017-12-31": "-142.00000", "2016-12-31": "59.00000", "2015-12-31": "-9.00000", "2014-12-31": "110.00000", "2013-12-31": "-61.00000", "2012-12-31": ""}, "Other Share Holders Equity": {"2020-12-31": "", "2019-12-31": "", "2018-12-31": "", "2017-12-31": "", "2016-12-31": "", "2015-12-31": "", "2014-12-31": "8138.00000", "2013-12-31": "7451.00000", "2012-12-31": "0.00000"}, "Share Holder Equity": {"2020-12-31": "20063.00000", "2019-12-31": "16929.00000", "2018-12-31": "15386.00000", "2017-12-31": "15994.00000", "2016-12-31": "14712.00000", "2015-12-31": "13759.00000", "2014-12-31": "8248.00000", "2013-12-31": "7390.00000", "2012-12-31": "0.00000"}, "Total Liabilities And Share Holders Equity": {"2020-12-31": "70379.00000", "2019-12-31": "51333.00000", "2018-12-31": "43332.00000", "2017-12-31": "40774.00000", "2016-12-31": "33103.00000", "2015-12-31": "28881.00000", "2014-12-31": "21917.00000", "2013-12-31": "19160.00000", "2012-12-31": "0.00000"}}, "balance sheet, quarterly": {"Cash On Hand": {"2020-12-31": "13083.00000", "2020-09-30": "14158.00000", "2020-06-30": "13048.00000", "2020-03-31": "10186.00000", "2019-12-31": "10761.00000", "2019-09-30": "10462.00000", "2019-06-30": "8415.00000", "2019-03-31": "7849.00000", "2018-12-31": "9109.00000", "2018-09-30": "9587.00000", "2018-06-30": "4965.00000", "2018-03-31": "6306.00000", "2017-12-31": "5695.00000", "2017-09-30": "4921.00000", "2017-06-30": "4091.00000", "2017-03-31": "4055.00000", "2016-12-31": "4975.00000", "2016-09-30": "5088.00000", "2016-06-30": "4957.00000", "2016-03-31": "4767.00000", "2015-12-31": "3411.00000", "2015-09-30": "4299.00000", "2015-06-30": "4408.00000", "2015-03-31": "2375.00000", "2014-12-31": "2230.00000", "2014-09-30": "", "2014-06-30": "", "2014-03-31": "", "2013-12-31": "1925.00000", "2012-12-31": ""}, "Receivables": {"2020-12-31": "33995.00000", "2020-09-30": "31012.00000", "2020-06-30": "29477.00000", "2020-03-31": "23229.00000", "2019-12-31": "22962.00000", "2019-09-30": "22928.00000", "2019-06-30": "23952.00000", "2019-03-31": "23147.00000", "2018-12-31": "20375.00000", "2018-09-30": "21363.00000", "2018-06-30": "19471.00000", "2018-03-31": "19420.00000", "2017-12-31": "18525.00000", "2017-09-30": "17476.00000", "2017-06-30": "16354.00000", "2017-03-31": "15119.00000", "2016-12-31": "14577.00000", "2016-09-30": "13507.00000", "2016-06-30": "13201.00000", "2016-03-31": "12391.00000", "2015-12-31": "12398.00000", "2015-09-30": "11975.00000", "2015-06-30": "11467.00000", "2015-03-31": "10998.00000", "2014-12-31": "10677.00000", "2014-09-30": "", "2014-06-30": "", "2014-03-31": "", "2013-12-31": "9329.00000", "2012-12-31": ""}, "Inventory": {"2020-12-31": "", "2020-09-30": "", "2020-06-30": "", "2020-03-31": "", "2019-12-31": "", "2019-09-30": "", "2019-06-30": "", "2019-03-31": "", "2018-12-31": "", "2018-09-30": "", "2018-06-30": "", "2018-03-31": "", "2017-12-31": "", "2017-09-30": "", "2017-06-30": "", "2017-03-31": "", "2016-12-31": "", "2016-09-30": "", "2016-06-30": "", "2016-03-31": "", "2015-12-31": "", "2015-09-30": "", "2015-06-30": "", "2015-03-31": "", "2014-12-31": "", "2014-09-30": "", "2014-06-30": "", "2014-03-31": "", "2013-12-31": "", "2012-12-31": ""}, "Pre-Paid Expenses": {"2020-12-31": "1148.00000", "2020-09-30": "937.00000", "2020-06-30": "840.00000", "2020-03-31": "1057.00000", "2019-12-31": "800.00000", "2019-09-30": "881.00000", "2019-06-30": "902.00000", "2019-03-31": "1039.00000", "2018-12-31": "947.00000", "2018-09-30": "928.00000", "2018-06-30": "1075.00000", "2018-03-31": "900.00000", "2017-12-31": "713.00000", "2017-09-30": "719.00000", "2017-06-30": "838.00000", "2017-03-31": "897.00000", "2016-12-31": "833.00000", "2016-09-30": "751.00000", "2016-06-30": "792.00000", "2016-03-31": "586.00000", "2015-12-31": "655.00000", "2015-09-30": "", "2015-06-30": "", "2015-03-31": "", "2014-12-31": "378.00000", "2014-09-30": "", "2014-06-30": "", "2014-03-31": "", "2013-12-31": "", "2012-12-31": ""}, "Other Current Assets": {"2020-12-31": "", "2020-09-30": "", "2020-06-30": "", "2020-03-31": "", "2019-12-31": "", "2019-09-30": "", "2019-06-30": "", "2019-03-31": "", "2018-12-31": "", "2018-09-30": "", "2018-06-30": "", "2018-03-31": "", "2017-12-31": "", "2017-09-30": "", "2017-06-30": "", "2017-03-31": "", "2016-12-31": "", "2016-09-30": "", "2016-06-30": "", "2016-03-31": "", "2015-12-31": "", "2015-09-30": "678.00000", "2015-06-30": "583.00000", "2015-03-31": "480.00000", "2014-12-31": "", "2014-09-30": "", "2014-06-30": "", "2014-03-31": "", "2013-12-31": "267.00000", "2012-12-31": ""}, "Total Current Assets": {"2020-12-31": "50995.00000", "2020-09-30": "48704.00000", "2020-06-30": "46500.00000", "2020-03-31": "38184.00000", "2019-12-31": "38495.00000", "2019-09-30": "37748.00000", "2019-06-30": "36435.00000", "2019-03-31": "34891.00000", "2018-12-31": "32963.00000", "2018-09-30": "33990.00000", "2018-06-30": "34184.00000", "2018-03-31": "34742.00000", "2017-12-31": "32645.00000", "2017-09-30": "29437.00000", "2017-06-30": "27035.00000", "2017-03-31": "25425.00000", "2016-12-31": "25733.00000", "2016-09-30": "24161.00000", "2016-06-30": "23457.00000", "2016-03-31": "21968.00000", "2015-12-31": "20648.00000", "2015-09-30": "20554.00000", "2015-06-30": "19713.00000", "2015-03-31": "18207.00000", "2014-12-31": "17565.00000", "2014-09-30": "", "2014-06-30": "", "2014-03-31": "", "2013-12-31": "14620.00000", "2012-12-31": ""}, "Property, Plant, And Equipment": {"2020-12-31": "1807.00000", "2020-09-30": "1757.00000", "2020-06-30": "1717.00000", "2020-03-31": "1646.00000", "2019-12-31": "1693.00000", "2019-09-30": "1701.00000", "2019-06-30": "1720.00000", "2019-03-31": "1731.00000", "2018-12-31": "1724.00000", "2018-09-30": "1646.00000", "2018-06-30": "1567.00000", "2018-03-31": "1523.00000", "2017-12-31": "1528.00000", "2017-09-30": "1485.00000", "2017-06-30": "1479.00000", "2017-03-31": "1448.00000", "2016-12-31": "1482.00000", "2016-09-30": "1451.00000", "2016-06-30": "1412.00000", "2016-03-31": "1345.00000", "2015-12-31": "1344.00000", "2015-09-30": "1298.00000", "2015-06-30": "1291.00000", "2015-03-31": "989.00000", "2014-12-31": "922.00000", "2014-09-30": "", "2014-06-30": "", "2014-03-31": "", "2013-12-31": "", "2012-12-31": ""}, "Long-Term Investments": {"2020-12-31": "6089.00000", "2020-09-30": "3439.00000", "2020-06-30": "3175.00000", "2020-03-31": "2366.00000", "2019-12-31": "2863.00000", "2019-09-30": "2771.00000", "2019-06-30": "2278.00000", "2019-03-31": "1695.00000", "2018-12-31": "971.00000", "2018-09-30": "946.00000", "2018-06-30": "1369.00000", "2018-03-31": "1487.00000", "2017-12-31": "1961.00000", "2017-09-30": "2217.00000", "2017-06-30": "2511.00000", "2017-03-31": "2325.00000", "2016-12-31": "1539.00000", "2016-09-30": "1339.00000", "2016-06-30": "1315.00000", "2016-03-31": "1661.00000", "2015-12-31": "2348.00000", "2015-09-30": "2392.00000", "2015-06-30": "2258.00000", "2015-03-31": "31.00000", "2014-12-31": "31.00000", "2014-09-30": "", "2014-06-30": "", "2014-03-31": "", "2013-12-31": "196.00000", "2012-12-31": ""}, "Goodwill And Intangible Assets": {"2020-12-31": "10183.00000", "2020-09-30": "10265.00000", "2020-06-30": "10372.00000", "2020-03-31": "10493.00000", "2019-12-31": "6990.00000", "2019-09-30": "6807.00000", "2019-06-30": "6935.00000", "2019-03-31": "6984.00000", "2018-12-31": "7109.00000", "2018-09-30": "6738.00000", "2018-06-30": "4456.00000", "2018-03-31": "4476.00000", "2017-12-31": "4507.00000", "2017-09-30": "4552.00000", "2017-06-30": "4205.00000", "2017-03-31": "4244.00000", "2016-12-31": "4270.00000", "2016-09-30": "4313.00000", "2016-06-30": "4350.00000", "2016-03-31": "4391.00000", "2015-12-31": "4427.00000", "2015-09-30": "3589.00000", "2015-06-30": "3595.00000", "2015-03-31": "3322.00000", "2014-12-31": "3345.00000", "2014-09-30": "0.00000", "2014-06-30": "0.00000", "2014-03-31": "0.00000", "2013-12-31": "3445.00000", "2012-12-31": "0.00000"}, "Other Long-Term Assets": {"2020-12-31": "1305.00000", "2020-09-30": "1417.00000", "2020-06-30": "1402.00000", "2020-03-31": "1577.00000", "2019-12-31": "1292.00000", "2019-09-30": "1196.00000", "2019-06-30": "1023.00000", "2019-03-31": "979.00000", "2018-12-31": "565.00000", "2018-09-30": "404.00000", "2018-06-30": "101.00000", "2018-03-31": "94.00000", "2017-12-31": "133.00000", "2017-09-30": "70.00000", "2017-06-30": "60.00000", "2017-03-31": "51.00000", "2016-12-31": "79.00000", "2016-09-30": "92.00000", "2016-06-30": "97.00000", "2016-03-31": "105.00000", "2015-12-31": "114.00000", "2015-09-30": "63.00000", "2015-06-30": "54.00000", "2015-03-31": "30.00000", "2014-12-31": "54.00000", "2014-09-30": "", "2014-06-30": "", "2014-03-31": "", "2013-12-31": "41.00000", "2012-12-31": ""}, "Total Long-Term Assets": {"2020-12-31": "19384.00000", "2020-09-30": "16878.00000", "2020-06-30": "16666.00000", "2020-03-31": "16082.00000", "2019-12-31": "12838.00000", "2019-09-30": "12475.00000", "2019-06-30": "11956.00000", "2019-03-31": "11389.00000", "2018-12-31": "10369.00000", "2018-09-30": "9734.00000", "2018-06-30": "7493.00000", "2018-03-31": "7580.00000", "2017-12-31": "8129.00000", "2017-09-30": "8324.00000", "2017-06-30": "8255.00000", "2017-03-31": "8068.00000", "2016-12-31": "7370.00000", "2016-09-30": "7195.00000", "2016-06-30": "7174.00000", "2016-03-31": "7502.00000", "2015-12-31": "8233.00000", "2015-09-30": "7342.00000", "2015-06-30": "7198.00000", "2015-03-31": "4372.00000", "2014-12-31": "4352.00000", "2014-09-30": "", "2014-06-30": "", "2014-03-31": "", "2013-12-31": "3682.00000", "2012-12-31": ""}, "Total Assets": {"2020-12-31": "70379.00000", "2020-09-30": "65582.00000", "2020-06-30": "63166.00000", "2020-03-31": "54266.00000", "2019-12-31": "51333.00000", "2019-09-30": "50223.00000", "2019-06-30": "48391.00000", "2019-03-31": "46280.00000", "2018-12-31": "43332.00000", "2018-09-30": "43724.00000", "2018-06-30": "41677.00000", "2018-03-31": "42322.00000", "2017-12-31": "40774.00000", "2017-09-30": "37761.00000", "2017-06-30": "35290.00000", "2017-03-31": "33493.00000", "2016-12-31": "33103.00000", "2016-09-30": "31356.00000", "2016-06-30": "30631.00000", "2016-03-31": "29470.00000", "2015-12-31": "28881.00000", "2015-09-30": "27896.00000", "2015-06-30": "26911.00000", "2015-03-31": "22579.00000", "2014-12-31": "21917.00000", "2014-09-30": "0.00000", "2014-06-30": "0.00000", "2014-03-31": "0.00000", "2013-12-31": "19160.00000", "2012-12-31": "0.00000"}, "Total Current Liabilities": {"2020-12-31": "38447.00000", "2020-09-30": "35246.00000", "2020-06-30": "33729.00000", "2020-03-31": "27449.00000", "2019-12-31": "26919.00000", "2019-09-30": "26340.00000", "2019-06-30": "29847.00000", "2019-03-31": "28635.00000", "2018-12-31": "25904.00000", "2018-09-30": "26640.00000", "2018-06-30": "24809.00000", "2018-03-31": "25714.00000", "2017-12-31": "22863.00000", "2017-09-30": "20703.00000", "2017-06-30": "18641.00000", "2017-03-31": "17286.00000", "2016-12-31": "16878.00000", "2016-09-30": "15616.00000", "2016-06-30": "15223.00000", "2016-03-31": "14362.00000", "2015-12-31": "13617.00000", "2015-09-30": "13072.00000", "2015-06-30": "12584.00000", "2015-03-31": "13549.00000", "2014-12-31": "13283.00000", "2014-09-30": "", "2014-06-30": "", "2014-03-31": "", "2013-12-31": "11261.00000", "2012-12-31": ""}, "Long Term Debt": {"2020-12-31": "8939.00000", "2020-09-30": "8937.00000", "2020-06-30": "8934.00000", "2020-03-31": "7967.00000", "2019-12-31": "4965.00000", "2019-09-30": "4964.00000", "2019-06-30": "", "2019-03-31": "", "2018-12-31": "", "2018-09-30": "", "2018-06-30": "", "2018-03-31": "", "2017-12-31": "", "2017-09-30": "", "2017-06-30": "", "2017-03-31": "", "2016-12-31": "", "2016-09-30": "", "2016-06-30": "", "2016-03-31": "", "2015-12-31": "", "2015-09-30": "", "2015-06-30": "", "2015-03-31": "", "2014-12-31": "", "2014-09-30": "", "2014-06-30": "", "2014-03-31": "", "2013-12-31": "", "2012-12-31": ""}, "Other Non-Current Liabilities": {"2020-12-31": "", "2020-09-30": "", "2020-06-30": "", "2020-03-31": "", "2019-12-31": "", "2019-09-30": "", "2019-06-30": "", "2019-03-31": "", "2018-12-31": "", "2018-09-30": "", "2018-06-30": "", "2018-03-31": "", "2017-12-31": "", "2017-09-30": "", "2017-06-30": "", "2017-03-31": "", "2016-12-31": "", "2016-09-30": "", "2016-06-30": "", "2016-03-31": "", "2015-12-31": "", "2015-09-30": "1610.00000", "2015-06-30": "1587.00000", "2015-03-31": "390.00000", "2014-12-31": "", "2014-09-30": "", "2014-06-30": "", "2014-03-31": "", "2013-12-31": "509.00000", "2012-12-31": ""}, "Total Long Term Liabilities": {"2020-12-31": "11869.00000", "2020-09-30": "11809.00000", "2020-06-30": "11753.00000", "2020-03-31": "10806.00000", "2019-12-31": "7485.00000", "2019-09-30": "7400.00000", "2019-06-30": "2405.00000", "2019-03-31": "2488.00000", "2018-12-31": "2042.00000", "2018-09-30": "1969.00000", "2018-06-30": "1849.00000", "2018-03-31": "1967.00000", "2017-12-31": "1917.00000", "2017-09-30": "1626.00000", "2017-06-30": "1651.00000", "2017-03-31": "1581.00000", "2016-12-31": "1513.00000", "2016-09-30": "1548.00000", "2016-06-30": "1591.00000", "2016-03-31": "1510.00000", "2015-12-31": "1505.00000", "2015-09-30": "1610.00000", "2015-06-30": "1587.00000", "2015-03-31": "390.00000", "2014-12-31": "386.00000", "2014-09-30": "", "2014-06-30": "", "2014-03-31": "", "2013-12-31": "509.00000", "2012-12-31": ""}, "Total Liabilities": {"2020-12-31": "50316.00000", "2020-09-30": "47055.00000", "2020-06-30": "45482.00000", "2020-03-31": "38255.00000", "2019-12-31": "34404.00000", "2019-09-30": "33740.00000", "2019-06-30": "32252.00000", "2019-03-31": "31123.00000", "2018-12-31": "27946.00000", "2018-09-30": "28609.00000", "2018-06-30": "26658.00000", "2018-03-31": "27681.00000", "2017-12-31": "24780.00000", "2017-09-30": "22329.00000", "2017-06-30": "20292.00000", "2017-03-31": "18867.00000", "2016-12-31": "18391.00000", "2016-09-30": "17164.00000", "2016-06-30": "16814.00000", "2016-03-31": "15872.00000", "2015-12-31": "15122.00000", "2015-09-30": "14682.00000", "2015-06-30": "14171.00000", "2015-03-31": "13939.00000", "2014-12-31": "13669.00000", "2014-09-30": "0.00000", "2014-06-30": "0.00000", "2014-03-31": "0.00000", "2013-12-31": "11770.00000", "2012-12-31": "0.00000"}, "Common Stock Net": {"2020-12-31": "", "2020-09-30": "", "2020-06-30": "", "2020-03-31": "", "2019-12-31": "", "2019-09-30": "", "2019-06-30": "", "2019-03-31": "", "2018-12-31": "", "2018-09-30": "", "2018-06-30": "", "2018-03-31": "", "2017-12-31": "", "2017-09-30": "", "2017-06-30": "", "2017-03-31": "", "2016-12-31": "", "2016-09-30": "", "2016-06-30": "", "2016-03-31": "", "2015-12-31": "", "2015-09-30": "", "2015-06-30": "", "2015-03-31": "", "2014-12-31": "", "2014-09-30": "0.00000", "2014-06-30": "0.00000", "2014-03-31": "0.00000", "2013-12-31": "0.00000", "2012-12-31": "0.00000"}, "Retained Earnings (Accumulated Deficit)": {"2020-12-31": "12366.00000", "2020-09-30": "10809.00000", "2020-06-30": "9788.00000", "2020-03-31": "8258.00000", "2019-12-31": "8342.00000", "2019-09-30": "7835.00000", "2019-06-30": "7373.00000", "2019-03-31": "6550.00000", "2018-12-31": "5880.00000", "2018-09-30": "5296.00000", "2018-06-30": "4860.00000", "2018-03-31": "4334.00000", "2017-12-31": "3823.00000", "2017-09-30": "3204.00000", "2017-06-30": "2824.00000", "2017-03-31": "2412.00000", "2016-12-31": "2069.00000", "2016-09-30": "1679.00000", "2016-06-30": "1356.00000", "2016-03-31": "1033.00000", "2015-12-31": "668.00000", "2015-09-30": "301.00000", "2015-06-30": "", "2015-03-31": "", "2014-12-31": "", "2014-09-30": "", "2014-06-30": "", "2014-03-31": "", "2013-12-31": "", "2012-12-31": ""}, "Comprehensive Income": {"2020-12-31": "-484.00000", "2020-09-30": "-332.00000", "2020-06-30": "-170.00000", "2020-03-31": "-120.00000", "2019-12-31": "-173.00000", "2019-09-30": "-52.00000", "2019-06-30": "-28.00000", "2019-03-31": "-25.00000", "2018-12-31": "78.00000", "2018-09-30": "66.00000", "2018-06-30": "36.00000", "2018-03-31": "-169.00000", "2017-12-31": "-142.00000", "2017-09-30": "-142.00000", "2017-06-30": "-98.00000", "2017-03-31": "2.00000", "2016-12-31": "59.00000", "2016-09-30": "39.00000", "2016-06-30": "52.00000", "2016-03-31": "-27.00000", "2015-12-31": "-9.00000", "2015-09-30": "3.00000", "2015-06-30": "24.00000", "2015-03-31": "142.00000", "2014-12-31": "110.00000", "2014-09-30": "", "2014-06-30": "", "2014-03-31": "", "2013-12-31": "", "2012-12-31": ""}, "Other Share Holders Equity": {"2020-12-31": "", "2020-09-30": "", "2020-06-30": "", "2020-03-31": "", "2019-12-31": "", "2019-09-30": "", "2019-06-30": "", "2019-03-31": "", "2018-12-31": "", "2018-09-30": "", "2018-06-30": "", "2018-03-31": "", "2017-12-31": "", "2017-09-30": "", "2017-06-30": "", "2017-03-31": "", "2016-12-31": "", "2016-09-30": "", "2016-06-30": "", "2016-03-31": "", "2015-12-31": "", "2015-09-30": "", "2015-06-30": "12716.00000", "2015-03-31": "8498.00000", "2014-12-31": "8138.00000", "2014-09-30": "0.00000", "2014-06-30": "0.00000", "2014-03-31": "0.00000", "2013-12-31": "7390.00000", "2012-12-31": "0.00000"}, "Share Holder Equity": {"2020-12-31": "20063.00000", "2020-09-30": "18527.00000", "2020-06-30": "17684.00000", "2020-03-31": "16011.00000", "2019-12-31": "16929.00000", "2019-09-30": "16483.00000", "2019-06-30": "16139.00000", "2019-03-31": "15157.00000", "2018-12-31": "15386.00000", "2018-09-30": "15115.00000", "2018-06-30": "15019.00000", "2018-03-31": "14641.00000", "2017-12-31": "15994.00000", "2017-09-30": "15432.00000", "2017-06-30": "14998.00000", "2017-03-31": "14626.00000", "2016-12-31": "14712.00000", "2016-09-30": "14192.00000", "2016-06-30": "13817.00000", "2016-03-31": "13598.00000", "2015-12-31": "13759.00000", "2015-09-30": "13214.00000", "2015-06-30": "12740.00000", "2015-03-31": "8640.00000", "2014-12-31": "8248.00000", "2014-09-30": "0.00000", "2014-06-30": "0.00000", "2014-03-31": "0.00000", "2013-12-31": "7390.00000", "2012-12-31": "0.00000"}, "Total Liabilities And Share Holders Equity": {"2020-12-31": "70379.00000", "2020-09-30": "65582.00000", "2020-06-30": "63166.00000", "2020-03-31": "54266.00000", "2019-12-31": "51333.00000", "2019-09-30": "50223.00000", "2019-06-30": "48391.00000", "2019-03-31": "46280.00000", "2018-12-31": "43332.00000", "2018-09-30": "43724.00000", "2018-06-30": "41677.00000", "2018-03-31": "42322.00000", "2017-12-31": "40774.00000", "2017-09-30": "37761.00000", "2017-06-30": "35290.00000", "2017-03-31": "33493.00000", "2016-12-31": "33103.00000", "2016-09-30": "31356.00000", "2016-06-30": "30631.00000", "2016-03-31": "29470.00000", "2015-12-31": "28881.00000", "2015-09-30": "27896.00000", "2015-06-30": "26911.00000", "2015-03-31": "22579.00000", "2014-12-31": "21917.00000", "2014-09-30": "0.00000", "2014-06-30": "0.00000", "2014-03-31": "0.00000", "2013-12-31": "19160.00000", "2012-12-31": "0.00000"}}, "cash flow statement": {"Net Income/Loss": {"2020-12-31": "4202.00000", "2019-12-31": "2459.00000", "2018-12-31": "2057.00000", "2017-12-31": "1795.00000", "2016-12-31": "1401.00000", "2015-12-31": "1228.00000", "2014-12-31": "419.00000", "2013-12-31": "955.00000", "2012-12-31": "778.00000"}, "Total Depreciation And Amortization - Cash Flow": {"2020-12-31": "1189.00000", "2019-12-31": "912.00000", "2018-12-31": "776.00000", "2017-12-31": "805.00000", "2016-12-31": "724.00000", "2015-12-31": "608.00000", "2014-12-31": "516.00000", "2013-12-31": "453.00000", "2012-12-31": "382.00000"}, "Other Non-Cash Items": {"2020-12-31": "1415.00000", "2019-12-31": "1775.00000", "2018-12-31": "2028.00000", "2017-12-31": "512.00000", "2016-12-31": "1514.00000", "2015-12-31": "1216.00000", "2014-12-31": "1584.00000", "2013-12-31": "731.00000", "2012-12-31": "559.00000"}, "Total Non-Cash Items": {"2020-12-31": "2604.00000", "2019-12-31": "2687.00000", "2018-12-31": "2804.00000", "2017-12-31": "1317.00000", "2016-12-31": "2238.00000", "2015-12-31": "1824.00000", "2014-12-31": "2100.00000", "2013-12-31": "1184.00000", "2012-12-31": "941.00000"}, "Change In Accounts Receivable": {"2020-12-31": "-100.00000", "2019-12-31": "-120.00000", "2018-12-31": "-59.00000", "2017-12-31": "12.00000", "2016-12-31": "-77.00000", "2015-12-31": "-22.00000", "2014-12-31": "-13.00000", "2013-12-31": "1.00000", "2012-12-31": "-20.00000"}, "Change In Inventories": {"2020-12-31": "", "2019-12-31": "", "2018-12-31": "", "2017-12-31": "", "2016-12-31": "", "2015-12-31": "", "2014-12-31": "", "2013-12-31": "", "2012-12-31": ""}, "Change In Accounts Payable": {"2020-12-31": "-4.00000", "2019-12-31": "4.00000", "2018-12-31": "26.00000", "2017-12-31": "62.00000", "2016-12-31": "11.00000", "2015-12-31": "12.00000", "2014-12-31": "42.00000", "2013-12-31": "-13.00000", "2012-12-31": "1.00000"}, "Change In Assets/Liabilities": {"2020-12-31": "-618.00000", "2019-12-31": "-429.00000", "2018-12-31": "699.00000", "2017-12-31": "-674.00000", "2016-12-31": "-484.00000", "2015-12-31": "-536.00000", "2014-12-31": "-365.00000", "2013-12-31": "-175.00000", "2012-12-31": "-220.00000"}, "Total Change In Assets/Liabilities": {"2020-12-31": "-952.00000", "2019-12-31": "-585.00000", "2018-12-31": "622.00000", "2017-12-31": "-581.00000", "2016-12-31": "-481.00000", "2015-12-31": "-506.00000", "2014-12-31": "-299.00000", "2013-12-31": "-146.00000", "2012-12-31": "-154.00000"}, "Cash Flow From Operating Activities": {"2020-12-31": "5854.00000", "2019-12-31": "4561.00000", "2018-12-31": "5483.00000", "2017-12-31": "2531.00000", "2016-12-31": "3158.00000", "2015-12-31": "2546.00000", "2014-12-31": "2220.00000", "2013-12-31": "1993.00000", "2012-12-31": "1565.00000"}, "Net Change In Property, Plant, And Equipment": {"2020-12-31": "-746.00000", "2019-12-31": "-687.00000", "2018-12-31": "-820.00000", "2017-12-31": "-667.00000", "2016-12-31": "-669.00000", "2015-12-31": "-696.00000", "2014-12-31": "-492.00000", "2013-12-31": "-391.00000", "2012-12-31": "-511.00000"}, "Net Change In Intangible Assets": {"2020-12-31": "", "2019-12-31": "", "2018-12-31": "", "2017-12-31": "", "2016-12-31": "", "2015-12-31": "", "2014-12-31": "", "2013-12-31": "", "2012-12-31": ""}, "Net Acquisitions/Divestitures": {"2020-12-31": "-3609.00000", "2019-12-31": "-70.00000", "2018-12-31": "-2124.00000", "2017-12-31": "-323.00000", "2016-12-31": "-19.00000", "2015-12-31": "-1225.00000", "2014-12-31": "-2.00000", "2013-12-31": "-731.00000", "2012-12-31": "-22.00000"}, "Net Change In Short-term Investments": {"2020-12-31": "", "2019-12-31": "", "2018-12-31": "", "2017-12-31": "", "2016-12-31": "", "2015-12-31": "", "2014-12-31": "", "2013-12-31": "", "2012-12-31": ""}, "Net Change In Long-Term Investments": {"2020-12-31": "-10605.00000", "2019-12-31": "-3003.00000", "2018-12-31": "-483.00000", "2017-12-31": "-970.00000", "2016-12-31": "-2612.00000", "2015-12-31": "-5478.00000", "2014-12-31": "-978.00000", "2013-12-31": "-290.00000", "2012-12-31": "-85.00000"}, "Net Change In Investments - Total": {"2020-12-31": "-10605.00000", "2019-12-31": "-3003.00000", "2018-12-31": "-483.00000", "2017-12-31": "-970.00000", "2016-12-31": "-2612.00000", "2015-12-31": "-5478.00000", "2014-12-31": "-978.00000", "2013-12-31": "-290.00000", "2012-12-31": "-85.00000"}, "Investing Activities - Other": {"2020-12-31": "-1258.00000", "2019-12-31": "-1973.00000", "2018-12-31": "4267.00000", "2017-12-31": "-2525.00000", "2016-12-31": "-2604.00000", "2015-12-31": "-639.00000", "2014-12-31": "-1409.00000", "2013-12-31": "-309.00000", "2012-12-31": "-908.00000"}, "Cash Flow From Investing Activities": {"2020-12-31": "-16218.00000", "2019-12-31": "-5733.00000", "2018-12-31": "840.00000", "2017-12-31": "-4485.00000", "2016-12-31": "-5904.00000", "2015-12-31": "-8038.00000", "2014-12-31": "-2881.00000", "2013-12-31": "-1721.00000", "2012-12-31": "-1526.00000"}, "Net Long-Term Debt": {"2020-12-31": "", "2019-12-31": "", "2018-12-31": "", "2017-12-31": "", "2016-12-31": "", "2015-12-31": "", "2014-12-31": "", "2013-12-31": "", "2012-12-31": ""}, "Net Current Debt": {"2020-12-31": "3966.00000", "2019-12-31": "2955.00000", "2018-12-31": "960.00000", "2017-12-31": "820.00000", "2016-12-31": "-21.00000", "2015-12-31": "-862.00000", "2014-12-31": "-21.00000", "2013-12-31": "-133.00000", "2012-12-31": "20.00000"}, "Debt Issuance/Retirement Net - Total": {"2020-12-31": "3966.00000", "2019-12-31": "2955.00000", "2018-12-31": "960.00000", "2017-12-31": "820.00000", "2016-12-31": "-21.00000", "2015-12-31": "-862.00000", "2014-12-31": "-21.00000", "2013-12-31": "-133.00000", "2012-12-31": "20.00000"}, "Net Common Equity Issued/Repurchased": {"2020-12-31": "-1498.00000", "2019-12-31": "-1273.00000", "2018-12-31": "-3376.00000", "2017-12-31": "-862.00000", "2016-12-31": "-886.00000", "2015-12-31": "75.00000", "2014-12-31": "", "2013-12-31": "", "2012-12-31": ""}, "Net Total Equity Issued/Repurchased": {"2020-12-31": "-1498.00000", "2019-12-31": "-1273.00000", "2018-12-31": "-3376.00000", "2017-12-31": "-862.00000", "2016-12-31": "-886.00000", "2015-12-31": "75.00000", "2014-12-31": "", "2013-12-31": "", "2012-12-31": ""}, "Total Common And Preferred Stock Dividends Paid": {"2020-12-31": "", "2019-12-31": "", "2018-12-31": "", "2017-12-31": "", "2016-12-31": "", "2015-12-31": "", "2014-12-31": "", "2013-12-31": "", "2012-12-31": ""}, "Financial Activities - Other": {"2020-12-31": "10024.00000", "2019-12-31": "2006.00000", "2018-12-31": "1154.00000", "2017-12-31": "4126.00000", "2016-12-31": "2945.00000", "2015-12-31": "5515.00000", "2014-12-31": "1305.00000", "2013-12-31": "48.00000", "2012-12-31": "-230.00000"}, "Cash Flow From Financial Activities": {"2020-12-31": "12492.00000", "2019-12-31": "3688.00000", "2018-12-31": "-1262.00000", "2017-12-31": "4084.00000", "2016-12-31": "2038.00000", "2015-12-31": "4728.00000", "2014-12-31": "1284.00000", "2013-12-31": "-85.00000", "2012-12-31": "-210.00000"}, "Net Cash Flow": {"2020-12-31": "2297.00000", "2019-12-31": "2510.00000", "2018-12-31": "4948.00000", "2017-12-31": "2166.00000", "2016-12-31": "-708.00000", "2015-12-31": "-808.00000", "2014-12-31": "597.00000", "2013-12-31": "190.00000", "2012-12-31": "-172.00000"}, "Stock-Based Compensation": {"2020-12-31": "1376.00000", "2019-12-31": "1021.00000", "2018-12-31": "853.00000", "2017-12-31": "733.00000", "2016-12-31": "438.00000", "2015-12-31": "346.00000", "2014-12-31": "299.00000", "2013-12-31": "253.00000", "2012-12-31": "205.00000"}, "Common Stock Dividends Paid": {"2020-12-31": "", "2019-12-31": "", "2018-12-31": "", "2017-12-31": "", "2016-12-31": "", "2015-12-31": "", "2014-12-31": "", "2013-12-31": "", "2012-12-31": ""}}, "cash flow statement, quarterly": {"Net Income/Loss": {"2020-12-31": 1567, "2020-09-30": 1021, "2020-06-30": 1530, "2020-03-31": "84.00000", "2019-12-31": 507, "2019-09-30": 462, "2019-06-30": 823, "2019-03-31": "667.00000", "2018-12-31": 584, "2018-09-30": 436, "2018-06-30": 526, "2018-03-31": "511.00000", "2017-12-31": 620, "2017-09-30": 380, "2017-06-30": 411, "2017-03-31": "384.00000", "2016-12-31": 390, "2016-09-30": 323, "2016-06-30": 323, "2016-03-31": "365.00000", "2015-12-31": 367, "2015-09-30": 301, "2015-06-30": 305, "2015-03-31": "255.00000", "2014-12-31": 286, "2014-09-30": 234, "2014-06-30": 281, "2014-03-31": "-382.00000", "2013-12-31": 177, "2012-12-31": 778}, "Total Depreciation And Amortization - Cash Flow": {"2020-12-31": 301, "2020-09-30": 298, "2020-06-30": 297, "2020-03-31": "293.00000", "2019-12-31": 227, "2019-09-30": 227, "2019-06-30": 228, "2019-03-31": "230.00000", "2018-12-31": 223, "2018-09-30": 188, "2018-06-30": 180, "2018-03-31": "185.00000", "2017-12-31": 227, "2017-09-30": 194, "2017-06-30": 201, "2017-03-31": "183.00000", "2016-12-31": 189, "2016-09-30": 185, "2016-06-30": 176, "2016-03-31": "174.00000", "2015-12-31": 164, "2015-09-30": 153, "2015-06-30": 150, "2015-03-31": "141.00000", "2014-12-31": 132, "2014-09-30": 129, "2014-06-30": 125, "2014-03-31": "130.00000", "2013-12-31": 71, "2012-12-31": 382}, "Other Non-Cash Items": {"2020-12-31": 10, "2020-09-30": 474, "2020-06-30": 17, "2020-03-31": "914.00000", "2019-12-31": 462, "2019-09-30": 639, "2019-06-30": 236, "2019-03-31": "438.00000", "2018-12-31": 340, "2018-09-30": 347, "2018-06-30": 617, "2018-03-31": "724.00000", "2017-12-31": -970, "2017-09-30": 463, "2017-06-30": 527, "2017-03-31": "492.00000", "2016-12-31": 402, "2016-09-30": 352, "2016-06-30": 395, "2016-03-31": "365.00000", "2015-12-31": 368, "2015-09-30": 277, "2015-06-30": 273, "2015-03-31": "298.00000", "2014-12-31": 271, "2014-09-30": 235, "2014-06-30": 241, "2014-03-31": "837.00000", "2013-12-31": 0, "2012-12-31": 0}, "Total Non-Cash Items": {"2020-12-31": 311, "2020-09-30": 772, "2020-06-30": 314, "2020-03-31": "1207.00000", "2019-12-31": 689, "2019-09-30": 866, "2019-06-30": 464, "2019-03-31": "668.00000", "2018-12-31": 563, "2018-09-30": 535, "2018-06-30": 797, "2018-03-31": "909.00000", "2017-12-31": -743, "2017-09-30": 657, "2017-06-30": 728, "2017-03-31": "675.00000", "2016-12-31": 591, "2016-09-30": 537, "2016-06-30": 571, "2016-03-31": "539.00000", "2015-12-31": 532, "2015-09-30": 430, "2015-06-30": 423, "2015-03-31": "439.00000", "2014-12-31": -1181, "2014-09-30": 364, "2014-06-30": 366, "2014-03-31": "967.00000", "2013-12-31": 71, "2012-12-31": 382}, "Change In Accounts Receivable": {"2020-12-31": -107, "2020-09-30": -40, "2020-06-30": -30, "2020-03-31": "77.00000", "2019-12-31": -17, "2019-09-30": -37, "2019-06-30": 30, "2019-03-31": "-96.00000", "2018-12-31": 74, "2018-09-30": -134, "2018-06-30": -24, "2018-03-31": "25.00000", "2017-12-31": 17, "2017-09-30": -43, "2017-06-30": 2, "2017-03-31": "36.00000", "2016-12-31": -27, "2016-09-30": -20, "2016-06-30": -8, "2016-03-31": "-22.00000", "2015-12-31": 76, "2015-09-30": -85, "2015-06-30": -25, "2015-03-31": "12.00000", "2014-12-31": -15, "2014-09-30": 1, "2014-06-30": -3, "2014-03-31": "4.00000", "2013-12-31": 0, "2012-12-31": 0}, "Change In Inventories": {"2020-12-31": 0, "2020-09-30": 0, "2020-06-30": 0, "2020-03-31": "", "2019-12-31": 0, "2019-09-30": 0, "2019-06-30": 0, "2019-03-31": "", "2018-12-31": 0, "2018-09-30": 0, "2018-06-30": 0, "2018-03-31": "", "2017-12-31": 0, "2017-09-30": 0, "2017-06-30": 0, "2017-03-31": "", "2016-12-31": 0, "2016-09-30": 0, "2016-06-30": 0, "2016-03-31": "", "2015-12-31": 0, "2015-09-30": 0, "2015-06-30": 0, "2015-03-31": "", "2014-12-31": 0, "2014-09-30": 0, "2014-06-30": 0, "2014-03-31": "", "2013-12-31": 0, "2012-12-31": 0}, "Change In Accounts Payable": {"2020-12-31": 89, "2020-09-30": -45, "2020-06-30": -27, "2020-03-31": "-21.00000", "2019-12-31": 55, "2019-09-30": -2, "2019-06-30": -46, "2019-03-31": "-3.00000", "2018-12-31": 21, "2018-09-30": 22, "2018-06-30": 18, "2018-03-31": "-35.00000", "2017-12-31": 58, "2017-09-30": 0, "2017-06-30": 5, "2017-03-31": "-1.00000", "2016-12-31": -17, "2016-09-30": 6, "2016-06-30": 9, "2016-03-31": "13.00000", "2015-12-31": 10, "2015-09-30": -36, "2015-06-30": 25, "2015-03-31": "13.00000", "2014-12-31": 14, "2014-09-30": 1, "2014-06-30": 16, "2014-03-31": "11.00000", "2013-12-31": 0, "2012-12-31": 0}, "Change In Assets/Liabilities": {"2020-12-31": -498, "2020-09-30": -759, "2020-06-30": 533, "2020-03-31": "106.00000", "2019-12-31": 37, "2019-09-30": -167, "2019-06-30": -76, "2019-03-31": "-223.00000", "2018-12-31": -85, "2018-09-30": 3818, "2018-06-30": -1275, "2018-03-31": "-1759.00000", "2017-12-31": -94, "2017-09-30": 9, "2017-06-30": -229, "2017-03-31": "-360.00000", "2016-12-31": -32, "2016-09-30": -59, "2016-06-30": -241, "2016-03-31": "-152.00000", "2015-12-31": -222, "2015-09-30": 2, "2015-06-30": -99, "2015-03-31": "-217.00000", "2014-12-31": -68, "2014-09-30": -13, "2014-06-30": -219, "2014-03-31": "-65.00000", "2013-12-31": 0, "2012-12-31": 0}, "Total Change In Assets/Liabilities": {"2020-12-31": -631, "2020-09-30": -1073, "2020-06-30": 539, "2020-03-31": "213.00000", "2019-12-31": 68, "2019-09-30": -232, "2019-06-30": -113, "2019-03-31": "-308.00000", "2018-12-31": -13, "2018-09-30": 3699, "2018-06-30": -1295, "2018-03-31": "-1769.00000", "2017-12-31": -24, "2017-09-30": -31, "2017-06-30": -218, "2017-03-31": "-308.00000", "2016-12-31": -58, "2016-09-30": -59, "2016-06-30": -198, "2016-03-31": "-166.00000", "2015-12-31": -171, "2015-09-30": -79, "2015-06-30": -106, "2015-03-31": "-150.00000", "2014-12-31": -58, "2014-09-30": 6, "2014-06-30": -87, "2014-03-31": "-160.00000", "2013-12-31": 8, "2012-12-31": -154}, "Cash Flow From Operating Activities": {"2020-12-31": 1247, "2020-09-30": 720, "2020-06-30": 2383, "2020-03-31": "1504.00000", "2019-12-31": 1264, "2019-09-30": 1096, "2019-06-30": 1174, "2019-03-31": "1027.00000", "2018-12-31": 1134, "2018-09-30": 4670, "2018-06-30": 28, "2018-03-31": "-349.00000", "2017-12-31": -147, "2017-09-30": 1006, "2017-06-30": 921, "2017-03-31": "751.00000", "2016-12-31": 923, "2016-09-30": 801, "2016-06-30": 696, "2016-03-31": "738.00000", "2015-12-31": 728, "2015-09-30": 652, "2015-06-30": 622, "2015-03-31": "544.00000", "2014-12-31": 631, "2014-09-30": 604, "2014-06-30": 560, "2014-03-31": "425.00000", "2013-12-31": 428, "2012-12-31": 1565}, "Net Change In Property, Plant, And Equipment": {"2020-12-31": -226, "2020-09-30": -241, "2020-06-30": -192, "2020-03-31": "-87.00000", "2019-12-31": -174, "2019-09-30": -156, "2019-06-30": -139, "2019-03-31": "-218.00000", "2018-12-31": -221, "2018-09-30": -223, "2018-06-30": -198, "2018-03-31": "-178.00000", "2017-12-31": -180, "2017-09-30": -165, "2017-06-30": -174, "2017-03-31": "-148.00000", "2016-12-31": -152, "2016-09-30": -183, "2016-06-30": -201, "2016-03-31": "-133.00000", "2015-12-31": -164, "2015-09-30": -118, "2015-06-30": -220, "2015-03-31": "-194.00000", "2014-12-31": -123, "2014-09-30": -173, "2014-06-30": -96, "2014-03-31": "-100.00000", "2013-12-31": 120, "2012-12-31": -511}, "Net Change In Intangible Assets": {"2020-12-31": 0, "2020-09-30": 0, "2020-06-30": 0, "2020-03-31": "", "2019-12-31": 0, "2019-09-30": 0, "2019-06-30": 0, "2019-03-31": "", "2018-12-31": 0, "2018-09-30": 0, "2018-06-30": 0, "2018-03-31": "", "2017-12-31": 0, "2017-09-30": 0, "2017-06-30": 0, "2017-03-31": "", "2016-12-31": 0, "2016-09-30": 0, "2016-06-30": 0, "2016-03-31": "", "2015-12-31": 0, "2015-09-30": 0, "2015-06-30": 0, "2015-03-31": "", "2014-12-31": 0, "2014-09-30": 0, "2014-06-30": 0, "2014-03-31": "", "2013-12-31": 0, "2012-12-31": 0}, "Net Acquisitions/Divestitures": {"2020-12-31": 0, "2020-09-30": 3, "2020-06-30": 0, "2020-03-31": "-3612.00000", "2019-12-31": -70, "2019-09-30": 0, "2019-06-30": 0, "2019-03-31": "", "2018-12-31": 12, "2018-09-30": -2120, "2018-06-30": -16, "2018-03-31": "", "2017-12-31": 0, "2017-09-30": -323, "2017-06-30": 0, "2017-03-31": "", "2016-12-31": 0, "2016-09-30": 0, "2016-06-30": 0, "2016-03-31": "-19.00000", "2015-12-31": -942, "2015-09-30": -10, "2015-06-30": -273, "2015-03-31": "", "2014-12-31": -1, "2014-09-30": 0, "2014-06-30": 0, "2014-03-31": "-1.00000", "2013-12-31": -709, "2012-12-31": -22}, "Net Change In Short-term Investments": {"2020-12-31": 0, "2020-09-30": 0, "2020-06-30": 0, "2020-03-31": "", "2019-12-31": 0, "2019-09-30": 0, "2019-06-30": 0, "2019-03-31": "", "2018-12-31": 0, "2018-09-30": 0, "2018-06-30": 0, "2018-03-31": "", "2017-12-31": 0, "2017-09-30": 0, "2017-06-30": 0, "2017-03-31": "", "2016-12-31": 0, "2016-09-30": 0, "2016-06-30": 0, "2016-03-31": "", "2015-12-31": 0, "2015-09-30": 0, "2015-06-30": 0, "2015-03-31": "", "2014-12-31": 0, "2014-09-30": 0, "2014-06-30": 0, "2014-03-31": "", "2013-12-31": 0, "2012-12-31": 0}, "Net Change In Long-Term Investments": {"2020-12-31": -2005, "2020-09-30": -3549, "2020-06-30": -6969, "2020-03-31": "1918.00000", "2019-12-31": -585, "2019-09-30": 236, "2019-06-30": -544, "2019-03-31": "-2110.00000", "2018-12-31": -789, "2018-09-30": 1253, "2018-06-30": 37, "2018-03-31": "-984.00000", "2017-12-31": 228, "2017-09-30": 1222, "2017-06-30": -894, "2017-03-31": "-1526.00000", "2016-12-31": -242, "2016-09-30": -1496, "2016-06-30": -979, "2016-03-31": "105.00000", "2015-12-31": 772, "2015-09-30": -639, "2015-06-30": -5820, "2015-03-31": "209.00000", "2014-12-31": -1302, "2014-09-30": -33, "2014-06-30": 14, "2014-03-31": "343.00000", "2013-12-31": 0, "2012-12-31": 0}, "Net Change In Investments - Total": {"2020-12-31": -2005, "2020-09-30": -3549, "2020-06-30": -6969, "2020-03-31": "1918.00000", "2019-12-31": -585, "2019-09-30": 236, "2019-06-30": -544, "2019-03-31": "-2110.00000", "2018-12-31": -789, "2018-09-30": 1253, "2018-06-30": 37, "2018-03-31": "-984.00000", "2017-12-31": 228, "2017-09-30": 1222, "2017-06-30": -894, "2017-03-31": "-1526.00000", "2016-12-31": -242, "2016-09-30": -1496, "2016-06-30": -979, "2016-03-31": "105.00000", "2015-12-31": 772, "2015-09-30": -639, "2015-06-30": -5820, "2015-03-31": "209.00000", "2014-12-31": 9, "2014-09-30": -33, "2014-06-30": 14, "2014-03-31": "343.00000", "2013-12-31": -205, "2012-12-31": -85}, "Investing Activities - Other": {"2020-12-31": -721, "2020-09-30": 594, "2020-06-30": -344, "2020-03-31": "-787.00000", "2019-12-31": 430, "2019-09-30": 543, "2019-06-30": -414, "2019-03-31": "-2532.00000", "2018-12-31": 1121, "2018-09-30": 1244, "2018-06-30": 735, "2018-03-31": "1167.00000", "2017-12-31": -910, "2017-09-30": -1385, "2017-06-30": -661, "2017-03-31": "431.00000", "2016-12-31": -2340, "2016-09-30": -10, "2016-06-30": -626, "2016-03-31": "372.00000", "2015-12-31": -1382, "2015-09-30": -1029, "2015-06-30": 2374, "2015-03-31": "-602.00000", "2014-12-31": -542, "2014-09-30": -233, "2014-06-30": -544, "2014-03-31": "-66.00000", "2013-12-31": 599, "2012-12-31": -908}, "Cash Flow From Investing Activities": {"2020-12-31": -2952, "2020-09-30": -3193, "2020-06-30": -7505, "2020-03-31": "-2568.00000", "2019-12-31": -399, "2019-09-30": 623, "2019-06-30": -1097, "2019-03-31": "-4860.00000", "2018-12-31": 123, "2018-09-30": 154, "2018-06-30": 558, "2018-03-31": "5.00000", "2017-12-31": -862, "2017-09-30": -651, "2017-06-30": -1729, "2017-03-31": "-1243.00000", "2016-12-31": -2734, "2016-09-30": -1689, "2016-06-30": -1806, "2016-03-31": "325.00000", "2015-12-31": -1716, "2015-09-30": -1796, "2015-06-30": -3939, "2015-03-31": "-587.00000", "2014-12-31": -657, "2014-09-30": -439, "2014-06-30": -626, "2014-03-31": "176.00000", "2013-12-31": -195, "2012-12-31": -1526}, "Net Long-Term Debt": {"2020-12-31": 0, "2020-09-30": 0, "2020-06-30": 0, "2020-03-31": "", "2019-12-31": 0, "2019-09-30": 0, "2019-06-30": 0, "2019-03-31": "", "2018-12-31": 0, "2018-09-30": 0, "2018-06-30": 0, "2018-03-31": "", "2017-12-31": 0, "2017-09-30": 0, "2017-06-30": 0, "2017-03-31": "", "2016-12-31": 0, "2016-09-30": 0, "2016-06-30": 0, "2016-03-31": "", "2015-12-31": 0, "2015-09-30": 0, "2015-06-30": 0, "2015-03-31": "", "2014-12-31": 0, "2014-09-30": 0, "2014-06-30": 0, "2014-03-31": "", "2013-12-31": 0, "2012-12-31": 0}, "Net Current Debt": {"2020-12-31": 0, "2020-09-30": 0, "2020-06-30": 966, "2020-03-31": "3000.00000", "2019-12-31": -7, "2019-09-30": 2462, "2019-06-30": 500, "2019-03-31": "", "2018-12-31": -14, "2018-09-30": -25, "2018-06-30": -1076, "2018-03-31": "2075.00000", "2017-12-31": 200, "2017-09-30": 626, "2017-06-30": -6, "2017-03-31": "", "2016-12-31": 0, "2016-09-30": 0, "2016-06-30": 0, "2016-03-31": "-21.00000", "2015-12-31": 15, "2015-09-30": -4, "2015-06-30": -754, "2015-03-31": "-119.00000", "2014-12-31": 40, "2014-09-30": 26, "2014-06-30": -44, "2014-03-31": "-43.00000", "2013-12-31": -153, "2012-12-31": 20}, "Debt Issuance/Retirement Net - Total": {"2020-12-31": 0, "2020-09-30": 0, "2020-06-30": 966, "2020-03-31": "3000.00000", "2019-12-31": -7, "2019-09-30": 2462, "2019-06-30": 500, "2019-03-31": "", "2018-12-31": -14, "2018-09-30": -25, "2018-06-30": -1076, "2018-03-31": "2075.00000", "2017-12-31": 200, "2017-09-30": 626, "2017-06-30": -6, "2017-03-31": "", "2016-12-31": 0, "2016-09-30": 0, "2016-06-30": 0, "2016-03-31": "-21.00000", "2015-12-31": 15, "2015-09-30": -4, "2015-06-30": -754, "2015-03-31": "-119.00000", "2014-12-31": 61, "2014-09-30": 26, "2014-06-30": -44, "2014-03-31": "-43.00000", "2013-12-31": 0, "2012-12-31": 0}, "Net Common Equity Issued/Repurchased": {"2020-12-31": -200, "2020-09-30": -369, "2020-06-30": -130, "2020-03-31": "-799.00000", "2019-12-31": -245, "2019-09-30": -346, "2019-06-30": 67, "2019-03-31": "-749.00000", "2018-12-31": -534, "2018-09-30": -595, "2018-06-30": -435, "2018-03-31": "-1812.00000", "2017-12-31": -256, "2017-09-30": -86, "2017-06-30": -15, "2017-03-31": "-505.00000", "2016-12-31": 1, "2016-09-30": -48, "2016-06-30": -249, "2016-03-31": "-590.00000", "2015-12-31": 39, "2015-09-30": 36, "2015-06-30": 0, "2015-03-31": "", "2014-12-31": 0, "2014-09-30": 0, "2014-06-30": 0, "2014-03-31": "", "2013-12-31": 0, "2012-12-31": 0}, "Net Total Equity Issued/Repurchased": {"2020-12-31": -200, "2020-09-30": -369, "2020-06-30": -130, "2020-03-31": "-799.00000", "2019-12-31": -245, "2019-09-30": -346, "2019-06-30": 67, "2019-03-31": "-749.00000", "2018-12-31": -534, "2018-09-30": -595, "2018-06-30": -435, "2018-03-31": "-1812.00000", "2017-12-31": -256, "2017-09-30": -86, "2017-06-30": -15, "2017-03-31": "-505.00000", "2016-12-31": 1, "2016-09-30": -48, "2016-06-30": -249, "2016-03-31": "-590.00000", "2015-12-31": 39, "2015-09-30": 36, "2015-06-30": 0, "2015-03-31": "", "2014-12-31": 0, "2014-09-30": 0, "2014-06-30": 0, "2014-03-31": "", "2013-12-31": 0, "2012-12-31": 0}, "Total Common And Preferred Stock Dividends Paid": {"2020-12-31": 0, "2020-09-30": 0, "2020-06-30": 0, "2020-03-31": "", "2019-12-31": 0, "2019-09-30": 0, "2019-06-30": 0, "2019-03-31": "", "2018-12-31": 0, "2018-09-30": 0, "2018-06-30": 0, "2018-03-31": "", "2017-12-31": 0, "2017-09-30": 0, "2017-06-30": 0, "2017-03-31": "", "2016-12-31": 0, "2016-09-30": 0, "2016-06-30": 0, "2016-03-31": "", "2015-12-31": 0, "2015-09-30": 0, "2015-06-30": 0, "2015-03-31": "", "2014-12-31": 0, "2014-09-30": 0, "2014-06-30": 0, "2014-03-31": "", "2013-12-31": 0, "2012-12-31": 0}, "Financial Activities - Other": {"2020-12-31": 2680, "2020-09-30": 1862, "2020-06-30": 5442, "2020-03-31": "40.00000", "2019-12-31": 103, "2019-09-30": -777, "2019-06-30": 429, "2019-03-31": "2251.00000", "2018-12-31": -1221, "2018-09-30": 1669, "2018-06-30": 176, "2018-03-31": "530.00000", "2017-12-31": 1713, "2017-09-30": 899, "2017-06-30": 1063, "2017-03-31": "451.00000", "2016-12-31": 1142, "2016-09-30": 286, "2016-06-30": 793, "2016-03-31": "724.00000", "2015-12-31": 450, "2015-09-30": 446, "2015-06-30": 4261, "2015-03-31": "358.00000", "2014-12-31": -63, "2014-09-30": -11, "2014-06-30": 7, "2014-03-31": "37.00000", "2013-12-31": 278, "2012-12-31": -230}, "Cash Flow From Financial Activities": {"2020-12-31": 2480, "2020-09-30": 1493, "2020-06-30": 6278, "2020-03-31": "2241.00000", "2019-12-31": -149, "2019-09-30": 1339, "2019-06-30": 996, "2019-03-31": "1502.00000", "2018-12-31": -1769, "2018-09-30": 1049, "2018-06-30": -1335, "2018-03-31": "793.00000", "2017-12-31": 1657, "2017-09-30": 1439, "2017-06-30": 1042, "2017-03-31": "-54.00000", "2016-12-31": 1143, "2016-09-30": 238, "2016-06-30": 544, "2016-03-31": "113.00000", "2015-12-31": 504, "2015-09-30": 478, "2015-06-30": 3507, "2015-03-31": "239.00000", "2014-12-31": -23, "2014-09-30": 15, "2014-06-30": -37, "2014-03-31": "-6.00000", "2013-12-31": 125, "2012-12-31": -210}, "Net Cash Flow": {"2020-12-31": 918, "2020-09-30": -882, "2020-06-30": 1262, "2020-03-31": "999.00000", "2019-12-31": 759, "2019-09-30": 3010, "2019-06-30": 1071, "2019-03-31": "-2330.00000", "2018-12-31": -536, "2018-09-30": 5847, "2018-06-30": -805, "2018-03-31": "442.00000", "2017-12-31": 649, "2017-09-30": 1806, "2017-06-30": 246, "2017-03-31": "-535.00000", "2016-12-31": -684, "2016-09-30": -649, "2016-06-30": -565, "2016-03-31": "1190.00000", "2015-12-31": -487, "2015-09-30": -682, "2015-06-30": 197, "2015-03-31": "164.00000", "2014-12-31": -58, "2014-09-30": 163, "2014-06-30": -102, "2014-03-31": "594.00000", "2013-12-31": 362, "2012-12-31": -172}, "Stock-Based Compensation": {"2020-12-31": 377, "2020-09-30": 364, "2020-06-30": 352, "2020-03-31": "283.00000", "2019-12-31": 285, "2019-09-30": 266, "2019-06-30": 223, "2019-03-31": "247.00000", "2018-12-31": 230, "2018-09-30": 213, "2018-06-30": 205, "2018-03-31": "205.00000", "2017-12-31": 219, "2017-09-30": 193, "2017-06-30": 176, "2017-03-31": "145.00000", "2016-12-31": 125, "2016-09-30": 107, "2016-06-30": 111, "2016-03-31": "95.00000", "2015-12-31": 90, "2015-09-30": 94, "2015-06-30": 83, "2015-03-31": "79.00000", "2014-12-31": 81, "2014-09-30": 75, "2014-06-30": 75, "2014-03-31": "68.00000", "2013-12-31": 0, "2012-12-31": 0}, "Common Stock Dividends Paid": {"2020-12-31": 0, "2020-09-30": 0, "2020-06-30": 0, "2020-03-31": "", "2019-12-31": 0, "2019-09-30": 0, "2019-06-30": 0, "2019-03-31": "", "2018-12-31": 0, "2018-09-30": 0, "2018-06-30": 0, "2018-03-31": "", "2017-12-31": 0, "2017-09-30": 0, "2017-06-30": 0, "2017-03-31": "", "2016-12-31": 0, "2016-09-30": 0, "2016-06-30": 0, "2016-03-31": "", "2015-12-31": 0, "2015-09-30": 0, "2015-06-30": 0, "2015-03-31": "", "2014-12-31": 0, "2014-09-30": 0, "2014-06-30": 0, "2014-03-31": "", "2013-12-31": 0, "2012-12-31": 0}}, "financial ratios": {"Current Ratio": {"2019-12-31": "1.43000", "2018-12-31": "1.27250", "2017-12-31": "1.42790", "2016-12-31": "1.52460", "2015-12-31": "1.51630", "2014-12-31": "1.32240", "2013-12-31": "1.29830", "2012-12-31": ""}, "Long-term Debt / Capital": {"2019-12-31": "0.22680", "2018-12-31": "", "2017-12-31": "", "2016-12-31": "", "2015-12-31": "", "2014-12-31": "", "2013-12-31": "", "2012-12-31": ""}, "Debt/Equity Ratio": {"2019-12-31": "0.29330", "2018-12-31": "0.12990", "2017-12-31": "0.06250", "2016-12-31": "", "2015-12-31": "", "2014-12-31": "0.13250", "2013-12-31": "0.14930", "2012-12-31": ""}, "Gross Margin": {"2019-12-31": "44.94150", "2018-12-31": "46.52770", "2017-12-31": "48.86970", "2016-12-31": "47.41750", "2015-12-31": "51.02730", "2014-12-31": "52.56080", "2013-12-31": "51.13720", "2012-12-31": "52.36670"}, "Operating Margin": {"2019-12-31": "15.29940", "2018-12-31": "14.19970", "2017-12-31": "16.24410", "2016-12-31": "14.62830", "2015-12-31": "15.79800", "2014-12-31": "15.80060", "2013-12-31": "16.21820", "2012-12-31": "15.54220"}, "EBIT Margin": {"2019-12-31": "15.29940", "2018-12-31": "14.19970", "2017-12-31": "16.24410", "2016-12-31": "14.62830", "2015-12-31": "15.79800", "2014-12-31": "15.80060", "2013-12-31": "16.21820", "2012-12-31": "15.54220"}, "EBITDA Margin": {"2019-12-31": "20.43100", "2018-12-31": "19.22210", "2017-12-31": "22.39190", "2016-12-31": "21.30600", "2015-12-31": "22.37240", "2014-12-31": "22.23050", "2013-12-31": "22.95230", "2012-12-31": "22.28890"}, "Pre-Tax Profit Margin": {"2019-12-31": "16.86920", "2018-12-31": "15.37770", "2017-12-31": "16.80160", "2016-12-31": "15.04340", "2015-12-31": "16.09000", "2014-12-31": "15.71340", "2013-12-31": "16.11420", "2012-12-31": "15.73650"}, "Net Profit Margin": {"2019-12-31": "13.83640", "2018-12-31": "13.31310", "2017-12-31": "13.70860", "2016-12-31": "12.92200", "2015-12-31": "13.27860", "2014-12-31": "5.22120", "2013-12-31": "14.19650", "2012-12-31": "13.74070"}, "Asset Turnover": {"2019-12-31": "0.34620", "2018-12-31": "0.35660", "2017-12-31": "0.32110", "2016-12-31": "0.32750", "2015-12-31": "0.32020", "2014-12-31": "0.36620", "2013-12-31": "0.35110", "2012-12-31": ""}, "Inventory Turnover Ratio": {"2019-12-31": "", "2018-12-31": "", "2017-12-31": "", "2016-12-31": "", "2015-12-31": "", "2014-12-31": "", "2013-12-31": "", "2012-12-31": ""}, "Receiveable Turnover": {"2019-12-31": "0.77400", "2018-12-31": "0.75830", "2017-12-31": "0.70680", "2016-12-31": "0.74380", "2015-12-31": "0.74590", "2014-12-31": "0.75160", "2013-12-31": "0.72110", "2012-12-31": ""}, "Days Sales In Receivables": {"2019-12-31": "471.59180", "2018-12-31": "481.32000", "2017-12-31": "516.39110", "2016-12-31": "490.74020", "2015-12-31": "489.32420", "2014-12-31": "485.62050", "2013-12-31": "506.18180", "2012-12-31": ""}, "ROE - Return On Equity": {"2019-12-31": "14.52540", "2018-12-31": "13.36930", "2017-12-31": "11.22300", "2016-12-31": "9.52280", "2015-12-31": "8.92510", "2014-12-31": "5.08000", "2013-12-31": "12.92290", "2012-12-31": ""}, "Return On Tangible Equity": {"2019-12-31": "24.74090", "2018-12-31": "24.85200", "2017-12-31": "15.62640", "2016-12-31": "13.41700", "2015-12-31": "13.15900", "2014-12-31": "8.54580", "2013-12-31": "24.20790", "2012-12-31": ""}, "ROA - Return On Assets": {"2019-12-31": "4.79030", "2018-12-31": "4.74710", "2017-12-31": "4.40230", "2016-12-31": "4.23220", "2015-12-31": "4.25190", "2014-12-31": "1.91180", "2013-12-31": "4.98430", "2012-12-31": ""}, "ROI - Return On Investment": {"2019-12-31": "11.23140", "2018-12-31": "13.36930", "2017-12-31": "11.22300", "2016-12-31": "9.52280", "2015-12-31": "8.92510", "2014-12-31": "5.08000", "2013-12-31": "12.92290", "2012-12-31": ""}, "Book Value Per Share": {"2019-12-31": "14.43220", "2018-12-31": "13.10560", "2017-12-31": "13.32830", "2016-12-31": "12.18890", "2015-12-31": "11.24100", "2014-12-31": "6.77180", "2013-12-31": "", "2012-12-31": ""}, "Operating Cash Flow Per Share": {"2019-12-31": -0.7186, "2018-12-31": 2.4849, "2017-12-31": -0.5199, "2016-12-31": 0.5212, "2015-12-31": 0.2579, "2014-12-31": 0.1854, "2013-12-31": 1.6283, "2012-12-31": 0}, "Free Cash Flow Per Share": {"2019-12-31": -0.6152, "2018-12-31": 2.3495, "2017-12-31": -0.5169, "2016-12-31": 0.5382, "2015-12-31": 0.0935, "2014-12-31": 0.103, "2013-12-31": 1.3088, "2012-12-31": 0}}, "financial ratios, quarterly": {"Current Ratio": {"2020-09-30": "1.38180", "2020-06-30": "1.37860", "2020-03-31": "1.39110", "2019-12-31": "1.43000", "2019-09-30": "1.43310", "2019-06-30": "1.22070", "2019-03-31": "1.21850", "2018-12-31": "1.27250", "2018-09-30": "1.27590", "2018-06-30": "1.37790", "2018-03-31": "1.35110", "2017-12-31": "1.42790", "2017-09-30": "1.42190", "2017-06-30": "1.45030", "2017-03-31": "1.47080", "2016-12-31": "1.52460", "2016-09-30": "1.54720", "2016-06-30": "1.54090", "2016-03-31": "1.52960", "2015-12-31": "1.51630", "2015-09-30": "1.57240", "2015-06-30": "1.56650", "2015-03-31": "1.34380", "2014-12-31": "1.32240", "2014-09-30": "", "2014-06-30": "", "2014-03-31": "", "2013-12-31": "", "2012-12-31": ""}, "Long-term Debt / Capital": {"2020-09-30": "0.32540", "2020-06-30": "0.33560", "2020-03-31": "0.33230", "2019-12-31": "0.22680", "2019-09-30": "0.23150", "2019-06-30": "", "2019-03-31": "", "2018-12-31": "", "2018-09-30": "", "2018-06-30": "", "2018-03-31": "", "2017-12-31": "", "2017-09-30": "", "2017-06-30": "", "2017-03-31": "", "2016-12-31": "", "2016-09-30": "", "2016-06-30": "", "2016-03-31": "", "2015-12-31": "", "2015-09-30": "", "2015-06-30": "", "2015-03-31": "", "2014-12-31": "", "2014-09-30": "", "2014-06-30": "", "2014-03-31": "", "2013-12-31": "", "2012-12-31": ""}, "Debt/Equity Ratio": {"2020-09-30": "0.48240", "2020-06-30": "0.50520", "2020-03-31": "0.49760", "2019-12-31": "0.29330", "2019-09-30": "0.30120", "2019-06-30": "0.15480", "2019-03-31": "0.13190", "2018-12-31": "0.12990", "2018-09-30": "0.13230", "2018-06-30": "0.13320", "2018-03-31": "0.20490", "2017-12-31": "0.06250", "2017-09-30": "", "2017-06-30": "", "2017-03-31": "", "2016-12-31": "", "2016-09-30": "", "2016-06-30": "", "2016-03-31": "", "2015-12-31": "", "2015-09-30": "", "2015-06-30": "0.00800", "2015-03-31": "0.10050", "2014-12-31": "0.13250", "2014-09-30": "", "2014-06-30": "", "2014-03-31": "", "2013-12-31": "", "2012-12-31": ""}, "Gross Margin": {"2020-09-30": "48.43380", "2020-06-30": "48.56490", "2020-03-31": "40.90520", "2019-12-31": "44.93050", "2019-09-30": "44.47240", "2019-06-30": "45.55170", "2019-03-31": "44.81590", "2018-12-31": "45.69330", "2018-09-30": "45.39780", "2018-06-30": "47.26470", "2018-03-31": "47.84260", "2017-12-31": "57.98610", "2017-09-30": "44.08770", "2017-06-30": "45.56760", "2017-03-31": "46.08400", "2016-12-31": "46.69570", "2016-09-30": "46.53170", "2016-06-30": "47.81130", "2016-03-31": "48.78140", "2015-12-31": "49.37400", "2015-09-30": "49.69000", "2015-06-30": "52.24210", "2015-03-31": "53.11180", "2014-12-31": "51.34520", "2014-09-30": "50.68360", "2014-06-30": "53.00050", "2014-03-31": "52.08110", "2013-12-31": "", "2012-12-31": ""}, "Operating Margin": {"2020-09-30": "17.89710", "2020-06-30": "18.07640", "2020-03-31": "8.61840", "2019-12-31": "16.10560", "2019-09-30": "15.92050", "2019-06-30": "16.37630", "2019-03-31": "12.54850", "2018-12-31": "14.15050", "2018-09-30": "13.30440", "2018-06-30": "14.83020", "2018-03-31": "14.49120", "2017-12-31": "22.51600", "2017-09-30": "13.05960", "2017-06-30": "13.71170", "2017-03-31": "14.48740", "2016-12-31": "15.43110", "2016-09-30": "13.04840", "2016-06-30": "14.00000", "2016-03-31": "15.99840", "2015-12-31": "16.07980", "2015-09-30": "14.61470", "2015-06-30": "17.32700", "2015-03-31": "15.06790", "2014-12-31": "9.34790", "2014-09-30": "13.77220", "2014-06-30": "16.64150", "2014-03-31": "16.96910", "2013-12-31": "", "2012-12-31": ""}, "EBIT Margin": {"2020-09-30": "17.89710", "2020-06-30": "18.07640", "2020-03-31": "8.61840", "2019-12-31": "16.10560", "2019-09-30": "15.92050", "2019-06-30": "16.37630", "2019-03-31": "12.54850", "2018-12-31": "14.15050", "2018-09-30": "13.30440", "2018-06-30": "14.83020", "2018-03-31": "14.49120", "2017-12-31": "22.51600", "2017-09-30": "13.05960", "2017-06-30": "13.71170", "2017-03-31": "14.48740", "2016-12-31": "15.43110", "2016-09-30": "13.04840", "2016-06-30": "14.00000", "2016-03-31": "15.99840", "2015-12-31": "16.07980", "2015-09-30": "14.61470", "2015-06-30": "17.32700", "2015-03-31": "15.06790", "2014-12-31": "9.34790", "2014-09-30": "13.77220", "2014-06-30": "16.64150", "2014-03-31": "16.96910", "2013-12-31": "", "2012-12-31": ""}, "EBITDA Margin": {"2020-09-30": "", "2020-06-30": "", "2020-03-31": "", "2019-12-31": "", "2019-09-30": "", "2019-06-30": "", "2019-03-31": "", "2018-12-31": "", "2018-09-30": "", "2018-06-30": "", "2018-03-31": "", "2017-12-31": "", "2017-09-30": "", "2017-06-30": "", "2017-03-31": "", "2016-12-31": "", "2016-09-30": "", "2016-06-30": "", "2016-03-31": "", "2015-12-31": "", "2015-09-30": "", "2015-06-30": "", "2015-03-31": "", "2014-12-31": "", "2014-09-30": "", "2014-06-30": "", "2014-03-31": "", "2013-12-31": "", "2012-12-31": ""}, "Pre-Tax Profit Margin": {"2020-09-30": "20.95620", "2020-06-30": "34.19500", "2020-03-31": "5.69510", "2019-12-31": "17.21430", "2019-09-30": "11.05530", "2019-06-30": "21.90480", "2019-03-31": "17.36920", "2018-12-31": "16.23280", "2018-09-30": "14.47190", "2018-06-30": "15.78950", "2018-03-31": "14.87110", "2017-12-31": "23.07690", "2017-09-30": "13.92410", "2017-06-30": "14.25380", "2017-03-31": "14.72270", "2016-12-31": "15.73300", "2016-09-30": "13.49830", "2016-06-30": "14.33960", "2016-03-31": "16.58810", "2015-12-31": "16.35370", "2015-09-30": "15.50040", "2015-06-30": "17.37050", "2015-03-31": "15.02110", "2014-12-31": "15.82310", "2014-09-30": "13.97470", "2014-06-30": "16.43970", "2014-03-31": "16.64890", "2013-12-31": "", "2012-12-31": ""}, "Net Profit Margin": {"2020-09-30": "18.70310", "2020-06-30": "29.08190", "2020-03-31": "1.81900", "2019-12-31": "10.21970", "2019-09-30": "10.55280", "2019-06-30": "19.11730", "2019-03-31": "16.15800", "2018-12-31": "13.81920", "2018-09-30": "11.83820", "2018-06-30": "13.63750", "2018-03-31": "13.86700", "2017-12-31": "16.55980", "2017-09-30": "11.73200", "2017-06-30": "13.10590", "2017-03-31": "12.90760", "2016-12-31": "13.08290", "2016-09-30": "12.11100", "2016-06-30": "12.18870", "2016-03-31": "14.34750", "2015-12-31": "14.35840", "2015-09-30": "13.33040", "2015-06-30": "13.27820", "2015-03-31": "11.93260", "2014-12-31": "13.04150", "2014-09-30": "11.84810", "2014-06-30": "14.17050", "2014-03-31": "-20.38420", "2013-12-31": "", "2012-12-31": ""}, "Asset Turnover": {"2020-09-30": "0.08320", "2020-06-30": "0.08330", "2020-03-31": "0.08510", "2019-12-31": "0.09660", "2019-09-30": "0.08720", "2019-06-30": "0.08900", "2019-03-31": "0.08920", "2018-12-31": "0.09750", "2018-09-30": "0.08420", "2018-06-30": "0.09250", "2018-03-31": "0.08710", "2017-12-31": "0.09180", "2017-09-30": "0.08580", "2017-06-30": "0.08890", "2017-03-31": "0.08880", "2016-12-31": "0.09010", "2016-09-30": "0.08510", "2016-06-30": "0.08650", "2016-03-31": "0.08630", "2015-12-31": "0.08850", "2015-09-30": "0.08090", "2015-06-30": "0.08540", "2015-03-31": "0.09460", "2014-12-31": "0.10010", "2014-09-30": "", "2014-06-30": "", "2014-03-31": "", "2013-12-31": "", "2012-12-31": ""}, "Inventory Turnover Ratio": {"2020-09-30": "", "2020-06-30": "", "2020-03-31": "", "2019-12-31": "", "2019-09-30": "", "2019-06-30": "", "2019-03-31": "", "2018-12-31": "", "2018-09-30": "", "2018-06-30": "", "2018-03-31": "", "2017-12-31": "", "2017-09-30": "", "2017-06-30": "", "2017-03-31": "", "2016-12-31": "", "2016-09-30": "", "2016-06-30": "", "2016-03-31": "", "2015-12-31": "", "2015-09-30": "", "2015-06-30": "", "2015-03-31": "", "2014-12-31": "", "2014-09-30": "", "2014-06-30": "", "2014-03-31": "", "2013-12-31": "", "2012-12-31": ""}, "Receiveable Turnover": {"2020-09-30": "0.17600", "2020-06-30": "0.17850", "2020-03-31": "0.19880", "2019-12-31": "0.21610", "2019-09-30": "0.19090", "2019-06-30": "0.17970", "2019-03-31": "0.17830", "2018-12-31": "0.20740", "2018-09-30": "0.17240", "2018-06-30": "0.19810", "2018-03-31": "0.18980", "2017-12-31": "0.20210", "2017-09-30": "0.18530", "2017-06-30": "0.19180", "2017-03-31": "0.19680", "2016-12-31": "0.20450", "2016-09-30": "0.19750", "2016-06-30": "0.20070", "2016-03-31": "0.20530", "2015-12-31": "0.20620", "2015-09-30": "0.18860", "2015-06-30": "0.20030", "2015-03-31": "0.19430", "2014-12-31": "0.20540", "2014-09-30": "", "2014-06-30": "", "2014-03-31": "", "2013-12-31": "", "2012-12-31": ""}, "Days Sales In Receivables": {"2020-09-30": "511.28040", "2020-06-30": "504.26350", "2020-03-31": "452.70900", "2019-12-31": "416.56520", "2019-09-30": "471.33850", "2019-06-30": "500.73870", "2019-03-31": "504.65840", "2018-12-31": "433.92100", "2018-09-30": "522.03910", "2018-06-30": "454.34010", "2018-03-31": "474.30120", "2017-12-31": "445.31250", "2017-09-30": "485.59430", "2017-06-30": "469.34310", "2017-03-31": "457.38150", "2016-12-31": "440.09730", "2016-09-30": "455.80430", "2016-06-30": "448.33580", "2016-03-31": "438.36090", "2015-12-31": "436.54930", "2015-09-30": "477.30290", "2015-06-30": "449.29470", "2015-03-31": "463.18200", "2014-12-31": "438.18060", "2014-09-30": "", "2014-06-30": "", "2014-03-31": "", "2013-12-31": "", "2012-12-31": ""}, "ROE - Return On Equity": {"2020-09-30": "5.51090", "2020-06-30": "8.65190", "2020-03-31": "0.52460", "2019-12-31": "2.99490", "2019-09-30": "2.80290", "2019-06-30": "5.09940", "2019-03-31": "4.40060", "2018-12-31": "3.79570", "2018-09-30": "2.88460", "2018-06-30": "3.50220", "2018-03-31": "3.49020", "2017-12-31": "3.87650", "2017-09-30": "2.46240", "2017-06-30": "2.74040", "2017-03-31": "2.62550", "2016-12-31": "2.65090", "2016-09-30": "2.27590", "2016-06-30": "2.33770", "2016-03-31": "2.68420", "2015-12-31": "2.66730", "2015-09-30": "2.27790", "2015-06-30": "2.39400", "2015-03-31": "2.95140", "2014-12-31": "3.46750", "2014-09-30": "", "2014-06-30": "", "2014-03-31": "", "2013-12-31": "", "2012-12-31": ""}, "Return On Tangible Equity": {"2020-09-30": "12.35780", "2020-06-30": "20.92450", "2020-03-31": "1.52230", "2019-12-31": "5.10110", "2019-09-30": "4.77470", "2019-06-30": "8.94180", "2019-03-31": "8.16100", "2018-12-31": "7.05570", "2018-09-30": "5.20470", "2018-06-30": "4.97960", "2018-03-31": "5.02710", "2017-12-31": "5.39740", "2017-09-30": "3.49260", "2017-06-30": "3.80800", "2017-03-31": "3.69870", "2016-12-31": "3.73490", "2016-09-30": "3.26960", "2016-06-30": "3.41190", "2016-03-31": "3.96440", "2015-12-31": "3.93270", "2015-09-30": "3.12730", "2015-06-30": "3.33520", "2015-03-31": "4.79500", "2014-12-31": "5.83320", "2014-09-30": "", "2014-06-30": "", "2014-03-31": "", "2013-12-31": "", "2012-12-31": ""}, "ROA - Return On Assets": {"2020-09-30": "1.55680", "2020-06-30": "2.42220", "2020-03-31": "0.15480", "2019-12-31": "0.98770", "2019-09-30": "0.91990", "2019-06-30": "1.70070", "2019-03-31": "1.44120", "2018-12-31": "1.34770", "2018-09-30": "0.99720", "2018-06-30": "1.26210", "2018-03-31": "1.20740", "2017-12-31": "1.52060", "2017-09-30": "1.00630", "2017-06-30": "1.16460", "2017-03-31": "1.14650", "2016-12-31": "1.17810", "2016-09-30": "1.03010", "2016-06-30": "1.05450", "2016-03-31": "1.23850", "2015-12-31": "1.27070", "2015-09-30": "1.07900", "2015-06-30": "1.13340", "2015-03-31": "1.12940", "2014-12-31": "1.30490", "2014-09-30": "", "2014-06-30": "", "2014-03-31": "", "2013-12-31": "", "2012-12-31": ""}, "ROI - Return On Investment": {"2020-09-30": "3.71760", "2020-06-30": "5.74800", "2020-03-31": "0.35030", "2019-12-31": "2.31570", "2019-09-30": "2.15410", "2019-06-30": "5.09940", "2019-03-31": "4.40060", "2018-12-31": "3.79570", "2018-09-30": "2.88460", "2018-06-30": "3.50220", "2018-03-31": "3.49020", "2017-12-31": "3.87650", "2017-09-30": "2.46240", "2017-06-30": "2.74040", "2017-03-31": "2.62550", "2016-12-31": "2.65090", "2016-09-30": "2.27590", "2016-06-30": "2.33770", "2016-03-31": "2.68420", "2015-12-31": "2.66730", "2015-09-30": "2.27790", "2015-06-30": "2.39400", "2015-03-31": "2.95140", "2014-12-31": "3.46750", "2014-09-30": "", "2014-06-30": "", "2014-03-31": "", "2013-12-31": "", "2012-12-31": ""}, "Book Value Per Share": {"2020-09-30": "15.80800", "2020-06-30": "15.07590", "2020-03-31": "13.64960", "2019-12-31": "14.43220", "2019-09-30": "14.04000", "2019-06-30": "13.71200", "2019-03-31": "12.93260", "2018-12-31": "13.10560", "2018-09-30": "12.83110", "2018-06-30": "12.68500", "2018-03-31": "12.37620", "2017-12-31": "13.32830", "2017-09-30": "12.83860", "2017-06-30": "12.47750", "2017-03-31": "12.22910", "2016-12-31": "12.18890", "2016-09-30": "11.76780", "2016-06-30": "11.44740", "2016-03-31": "11.25660", "2015-12-31": "11.24100", "2015-09-30": "10.82230", "2015-06-30": "10.45350", "2015-03-31": "", "2014-12-31": "6.77180", "2014-09-30": "", "2014-06-30": "", "2014-03-31": "", "2013-12-31": "", "2012-12-31": ""}, "Operating Cash Flow Per Share": {"2020-09-30": 0.5885, "2020-06-30": 2.0137, "2020-03-31": "1.26920", "2019-12-31": 1.0639, "2019-09-30": 0.921, "2019-06-30": 0.9898, "2019-03-31": "0.86450", "2018-12-31": 0.9306, "2018-09-30": 3.8943, "2018-06-30": 0.0197, "2018-03-31": "-0.28680", "2017-12-31": -0.1168, "2017-09-30": 0.8136, "2017-06-30": 0.7585, "2017-03-31": "0.61760", "2016-12-31": 0.7518, "2016-09-30": 0.6608, "2016-06-30": 0.5778, "2016-03-31": "0.60240", "2015-12-31": 0.5899, "2015-09-30": 0.5291, "2015-06-30": 0.5082, "2015-03-31": "0.44440", "2014-12-31": 0.5155, "2014-09-30": 0.4935, "2014-06-30": 0.8047, "2014-03-31": "", "2013-12-31": 0, "2012-12-31": 0}, "Free Cash Flow Per Share": {"2020-09-30": 0.3872, "2020-06-30": 1.8515, "2020-03-31": "1.19580", "2019-12-31": 0.9175, "2019-09-30": 0.7899, "2019-06-30": 0.8725, "2019-03-31": "0.68100", "2018-12-31": 0.7485, "2018-09-30": 3.7075, "2018-06-30": -0.1469, "2018-03-31": "-0.43300", "2017-12-31": -0.2649, "2017-09-30": 0.6804, "2017-06-30": 0.6152, "2017-03-31": "0.49590", "2016-12-31": 0.6283, "2016-09-30": 0.5099, "2016-06-30": 0.4114, "2016-03-31": "0.49390", "2015-12-31": 0.4572, "2015-09-30": 0.4337, "2015-06-30": 0.3285, "2015-03-31": "0.28590", "2014-12-31": 0.4151, "2014-09-30": 0.3521, "2014-06-30": 0.6446, "2014-03-31": "", "2013-12-31": 0, "2012-12-31": 0}}, "revenue": {"PayPal Holdings Annual Revenue (Millions of US $)": {"2020": "$21,454", "2019": "$17,772", "2018": "$15,451", "2017": "$13,094", "2016": "$10,842", "2015": "$9,248", "2014": "$8,025", "2013": "$6,727", "2012": "$5,662"}, "PayPal Holdings Quarterly Revenue (Millions of US $)": {"2020-12-31": "$6,116", "2020-09-30": "$5,459", "2020-06-30": "$5,261", "2020-03-31": "$4,618", "2019-12-31": "$4,961", "2019-09-30": "$4,378", "2019-06-30": "$4,305", "2019-03-31": "$4,128", "2018-12-31": "$4,226", "2018-09-30": "$3,683", "2018-06-30": "$3,857", "2018-03-31": "$3,685", "2017-12-31": "$3,744", "2017-09-30": "$3,239", "2017-06-30": "$3,136", "2017-03-31": "$2,975", "2016-12-31": "$2,981", "2016-09-30": "$2,667", "2016-06-30": "$2,650", "2016-03-31": "$2,544", "2015-12-31": "$2,556", "2015-09-30": "$2,258", "2015-06-30": "$2,297", "2015-03-31": "$2,137", "2014-12-31": "$2,193", "2014-09-30": "$1,975", "2014-06-30": "$1,983", "2014-03-31": "$1,874", "2013-12-31": "", "2012-12-31": ""}}, "gross-profit": {"PayPal Holdings Annual Gross Profit (Millions of US $)": {"2020": "$10,001", "2019": "$7,987", "2018": "$7,189", "2017": "$6,399", "2016": "$5,141", "2015": "$4,719", "2014": "$4,218", "2013": "$3,440", "2012": "$2,965"}, "PayPal Holdings Quarterly Gross Profit (Millions of US $)": {"2020-12-31": "$2,913", "2020-09-30": "$2,644", "2020-06-30": "$2,555", "2020-03-31": "$1,889", "2019-12-31": "$2,229", "2019-09-30": "$1,947", "2019-06-30": "$1,961", "2019-03-31": "$1,850", "2018-12-31": "$1,931", "2018-09-30": "$1,672", "2018-06-30": "$1,823", "2018-03-31": "$1,763", "2017-12-31": "$2,171", "2017-09-30": "$1,428", "2017-06-30": "$1,429", "2017-03-31": "$1,371", "2016-12-31": "$1,392", "2016-09-30": "$1,241", "2016-06-30": "$1,267", "2016-03-31": "$1,241", "2015-12-31": "$1,262", "2015-09-30": "$1,122", "2015-06-30": "$1,200", "2015-03-31": "$1,135", "2014-12-31": "$1,190", "2014-09-30": "$1,001", "2014-06-30": "$1,051", "2014-03-31": "$976", "2013-12-31": "", "2012-12-31": ""}}, "operating-income": {"PayPal Holdings Annual Operating Income (Millions of US $)": {"2020": "$3,289", "2019": "$2,719", "2018": "$2,194", "2017": "$2,127", "2016": "$1,586", "2015": "$1,461", "2014": "$1,268", "2013": "$1,091", "2012": "$880"}, "PayPal Holdings Quarterly Operating Income (Millions of US $)": {"2020-12-31": "$963", "2020-09-30": "$977", "2020-06-30": "$951", "2020-03-31": "$398", "2019-12-31": "$799", "2019-09-30": "$697", "2019-06-30": "$705", "2019-03-31": "$518", "2018-12-31": "$598", "2018-09-30": "$490", "2018-06-30": "$572", "2018-03-31": "$534", "2017-12-31": "$843", "2017-09-30": "$423", "2017-06-30": "$430", "2017-03-31": "$431", "2016-12-31": "$460", "2016-09-30": "$348", "2016-06-30": "$371", "2016-03-31": "$407", "2015-12-31": "$411", "2015-09-30": "$330", "2015-06-30": "$398", "2015-03-31": "$322", "2014-12-31": "$205", "2014-09-30": "$272", "2014-06-30": "$330", "2014-03-31": "$318", "2013-12-31": "", "2012-12-31": ""}}, "ebitda": {"PayPal Holdings Annual EBITDA (Millions of US $)": {"2019": "$3,631", "2018": "$2,970", "2017": "$2,932", "2016": "$2,310", "2015": "$2,069", "2014": "$1,784", "2013": "$1,544", "2012": "$1,262"}, "PayPal Holdings Quarterly EBITDA (Millions of US $)": {"2020-09-30": "$1,275", "2020-06-30": "$1,248", "2020-03-31": "$691", "2019-12-31": "$1,026", "2019-09-30": "$924", "2019-06-30": "$933", "2019-03-31": "$748", "2018-12-31": "$821", "2018-09-30": "$678", "2018-06-30": "$752", "2018-03-31": "$719", "2017-12-31": "$1,070", "2017-09-30": "$617", "2017-06-30": "$631", "2017-03-31": "$614", "2016-12-31": "$649", "2016-09-30": "$533", "2016-06-30": "$547", "2016-03-31": "$581", "2015-12-31": "$575", "2015-09-30": "$483", "2015-06-30": "$548", "2015-03-31": "$463", "2014-12-31": "$337", "2014-09-30": "$401", "2014-06-30": "$455", "2014-03-31": "$448", "2013-12-31": "", "2012-12-31": ""}}, "net-income": {"PayPal Holdings Annual Net Income (Millions of US $)": {"2020": "$4,202", "2019": "$2,459", "2018": "$2,057", "2017": "$1,795", "2016": "$1,401", "2015": "$1,228", "2014": "$419", "2013": "$955", "2012": "$778"}, "PayPal Holdings Quarterly Net Income (Millions of US $)": {"2020-12-31": "$1,567", "2020-09-30": "$1,021", "2020-06-30": "$1,530", "2020-03-31": "$84", "2019-12-31": "$507", "2019-09-30": "$462", "2019-06-30": "$823", "2019-03-31": "$667", "2018-12-31": "$584", "2018-09-30": "$436", "2018-06-30": "$526", "2018-03-31": "$511", "2017-12-31": "$620", "2017-09-30": "$380", "2017-06-30": "$411", "2017-03-31": "$384", "2016-12-31": "$390", "2016-09-30": "$323", "2016-06-30": "$323", "2016-03-31": "$365", "2015-12-31": "$367", "2015-09-30": "$301", "2015-06-30": "$305", "2015-03-31": "$255", "2014-12-31": "$286", "2014-09-30": "$234", "2014-06-30": "$281", "2014-03-31": "$-382", "2013-12-31": "", "2012-12-31": ""}}, "eps-earnings-per-share-diluted": {"PayPal Holdings Annual EPS": {"2020": "$3.54", "2019": "$2.07", "2018": "$1.71", "2017": "$1.47", "2016": "$1.15", "2015": "$1.00", "2014": "$0.34", "2013": "$0.78", "2012": "$0.00"}, "PayPal Holdings Quarterly EPS": {"2020-12-31": "$1.32", "2020-09-30": "$0.86", "2020-06-30": "$1.29", "2020-03-31": "$0.07", "2019-12-31": "$0.43", "2019-09-30": "$0.39", "2019-06-30": "$0.69", "2019-03-31": "$0.56", "2018-12-31": "$0.49", "2018-09-30": "$0.36", "2018-06-30": "$0.44", "2018-03-31": "$0.42", "2017-12-31": "$0.50", "2017-09-30": "$0.31", "2017-06-30": "$0.34", "2017-03-31": "$0.32", "2016-12-31": "$0.31", "2016-09-30": "$0.27", "2016-06-30": "$0.27", "2016-03-31": "$0.30", "2015-12-31": "$0.29", "2015-09-30": "$0.25", "2015-06-30": "$0.25", "2015-03-31": "$0.21", "2014-12-31": "$0.23", "2014-09-30": "$0.19", "2014-06-30": "$0.23", "2014-03-31": "$0.00", "2013-12-31": "$0.00", "2012-12-31": "$0.00"}}, "shares-outstanding": {"PayPal Holdings Annual Shares Outstanding (Millions of Shares)": {"2020": "1,187", "2019": "1,188", "2018": "1,203", "2017": "1,221", "2016": "1,218", "2015": "1,229", "2014": "1,224", "2013": "1,224", "2012": ""}, "PayPal Holdings Quarterly Shares Outstanding (Millions of Shares)": {"2020-12-31": "1,191", "2020-09-30": "1,190", "2020-06-30": "1,184", "2020-03-31": "1,185", "2019-12-31": "1,188", "2019-09-30": "1,188", "2019-06-30": "1,187", "2019-03-31": "1,188", "2018-12-31": "1,203", "2018-09-30": "1,199", "2018-06-30": "1,202", "2018-03-31": "1,217", "2017-12-31": "1,221", "2017-09-30": "1,223", "2017-06-30": "1,215", "2017-03-31": "1,216", "2016-12-31": "1,218", "2016-09-30": "1,214", "2016-06-30": "1,215", "2016-03-31": "1,225", "2015-12-31": "1,229", "2015-09-30": "1,227", "2015-06-30": "1,224", "2015-03-31": "1,224", "2014-12-31": "1,224", "2014-09-30": "1,224", "2014-06-30": "1,224", "2014-03-31": "", "2013-12-31": "", "2012-12-31": ""}}, "total-assets": {"PayPal Holdings Annual Total Assets (Millions of US $)": {"2019": "$51,333", "2018": "$43,332", "2017": "$40,774", "2016": "$33,103", "2015": "$28,881", "2014": "$21,917", "2013": "$19,160", "2012": "$0"}, "PayPal Holdings Quarterly Total Assets (Millions of US $)": {"2020-09-30": "$65,582", "2020-06-30": "$63,166", "2020-03-31": "$54,266", "2019-12-31": "$51,333", "2019-09-30": "$50,223", "2019-06-30": "$48,391", "2019-03-31": "$46,280", "2018-12-31": "$43,332", "2018-09-30": "$43,724", "2018-06-30": "$41,677", "2018-03-31": "$42,322", "2017-12-31": "$40,774", "2017-09-30": "$37,761", "2017-06-30": "$35,290", "2017-03-31": "$33,493", "2016-12-31": "$33,103", "2016-09-30": "$31,356", "2016-06-30": "$30,631", "2016-03-31": "$29,470", "2015-12-31": "$28,881", "2015-09-30": "$27,896", "2015-06-30": "$26,911", "2015-03-31": "$22,579", "2014-12-31": "$21,917", "2014-09-30": "$0", "2014-06-30": "$0", "2014-03-31": "$0", "2013-12-31": "$19,160", "2012-12-31": "$0"}}, "cash-on-hand": {"PayPal Holdings Annual Cash on Hand (Millions of US $)": {"2019": "$10,761", "2018": "$9,109", "2017": "$5,695", "2016": "$4,975", "2015": "$3,411", "2014": "$2,230", "2013": "$1,925", "2012": "$"}, "PayPal Holdings Quarterly Cash on Hand (Millions of US $)": {"2020-09-30": "$14,158", "2020-06-30": "$13,048", "2020-03-31": "$10,186", "2019-12-31": "$10,761", "2019-09-30": "$10,462", "2019-06-30": "$8,415", "2019-03-31": "$7,849", "2018-12-31": "$9,109", "2018-09-30": "$9,587", "2018-06-30": "$4,965", "2018-03-31": "$6,306", "2017-12-31": "$5,695", "2017-09-30": "$4,921", "2017-06-30": "$4,091", "2017-03-31": "$4,055", "2016-12-31": "$4,975", "2016-09-30": "$5,088", "2016-06-30": "$4,957", "2016-03-31": "$4,767", "2015-12-31": "$3,411", "2015-09-30": "$4,299", "2015-06-30": "$4,408", "2015-03-31": "$2,375", "2014-12-31": "$2,230", "2014-09-30": "", "2014-06-30": "", "2014-03-31": "", "2013-12-31": "$1,925", "2012-12-31": ""}}, "long-term-debt": {"PayPal Holdings Annual Long Term Debt (Millions of US $)": {"2019": "$4,965", "2018": "$", "2017": "$", "2016": "$", "2015": "$", "2014": "$", "2013": "$", "2012": "$"}, "PayPal Holdings Quarterly Long Term Debt (Millions of US $)": {"2020-09-30": "$8,937", "2020-06-30": "$8,934", "2020-03-31": "$7,967", "2019-12-31": "$4,965", "2019-09-30": "$4,964", "2019-06-30": "", "2019-03-31": "", "2018-12-31": "", "2018-09-30": "", "2018-06-30": "", "2018-03-31": "", "2017-12-31": "", "2017-09-30": "", "2017-06-30": "", "2017-03-31": "", "2016-12-31": "", "2016-09-30": "", "2016-06-30": "", "2016-03-31": "", "2015-12-31": "", "2015-09-30": "", "2015-06-30": "", "2015-03-31": "", "2014-12-31": "", "2014-09-30": "", "2014-06-30": "", "2014-03-31": "", "2013-12-31": "", "2012-12-31": ""}}, "total-liabilities": {"PayPal Holdings Annual Total Liabilities (Millions of US $)": {"2019": "$34,404", "2018": "$27,946", "2017": "$24,780", "2016": "$18,391", "2015": "$15,122", "2014": "$13,669", "2013": "$11,770", "2012": "$0"}, "PayPal Holdings Quarterly Total Liabilities (Millions of US $)": {"2020-09-30": "$47,055", "2020-06-30": "$45,482", "2020-03-31": "$38,255", "2019-12-31": "$34,404", "2019-09-30": "$33,740", "2019-06-30": "$32,252", "2019-03-31": "$31,123", "2018-12-31": "$27,946", "2018-09-30": "$28,609", "2018-06-30": "$26,658", "2018-03-31": "$27,681", "2017-12-31": "$24,780", "2017-09-30": "$22,329", "2017-06-30": "$20,292", "2017-03-31": "$18,867", "2016-12-31": "$18,391", "2016-09-30": "$17,164", "2016-06-30": "$16,814", "2016-03-31": "$15,872", "2015-12-31": "$15,122", "2015-09-30": "$14,682", "2015-06-30": "$14,171", "2015-03-31": "$13,939", "2014-12-31": "$13,669", "2014-09-30": "$0", "2014-06-30": "$0", "2014-03-31": "$0", "2013-12-31": "$11,770", "2012-12-31": "$0"}}, "total-share-holder-equity": {"PayPal Holdings Annual Share Holder Equity (Millions of US $)": {"2019": "$16,929", "2018": "$15,386", "2017": "$15,994", "2016": "$14,712", "2015": "$13,759", "2014": "$8,248", "2013": "$7,390", "2012": "$0"}, "PayPal Holdings Quarterly Share Holder Equity (Millions of US $)": {"2020-09-30": "$18,527", "2020-06-30": "$17,684", "2020-03-31": "$16,011", "2019-12-31": "$16,929", "2019-09-30": "$16,483", "2019-06-30": "$16,139", "2019-03-31": "$15,157", "2018-12-31": "$15,386", "2018-09-30": "$15,115", "2018-06-30": "$15,019", "2018-03-31": "$14,641", "2017-12-31": "$15,994", "2017-09-30": "$15,432", "2017-06-30": "$14,998", "2017-03-31": "$14,626", "2016-12-31": "$14,712", "2016-09-30": "$14,192", "2016-06-30": "$13,817", "2016-03-31": "$13,598", "2015-12-31": "$13,759", "2015-09-30": "$13,214", "2015-06-30": "$12,740", "2015-03-31": "$8,640", "2014-12-31": "$8,248", "2014-09-30": "$0", "2014-06-30": "$0", "2014-03-31": "$0", "2013-12-31": "$7,390", "2012-12-31": "$0"}}, "profit-margins": {"current": "19.59%"}, "gross margin": {"2020-12-31": "46.62%", "2020-09-30": "45.90%", "2020-06-30": "44.85%", "2020-03-31": "43.95%", "2019-12-31": "44.94%", "2019-09-30": "45.13%", "2019-06-30": "45.37%", "2019-03-31": "45.78%", "2018-12-31": "46.53%", "2018-09-30": "49.63%", "2018-06-30": "49.47%", "2018-03-31": "49.20%", "2017-12-31": "48.87%", "2017-09-30": "45.58%", "2017-06-30": "46.20%", "2017-03-31": "46.76%", "2016-12-31": "47.42%", "2016-09-30": "48.10%", "2016-06-30": "48.88%", "2016-03-31": "49.97%", "2015-12-31": "51.03%", "2015-09-30": "52.30%", "2015-06-30": "52.62%", "2015-03-31": "52.81%", "2014-12-31": "52.56%"}, "operating margin": {"2020-12-31": "15.33%", "2020-09-30": "15.39%", "2020-06-30": "14.80%", "2020-03-31": "14.23%", "2019-12-31": "15.30%", "2019-09-30": "14.78%", "2019-06-30": "14.14%", "2019-03-31": "13.70%", "2018-12-31": "14.20%", "2018-09-30": "16.29%", "2018-06-30": "16.33%", "2018-03-31": "16.15%", "2017-12-31": "16.24%", "2017-09-30": "14.14%", "2017-06-30": "14.19%", "2017-03-31": "14.28%", "2016-12-31": "14.63%", "2016-09-30": "14.75%", "2016-06-30": "15.18%", "2016-03-31": "16.01%", "2015-12-31": "15.80%", "2015-09-30": "14.12%", "2015-06-30": "13.92%", "2015-03-31": "13.62%", "2014-12-31": "14.02%"}, "ebitda margin": {"2020-09-30": "20.89%", "2020-06-30": "20.24%", "2020-03-31": "19.57%", "2019-12-31": "20.43%", "2019-09-30": "20.11%", "2019-06-30": "19.46%", "2019-03-31": "18.87%", "2018-12-31": "19.22%", "2018-09-30": "21.50%", "2018-06-30": "21.74%", "2018-03-31": "22.00%", "2017-12-31": "22.39%", "2017-09-30": "20.36%", "2017-06-30": "20.64%", "2017-03-31": "20.78%", "2016-12-31": "21.31%", "2016-09-30": "21.46%", "2016-06-30": "21.84%", "2016-03-31": "22.65%", "2015-12-31": "22.37%", "2015-09-30": "20.61%", "2015-06-30": "20.33%", "2015-03-31": "19.98%", "2014-12-31": "20.45%"}, "pre tax profit margin": {"2020-12-31": "23.61%", "2020-09-30": "20.00%", "2020-06-30": "17.69%", "2020-03-31": "13.93%", "2019-12-31": "16.87%", "2019-09-30": "16.61%", "2019-06-30": "17.62%", "2019-03-31": "16.01%", "2018-12-31": "15.38%", "2018-09-30": "17.06%", "2018-06-30": "17.02%", "2018-03-31": "16.73%", "2017-12-31": "16.80%", "2017-09-30": "14.64%", "2017-06-30": "14.58%", "2017-03-31": "14.61%", "2016-12-31": "15.04%", "2016-09-30": "15.17%", "2016-06-30": "15.69%", "2016-03-31": "16.46%", "2015-12-31": "16.09%", "2015-09-30": "15.95%", "2015-06-30": "15.61%", "2015-03-31": "15.32%", "2014-12-31": "15.71%"}, "net profit margin": {"2020-12-31": "19.59%", "2020-09-30": "15.48%", "2020-06-30": "13.44%", "2020-03-31": "10.27%", "2019-12-31": "13.84%", "2019-09-30": "14.89%", "2019-06-30": "15.36%", "2019-03-31": "13.92%", "2018-12-31": "13.31%", "2018-09-30": "13.98%", "2018-06-30": "14.02%", "2018-03-31": "13.92%", "2017-12-31": "13.71%", "2017-09-30": "12.69%", "2017-06-30": "12.82%", "2017-03-31": "12.60%", "2016-12-31": "12.92%", "2016-09-30": "13.23%", "2016-06-30": "13.55%", "2016-03-31": "13.86%", "2015-12-31": "13.28%", "2015-09-30": "12.91%", "2015-06-30": "12.56%", "2015-03-31": "12.74%", "2014-12-31": "5.22%"}, "pe ratio": {"current": "97.98", "2021-02-05": "121.37", "2020-12-31": "105.50", "2020-09-30": "74.35", "2020-06-30": "79.92", "2020-03-31": "60.59", "2019-12-31": "52.26", "2019-09-30": "48.63", "2019-06-30": "54.50", "2019-03-31": "56.13", "2018-12-31": "49.18", "2018-09-30": "51.07", "2018-06-30": "49.86", "2018-03-31": "48.32", "2017-12-31": "50.08", "2017-09-30": "49.64", "2017-06-30": "42.94", "2017-03-31": "36.46", "2016-12-31": "34.03", "2016-09-30": "35.94", "2016-06-30": "32.60"}, "price sales": {"2021-02-05": "14.92", "2020-12-31": "12.97", "2020-09-30": "11.52", "2020-06-30": "10.75", "2020-03-31": "6.22", "2019-12-31": "7.23", "2019-09-30": "7.24", "2019-06-30": "8.36", "2019-03-31": "7.83", "2018-12-31": "6.56", "2018-09-30": "7.10", "2018-06-30": "6.97", "2018-03-31": "6.70", "2017-12-31": "6.85", "2017-09-30": "6.32", "2017-06-30": "5.55", "2017-03-31": "4.64", "2016-12-31": "4.43", "2016-09-30": "4.80", "2016-06-30": "4.46"}, "price book": {"current": "15.74", "2021-02-05": "17.04", "2020-09-30": "12.46", "2020-06-30": "11.56", "2020-03-31": "7.01", "2019-12-31": "7.50", "2019-09-30": "7.38", "2019-06-30": "8.35", "2019-03-31": "8.03", "2018-12-31": "6.42", "2018-09-30": "6.85", "2018-06-30": "6.56", "2018-03-31": "6.13", "2017-12-31": "5.52", "2017-09-30": "4.99", "2017-06-30": "4.30", "2017-03-31": "3.52", "2016-12-31": "3.24", "2016-09-30": "3.48", "2016-06-30": "3.19", "2016-03-31": "3.43", "2015-12-31": "3.22", "2015-09-30": "2.87"}, "price fcf": {"2021-02-05": "", "2020-09-30": "$4.35", "2020-06-30": "$4.75", "2020-03-31": "$3.78", "2019-12-31": "$3.26", "2019-09-30": "$3.09", "2019-06-30": "$6.01", "2019-03-31": "$4.99", "2018-12-31": "$3.88", "2018-09-30": "$2.86", "2018-06-30": "$-0.16", "2018-03-31": "$0.60", "2017-12-31": "$1.53", "2017-09-30": "$2.42", "2017-06-30": "$2.25", "2017-03-31": "$2.05", "2016-12-31": "$2.04", "2016-09-30": "$1.87", "2016-06-30": "$2.41"}, "net worth": {"value": "$315.7B"}, "current ratio": {"2020-12-31": "1.33", "2020-09-30": "1.38", "2020-06-30": "1.38", "2020-03-31": "1.39", "2019-12-31": "1.43", "2019-09-30": "1.43", "2019-06-30": "1.22", "2019-03-31": "1.22", "2018-12-31": "1.27", "2018-09-30": "1.28", "2018-06-30": "1.38", "2018-03-31": "1.35", "2017-12-31": "1.43", "2017-09-30": "1.42", "2017-06-30": "1.45", "2017-03-31": "1.47", "2016-12-31": "1.53", "2016-09-30": "1.55", "2016-06-30": "1.54", "2016-03-31": "1.53", "2015-12-31": "1.52", "2015-09-30": "1.57", "2015-06-30": "1.57", "2015-03-31": "1.34", "2014-12-31": "1.32", "2014-09-30": "0.00", "2014-06-30": "0.00", "2014-03-31": "0.00", "2013-12-31": "1.30", "2012-12-31": "0.00"}, "quick ratio": {"2020-12-31": "0.00", "2020-09-30": "0.00", "2020-06-30": "0.00", "2020-03-31": "0.00", "2019-12-31": "0.00", "2019-09-30": "0.00", "2019-06-30": "0.00", "2019-03-31": "0.00", "2018-12-31": "0.00", "2018-09-30": "0.00", "2018-06-30": "0.00", "2018-03-31": "0.00", "2017-12-31": "0.00", "2017-09-30": "0.00", "2017-06-30": "0.00", "2017-03-31": "0.00", "2016-12-31": "0.00", "2016-09-30": "0.00", "2016-06-30": "0.00", "2016-03-31": "0.00", "2015-12-31": "0.00", "2015-09-30": "0.00", "2015-06-30": "0.00", "2015-03-31": "0.00", "2014-12-31": "0.00", "2014-09-30": "0.00", "2014-06-30": "0.00", "2014-03-31": "0.00", "2013-12-31": "0.00", "2012-12-31": "0.00"}, "debt equity ratio": {"current": "0.45", "2020-12-31": "2.51", "2020-09-30": "2.54", "2020-06-30": "2.57", "2020-03-31": "2.39", "2019-12-31": "2.03", "2019-09-30": "2.05", "2019-06-30": "2.00", "2019-03-31": "2.05", "2018-12-31": "1.82", "2018-09-30": "1.89", "2018-06-30": "1.78", "2018-03-31": "1.89", "2017-12-31": "1.55", "2017-09-30": "1.45", "2017-06-30": "1.35", "2017-03-31": "1.29", "2016-12-31": "1.25", "2016-09-30": "1.21", "2016-06-30": "1.22", "2016-03-31": "1.17", "2015-12-31": "1.10", "2015-09-30": "1.11", "2015-06-30": "1.11", "2015-03-31": "1.61", "2014-12-31": "1.66", "2014-09-30": "0.00", "2014-06-30": "0.00", "2014-03-31": "0.00", "2013-12-31": "1.59", "2012-12-31": "0.00"}, "return on equity": {"2020-12-31": "23.25%", "2020-09-30": "18.17%", "2020-06-30": "15.40%", "2020-03-31": "11.45%", "2019-12-31": "15.20%", "2019-09-30": "16.06%", "2019-06-30": "16.25%", "2019-03-31": "14.59%", "2018-12-31": "13.68%", "2018-09-30": "13.78%", "2018-06-30": "13.34%", "2018-03-31": "12.59%", "2017-12-31": "11.76%", "2017-09-30": "10.47%", "2017-06-30": "10.31%", "2017-03-31": "9.90%", "2016-12-31": "9.95%", "2016-09-30": "9.96%", "2016-06-30": "9.97%", "2016-03-31": "10.04%", "2015-12-31": "10.16%", "2015-09-30": "10.71%", "2015-06-30": "14.58%", "2015-03-31": "25.01%", "2014-12-31": "20.32%"}, "return on assets": {"2020-12-31": "6.63%", "2020-09-30": "5.36%", "2020-06-30": "4.72%", "2020-03-31": "3.67%", "2019-12-31": "5.01%", "2019-09-30": "5.39%", "2019-06-30": "5.52%", "2019-03-31": "5.06%", "2018-12-31": "4.81%", "2018-09-30": "4.97%", "2018-06-30": "5.01%", "2018-03-31": "4.92%", "2017-12-31": "4.87%", "2017-09-30": "4.48%", "2017-06-30": "4.53%", "2017-03-31": "4.42%", "2016-12-31": "4.50%", "2016-09-30": "4.58%", "2016-06-30": "4.64%", "2016-03-31": "4.73%", "2015-12-31": "4.62%", "2015-09-30": "4.62%", "2015-06-30": "6.05%", "2015-03-31": "9.49%", "2014-12-31": "7.65%"}, "return on investments": {"2020-12-31": "12.29%", "2020-09-30": "12.51%", "2020-06-30": "12.11%", "2020-03-31": "15.44%", "2019-12-31": "25.09%", "2019-09-30": "46.96%", "2019-06-30": "inf%", "2019-03-31": "inf%", "2018-12-31": "inf%", "2018-09-30": "inf%", "2018-06-30": "inf%", "2018-03-31": "inf%", "2017-12-31": "inf%", "2017-09-30": "inf%", "2017-06-30": "inf%", "2017-03-31": "inf%", "2016-12-31": "inf%", "2016-09-30": "inf%", "2016-06-30": "inf%", "2016-03-31": "inf%", "2015-12-31": "inf%", "2015-09-30": "inf%", "2015-06-30": "inf%", "2015-03-31": "inf%", "2014-12-31": "inf%"}, "return on tangible equity": {"2020-09-30": "40.50%", "2020-06-30": "31.84%", "2020-03-31": "21.85%", "2019-12-31": "26.59%", "2019-09-30": "28.71%", "2019-06-30": "29.50%", "2019-03-31": "25.01%", "2018-12-31": "22.01%", "2018-09-30": "20.62%", "2018-06-30": "18.91%", "2018-03-31": "17.74%", "2017-12-31": "16.49%", "2017-09-30": "14.73%", "2017-06-30": "14.54%", "2017-03-31": "14.14%", "2016-12-31": "14.37%", "2016-09-30": "14.55%", "2016-06-30": "14.41%", "2016-03-31": "14.35%", "2015-12-31": "14.70%", "2015-09-30": "15.83%", "2015-06-30": "22.31%", "2015-03-31": "41.33%", "2014-12-31": "34.18%"}, "dividend yield history": {"last payout": "$0.00", "last yield": "0.00%"}}