{"ticker": "PAYX", "price": {"title": "Paychex Historical Annual Stock Price Data", "value": 90.29, "historical": {"2021": {"Average Stock Price": "89.6139", "Year Open": "90.3600", "Year High": "92.0200", "Year Low": "86.8700", "Year Close": "90.2900", "Annual % Change": "-3.10%"}, "2020": {"Average Stock Price": "78.2495", "Year Open": "85.1100", "Year High": "96.9200", "Year Low": "50.3900", "Year Close": "93.1800", "Annual % Change": "9.55%"}, "2019": {"Average Stock Price": "81.4637", "Year Open": "65.0700", "Year High": "87.8000", "Year Low": "63.9700", "Year Close": "85.0600", "Annual % Change": "30.56%"}, "2018": {"Average Stock Price": "67.5523", "Year Open": "67.3100", "Year High": "75.2500", "Year Low": "59.8400", "Year Close": "65.1500", "Annual % Change": "-4.30%"}, "2017": {"Average Stock Price": "60.5551", "Year Open": "61.0600", "Year High": "70.2500", "Year Low": "54.2400", "Year Close": "68.0800", "Annual % Change": "11.83%"}, "2016": {"Average Stock Price": "55.4310", "Year Open": "51.5500", "Year High": "61.9300", "Year Low": "46.3800", "Year Close": "60.8800", "Annual % Change": "15.11%"}, "2015": {"Average Stock Price": "49.1001", "Year Open": "46.2400", "Year High": "54.4400", "Year Low": "42.9200", "Year Close": "52.8900", "Annual % Change": "14.55%"}, "2014": {"Average Stock Price": "42.9523", "Year Open": "45.0600", "Year High": "47.7700", "Year Low": "39.9200", "Year Close": "46.1700", "Annual % Change": "1.41%"}, "2013": {"Average Stock Price": "38.1199", "Year Open": "31.8500", "Year High": "45.6700", "Year Low": "31.7400", "Year Close": "45.5300", "Annual % Change": "46.40%"}, "2012": {"Average Stock Price": "31.9769", "Year Open": "30.4300", "Year High": "34.5500", "Year Low": "29.2800", "Year Close": "31.1000", "Annual % Change": "3.29%"}, "2011": {"Average Stock Price": "30.1036", "Year Open": "31.3900", "Year High": "33.7600", "Year Low": "25.2700", "Year Close": "30.1100", "Annual % Change": "-2.59%"}, "2010": {"Average Stock Price": "28.6781", "Year Open": "30.8200", "Year High": "32.7600", "Year Low": "24.7800", "Year Close": "30.9100", "Annual % Change": "0.88%"}, "2009": {"Average Stock Price": "27.2595", "Year Open": "26.9400", "Year High": "32.5000", "Year Low": "20.4300", "Year Close": "30.6400", "Annual % Change": "16.59%"}, "2008": {"Average Stock Price": "31.9715", "Year Open": "34.9900", "Year High": "37.2100", "Year Low": "23.8000", "Year Close": "26.2800", "Annual % Change": "-27.44%"}, "2007": {"Average Stock Price": "40.5026", "Year Open": "39.3100", "Year High": "46.3100", "Year Low": "36.2200", "Year Close": "36.2200", "Annual % Change": "-8.40%"}, "2006": {"Average Stock Price": "38.2014", "Year Open": "38.6300", "Year High": "41.7700", "Year Low": "33.1900", "Year Close": "39.5400", "Annual % Change": "3.73%"}, "2005": {"Average Stock Price": "34.1562", "Year Open": "33.4000", "Year High": "43.2700", "Year Low": "28.6000", "Year Close": "38.1200", "Annual % Change": "11.85%"}, "2004": {"Average Stock Price": "33.8442", "Year Open": "36.8400", "Year High": "38.9700", "Year Low": "29.0400", "Year Close": "34.0800", "Annual % Change": "-8.39%"}, "2003": {"Average Stock Price": "31.9346", "Year Open": "28.9200", "Year High": "40.1400", "Year Low": "24.3500", "Year Close": "37.2000", "Annual % Change": "33.33%"}, "2002": {"Average Stock Price": "31.2522", "Year Open": "34.6000", "Year High": "41.5600", "Year Low": "20.5500", "Year Close": "27.9000", "Annual % Change": "-19.94%"}, "2001": {"Average Stock Price": "37.7451", "Year Open": "45.6900", "Year High": "48.6300", "Year Low": "29.2800", "Year Close": "34.8500", "Annual % Change": "-28.34%"}, "2000": {"Average Stock Price": "40.4850", "Year Open": "26.6667", "Year High": "59.6900", "Year Low": "24.6667", "Year Close": "48.6300", "Annual % Change": "82.36%"}, "1999": {"Average Stock Price": "21.8885", "Year Open": "23.0000", "Year High": "28.8733", "Year Low": "16.5867", "Year Close": "26.6667", "Annual % Change": "16.50%"}, "1998": {"Average Stock Price": "18.1153", "Year Open": "14.5185", "Year High": "24.0578", "Year Low": "13.7215", "Year Close": "22.8889", "Annual % Change": "52.58%"}, "1997": {"Average Stock Price": "10.6638", "Year Open": "10.0998", "Year High": "15.3333", "Year Low": "7.6049", "Year Close": "15.0015", "Annual % Change": "47.64%"}, "1996": {"Average Stock Price": "9.2636", "Year Open": "6.4198", "Year High": "13.4568", "Year Low": "6.3210", "Year Close": "10.1610", "Annual % Change": "54.69%"}, "1995": {"Average Stock Price": "4.7524", "Year Open": "3.5117", "Year High": "6.5686", "Year Low": "3.4405", "Year Close": "6.5686", "Annual % Change": "85.89%"}, "1994": {"Average Stock Price": "3.1175", "Year Open": "3.0841", "Year High": "3.5336", "Year Low": "2.5240", "Year Close": "3.5336", "Annual % Change": "15.00%"}, "1993": {"Average Stock Price": "2.5325", "Year Open": "2.0338", "Year High": "3.3141", "Year Low": "1.9975", "Year Close": "3.0727", "Annual % Change": "48.94%"}, "1992": {"Average Stock Price": "1.6147", "Year Open": "1.3071", "Year High": "2.2972", "Year Low": "1.2730", "Year Close": "2.0631", "Annual % Change": "52.16%"}, "1991": {"Average Stock Price": "0.9230", "Year Open": "0.7023", "Year High": "1.3559", "Year Low": "0.5950", "Year Close": "1.3559", "Annual % Change": "89.16%"}}}, "market cap": {"value": "$32.78B"}, "income statement": {"Revenue": {"2020-05-31": "4040.50000", "2019-05-31": "3772.50000", "2018-05-31": "3377.70000", "2017-05-31": "3153.00000", "2016-05-31": "2951.90000", "2015-05-31": "2739.60000", "2014-05-31": "2518.90000", "2013-05-31": "2326.20000", "2012-05-31": "2229.80000", "2011-05-31": "2084.30000", "2010-05-31": "2000.80000", "2009-05-31": "2082.80000", "2008-05-31": "2066.32300", "2007-05-31": "1886.96400", "2006-05-31": "1674.59600", "2005-05-31": "1445.14300"}, "Cost Of Goods Sold": {"2020-05-31": "1280.80000", "2019-05-31": "1177.80000", "2018-05-31": "1018.20000", "2017-05-31": "919.40000", "2016-05-31": "857.10000", "2015-05-31": "808.00000", "2014-05-31": "732.50000", "2013-05-31": "671.30000", "2012-05-31": "670.10000", "2011-05-31": "651.50000", "2010-05-31": "653.60000", "2009-05-31": "680.50000", "2008-05-31": "660.73500", "2007-05-31": "615.47900", "2006-05-31": "560.25500", "2005-05-31": "499.02500"}, "Gross Profit": {"2020-05-31": "2759.70000", "2019-05-31": "2594.70000", "2018-05-31": "2359.50000", "2017-05-31": "2233.60000", "2016-05-31": "2094.80000", "2015-05-31": "1931.60000", "2014-05-31": "1786.40000", "2013-05-31": "1654.90000", "2012-05-31": "1559.70000", "2011-05-31": "1432.80000", "2010-05-31": "1347.20000", "2009-05-31": "1402.30000", "2008-05-31": "1405.58800", "2007-05-31": "1271.48500", "2006-05-31": "1114.34100", "2005-05-31": "946.11790"}, "Research And Development Expenses": {"2020-05-31": "", "2019-05-31": "", "2018-05-31": "", "2017-05-31": "", "2016-05-31": "", "2015-05-31": "", "2014-05-31": "", "2013-05-31": "", "2012-05-31": "", "2011-05-31": "", "2010-05-31": "", "2009-05-31": "", "2008-05-31": "", "2007-05-31": "", "2006-05-31": "", "2005-05-31": ""}, "SG&A Expenses": {"2020-05-31": "1299.20000", "2019-05-31": "1223.40000", "2018-05-31": "1068.00000", "2017-05-31": "979.70000", "2016-05-31": "948.20000", "2015-05-31": "878.00000", "2014-05-31": "803.70000", "2013-05-31": "750.10000", "2012-05-31": "705.80000", "2011-05-31": "646.40000", "2010-05-31": "622.40000", "2009-05-31": "597.10000", "2008-05-31": "577.32100", "2007-05-31": "569.93700", "2006-05-31": "464.77000", "2005-05-31": "412.34300"}, "Other Operating Income Or Expenses": {"2020-05-31": "", "2019-05-31": "", "2018-05-31": "", "2017-05-31": "", "2016-05-31": "", "2015-05-31": "", "2014-05-31": "", "2013-05-31": "", "2012-05-31": "", "2011-05-31": "", "2010-05-31": "", "2009-05-31": "", "2008-05-31": "", "2007-05-31": "", "2006-05-31": "", "2005-05-31": ""}, "Operating Expenses": {"2020-05-31": "2580.00000", "2019-05-31": "2401.20000", "2018-05-31": "2086.20000", "2017-05-31": "1899.10000", "2016-05-31": "1805.30000", "2015-05-31": "1686.00000", "2014-05-31": "1536.20000", "2013-05-31": "1421.40000", "2012-05-31": "1375.90000", "2011-05-31": "1297.90000", "2010-05-31": "1276.00000", "2009-05-31": "1277.60000", "2008-05-31": "1238.05600", "2007-05-31": "1185.41600", "2006-05-31": "1025.02500", "2005-05-31": "911.36800"}, "Operating Income": {"2020-05-31": "1460.50000", "2019-05-31": "1371.30000", "2018-05-31": "1291.50000", "2017-05-31": "1253.90000", "2016-05-31": "1146.60000", "2015-05-31": "1053.60000", "2014-05-31": "982.70000", "2013-05-31": "904.80000", "2012-05-31": "853.90010", "2011-05-31": "786.40000", "2010-05-31": "724.80000", "2009-05-31": "805.20010", "2008-05-31": "828.26710", "2007-05-31": "701.54800", "2006-05-31": "649.57090", "2005-05-31": "533.77500"}, "Total Non-Operating Income/Expense": {"2020-05-31": "-23.40000", "2019-05-31": "-3.30000", "2018-05-31": "8.60000", "2017-05-31": "5.20000", "2016-05-31": "4.50000", "2015-05-31": "6.40000", "2014-05-31": "5.40000", "2013-05-31": "6.60000", "2012-05-31": "6.40000", "2011-05-31": "5.80000", "2010-05-31": "4.50000", "2009-05-31": "6.90000", "2008-05-31": "26.54800", "2007-05-31": "41.72100", "2006-05-31": "25.19500", "2005-05-31": "12.39100"}, "Pre-Tax Income": {"2020-05-31": "1437.10000", "2019-05-31": "1368.00000", "2018-05-31": "1300.10000", "2017-05-31": "1259.10000", "2016-05-31": "1151.10000", "2015-05-31": "1060.00000", "2014-05-31": "988.10000", "2013-05-31": "911.40000", "2012-05-31": "860.30000", "2011-05-31": "792.20000", "2010-05-31": "729.30000", "2009-05-31": "812.10000", "2008-05-31": "854.81500", "2007-05-31": "743.26900", "2006-05-31": "674.76600", "2005-05-31": "546.16600"}, "Income Taxes": {"2020-05-31": "339.00000", "2019-05-31": "333.60000", "2018-05-31": "306.00000", "2017-05-31": "432.80000", "2016-05-31": "394.30000", "2015-05-31": "385.10000", "2014-05-31": "360.60000", "2013-05-31": "342.40000", "2012-05-31": "312.30000", "2011-05-31": "276.90000", "2010-05-31": "252.30000", "2009-05-31": "278.60000", "2008-05-31": "278.67000", "2007-05-31": "227.82200", "2006-05-31": "209.85200", "2005-05-31": "177.31700"}, "Income After Taxes": {"2020-05-31": "1098.10000", "2019-05-31": "1034.40000", "2018-05-31": "994.10000", "2017-05-31": "826.30000", "2016-05-31": "756.80000", "2015-05-31": "674.90000", "2014-05-31": "627.50000", "2013-05-31": "569.00000", "2012-05-31": "548.00000", "2011-05-31": "515.30000", "2010-05-31": "477.00000", "2009-05-31": "533.50000", "2008-05-31": "576.14500", "2007-05-31": "515.44700", "2006-05-31": "464.91400", "2005-05-31": "368.84900"}, "Other Income": {"2020-05-31": "", "2019-05-31": "", "2018-05-31": "", "2017-05-31": "", "2016-05-31": "", "2015-05-31": "", "2014-05-31": "", "2013-05-31": "", "2012-05-31": "", "2011-05-31": "", "2010-05-31": "", "2009-05-31": "", "2008-05-31": "", "2007-05-31": "", "2006-05-31": "", "2005-05-31": ""}, "Income From Continuous Operations": {"2020-05-31": "1098.10000", "2019-05-31": "1034.40000", "2018-05-31": "994.10000", "2017-05-31": "826.30000", "2016-05-31": "756.80000", "2015-05-31": "674.90000", "2014-05-31": "627.50000", "2013-05-31": "569.00000", "2012-05-31": "548.00000", "2011-05-31": "515.30000", "2010-05-31": "477.00000", "2009-05-31": "533.50000", "2008-05-31": "576.14500", "2007-05-31": "515.44700", "2006-05-31": "464.91400", "2005-05-31": "368.84900"}, "Income From Discontinued Operations": {"2020-05-31": "", "2019-05-31": "", "2018-05-31": "", "2017-05-31": "", "2016-05-31": "", "2015-05-31": "", "2014-05-31": "", "2013-05-31": "", "2012-05-31": "", "2011-05-31": "", "2010-05-31": "", "2009-05-31": "", "2008-05-31": "", "2007-05-31": "", "2006-05-31": "", "2005-05-31": ""}, "Net Income": {"2020-05-31": "1098.10000", "2019-05-31": "1034.40000", "2018-05-31": "994.10000", "2017-05-31": "826.30000", "2016-05-31": "756.80000", "2015-05-31": "674.90000", "2014-05-31": "627.50000", "2013-05-31": "569.00000", "2012-05-31": "548.00000", "2011-05-31": "515.30000", "2010-05-31": "477.00000", "2009-05-31": "533.50000", "2008-05-31": "576.14500", "2007-05-31": "515.44700", "2006-05-31": "464.91400", "2005-05-31": "368.84900"}, "EBITDA": {"2020-05-31": "1897.10000", "2019-05-31": "1782.00000", "2018-05-31": "1669.60000", "2017-05-31": "1622.70000", "2016-05-31": "1337.40000", "2015-05-31": "1236.40000", "2014-05-31": "1158.00000", "2013-05-31": "1059.20000", "2012-05-31": "994.20010", "2011-05-31": "914.00000", "2010-05-31": "846.30000", "2009-05-31": "914.00010", "2008-05-31": "927.91410", "2007-05-31": "798.53400", "2006-05-31": "743.98490", "2005-05-31": "624.39700"}, "EBIT": {"2020-05-31": "1460.50000", "2019-05-31": "1371.30000", "2018-05-31": "1291.50000", "2017-05-31": "1253.90000", "2016-05-31": "1146.60000", "2015-05-31": "1053.60000", "2014-05-31": "982.70000", "2013-05-31": "904.80000", "2012-05-31": "853.90010", "2011-05-31": "786.40000", "2010-05-31": "724.80000", "2009-05-31": "805.20010", "2008-05-31": "828.26710", "2007-05-31": "701.54800", "2006-05-31": "649.57090", "2005-05-31": "533.77500"}, "Basic Shares Outstanding": {"2020-05-31": "358.50000", "2019-05-31": "359.20000", "2018-05-31": "359.00000", "2017-05-31": "359.80000", "2016-05-31": "360.70000", "2015-05-31": "362.90000", "2014-05-31": "364.50000", "2013-05-31": "363.80000", "2012-05-31": "362.40000", "2011-05-31": "361.80000", "2010-05-31": "361.40000", "2009-05-31": "360.80000", "2008-05-31": "368.42000", "2007-05-31": "381.14900", "2006-05-31": "379.46500", "2005-05-31": "378.33700"}, "Shares Outstanding": {"2020-05-31": "361.00000", "2019-05-31": "361.80000", "2018-05-31": "361.50000", "2017-05-31": "362.60000", "2016-05-31": "362.50000", "2015-05-31": "364.60000", "2014-05-31": "366.10000", "2013-05-31": "364.70000", "2012-05-31": "363.00000", "2011-05-31": "362.40000", "2010-05-31": "361.70000", "2009-05-31": "361.00000", "2008-05-31": "369.52800", "2007-05-31": "382.80200", "2006-05-31": "381.35100", "2005-05-31": "379.76300"}, "Basic EPS": {"2020-05-31": "3.06000", "2019-05-31": "2.88000", "2018-05-31": "2.77000", "2017-05-31": "2.30000", "2016-05-31": "2.10000", "2015-05-31": "1.86000", "2014-05-31": "1.72000", "2013-05-31": "1.56000", "2012-05-31": "1.51000", "2011-05-31": "1.42000", "2010-05-31": "1.32000", "2009-05-31": "1.48000", "2008-05-31": "1.56000", "2007-05-31": "1.35000", "2006-05-31": "1.23000", "2005-05-31": "0.97000"}, "EPS - Earnings Per Share": {"2020-05-31": "3.04000", "2019-05-31": "2.86000", "2018-05-31": "2.75000", "2017-05-31": "2.28000", "2016-05-31": "2.09000", "2015-05-31": "1.85000", "2014-05-31": "1.71000", "2013-05-31": "1.56000", "2012-05-31": "1.51000", "2011-05-31": "1.42000", "2010-05-31": "1.32000", "2009-05-31": "1.48000", "2008-05-31": "1.56000", "2007-05-31": "1.35000", "2006-05-31": "1.22000", "2005-05-31": "0.97000"}}, "income statement, quarterly": {"Revenue": {"2020-11-30": "983.70000", "2020-08-31": "932.20000", "2020-05-31": "915.10010", "2020-02-29": "1142.70000", "2019-11-30": "990.70000", "2019-08-31": "992.00000", "2019-05-31": "980.40010", "2019-02-28": "1070.40000", "2018-11-30": "858.90000", "2018-08-31": "862.80000", "2018-05-31": "845.70010", "2018-02-28": "936.10000", "2017-11-30": "803.00000", "2017-08-31": "792.90000", "2017-05-31": "800.29990", "2017-02-28": "795.80000", "2016-11-30": "771.40000", "2016-08-31": "785.50000", "2016-05-31": "753.89980", "2016-02-29": "752.60000", "2015-11-30": "722.40000", "2015-08-31": "723.00000", "2015-05-31": "692.20000", "2015-02-28": "704.30000", "2014-11-30": "676.30000", "2014-08-31": "666.80000", "2014-05-31": "638.99990", "2014-02-28": "650.40000", "2013-11-30": "616.40000", "2013-08-31": "613.10000", "2013-05-31": "585.29990", "2013-02-28": "593.30000", "2012-11-30": "569.40000", "2012-08-31": "578.20000", "2012-05-31": "551.50010", "2012-02-29": "569.50000", "2011-11-30": "545.70000", "2011-08-31": "563.10000", "2011-05-31": "522.70000", "2011-02-28": "531.30000", "2010-11-30": "512.00000", "2010-08-31": "518.30000", "2010-05-31": "496.20000", "2010-02-28": "507.80000", "2009-11-30": "496.60000", "2009-08-31": "500.20000", "2009-05-31": "495.97410", "2009-02-28": "528.58100", "2008-11-30": "524.16000", "2008-08-31": "534.08500", "2008-05-31": "519.22800", "2008-02-29": "532.17200", "2007-11-30": "507.79300", "2007-08-31": "507.13000", "2007-05-31": "487.34810", "2007-02-28": "485.28700", "2006-11-30": "454.95500", "2006-08-31": "459.37400", "2006-05-31": "440.48000", "2006-02-28": "430.58600", "2005-11-30": "399.81500", "2005-08-31": "403.71500", "2005-05-31": "379.02190", "2005-02-28": "373.86100"}, "Cost Of Goods Sold": {"2020-11-30": "319.90000", "2020-08-31": "307.10000", "2020-05-31": "291.70010", "2020-02-29": "340.30000", "2019-11-30": "323.40000", "2019-08-31": "325.40000", "2019-05-31": "322.10010", "2019-02-28": "325.30000", "2018-11-30": "264.90000", "2018-08-31": "265.50000", "2018-05-31": "265.40000", "2018-02-28": "272.20000", "2017-11-30": "248.60000", "2017-08-31": "232.00000", "2017-05-31": "231.20000", "2017-02-28": "236.80000", "2016-11-30": "226.30000", "2016-08-31": "225.10000", "2016-05-31": "220.29990", "2016-02-29": "225.90000", "2015-11-30": "205.20000", "2015-08-31": "205.70000", "2015-05-31": "203.60000", "2015-02-28": "211.00000", "2014-11-30": "199.10000", "2014-08-31": "194.30000", "2014-05-31": "198.00000", "2014-02-28": "191.00000", "2013-11-30": "173.60000", "2013-08-31": "169.90000", "2013-05-31": "173.00000", "2013-02-28": "171.20000", "2012-11-30": "163.60000", "2012-08-31": "163.50000", "2012-05-31": "169.09990", "2012-02-29": "174.20000", "2011-11-30": "162.70000", "2011-08-31": "164.10000", "2011-05-31": "165.70000", "2011-02-28": "166.60000", "2010-11-30": "159.00000", "2010-08-31": "160.20000", "2010-05-31": "163.20000", "2010-02-28": "164.50000", "2009-11-30": "162.60000", "2009-08-31": "163.30000", "2009-05-31": "166.85400", "2009-02-28": "174.50300", "2008-11-30": "170.67500", "2008-08-31": "168.46800", "2008-05-31": "167.97300", "2008-02-29": "170.99500", "2007-11-30": "162.45200", "2007-08-31": "159.31500", "2007-05-31": "157.98200", "2007-02-28": "158.54300", "2006-11-30": "150.87000", "2006-08-31": "148.08400", "2006-05-31": "145.99800", "2006-02-28": "145.48600", "2005-11-30": "135.35000", "2005-08-31": "133.42100", "2005-05-31": "124.73400", "2005-02-28": "129.84700"}, "Gross Profit": {"2020-11-30": "663.80000", "2020-08-31": "625.10000", "2020-05-31": "623.40000", "2020-02-29": "802.40000", "2019-11-30": "667.30000", "2019-08-31": "666.60000", "2019-05-31": "658.30000", "2019-02-28": "745.10000", "2018-11-30": "594.00000", "2018-08-31": "597.30000", "2018-05-31": "580.30000", "2018-02-28": "663.90000", "2017-11-30": "554.40000", "2017-08-31": "560.90000", "2017-05-31": "569.09990", "2017-02-28": "559.00000", "2016-11-30": "545.10000", "2016-08-31": "560.40000", "2016-05-31": "533.59990", "2016-02-29": "526.70000", "2015-11-30": "517.20000", "2015-08-31": "517.30000", "2015-05-31": "488.60000", "2015-02-28": "493.30000", "2014-11-30": "477.20000", "2014-08-31": "472.50000", "2014-05-31": "440.99990", "2014-02-28": "459.40000", "2013-11-30": "442.80000", "2013-08-31": "443.20000", "2013-05-31": "412.29990", "2013-02-28": "422.10000", "2012-11-30": "405.80000", "2012-08-31": "414.70000", "2012-05-31": "382.40020", "2012-02-29": "395.30000", "2011-11-30": "383.00000", "2011-08-31": "399.00000", "2011-05-31": "357.00000", "2011-02-28": "364.70000", "2010-11-30": "353.00000", "2010-08-31": "358.10000", "2010-05-31": "333.00010", "2010-02-28": "343.30000", "2009-11-30": "334.00000", "2009-08-31": "336.90000", "2009-05-31": "329.12010", "2009-02-28": "354.07800", "2008-11-30": "353.48500", "2008-08-31": "365.61700", "2008-05-31": "351.25500", "2008-02-29": "361.17700", "2007-11-30": "345.34100", "2007-08-31": "347.81500", "2007-05-31": "329.36600", "2007-02-28": "326.74400", "2006-11-30": "304.08500", "2006-08-31": "311.29000", "2006-05-31": "294.48200", "2006-02-28": "285.10000", "2005-11-30": "264.46500", "2005-08-31": "270.29400", "2005-05-31": "254.28800", "2005-02-28": "244.01400"}, "Research And Development Expenses": {"2020-11-30": "", "2020-08-31": "", "2020-05-31": "", "2020-02-29": "", "2019-11-30": "", "2019-08-31": "", "2019-05-31": "", "2019-02-28": "", "2018-11-30": "", "2018-08-31": "", "2018-05-31": "", "2018-02-28": "", "2017-11-30": "", "2017-08-31": "", "2017-05-31": "", "2017-02-28": "", "2016-11-30": "", "2016-08-31": "", "2016-05-31": "", "2016-02-29": "", "2015-11-30": "", "2015-08-31": "", "2015-05-31": "", "2015-02-28": "", "2014-11-30": "", "2014-08-31": "", "2014-05-31": "", "2014-02-28": "", "2013-11-30": "", "2013-08-31": "", "2013-05-31": "", "2013-02-28": "", "2012-11-30": "", "2012-08-31": "", "2012-05-31": "", "2012-02-29": "", "2011-11-30": "", "2011-08-31": "", "2011-05-31": "", "2011-02-28": "", "2010-11-30": "", "2010-08-31": "", "2010-05-31": "", "2010-02-28": "", "2009-11-30": "", "2009-08-31": "", "2009-05-31": "", "2009-02-28": "", "2008-11-30": "", "2008-08-31": "", "2008-05-31": "", "2008-02-29": "", "2007-11-30": "", "2007-08-31": "", "2007-05-31": "", "2007-02-28": "", "2006-11-30": "", "2006-08-31": "", "2006-05-31": "", "2006-02-28": "", "2005-11-30": "", "2005-08-31": "", "2005-05-31": "", "2005-02-28": ""}, "SG&A Expenses": {"2020-11-30": "309.50000", "2020-08-31": "341.10000", "2020-05-31": "323.79990", "2020-02-29": "332.30000", "2019-11-30": "325.60000", "2019-08-31": "317.50000", "2019-05-31": "343.80000", "2019-02-28": "315.80000", "2018-11-30": "286.80000", "2018-08-31": "277.00000", "2018-05-31": "278.20000", "2018-02-28": "294.90000", "2017-11-30": "251.30000", "2017-08-31": "243.60000", "2017-05-31": "255.90010", "2017-02-28": "252.40000", "2016-11-30": "234.00000", "2016-08-31": "237.40000", "2016-05-31": "257.30000", "2016-02-29": "246.70000", "2015-11-30": "223.00000", "2015-08-31": "221.20000", "2015-05-31": "237.00000", "2015-02-28": "229.00000", "2014-11-30": "207.00000", "2014-08-31": "205.00000", "2014-05-31": "212.70000", "2014-02-28": "208.70000", "2013-11-30": "194.20000", "2013-08-31": "188.10000", "2013-05-31": "200.50000", "2013-02-28": "197.10000", "2012-11-30": "175.80000", "2012-08-31": "176.70000", "2012-05-31": "186.50000", "2012-02-29": "184.90000", "2011-11-30": "165.10000", "2011-08-31": "169.30000", "2011-05-31": "174.20000", "2011-02-28": "165.80000", "2010-11-30": "149.10000", "2010-08-31": "157.30000", "2010-05-31": "159.40000", "2010-02-28": "175.10000", "2009-11-30": "140.90000", "2009-08-31": "147.00000", "2009-05-31": "154.80600", "2009-02-28": "156.67700", "2008-11-30": "141.58500", "2008-08-31": "144.03200", "2008-05-31": "153.45100", "2008-02-29": "150.77800", "2007-11-30": "135.86500", "2007-08-31": "137.22700", "2007-05-31": "169.48400", "2007-02-28": "153.76000", "2006-11-30": "121.75700", "2006-08-31": "124.93600", "2006-05-31": "126.93600", "2006-02-28": "124.50000", "2005-11-30": "105.86000", "2005-08-31": "107.47400", "2005-05-31": "111.46100", "2005-02-28": "108.63200"}, "Other Operating Income Or Expenses": {"2020-11-30": "", "2020-08-31": "", "2020-05-31": "", "2020-02-29": "", "2019-11-30": "", "2019-08-31": "", "2019-05-31": "", "2019-02-28": "", "2018-11-30": "", "2018-08-31": "", "2018-05-31": "", "2018-02-28": "", "2017-11-30": "", "2017-08-31": "", "2017-05-31": "", "2017-02-28": "", "2016-11-30": "", "2016-08-31": "", "2016-05-31": "", "2016-02-29": "", "2015-11-30": "", "2015-08-31": "", "2015-05-31": "", "2015-02-28": "", "2014-11-30": "", "2014-08-31": "", "2014-05-31": "", "2014-02-28": "", "2013-11-30": "", "2013-08-31": "", "2013-05-31": "", "2013-02-28": "", "2012-11-30": "", "2012-08-31": "", "2012-05-31": "", "2012-02-29": "", "2011-11-30": "", "2011-08-31": "", "2011-05-31": "", "2011-02-28": "", "2010-11-30": "", "2010-08-31": "", "2010-05-31": "", "2010-02-28": "", "2009-11-30": "", "2009-08-31": "", "2009-05-31": "", "2009-02-28": "", "2008-11-30": "", "2008-08-31": "", "2008-05-31": "", "2008-02-29": "", "2007-11-30": "", "2007-08-31": "", "2007-05-31": "", "2007-02-28": "", "2006-11-30": "", "2006-08-31": "", "2006-05-31": "", "2006-02-28": "", "2005-11-30": "", "2005-08-31": "", "2005-05-31": "", "2005-02-28": ""}, "Operating Expenses": {"2020-11-30": "629.40000", "2020-08-31": "648.20000", "2020-05-31": "615.50000", "2020-02-29": "672.60000", "2019-11-30": "649.00000", "2019-08-31": "642.90000", "2019-05-31": "665.90030", "2019-02-28": "641.10000", "2018-11-30": "551.70000", "2018-08-31": "542.50000", "2018-05-31": "543.60000", "2018-02-28": "567.10000", "2017-11-30": "499.90000", "2017-08-31": "475.60000", "2017-05-31": "487.10020", "2017-02-28": "489.20000", "2016-11-30": "460.30000", "2016-08-31": "462.50000", "2016-05-31": "477.60010", "2016-02-29": "472.60000", "2015-11-30": "428.20000", "2015-08-31": "426.90000", "2015-05-31": "440.60000", "2015-02-28": "440.00000", "2014-11-30": "406.10000", "2014-08-31": "399.30000", "2014-05-31": "410.70000", "2014-02-28": "399.70000", "2013-11-30": "367.80000", "2013-08-31": "358.00000", "2013-05-31": "373.49980", "2013-02-28": "368.30000", "2012-11-30": "339.40000", "2012-08-31": "340.20000", "2012-05-31": "355.59990", "2012-02-29": "359.10000", "2011-11-30": "327.80000", "2011-08-31": "333.40000", "2011-05-31": "339.90000", "2011-02-28": "332.40000", "2010-11-30": "308.10000", "2010-08-31": "317.50000", "2010-05-31": "322.60000", "2010-02-28": "339.60000", "2009-11-30": "303.50000", "2009-08-31": "310.30000", "2009-05-31": "321.66000", "2009-02-28": "331.18000", "2008-11-30": "312.26000", "2008-08-31": "312.50000", "2008-05-31": "321.42390", "2008-02-29": "321.77300", "2007-11-30": "298.31700", "2007-08-31": "296.54200", "2007-05-31": "327.46600", "2007-02-28": "312.30300", "2006-11-30": "272.62700", "2006-08-31": "273.02000", "2006-05-31": "272.93400", "2006-02-28": "269.98600", "2005-11-30": "241.21000", "2005-08-31": "240.89500", "2005-05-31": "236.19500", "2005-02-28": "238.47900"}, "Operating Income": {"2020-11-30": "354.30000", "2020-08-31": "284.00000", "2020-05-31": "299.60010", "2020-02-29": "470.10000", "2019-11-30": "341.70000", "2019-08-31": "349.10000", "2019-05-31": "314.49980", "2019-02-28": "429.30000", "2018-11-30": "307.20010", "2018-08-31": "320.30000", "2018-05-31": "302.10010", "2018-02-28": "369.00000", "2017-11-30": "303.10000", "2017-08-31": "317.30000", "2017-05-31": "313.19980", "2017-02-28": "306.60000", "2016-11-30": "311.10000", "2016-08-31": "323.00000", "2016-05-31": "276.29970", "2016-02-29": "280.00000", "2015-11-30": "294.20000", "2015-08-31": "296.10000", "2015-05-31": "251.60000", "2015-02-28": "264.30000", "2014-11-30": "270.20000", "2014-08-31": "267.50000", "2014-05-31": "228.29990", "2014-02-28": "250.70000", "2013-11-30": "248.60000", "2013-08-31": "255.10000", "2013-05-31": "211.80000", "2013-02-28": "225.00000", "2012-11-30": "230.00000", "2012-08-31": "238.00000", "2012-05-31": "195.90020", "2012-02-29": "210.40000", "2011-11-30": "217.90000", "2011-08-31": "229.70000", "2011-05-31": "182.80000", "2011-02-28": "198.90000", "2010-11-30": "203.90000", "2010-08-31": "200.80000", "2010-05-31": "173.60000", "2010-02-28": "168.20000", "2009-11-30": "193.10000", "2009-08-31": "189.90000", "2009-05-31": "174.31410", "2009-02-28": "197.40100", "2008-11-30": "211.90000", "2008-08-31": "221.58500", "2008-05-31": "197.80410", "2008-02-29": "210.39900", "2007-11-30": "209.47600", "2007-08-31": "210.58800", "2007-05-31": "159.88200", "2007-02-28": "172.98400", "2006-11-30": "182.32800", "2006-08-31": "186.35400", "2006-05-31": "167.54600", "2006-02-28": "160.60000", "2005-11-30": "158.60500", "2005-08-31": "162.82000", "2005-05-31": "142.82700", "2005-02-28": "135.38200"}, "Total Non-Operating Income/Expense": {"2020-11-30": "-4.70000", "2020-08-31": "-7.90000", "2020-05-31": "-8.00000", "2020-02-29": "-5.90000", "2019-11-30": "-4.70000", "2019-08-31": "-4.80000", "2019-05-31": "-4.00000", "2019-02-28": "-3.70000", "2018-11-30": "2.10000", "2018-08-31": "2.30000", "2018-05-31": "2.50000", "2018-02-28": "2.30000", "2017-11-30": "1.70000", "2017-08-31": "2.10000", "2017-05-31": "1.60000", "2017-02-28": "1.20000", "2016-11-30": "0.90000", "2016-08-31": "1.50000", "2016-05-31": "-0.20000", "2016-02-29": "1.70000", "2015-11-30": "1.60000", "2015-08-31": "1.40000", "2015-05-31": "2.00000", "2015-02-28": "1.60000", "2014-11-30": "1.40000", "2014-08-31": "1.40000", "2014-05-31": "1.40000", "2014-02-28": "1.50000", "2013-11-30": "1.30000", "2013-08-31": "1.20000", "2013-05-31": "1.40000", "2013-02-28": "1.40000", "2012-11-30": "1.90000", "2012-08-31": "1.90000", "2012-05-31": "1.80000", "2012-02-29": "1.60000", "2011-11-30": "1.50000", "2011-08-31": "1.50000", "2011-05-31": "1.40000", "2011-02-28": "1.50000", "2010-11-30": "1.50000", "2010-08-31": "1.40000", "2010-05-31": "1.30000", "2010-02-28": "1.20000", "2009-11-30": "1.10000", "2009-08-31": "0.90000", "2009-05-31": "0.85000", "2009-02-28": "1.06700", "2008-11-30": "1.93200", "2008-08-31": "3.05100", "2008-05-31": "3.21100", "2008-02-29": "3.59700", "2007-11-30": "7.50300", "2007-08-31": "12.23700", "2007-05-31": "11.87000", "2007-02-28": "10.49400", "2006-11-30": "9.94100", "2006-08-31": "9.41600", "2006-05-31": "8.42600", "2006-02-28": "6.35800", "2005-11-30": "5.55200", "2005-08-31": "4.85900", "2005-05-31": "4.28200", "2005-02-28": "3.09900"}, "Pre-Tax Income": {"2020-11-30": "349.60000", "2020-08-31": "276.10000", "2020-05-31": "291.60000", "2020-02-29": "464.20000", "2019-11-30": "337.00000", "2019-08-31": "344.30000", "2019-05-31": "310.50000", "2019-02-28": "425.60000", "2018-11-30": "309.30000", "2018-08-31": "322.60000", "2018-05-31": "304.60000", "2018-02-28": "371.30000", "2017-11-30": "304.80000", "2017-08-31": "319.40000", "2017-05-31": "314.80000", "2017-02-28": "307.80000", "2016-11-30": "312.00000", "2016-08-31": "324.50000", "2016-05-31": "276.10000", "2016-02-29": "281.70000", "2015-11-30": "295.80000", "2015-08-31": "297.50000", "2015-05-31": "253.60000", "2015-02-28": "265.90000", "2014-11-30": "271.60000", "2014-08-31": "268.90000", "2014-05-31": "229.70000", "2014-02-28": "252.20000", "2013-11-30": "249.90000", "2013-08-31": "256.30000", "2013-05-31": "213.20000", "2013-02-28": "226.40000", "2012-11-30": "231.90000", "2012-08-31": "239.90000", "2012-05-31": "197.70000", "2012-02-29": "212.00000", "2011-11-30": "219.40000", "2011-08-31": "231.20000", "2011-05-31": "184.20010", "2011-02-28": "200.40000", "2010-11-30": "205.40000", "2010-08-31": "202.20000", "2010-05-31": "174.90000", "2010-02-28": "169.40000", "2009-11-30": "194.20000", "2009-08-31": "190.80000", "2009-05-31": "175.16400", "2009-02-28": "198.46800", "2008-11-30": "213.83200", "2008-08-31": "224.63600", "2008-05-31": "201.01500", "2008-02-29": "213.99600", "2007-11-30": "216.97900", "2007-08-31": "222.82500", "2007-05-31": "171.75200", "2007-02-28": "183.47800", "2006-11-30": "192.26900", "2006-08-31": "195.77000", "2006-05-31": "175.97200", "2006-02-28": "166.95800", "2005-11-30": "164.15700", "2005-08-31": "167.67900", "2005-05-31": "147.10900", "2005-02-28": "138.48100"}, "Income Taxes": {"2020-11-30": "77.20000", "2020-08-31": "64.50000", "2020-05-31": "70.90000", "2020-02-29": "109.70000", "2019-11-30": "78.30000", "2019-08-31": "80.10000", "2019-05-31": "80.10000", "2019-02-28": "101.00000", "2018-11-30": "73.50000", "2018-08-31": "79.00000", "2018-05-31": "86.90000", "2018-02-28": "4.10000", "2017-11-30": "106.00000", "2017-08-31": "109.00000", "2017-05-31": "110.50000", "2017-02-28": "105.30000", "2016-11-30": "109.90000", "2016-08-31": "107.10000", "2016-05-31": "98.00000", "2016-02-29": "101.30000", "2015-11-30": "106.60000", "2015-08-31": "88.40000", "2015-05-31": "92.40000", "2015-02-28": "96.50000", "2014-11-30": "98.60000", "2014-08-31": "97.60000", "2014-05-31": "83.80000", "2014-02-28": "92.10000", "2013-11-30": "91.20000", "2013-08-31": "93.50000", "2013-05-31": "89.70000", "2013-02-28": "81.90000", "2012-11-30": "84.00000", "2012-08-31": "86.80000", "2012-05-31": "74.40000", "2012-02-29": "76.60000", "2011-11-30": "79.00000", "2011-08-31": "82.30000", "2011-05-31": "65.30000", "2011-02-28": "69.80000", "2010-11-30": "71.50000", "2010-08-31": "70.30000", "2010-05-31": "59.30000", "2010-02-28": "57.40000", "2009-11-30": "68.40000", "2009-08-31": "67.20000", "2009-05-31": "61.40500", "2009-02-28": "67.67800", "2008-11-30": "73.59000", "2008-08-31": "75.92700", "2008-05-31": "65.53100", "2008-02-29": "71.52200", "2007-11-30": "69.86700", "2007-08-31": "71.75000", "2007-05-31": "50.65200", "2007-02-28": "56.87800", "2006-11-30": "59.60300", "2006-08-31": "60.68900", "2006-05-31": "53.23200", "2006-02-28": "52.42400", "2005-11-30": "51.54500", "2005-08-31": "52.65100", "2005-05-31": "45.62800", "2005-02-28": "45.69900"}, "Income After Taxes": {"2020-11-30": "272.40000", "2020-08-31": "211.60000", "2020-05-31": "220.70000", "2020-02-29": "354.50000", "2019-11-30": "258.70000", "2019-08-31": "264.20000", "2019-05-31": "230.40010", "2019-02-28": "324.60000", "2018-11-30": "235.80000", "2018-08-31": "243.60000", "2018-05-31": "217.70000", "2018-02-28": "367.20000", "2017-11-30": "198.80000", "2017-08-31": "210.40000", "2017-05-31": "204.30000", "2017-02-28": "202.50000", "2016-11-30": "202.10000", "2016-08-31": "217.40000", "2016-05-31": "178.10000", "2016-02-29": "180.40000", "2015-11-30": "189.20000", "2015-08-31": "209.10000", "2015-05-31": "161.20000", "2015-02-28": "169.40000", "2014-11-30": "173.00000", "2014-08-31": "171.30000", "2014-05-31": "145.90000", "2014-02-28": "160.10000", "2013-11-30": "158.70000", "2013-08-31": "162.80000", "2013-05-31": "123.50000", "2013-02-28": "144.50000", "2012-11-30": "147.90000", "2012-08-31": "153.10000", "2012-05-31": "123.30000", "2012-02-29": "135.40000", "2011-11-30": "140.40000", "2011-08-31": "148.90000", "2011-05-31": "118.90010", "2011-02-28": "130.60000", "2010-11-30": "133.90000", "2010-08-31": "131.90000", "2010-05-31": "115.60000", "2010-02-28": "112.00000", "2009-11-30": "125.80000", "2009-08-31": "123.60000", "2009-05-31": "113.75900", "2009-02-28": "130.79000", "2008-11-30": "140.24200", "2008-08-31": "148.70900", "2008-05-31": "135.48400", "2008-02-29": "142.47400", "2007-11-30": "147.11200", "2007-08-31": "151.07500", "2007-05-31": "121.10000", "2007-02-28": "126.60000", "2006-11-30": "132.66600", "2006-08-31": "135.08100", "2006-05-31": "122.74000", "2006-02-28": "114.53400", "2005-11-30": "112.61200", "2005-08-31": "115.02800", "2005-05-31": "101.48100", "2005-02-28": "92.78200"}, "Other Income": {"2020-11-30": "", "2020-08-31": "", "2020-05-31": "", "2020-02-29": "", "2019-11-30": "", "2019-08-31": "", "2019-05-31": "", "2019-02-28": "", "2018-11-30": "", "2018-08-31": "", "2018-05-31": "", "2018-02-28": "", "2017-11-30": "", "2017-08-31": "", "2017-05-31": "", "2017-02-28": "", "2016-11-30": "", "2016-08-31": "", "2016-05-31": "", "2016-02-29": "", "2015-11-30": "", "2015-08-31": "", "2015-05-31": "", "2015-02-28": "", "2014-11-30": "", "2014-08-31": "", "2014-05-31": "", "2014-02-28": "", "2013-11-30": "", "2013-08-31": "", "2013-05-31": "", "2013-02-28": "", "2012-11-30": "", "2012-08-31": "", "2012-05-31": "", "2012-02-29": "", "2011-11-30": "", "2011-08-31": "", "2011-05-31": "", "2011-02-28": "", "2010-11-30": "", "2010-08-31": "", "2010-05-31": "", "2010-02-28": "", "2009-11-30": "", "2009-08-31": "", "2009-05-31": "", "2009-02-28": "", "2008-11-30": "", "2008-08-31": "", "2008-05-31": "", "2008-02-29": "", "2007-11-30": "", "2007-08-31": "", "2007-05-31": "", "2007-02-28": "", "2006-11-30": "", "2006-08-31": "", "2006-05-31": "", "2006-02-28": "", "2005-11-30": "", "2005-08-31": "", "2005-05-31": "", "2005-02-28": ""}, "Income From Continuous Operations": {"2020-11-30": "272.40000", "2020-08-31": "211.60000", "2020-05-31": "220.70000", "2020-02-29": "354.50000", "2019-11-30": "258.70000", "2019-08-31": "264.20000", "2019-05-31": "230.40010", "2019-02-28": "324.60000", "2018-11-30": "235.80000", "2018-08-31": "243.60000", "2018-05-31": "217.70000", "2018-02-28": "367.20000", "2017-11-30": "198.80000", "2017-08-31": "210.40000", "2017-05-31": "204.30000", "2017-02-28": "202.50000", "2016-11-30": "202.10000", "2016-08-31": "217.40000", "2016-05-31": "178.10000", "2016-02-29": "180.40000", "2015-11-30": "189.20000", "2015-08-31": "209.10000", "2015-05-31": "161.20000", "2015-02-28": "169.40000", "2014-11-30": "173.00000", "2014-08-31": "171.30000", "2014-05-31": "145.90000", "2014-02-28": "160.10000", "2013-11-30": "158.70000", "2013-08-31": "162.80000", "2013-05-31": "123.50000", "2013-02-28": "144.50000", "2012-11-30": "147.90000", "2012-08-31": "153.10000", "2012-05-31": "123.30000", "2012-02-29": "135.40000", "2011-11-30": "140.40000", "2011-08-31": "148.90000", "2011-05-31": "118.90010", "2011-02-28": "130.60000", "2010-11-30": "133.90000", "2010-08-31": "131.90000", "2010-05-31": "115.60000", "2010-02-28": "112.00000", "2009-11-30": "125.80000", "2009-08-31": "123.60000", "2009-05-31": "113.75900", "2009-02-28": "130.79000", "2008-11-30": "140.24200", "2008-08-31": "148.70900", "2008-05-31": "135.48400", "2008-02-29": "142.47400", "2007-11-30": "147.11200", "2007-08-31": "151.07500", "2007-05-31": "121.10000", "2007-02-28": "126.60000", "2006-11-30": "132.66600", "2006-08-31": "135.08100", "2006-05-31": "122.74000", "2006-02-28": "114.53400", "2005-11-30": "112.61200", "2005-08-31": "115.02800", "2005-05-31": "101.48100", "2005-02-28": "92.78200"}, "Income From Discontinued Operations": {"2020-11-30": "", "2020-08-31": "", "2020-05-31": "", "2020-02-29": "", "2019-11-30": "", "2019-08-31": "", "2019-05-31": "", "2019-02-28": "", "2018-11-30": "", "2018-08-31": "", "2018-05-31": "", "2018-02-28": "", "2017-11-30": "", "2017-08-31": "", "2017-05-31": "", "2017-02-28": "", "2016-11-30": "", "2016-08-31": "", "2016-05-31": "", "2016-02-29": "", "2015-11-30": "", "2015-08-31": "", "2015-05-31": "", "2015-02-28": "", "2014-11-30": "", "2014-08-31": "", "2014-05-31": "", "2014-02-28": "", "2013-11-30": "", "2013-08-31": "", "2013-05-31": "", "2013-02-28": "", "2012-11-30": "", "2012-08-31": "", "2012-05-31": "", "2012-02-29": "", "2011-11-30": "", "2011-08-31": "", "2011-05-31": "", "2011-02-28": "", "2010-11-30": "", "2010-08-31": "", "2010-05-31": "", "2010-02-28": "", "2009-11-30": "", "2009-08-31": "", "2009-05-31": "", "2009-02-28": "", "2008-11-30": "", "2008-08-31": "", "2008-05-31": "", "2008-02-29": "", "2007-11-30": "", "2007-08-31": "", "2007-05-31": "", "2007-02-28": "", "2006-11-30": "", "2006-08-31": "", "2006-05-31": "", "2006-02-28": "", "2005-11-30": "", "2005-08-31": "", "2005-05-31": "", "2005-02-28": ""}, "Net Income": {"2020-11-30": "272.40000", "2020-08-31": "211.60000", "2020-05-31": "220.70000", "2020-02-29": "354.50000", "2019-11-30": "258.70000", "2019-08-31": "264.20000", "2019-05-31": "230.40010", "2019-02-28": "324.60000", "2018-11-30": "235.80000", "2018-08-31": "243.60000", "2018-05-31": "217.70000", "2018-02-28": "367.20000", "2017-11-30": "198.80000", "2017-08-31": "210.40000", "2017-05-31": "204.30000", "2017-02-28": "202.50000", "2016-11-30": "202.10000", "2016-08-31": "217.40000", "2016-05-31": "178.10000", "2016-02-29": "180.40000", "2015-11-30": "189.20000", "2015-08-31": "209.10000", "2015-05-31": "161.20000", "2015-02-28": "169.40000", "2014-11-30": "173.00000", "2014-08-31": "171.30000", "2014-05-31": "145.90000", "2014-02-28": "160.10000", "2013-11-30": "158.70000", "2013-08-31": "162.80000", "2013-05-31": "123.50000", "2013-02-28": "144.50000", "2012-11-30": "147.90000", "2012-08-31": "153.10000", "2012-05-31": "123.30000", "2012-02-29": "135.40000", "2011-11-30": "140.40000", "2011-08-31": "148.90000", "2011-05-31": "118.90000", "2011-02-28": "130.60000", "2010-11-30": "133.90000", "2010-08-31": "131.90000", "2010-05-31": "115.60000", "2010-02-28": "112.00000", "2009-11-30": "125.80000", "2009-08-31": "123.60000", "2009-05-31": "113.75900", "2009-02-28": "130.79000", "2008-11-30": "140.24200", "2008-08-31": "148.70900", "2008-05-31": "135.48400", "2008-02-29": "142.47400", "2007-11-30": "147.11200", "2007-08-31": "151.07500", "2007-05-31": "121.10000", "2007-02-28": "126.60000", "2006-11-30": "132.66600", "2006-08-31": "135.08100", "2006-05-31": "122.74000", "2006-02-28": "114.53400", "2005-11-30": "112.61200", "2005-08-31": "115.02800", "2005-05-31": "101.48100", "2005-02-28": "92.78200"}, "EBITDA": {"2020-11-30": "459.70000", "2020-08-31": "390.40000", "2020-05-31": "408.40010", "2020-02-29": "577.20000", "2019-11-30": "453.50000", "2019-08-31": "458.00000", "2019-05-31": "425.89980", "2019-02-28": "538.70010", "2018-11-30": "402.20010", "2018-08-31": "415.20000", "2018-05-31": "397.30010", "2018-02-28": "552.40000", "2017-11-30": "353.50000", "2017-08-31": "366.40000", "2017-05-31": "536.29970", "2017-02-28": "355.60000", "2016-11-30": "359.50000", "2016-08-31": "371.30000", "2016-05-31": "324.79970", "2016-02-29": "329.20000", "2015-11-30": "340.90000", "2015-08-31": "342.50000", "2015-05-31": "298.40000", "2015-02-28": "310.30000", "2014-11-30": "315.30000", "2014-08-31": "312.40000", "2014-05-31": "274.59990", "2014-02-28": "294.90000", "2013-11-30": "292.30000", "2013-08-31": "296.20000", "2013-05-31": "251.50000", "2013-02-28": "264.30000", "2012-11-30": "268.00000", "2012-08-31": "275.40000", "2012-05-31": "232.00020", "2012-02-29": "245.50000", "2011-11-30": "252.50000", "2011-08-31": "264.20000", "2011-05-31": "217.20000", "2011-02-28": "231.60000", "2010-11-30": "234.10000", "2010-08-31": "231.10000", "2010-05-31": "204.40000", "2010-02-28": "198.80000", "2009-11-30": "223.60000", "2009-08-31": "219.50000", "2009-05-31": "203.14210", "2009-02-28": "223.75500", "2008-11-30": "238.29400", "2008-08-31": "248.80900", "2008-05-31": "225.52910", "2008-02-29": "235.62500", "2007-11-30": "233.07600", "2007-08-31": "233.68400", "2007-05-31": "184.38100", "2007-02-28": "198.09900", "2006-11-30": "206.49000", "2006-08-31": "209.56400", "2006-05-31": "192.02000", "2006-02-28": "184.79700", "2005-11-30": "181.98500", "2005-08-31": "185.18300", "2005-05-31": "168.55700", "2005-02-28": "156.69700"}, "EBIT": {"2020-11-30": "354.30000", "2020-08-31": "284.00000", "2020-05-31": "299.60000", "2020-02-29": "470.10000", "2019-11-30": "341.70000", "2019-08-31": "349.10000", "2019-05-31": "314.49970", "2019-02-28": "429.30000", "2018-11-30": "307.20010", "2018-08-31": "320.30000", "2018-05-31": "302.10000", "2018-02-28": "369.00000", "2017-11-30": "303.10000", "2017-08-31": "317.30000", "2017-05-31": "313.19990", "2017-02-28": "306.60000", "2016-11-30": "311.10000", "2016-08-31": "323.00000", "2016-05-31": "276.29980", "2016-02-29": "280.00000", "2015-11-30": "294.20000", "2015-08-31": "296.10000", "2015-05-31": "251.60010", "2015-02-28": "264.30000", "2014-11-30": "270.20000", "2014-08-31": "267.50000", "2014-05-31": "228.29990", "2014-02-28": "250.70000", "2013-11-30": "248.60000", "2013-08-31": "255.10000", "2013-05-31": "211.80000", "2013-02-28": "225.00000", "2012-11-30": "230.00000", "2012-08-31": "238.00000", "2012-05-31": "195.90010", "2012-02-29": "210.40000", "2011-11-30": "217.90000", "2011-08-31": "229.70000", "2011-05-31": "182.80010", "2011-02-28": "198.90000", "2010-11-30": "203.90000", "2010-08-31": "200.80000", "2010-05-31": "173.60010", "2010-02-28": "168.20000", "2009-11-30": "193.10000", "2009-08-31": "189.90000", "2009-05-31": "174.31410", "2009-02-28": "197.40100", "2008-11-30": "211.90000", "2008-08-31": "221.58500", "2008-05-31": "197.80410", "2008-02-29": "210.39900", "2007-11-30": "209.47600", "2007-08-31": "210.58800", "2007-05-31": "159.88200", "2007-02-28": "172.98400", "2006-11-30": "182.32800", "2006-08-31": "186.35400", "2006-05-31": "167.54590", "2006-02-28": "160.60000", "2005-11-30": "158.60500", "2005-08-31": "162.82000", "2005-05-31": "142.82700", "2005-02-28": "135.38200"}, "Basic Shares Outstanding": {"2020-11-30": "360.00000", "2020-08-31": "359.10000", "2020-05-31": "358.50000", "2020-02-29": "358.50000", "2019-11-30": "358.10000", "2019-08-31": "358.60000", "2019-05-31": "359.20000", "2019-02-28": "359.20000", "2018-11-30": "359.10000", "2018-08-31": "359.10000", "2018-05-31": "359.00000", "2018-02-28": "359.20000", "2017-11-30": "359.10000", "2017-08-31": "358.90000", "2017-05-31": "359.80000", "2017-02-28": "359.00000", "2016-11-30": "360.20000", "2016-08-31": "361.00000", "2016-05-31": "360.70000", "2016-02-29": "360.50000", "2015-11-30": "360.70000", "2015-08-31": "361.10000", "2015-05-31": "362.90000", "2015-02-28": "363.20000", "2014-11-30": "363.00000", "2014-08-31": "363.10000", "2014-05-31": "364.50000", "2014-02-28": "364.20000", "2013-11-30": "364.90000", "2013-08-31": "365.30000", "2013-05-31": "363.80000", "2013-02-28": "363.80000", "2012-11-30": "363.60000", "2012-08-31": "363.00000", "2012-05-31": "362.40000", "2012-02-29": "362.50000", "2011-11-30": "362.40000", "2011-08-31": "362.20000", "2011-05-31": "361.80000", "2011-02-28": "361.80000", "2010-11-30": "361.70000", "2010-08-31": "361.60000", "2010-05-31": "361.40000", "2010-02-28": "361.40000", "2009-11-30": "361.40000", "2009-08-31": "361.20000", "2009-05-31": "360.80000", "2009-02-28": "360.82100", "2008-11-30": "360.81200", "2008-08-31": "360.62900", "2008-05-31": "368.42000", "2008-02-29": "361.17800", "2007-11-30": "369.91400", "2007-08-31": "380.53900", "2007-05-31": "381.14900", "2007-02-28": "381.47500", "2006-11-30": "380.74700", "2006-08-31": "380.36000", "2006-05-31": "379.46500", "2006-02-28": "379.68000", "2005-11-30": "379.26800", "2005-08-31": "378.81000", "2005-05-31": "378.33700", "2005-02-28": "378.40300"}, "Shares Outstanding": {"2020-11-30": "362.00000", "2020-08-31": "361.30000", "2020-05-31": "361.00000", "2020-02-29": "361.00000", "2019-11-30": "360.60000", "2019-08-31": "361.50000", "2019-05-31": "361.80000", "2019-02-28": "361.60000", "2018-11-30": "361.50000", "2018-08-31": "361.50000", "2018-05-31": "361.50000", "2018-02-28": "362.00000", "2017-11-30": "361.40000", "2017-08-31": "361.30000", "2017-05-31": "362.60000", "2017-02-28": "361.80000", "2016-11-30": "362.60000", "2016-08-31": "364.10000", "2016-05-31": "362.50000", "2016-02-29": "362.20000", "2015-11-30": "362.30000", "2015-08-31": "362.80000", "2015-05-31": "364.60000", "2015-02-28": "365.00000", "2014-11-30": "364.60000", "2014-08-31": "364.70000", "2014-05-31": "366.10000", "2014-02-28": "365.80000", "2013-11-30": "366.40000", "2013-08-31": "366.70000", "2013-05-31": "364.70000", "2013-02-28": "364.60000", "2012-11-30": "364.40000", "2012-08-31": "363.80000", "2012-05-31": "363.00000", "2012-02-29": "363.10000", "2011-11-30": "362.80000", "2011-08-31": "362.80000", "2011-05-31": "362.40000", "2011-02-28": "362.60000", "2010-11-30": "362.10000", "2010-08-31": "362.00000", "2010-05-31": "361.70000", "2010-02-28": "361.90000", "2009-11-30": "361.70000", "2009-08-31": "361.40000", "2009-05-31": "361.00000", "2009-02-28": "360.91300", "2008-11-30": "360.97700", "2008-08-31": "361.04000", "2008-05-31": "369.52800", "2008-02-29": "361.77000", "2007-11-30": "371.40400", "2007-08-31": "382.25500", "2007-05-31": "382.80200", "2007-02-28": "383.33500", "2006-11-30": "382.43300", "2006-08-31": "381.87600", "2006-05-31": "381.35100", "2006-02-28": "381.75100", "2005-11-30": "381.25600", "2005-08-31": "380.18000", "2005-05-31": "379.76300", "2005-02-28": "379.81400"}, "Basic EPS": {"2020-11-30": "0.76000", "2020-08-31": "0.59000", "2020-05-31": "0.61000", "2020-02-29": "0.99000", "2019-11-30": "0.72000", "2019-08-31": "0.74000", "2019-05-31": "0.64000", "2019-02-28": "0.90000", "2018-11-30": "0.66000", "2018-08-31": "0.68000", "2018-05-31": "0.61000", "2018-02-28": "1.02000", "2017-11-30": "0.55000", "2017-08-31": "0.59000", "2017-05-31": "0.58000", "2017-02-28": "0.56000", "2016-11-30": "0.56000", "2016-08-31": "0.60000", "2016-05-31": "0.50000", "2016-02-29": "0.50000", "2015-11-30": "0.52000", "2015-08-31": "0.58000", "2015-05-31": "0.44000", "2015-02-28": "0.47000", "2014-11-30": "0.48000", "2014-08-31": "0.47000", "2014-05-31": "0.40000", "2014-02-28": "0.44000", "2013-11-30": "0.43000", "2013-08-31": "0.45000", "2013-05-31": "0.33000", "2013-02-28": "0.40000", "2012-11-30": "0.41000", "2012-08-31": "0.42000", "2012-05-31": "0.34000", "2012-02-29": "0.37000", "2011-11-30": "0.39000", "2011-08-31": "0.41000", "2011-05-31": "0.33000", "2011-02-28": "0.36000", "2010-11-30": "0.37000", "2010-08-31": "0.36000", "2010-05-31": "0.32000", "2010-02-28": "0.31000", "2009-11-30": "0.35000", "2009-08-31": "0.34000", "2009-05-31": "0.32000", "2009-02-28": "0.36000", "2008-11-30": "0.39000", "2008-08-31": "0.41000", "2008-05-31": "0.37000", "2008-02-29": "0.39000", "2007-11-30": "0.40000", "2007-08-31": "0.40000", "2007-05-31": "0.31000", "2007-02-28": "0.33000", "2006-11-30": "0.35000", "2006-08-31": "0.36000", "2006-05-31": "0.33000", "2006-02-28": "0.30000", "2005-11-30": "0.30000", "2005-08-31": "0.30000", "2005-05-31": "0.26000", "2005-02-28": "0.25000"}, "EPS - Earnings Per Share": {"2020-11-30": "0.75000", "2020-08-31": "0.59000", "2020-05-31": "0.61000", "2020-02-29": "0.98000", "2019-11-30": "0.72000", "2019-08-31": "0.73000", "2019-05-31": "0.64000", "2019-02-28": "0.90000", "2018-11-30": "0.65000", "2018-08-31": "0.67000", "2018-05-31": "0.61000", "2018-02-28": "1.01000", "2017-11-30": "0.55000", "2017-08-31": "0.58000", "2017-05-31": "0.56000", "2017-02-28": "0.56000", "2016-11-30": "0.56000", "2016-08-31": "0.60000", "2016-05-31": "0.49000", "2016-02-29": "0.50000", "2015-11-30": "0.52000", "2015-08-31": "0.58000", "2015-05-31": "0.45000", "2015-02-28": "0.46000", "2014-11-30": "0.47000", "2014-08-31": "0.47000", "2014-05-31": "0.40000", "2014-02-28": "0.44000", "2013-11-30": "0.43000", "2013-08-31": "0.44000", "2013-05-31": "0.33000", "2013-02-28": "0.40000", "2012-11-30": "0.41000", "2012-08-31": "0.42000", "2012-05-31": "0.34000", "2012-02-29": "0.37000", "2011-11-30": "0.39000", "2011-08-31": "0.41000", "2011-05-31": "0.33000", "2011-02-28": "0.36000", "2010-11-30": "0.37000", "2010-08-31": "0.36000", "2010-05-31": "0.32000", "2010-02-28": "0.31000", "2009-11-30": "0.35000", "2009-08-31": "0.34000", "2009-05-31": "0.32000", "2009-02-28": "0.36000", "2008-11-30": "0.39000", "2008-08-31": "0.41000", "2008-05-31": "0.37000", "2008-02-29": "0.39000", "2007-11-30": "0.40000", "2007-08-31": "0.40000", "2007-05-31": "0.32000", "2007-02-28": "0.33000", "2006-11-30": "0.35000", "2006-08-31": "0.35000", "2006-05-31": "0.32000", "2006-02-28": "0.30000", "2005-11-30": "0.30000", "2005-08-31": "0.30000", "2005-05-31": "0.27000", "2005-02-28": "0.24000"}}, "balance sheet": {"Cash On Hand": {"2020-05-31": "982.20000", "2019-05-31": "763.20000", "2018-05-31": "424.20000", "2017-05-31": "323.40000", "2016-05-31": "352.10000", "2015-05-31": "536.60000", "2014-05-31": "551.20000", "2013-05-31": "505.50000", "2012-05-31": "316.30000", "2011-05-31": "464.00000", "2010-05-31": "366.80000", "2009-05-31": "492.47900", "2008-05-31": "392.96410", "2007-05-31": "591.12520", "2006-05-31": "577.42980", "2005-05-31": "303.38800"}, "Receivables": {"2020-05-31": "790.30000", "2019-05-31": "854.20000", "2018-05-31": "524.60000", "2017-05-31": "543.40000", "2016-05-31": "444.70000", "2015-05-31": "214.50000", "2014-05-31": "185.70000", "2013-05-31": "165.80000", "2012-05-31": "173.00000", "2011-05-31": "190.50000", "2010-05-31": "215.30000", "2009-05-31": "205.68000", "2008-05-31": "219.12100", "2007-05-31": "239.89700", "2006-05-31": "227.97400", "2005-05-31": "192.95700"}, "Inventory": {"2020-05-31": "", "2019-05-31": "", "2018-05-31": "", "2017-05-31": "", "2016-05-31": "", "2015-05-31": "", "2014-05-31": "", "2013-05-31": "", "2012-05-31": "", "2011-05-31": "", "2010-05-31": "", "2009-05-31": "", "2008-05-31": "", "2007-05-31": "", "2006-05-31": "", "2005-05-31": ""}, "Pre-Paid Expenses": {"2020-05-31": "261.60000", "2019-05-31": "256.50000", "2018-05-31": "241.00000", "2017-05-31": "103.30000", "2016-05-31": "69.30000", "2015-05-31": "63.70000", "2014-05-31": "55.00000", "2013-05-31": "86.50000", "2012-05-31": "40.80000", "2011-05-31": "30.80000", "2010-05-31": "32.20000", "2009-05-31": "30.11100", "2008-05-31": "38.46700", "2007-05-31": "33.36000", "2006-05-31": "28.97200", "2005-05-31": "26.36800"}, "Other Current Assets": {"2020-05-31": "3430.50000", "2019-05-31": "3803.80000", "2018-05-31": "4703.80000", "2017-05-31": "4301.90000", "2016-05-31": "3997.50000", "2015-05-31": "4273.40000", "2014-05-31": "4198.60000", "2013-05-31": "4072.50000", "2012-05-31": "4544.20000", "2011-05-31": "3566.70000", "2010-05-31": "3541.00000", "2009-05-31": "3501.37600", "2008-05-31": "3808.08500", "2007-05-31": "3973.09700", "2006-05-31": "3591.61100", "2005-05-31": "2979.34800"}, "Total Current Assets": {"2020-05-31": "5464.60000", "2019-05-31": "5677.70000", "2018-05-31": "5893.60000", "2017-05-31": "5272.00000", "2016-05-31": "4863.60000", "2015-05-31": "5088.20000", "2014-05-31": "5002.50000", "2013-05-31": "4832.60000", "2012-05-31": "5075.90000", "2011-05-31": "4257.90000", "2010-05-31": "4159.10000", "2009-05-31": "4239.82600", "2008-05-31": "4465.91100", "2007-05-31": "4861.31900", "2006-05-31": "4444.30100", "2005-05-31": "3522.00700"}, "Property, Plant, And Equipment": {"2020-05-31": "407.40000", "2019-05-31": "408.70000", "2018-05-31": "393.50000", "2017-05-31": "337.20000", "2016-05-31": "353.00000", "2015-05-31": "353.90000", "2014-05-31": "342.20000", "2013-05-31": "346.00000", "2012-05-31": "324.30000", "2011-05-31": "308.70000", "2010-05-31": "269.30000", "2009-05-31": "274.53000", "2008-05-31": "275.29700", "2007-05-31": "256.08700", "2006-05-31": "234.66400", "2005-05-31": "205.31900"}, "Long-Term Investments": {"2020-05-31": "10.20000", "2019-05-31": "10.20000", "2018-05-31": "295.50000", "2017-05-31": "454.00000", "2016-05-31": "441.10000", "2015-05-31": "399.80000", "2014-05-31": "385.60000", "2013-05-31": "369.10000", "2012-05-31": "473.70000", "2011-05-31": "207.30000", "2010-05-31": "290.10000", "2009-05-31": "82.23400", "2008-05-31": "41.79800", "2007-05-31": "633.08600", "2006-05-31": "384.48100", "2005-05-31": "404.15200"}, "Goodwill And Intangible Assets": {"2020-05-31": "2121.70000", "2019-05-31": "2181.70000", "2018-05-31": "955.40000", "2017-05-31": "714.70000", "2016-05-31": "726.60000", "2015-05-31": "593.90000", "2014-05-31": "580.90000", "2013-05-31": "579.10000", "2012-05-31": "573.20000", "2011-05-31": "590.90000", "2010-05-31": "483.20000", "2009-05-31": "509.95700", "2008-05-31": "507.81600", "2007-05-31": "474.92500", "2006-05-31": "466.54600", "2005-05-31": "477.45000"}, "Other Long-Term Assets": {"2020-05-31": "59.50000", "2019-05-31": "31.40000", "2018-05-31": "16.40000", "2017-05-31": "55.80000", "2016-05-31": "56.50000", "2015-05-31": "31.70000", "2014-05-31": "21.80000", "2013-05-31": "2.80000", "2012-05-31": "3.30000", "2011-05-31": "3.60000", "2010-05-31": "3.50000", "2009-05-31": "4.38100", "2008-05-31": "5.15100", "2007-05-31": "5.89300", "2006-05-31": "6.52700", "2005-05-31": "7.27700"}, "Total Long-Term Assets": {"2020-05-31": "3086.10000", "2019-05-31": "2998.30000", "2018-05-31": "2021.80000", "2017-05-31": "1561.70000", "2016-05-31": "1577.20000", "2015-05-31": "1379.30000", "2014-05-31": "1367.60000", "2013-05-31": "1331.10000", "2012-05-31": "1403.70000", "2011-05-31": "1135.90000", "2010-05-31": "1067.20000", "2009-05-31": "887.58900", "2008-05-31": "843.88000", "2007-05-31": "1385.20000", "2006-05-31": "1105.00100", "2005-05-31": "1095.41100"}, "Total Assets": {"2020-05-31": "8550.70000", "2019-05-31": "8676.00000", "2018-05-31": "7915.40000", "2017-05-31": "6833.70000", "2016-05-31": "6440.80000", "2015-05-31": "6467.50000", "2014-05-31": "6370.10000", "2013-05-31": "6163.70000", "2012-05-31": "6479.60000", "2011-05-31": "5393.80000", "2010-05-31": "5226.30000", "2009-05-31": "5127.41500", "2008-05-31": "5309.79100", "2007-05-31": "6246.51900", "2006-05-31": "5549.30200", "2005-05-31": "4617.41800"}, "Total Current Liabilities": {"2020-05-31": "4426.90000", "2019-05-31": "4845.00000", "2018-05-31": "5296.70000", "2017-05-31": "4725.10000", "2016-05-31": "4365.90000", "2015-05-31": "4573.00000", "2014-05-31": "4438.90000", "2013-05-31": "4268.20000", "2012-05-31": "4745.70000", "2011-05-31": "3788.30000", "2010-05-31": "3742.20000", "2009-05-31": "3701.89300", "2008-05-31": "4037.27200", "2007-05-31": "4237.47000", "2006-05-31": "3838.37200", "2005-05-31": "3180.33900"}, "Long Term Debt": {"2020-05-31": "796.80000", "2019-05-31": "796.40000", "2018-05-31": "", "2017-05-31": "", "2016-05-31": "", "2015-05-31": "", "2014-05-31": "", "2013-05-31": "", "2012-05-31": "", "2011-05-31": "", "2010-05-31": "", "2009-05-31": "", "2008-05-31": "", "2007-05-31": "", "2006-05-31": "", "2005-05-31": ""}, "Other Non-Current Liabilities": {"2020-05-31": "207.90000", "2019-05-31": "179.00000", "2018-05-31": "107.50000", "2017-05-31": "119.40000", "2016-05-31": "141.10000", "2015-05-31": "107.20000", "2014-05-31": "98.50000", "2013-05-31": "68.50000", "2012-05-31": "88.80000", "2011-05-31": "86.20000", "2010-05-31": "74.30000", "2009-05-31": "71.27100", "2008-05-31": "66.27700", "2007-05-31": "47.23400", "2006-05-31": "40.60600", "2005-05-31": "33.85800"}, "Total Long Term Liabilities": {"2020-05-31": "1342.40000", "2019-05-31": "1211.50000", "2018-05-31": "261.90000", "2017-05-31": "153.30000", "2016-05-31": "163.20000", "2015-05-31": "109.00000", "2014-05-31": "154.20000", "2013-05-31": "121.80000", "2012-05-31": "129.40000", "2011-05-31": "109.30000", "2010-05-31": "82.10000", "2009-05-31": "84.04400", "2008-05-31": "75.87700", "2007-05-31": "56.80100", "2006-05-31": "56.08700", "2005-05-31": "51.40300"}, "Total Liabilities": {"2020-05-31": "5769.30000", "2019-05-31": "6056.50000", "2018-05-31": "5558.60000", "2017-05-31": "4878.40000", "2016-05-31": "4529.10000", "2015-05-31": "4682.00000", "2014-05-31": "4593.10000", "2013-05-31": "4390.00000", "2012-05-31": "4875.10000", "2011-05-31": "3897.60000", "2010-05-31": "3824.30000", "2009-05-31": "3785.93700", "2008-05-31": "4113.14900", "2007-05-31": "4294.27100", "2006-05-31": "3894.45900", "2005-05-31": "3231.74200"}, "Common Stock Net": {"2020-05-31": "3.60000", "2019-05-31": "3.60000", "2018-05-31": "3.60000", "2017-05-31": "3.60000", "2016-05-31": "3.60000", "2015-05-31": "3.60000", "2014-05-31": "3.60000", "2013-05-31": "3.70000", "2012-05-31": "3.60000", "2011-05-31": "3.60000", "2010-05-31": "3.60000", "2009-05-31": "3.61000", "2008-05-31": "3.60500", "2007-05-31": "3.82200", "2006-05-31": "3.80300", "2005-05-31": "3.78600"}, "Retained Earnings (Accumulated Deficit)": {"2020-05-31": "1431.40000", "2019-05-31": "1409.50000", "2018-05-31": "1262.60000", "2017-05-31": "901.70000", "2016-05-31": "926.20000", "2015-05-31": "894.30000", "2014-05-31": "957.50000", "2013-05-31": "1088.50000", "2012-05-31": "1002.10000", "2011-05-31": "919.50000", "2010-05-31": "856.30000", "2009-05-31": "829.50100", "2008-05-31": "745.35100", "2007-05-31": "1595.10500", "2006-05-31": "1380.97100", "2005-05-31": "1147.61100"}, "Comprehensive Income": {"2020-05-31": "56.50000", "2019-05-31": "0.10000", "2018-05-31": "-36.20000", "2017-05-31": "20.00000", "2016-05-31": "29.20000", "2015-05-31": "7.50000", "2014-05-31": "21.50000", "2013-05-31": "22.00000", "2012-05-31": "37.70000", "2011-05-31": "37.50000", "2010-05-31": "42.40000", "2009-05-31": "41.94000", "2008-05-31": "16.04700", "2007-05-31": "-9.66100", "2006-05-31": "-14.32600", "2005-05-31": "-6.42100"}, "Other Share Holders Equity": {"2020-05-31": "", "2019-05-31": "", "2018-05-31": "", "2017-05-31": "", "2016-05-31": "", "2015-05-31": "", "2014-05-31": "", "2013-05-31": "", "2012-05-31": "", "2011-05-31": "", "2010-05-31": "", "2009-05-31": "", "2008-05-31": "", "2007-05-31": "", "2006-05-31": "", "2005-05-31": ""}, "Share Holder Equity": {"2020-05-31": "2781.40000", "2019-05-31": "2619.50000", "2018-05-31": "2356.80000", "2017-05-31": "1955.30000", "2016-05-31": "1911.70000", "2015-05-31": "1785.50000", "2014-05-31": "1777.00000", "2013-05-31": "1773.70000", "2012-05-31": "1604.50000", "2011-05-31": "1496.20000", "2010-05-31": "1402.00000", "2009-05-31": "1341.47800", "2008-05-31": "1196.64200", "2007-05-31": "1952.24800", "2006-05-31": "1654.84300", "2005-05-31": "1385.67600"}, "Total Liabilities And Share Holders Equity": {"2020-05-31": "8550.70000", "2019-05-31": "8676.00000", "2018-05-31": "7915.40000", "2017-05-31": "6833.70000", "2016-05-31": "6440.80000", "2015-05-31": "6467.50000", "2014-05-31": "6370.10000", "2013-05-31": "6163.70000", "2012-05-31": "6479.60000", "2011-05-31": "5393.80000", "2010-05-31": "5226.30000", "2009-05-31": "5127.41500", "2008-05-31": "5309.79100", "2007-05-31": "6246.51900", "2006-05-31": "5549.30200", "2005-05-31": "4617.41800"}}, "balance sheet, quarterly": {"Cash On Hand": {"2020-11-30": "927.40000", "2020-08-31": "917.10000", "2020-05-31": "982.20000", "2020-02-29": "913.10000", "2019-11-30": "688.00000", "2019-08-31": "683.10000", "2019-05-31": "763.20000", "2019-02-28": "800.90000", "2018-11-30": "759.00000", "2018-08-31": "523.00000", "2018-05-31": "424.20000", "2018-02-28": "421.20000", "2017-11-30": "338.60000", "2017-08-31": "368.20000", "2017-05-31": "323.40000", "2017-02-28": "403.90000", "2016-11-30": "293.00000", "2016-08-31": "497.70000", "2016-05-31": "352.10000", "2016-02-29": "327.20000", "2015-11-30": "476.40000", "2015-08-31": "537.70000", "2015-05-31": "536.60000", "2015-02-28": "620.80000", "2014-11-30": "529.00000", "2014-08-31": "559.30000", "2014-05-31": "551.20000", "2014-02-28": "585.70000", "2013-11-30": "463.40000", "2013-08-31": "559.20000", "2013-05-31": "505.50000", "2013-02-28": "570.60000", "2012-11-30": "301.20000", "2012-08-31": "390.90000", "2012-05-31": "316.30000", "2012-02-29": "503.30000", "2011-11-30": "411.10000", "2011-08-31": "485.10000", "2011-05-31": "464.00000", "2011-02-28": "469.70000", "2010-11-30": "463.50000", "2010-08-31": "450.10000", "2010-05-31": "366.80000", "2010-02-28": "395.02590", "2009-11-30": "287.31500", "2009-08-31": "329.17600", "2009-05-31": "492.47900", "2009-02-28": "489.57010", "2008-11-30": "401.67690", "2008-08-31": "464.13500", "2008-05-31": "392.96410", "2008-02-29": "407.99990", "2007-11-30": "466.95410", "2007-08-31": "449.25290", "2007-05-31": "591.12520", "2007-02-28": "647.80920", "2006-11-30": "519.10000", "2006-08-31": "653.23300", "2006-05-31": "577.42980", "2006-02-28": "934.54200", "2005-11-30": "792.50700", "2005-08-31": "797.17410", "2005-05-31": "303.38800", "2005-02-28": "693.38100"}, "Receivables": {"2020-11-30": "991.80000", "2020-08-31": "855.90000", "2020-05-31": "790.30000", "2020-02-29": "847.00000", "2019-11-30": "905.60000", "2019-08-31": "861.40000", "2019-05-31": "854.20000", "2019-02-28": "844.70000", "2018-11-30": "591.20000", "2018-08-31": "564.30000", "2018-05-31": "524.60000", "2018-02-28": "582.00000", "2017-11-30": "630.40000", "2017-08-31": "570.60000", "2017-05-31": "543.40000", "2017-02-28": "461.90000", "2016-11-30": "564.70000", "2016-08-31": "517.30000", "2016-05-31": "444.70000", "2016-02-29": "385.00000", "2015-11-30": "277.80000", "2015-08-31": "238.70000", "2015-05-31": "214.50000", "2015-02-28": "180.60000", "2014-11-30": "242.00000", "2014-08-31": "198.50000", "2014-05-31": "185.70000", "2014-02-28": "159.00000", "2013-11-30": "213.60000", "2013-08-31": "183.40000", "2013-05-31": "165.80000", "2013-02-28": "150.40000", "2012-11-30": "200.30000", "2012-08-31": "177.10000", "2012-05-31": "173.00000", "2012-02-29": "157.30000", "2011-11-30": "249.40000", "2011-08-31": "220.00000", "2011-05-31": "190.50000", "2011-02-28": "163.40000", "2010-11-30": "252.80000", "2010-08-31": "231.40000", "2010-05-31": "215.30000", "2010-02-28": "181.72200", "2009-11-30": "250.81800", "2009-08-31": "224.51900", "2009-05-31": "205.68000", "2009-02-28": "187.10900", "2008-11-30": "249.22900", "2008-08-31": "226.65700", "2008-05-31": "219.12100", "2008-02-29": "189.26100", "2007-11-30": "252.35100", "2007-08-31": "246.35500", "2007-05-31": "239.89700", "2007-02-28": "202.30100", "2006-11-30": "257.48200", "2006-08-31": "220.82500", "2006-05-31": "227.97400", "2006-02-28": "183.58100", "2005-11-30": "239.72900", "2005-08-31": "208.81800", "2005-05-31": "192.95700", "2005-02-28": "166.35200"}, "Inventory": {"2020-11-30": "", "2020-08-31": "", "2020-05-31": "", "2020-02-29": "", "2019-11-30": "", "2019-08-31": "", "2019-05-31": "", "2019-02-28": "", "2018-11-30": "", "2018-08-31": "", "2018-05-31": "", "2018-02-28": "", "2017-11-30": "", "2017-08-31": "", "2017-05-31": "", "2017-02-28": "", "2016-11-30": "", "2016-08-31": "", "2016-05-31": "", "2016-02-29": "", "2015-11-30": "", "2015-08-31": "", "2015-05-31": "", "2015-02-28": "", "2014-11-30": "", "2014-08-31": "", "2014-05-31": "", "2014-02-28": "", "2013-11-30": "", "2013-08-31": "", "2013-05-31": "", "2013-02-28": "", "2012-11-30": "", "2012-08-31": "", "2012-05-31": "", "2012-02-29": "", "2011-11-30": "", "2011-08-31": "", "2011-05-31": "", "2011-02-28": "", "2010-11-30": "", "2010-08-31": "", "2010-05-31": "", "2010-02-28": "", "2009-11-30": "", "2009-08-31": "", "2009-05-31": "", "2009-02-28": "", "2008-11-30": "", "2008-08-31": "", "2008-05-31": "", "2008-02-29": "", "2007-11-30": "", "2007-08-31": "", "2007-05-31": "", "2007-02-28": "", "2006-11-30": "", "2006-08-31": "", "2006-05-31": "", "2006-02-28": "", "2005-11-30": "", "2005-08-31": "", "2005-05-31": "", "2005-02-28": ""}, "Pre-Paid Expenses": {"2020-11-30": "280.10000", "2020-08-31": "252.90000", "2020-05-31": "261.60000", "2020-02-29": "273.60000", "2019-11-30": "299.50000", "2019-08-31": "242.30000", "2019-05-31": "256.50000", "2019-02-28": "240.90000", "2018-11-30": "267.50000", "2018-08-31": "225.10000", "2018-05-31": "241.00000", "2018-02-28": "100.80000", "2017-11-30": "135.80000", "2017-08-31": "81.60000", "2017-05-31": "103.30000", "2017-02-28": "101.40000", "2016-11-30": "115.80000", "2016-08-31": "62.70000", "2016-05-31": "69.30000", "2016-02-29": "72.80000", "2015-11-30": "128.20000", "2015-08-31": "63.40000", "2015-05-31": "63.70000", "2015-02-28": "54.00000", "2014-11-30": "56.20000", "2014-08-31": "47.40000", "2014-05-31": "55.00000", "2014-02-28": "49.80000", "2013-11-30": "74.70000", "2013-08-31": "42.00000", "2013-05-31": "86.50000", "2013-02-28": "35.60000", "2012-11-30": "51.80000", "2012-08-31": "36.30000", "2012-05-31": "40.80000", "2012-02-29": "36.00000", "2011-11-30": "46.70000", "2011-08-31": "33.10000", "2011-05-31": "30.80000", "2011-02-28": "29.00000", "2010-11-30": "37.20000", "2010-08-31": "28.30000", "2010-05-31": "32.20000", "2010-02-28": "25.03500", "2009-11-30": "27.95800", "2009-08-31": "28.56400", "2009-05-31": "30.11100", "2009-02-28": "27.71900", "2008-11-30": "32.96600", "2008-08-31": "27.68500", "2008-05-31": "38.46700", "2008-02-29": "26.77800", "2007-11-30": "38.57900", "2007-08-31": "26.09800", "2007-05-31": "33.36000", "2007-02-28": "25.75900", "2006-11-30": "35.15700", "2006-08-31": "25.89100", "2006-05-31": "28.97200", "2006-02-28": "25.37900", "2005-11-30": "28.96800", "2005-08-31": "21.96900", "2005-05-31": "26.36800", "2005-02-28": "20.30700"}, "Other Current Assets": {"2020-11-30": "3393.10000", "2020-08-31": "3314.30000", "2020-05-31": "3430.50000", "2020-02-29": "4355.70000", "2019-11-30": "3734.80000", "2019-08-31": "3769.10000", "2019-05-31": "3803.80000", "2019-02-28": "5405.50000", "2018-11-30": "3672.30000", "2018-08-31": "3763.80000", "2018-05-31": "4703.80000", "2018-02-28": "3944.70000", "2017-11-30": "4888.20000", "2017-08-31": "4953.10000", "2017-05-31": "4301.90000", "2017-02-28": "4784.60000", "2016-11-30": "3242.20000", "2016-08-31": "3443.30000", "2016-05-31": "3997.50000", "2016-02-29": "4717.20000", "2015-11-30": "3720.10000", "2015-08-31": "3748.40000", "2015-05-31": "4273.40000", "2015-02-28": "5090.80000", "2014-11-30": "4032.70000", "2014-08-31": "4066.80000", "2014-05-31": "4198.60000", "2014-02-28": "4916.80000", "2013-11-30": "3912.00000", "2013-08-31": "3911.70000", "2013-05-31": "4072.50000", "2013-02-28": "5556.20000", "2012-11-30": "3715.50000", "2012-08-31": "3696.10000", "2012-05-31": "4544.20000", "2012-02-29": "4167.00000", "2011-11-30": "3032.80000", "2011-08-31": "3095.20000", "2011-05-31": "3566.70000", "2011-02-28": "4190.50000", "2010-11-30": "3260.40000", "2010-08-31": "3290.10000", "2010-05-31": "3541.00000", "2010-02-28": "4091.52700", "2009-11-30": "2996.11500", "2009-08-31": "3017.51100", "2009-05-31": "3501.37600", "2009-02-28": "4153.47800", "2008-11-30": "3536.48200", "2008-08-31": "3656.92300", "2008-05-31": "3808.08500", "2008-02-29": "4407.28500", "2007-11-30": "3471.72000", "2007-08-31": "3525.07000", "2007-05-31": "3973.09700", "2007-02-28": "3547.26900", "2006-11-30": "3770.22900", "2006-08-31": "3797.90400", "2006-05-31": "3591.61100", "2006-02-28": "3839.59100", "2005-11-30": "2339.74700", "2005-08-31": "2348.70500", "2005-05-31": "2979.34800", "2005-02-28": "3058.91100"}, "Total Current Assets": {"2020-11-30": "5592.40000", "2020-08-31": "5340.20000", "2020-05-31": "5464.60000", "2020-02-29": "6389.40000", "2019-11-30": "5627.90000", "2019-08-31": "5555.90000", "2019-05-31": "5677.70000", "2019-02-28": "7292.00000", "2018-11-30": "5290.00000", "2018-08-31": "5076.20000", "2018-05-31": "5893.60000", "2018-02-28": "5048.70000", "2017-11-30": "5993.00000", "2017-08-31": "5973.50000", "2017-05-31": "5272.00000", "2017-02-28": "5751.80000", "2016-11-30": "4215.70000", "2016-08-31": "4521.00000", "2016-05-31": "4863.60000", "2016-02-29": "5503.60000", "2015-11-30": "4602.50000", "2015-08-31": "4588.20000", "2015-05-31": "5088.20000", "2015-02-28": "5957.40000", "2014-11-30": "4859.90000", "2014-08-31": "4872.00000", "2014-05-31": "5002.50000", "2014-02-28": "5719.30000", "2013-11-30": "4663.80000", "2013-08-31": "4698.30000", "2013-05-31": "4832.60000", "2013-02-28": "6319.60000", "2012-11-30": "4268.80000", "2012-08-31": "4300.40000", "2012-05-31": "5075.90000", "2012-02-29": "4872.20000", "2011-11-30": "3740.00000", "2011-08-31": "3833.40000", "2011-05-31": "4257.90000", "2011-02-28": "4864.80000", "2010-11-30": "4013.90000", "2010-08-31": "3999.90000", "2010-05-31": "4159.10000", "2010-02-28": "4716.53100", "2009-11-30": "3562.20600", "2009-08-31": "3603.86900", "2009-05-31": "4239.82600", "2009-02-28": "4872.88700", "2008-11-30": "4220.35400", "2008-08-31": "4375.40000", "2008-05-31": "4465.91100", "2008-02-29": "5048.27400", "2007-11-30": "4229.60400", "2007-08-31": "4259.86100", "2007-05-31": "4861.31900", "2007-02-28": "4443.64100", "2006-11-30": "4586.01700", "2006-08-31": "4711.24900", "2006-05-31": "4444.30100", "2006-02-28": "5020.20100", "2005-11-30": "3422.28100", "2005-08-31": "3401.22900", "2005-05-31": "3522.00700", "2005-02-28": "3965.11300"}, "Property, Plant, And Equipment": {"2020-11-30": "392.40000", "2020-08-31": "396.00000", "2020-05-31": "407.40000", "2020-02-29": "403.80000", "2019-11-30": "401.70000", "2019-08-31": "403.40000", "2019-05-31": "408.70000", "2019-02-28": "404.70000", "2018-11-30": "394.00000", "2018-08-31": "389.10000", "2018-05-31": "393.50000", "2018-02-28": "397.20000", "2017-11-30": "377.10000", "2017-08-31": "328.60000", "2017-05-31": "337.20000", "2017-02-28": "341.60000", "2016-11-30": "349.30000", "2016-08-31": "348.40000", "2016-05-31": "353.00000", "2016-02-29": "350.00000", "2015-11-30": "352.70000", "2015-08-31": "350.10000", "2015-05-31": "353.90000", "2015-02-28": "347.70000", "2014-11-30": "344.40000", "2014-08-31": "346.60000", "2014-05-31": "342.20000", "2014-02-28": "345.10000", "2013-11-30": "351.40000", "2013-08-31": "350.50000", "2013-05-31": "346.00000", "2013-02-28": "341.70000", "2012-11-30": "351.80000", "2012-08-31": "326.90000", "2012-05-31": "324.30000", "2012-02-29": "316.80000", "2011-11-30": "316.00000", "2011-08-31": "310.50000", "2011-05-31": "308.70000", "2011-02-28": "303.70000", "2010-11-30": "279.50000", "2010-08-31": "268.00000", "2010-05-31": "269.30000", "2010-02-28": "264.27300", "2009-11-30": "262.02400", "2009-08-31": "268.31700", "2009-05-31": "274.53000", "2009-02-28": "280.95600", "2008-11-30": "283.02900", "2008-08-31": "275.62800", "2008-05-31": "275.29700", "2008-02-29": "274.36600", "2007-11-30": "264.90200", "2007-08-31": "260.94300", "2007-05-31": "256.08700", "2007-02-28": "253.48500", "2006-11-30": "246.63800", "2006-08-31": "237.13100", "2006-05-31": "234.66400", "2006-02-28": "223.56100", "2005-11-30": "218.90000", "2005-08-31": "213.57300", "2005-05-31": "205.31900", "2005-02-28": "176.57800"}, "Long-Term Investments": {"2020-11-30": "10.10000", "2020-08-31": "10.20000", "2020-05-31": "10.20000", "2020-02-29": "10.20000", "2019-11-30": "10.10000", "2019-08-31": "10.30000", "2019-05-31": "10.20000", "2019-02-28": "20.00000", "2018-11-30": "10.00000", "2018-08-31": "264.60000", "2018-05-31": "295.50000", "2018-02-28": "405.40000", "2017-11-30": "480.90000", "2017-08-31": "483.20000", "2017-05-31": "454.00000", "2017-02-28": "440.20000", "2016-11-30": "432.10000", "2016-08-31": "446.30000", "2016-05-31": "441.10000", "2016-02-29": "428.60000", "2015-11-30": "436.50000", "2015-08-31": "416.20000", "2015-05-31": "399.80000", "2015-02-28": "408.60000", "2014-11-30": "398.50000", "2014-08-31": "396.50000", "2014-05-31": "385.60000", "2014-02-28": "377.80000", "2013-11-30": "375.90000", "2013-08-31": "365.60000", "2013-05-31": "369.10000", "2013-02-28": "227.00000", "2012-11-30": "504.30000", "2012-08-31": "480.40000", "2012-05-31": "473.70000", "2012-02-29": "295.40000", "2011-11-30": "265.20000", "2011-08-31": "232.90000", "2011-05-31": "207.30000", "2011-02-28": "182.60000", "2010-11-30": "226.40000", "2010-08-31": "266.30000", "2010-05-31": "290.10000", "2010-02-28": "294.08800", "2009-11-30": "317.43000", "2009-08-31": "304.87400", "2009-05-31": "82.23400", "2009-02-28": "82.22100", "2008-11-30": "77.03800", "2008-08-31": "55.01100", "2008-05-31": "41.79800", "2008-02-29": "18.91300", "2007-11-30": "9.11700", "2007-08-31": "510.46500", "2007-05-31": "633.08600", "2007-02-28": "578.89600", "2006-11-30": "543.82700", "2006-08-31": "430.79300", "2006-05-31": "384.48100", "2006-02-28": "", "2005-11-30": "", "2005-08-31": "", "2005-05-31": "404.15200", "2005-02-28": ""}, "Goodwill And Intangible Assets": {"2020-11-30": "2096.10000", "2020-08-31": "2110.90000", "2020-05-31": "2121.70000", "2020-02-29": "2137.80000", "2019-11-30": "2145.50000", "2019-08-31": "2162.60000", "2019-05-31": "2181.70000", "2019-02-28": "2202.40000", "2018-11-30": "938.60000", "2018-08-31": "948.80000", "2018-05-31": "955.40000", "2018-02-28": "932.50000", "2017-11-30": "775.50000", "2017-08-31": "777.20000", "2017-05-31": "714.70000", "2017-02-28": "719.10000", "2016-11-30": "722.30000", "2016-08-31": "722.10000", "2016-05-31": "726.60000", "2016-02-29": "729.70000", "2015-11-30": "592.80000", "2015-08-31": "594.50000", "2015-05-31": "593.90000", "2015-02-28": "599.40000", "2014-11-30": "602.60000", "2014-08-31": "606.00000", "2014-05-31": "580.90000", "2014-02-28": "580.50000", "2013-11-30": "583.60000", "2013-08-31": "576.00000", "2013-05-31": "579.10000", "2013-02-28": "583.80000", "2012-11-30": "564.40000", "2012-08-31": "568.70000", "2012-05-31": "573.20000", "2012-02-29": "579.30000", "2011-11-30": "579.30000", "2011-08-31": "584.90000", "2011-05-31": "590.90000", "2011-02-28": "583.10000", "2010-11-30": "475.80000", "2010-08-31": "480.00000", "2010-05-31": "483.20000", "2010-02-28": "489.64400", "2009-11-30": "493.03700", "2009-08-31": "508.82600", "2009-05-31": "509.95700", "2009-02-28": "519.34500", "2008-11-30": "511.07500", "2008-08-31": "504.26800", "2008-05-31": "507.81600", "2008-02-29": "511.42700", "2007-11-30": "503.00800", "2007-08-31": "505.07500", "2007-05-31": "474.92500", "2007-02-28": "476.21100", "2006-11-30": "475.08300", "2006-08-31": "465.81500", "2006-05-31": "466.54600", "2006-02-28": "469.49200", "2005-11-30": "472.32200", "2005-08-31": "474.25400", "2005-05-31": "477.45000", "2005-02-28": "480.03900"}, "Other Long-Term Assets": {"2020-11-30": "57.10000", "2020-08-31": "54.60000", "2020-05-31": "59.50000", "2020-02-29": "34.90000", "2019-11-30": "37.60000", "2019-08-31": "30.50000", "2019-05-31": "31.40000", "2019-02-28": "83.90000", "2018-11-30": "15.80000", "2018-08-31": "15.70000", "2018-05-31": "16.40000", "2018-02-28": "59.00000", "2017-11-30": "58.10000", "2017-08-31": "57.00000", "2017-05-31": "55.80000", "2017-02-28": "57.60000", "2016-11-30": "56.70000", "2016-08-31": "59.10000", "2016-05-31": "56.50000", "2016-02-29": "55.60000", "2015-11-30": "32.30000", "2015-08-31": "34.00000", "2015-05-31": "31.70000", "2015-02-28": "31.10000", "2014-11-30": "30.40000", "2014-08-31": "29.30000", "2014-05-31": "21.80000", "2014-02-28": "10.40000", "2013-11-30": "8.60000", "2013-08-31": "4.50000", "2013-05-31": "2.80000", "2013-02-28": "2.80000", "2012-11-30": "3.60000", "2012-08-31": "4.00000", "2012-05-31": "3.30000", "2012-02-29": "3.20000", "2011-11-30": "3.80000", "2011-08-31": "3.90000", "2011-05-31": "3.60000", "2011-02-28": "3.60000", "2010-11-30": "3.80000", "2010-08-31": "3.50000", "2010-05-31": "3.50000", "2010-02-28": "3.77200", "2009-11-30": "3.94700", "2009-08-31": "4.15100", "2009-05-31": "4.38100", "2009-02-28": "4.48100", "2008-11-30": "4.86300", "2008-08-31": "4.80400", "2008-05-31": "5.15100", "2008-02-29": "5.35300", "2007-11-30": "5.58100", "2007-08-31": "6.52500", "2007-05-31": "5.89300", "2007-02-28": "5.94900", "2006-11-30": "7.41700", "2006-08-31": "7.55300", "2006-05-31": "6.52700", "2006-02-28": "6.34100", "2005-11-30": "6.52500", "2005-08-31": "6.78600", "2005-05-31": "7.27700", "2005-02-28": "7.43500"}, "Total Long-Term Assets": {"2020-11-30": "3023.00000", "2020-08-31": "3036.70000", "2020-05-31": "3086.10000", "2020-02-29": "3077.50000", "2019-11-30": "3073.80000", "2019-08-31": "3082.30000", "2019-05-31": "2998.30000", "2019-02-28": "3071.00000", "2018-11-30": "1712.40000", "2018-08-31": "1973.80000", "2018-05-31": "2021.80000", "2018-02-28": "1794.10000", "2017-11-30": "1691.60000", "2017-08-31": "1646.00000", "2017-05-31": "1561.70000", "2017-02-28": "1558.50000", "2016-11-30": "1560.40000", "2016-08-31": "1575.90000", "2016-05-31": "1577.20000", "2016-02-29": "1563.90000", "2015-11-30": "1414.30000", "2015-08-31": "1394.80000", "2015-05-31": "1379.30000", "2015-02-28": "1386.80000", "2014-11-30": "1414.60000", "2014-08-31": "1414.60000", "2014-05-31": "1367.60000", "2014-02-28": "1350.10000", "2013-11-30": "1355.60000", "2013-08-31": "1332.90000", "2013-05-31": "1331.10000", "2013-02-28": "1187.90000", "2012-11-30": "1455.40000", "2012-08-31": "1410.50000", "2012-05-31": "1403.70000", "2012-02-29": "1222.70000", "2011-11-30": "1192.00000", "2011-08-31": "1158.10000", "2011-05-31": "1135.90000", "2011-02-28": "1098.00000", "2010-11-30": "1008.80000", "2010-08-31": "1039.10000", "2010-05-31": "1067.20000", "2010-02-28": "1071.50000", "2009-11-30": "1094.92600", "2009-08-31": "1103.87400", "2009-05-31": "887.58900", "2009-02-28": "902.58100", "2008-11-30": "891.50590", "2008-08-31": "854.21000", "2008-05-31": "843.88000", "2008-02-29": "823.74100", "2007-11-30": "796.75100", "2007-08-31": "1298.07600", "2007-05-31": "1385.20000", "2007-02-28": "1328.17300", "2006-11-30": "1285.22200", "2006-08-31": "1153.49100", "2006-05-31": "1105.00100", "2006-02-28": "699.39400", "2005-11-30": "697.74710", "2005-08-31": "694.61300", "2005-05-31": "1095.41100", "2005-02-28": "664.05200"}, "Total Assets": {"2020-11-30": "8615.40000", "2020-08-31": "8376.90000", "2020-05-31": "8550.70000", "2020-02-29": "9466.90000", "2019-11-30": "8701.70000", "2019-08-31": "8638.20000", "2019-05-31": "8676.00000", "2019-02-28": "10363.00000", "2018-11-30": "7002.40000", "2018-08-31": "7050.00000", "2018-05-31": "7915.40000", "2018-02-28": "6842.80000", "2017-11-30": "7684.60000", "2017-08-31": "7619.50000", "2017-05-31": "6833.70000", "2017-02-28": "7310.30000", "2016-11-30": "5776.10000", "2016-08-31": "6096.90000", "2016-05-31": "6440.80000", "2016-02-29": "7067.50000", "2015-11-30": "6016.80000", "2015-08-31": "5983.00000", "2015-05-31": "6467.50000", "2015-02-28": "7344.20000", "2014-11-30": "6274.50000", "2014-08-31": "6286.60000", "2014-05-31": "6370.10000", "2014-02-28": "7069.40000", "2013-11-30": "6019.40000", "2013-08-31": "6031.20000", "2013-05-31": "6163.70000", "2013-02-28": "7507.50000", "2012-11-30": "5724.20000", "2012-08-31": "5710.90000", "2012-05-31": "6479.60000", "2012-02-29": "6094.90000", "2011-11-30": "4932.00000", "2011-08-31": "4991.50000", "2011-05-31": "5393.80000", "2011-02-28": "5962.80000", "2010-11-30": "5022.70000", "2010-08-31": "5039.00000", "2010-05-31": "5226.30000", "2010-02-28": "5788.03100", "2009-11-30": "4657.13200", "2009-08-31": "4707.74300", "2009-05-31": "5127.41500", "2009-02-28": "5775.46800", "2008-11-30": "5111.86000", "2008-08-31": "5229.61000", "2008-05-31": "5309.79100", "2008-02-29": "5872.01500", "2007-11-30": "5026.35500", "2007-08-31": "5557.93700", "2007-05-31": "6246.51900", "2007-02-28": "5771.81400", "2006-11-30": "5871.23900", "2006-08-31": "5864.74000", "2006-05-31": "5549.30200", "2006-02-28": "5719.59500", "2005-11-30": "4120.02800", "2005-08-31": "4095.84200", "2005-05-31": "4617.41800", "2005-02-28": "4629.16500"}, "Total Current Liabilities": {"2020-11-30": "4380.00000", "2020-08-31": "4263.10000", "2020-05-31": "4426.90000", "2020-02-29": "5389.70000", "2019-11-30": "4823.90000", "2019-08-31": "4823.50000", "2019-05-31": "4845.00000", "2019-02-28": "6549.70000", "2018-11-30": "4306.80000", "2018-08-31": "4397.40000", "2018-05-31": "5296.70000", "2018-02-28": "4623.70000", "2017-11-30": "5501.70000", "2017-08-31": "5455.70000", "2017-05-31": "4725.10000", "2017-02-28": "5273.70000", "2016-11-30": "3784.10000", "2016-08-31": "3913.20000", "2016-05-31": "4365.90000", "2016-02-29": "5039.20000", "2015-11-30": "4009.90000", "2015-08-31": "4046.40000", "2015-05-31": "4573.00000", "2015-02-28": "5348.00000", "2014-11-30": "4279.30000", "2014-08-31": "4344.00000", "2014-05-31": "4438.90000", "2014-02-28": "5138.90000", "2013-11-30": "4119.10000", "2013-08-31": "4150.40000", "2013-05-31": "4268.20000", "2013-02-28": "5756.50000", "2012-11-30": "3888.60000", "2012-08-31": "3919.70000", "2012-05-31": "4745.70000", "2012-02-29": "4372.40000", "2011-11-30": "3248.20000", "2011-08-31": "3337.10000", "2011-05-31": "3788.30000", "2011-02-28": "4390.50000", "2010-11-30": "3485.70000", "2010-08-31": "3520.20000", "2010-05-31": "3742.20000", "2010-02-28": "4312.42300", "2009-11-30": "3186.72900", "2009-08-31": "3259.65400", "2009-05-31": "3701.89300", "2009-02-28": "4365.64700", "2008-11-30": "3751.50800", "2008-08-31": "3903.68200", "2008-05-31": "4037.27200", "2008-02-29": "4647.85000", "2007-11-30": "3711.74000", "2007-08-31": "3845.49000", "2007-05-31": "4237.47000", "2007-02-28": "3811.48400", "2006-11-30": "3985.45300", "2006-08-31": "4064.84500", "2006-05-31": "3838.37200", "2006-02-28": "4080.75100", "2005-11-30": "2542.43400", "2005-08-31": "2583.50200", "2005-05-31": "3180.33900", "2005-02-28": "3256.69300"}, "Long Term Debt": {"2020-11-30": "797.00000", "2020-08-31": "796.90000", "2020-05-31": "796.80000", "2020-02-29": "796.70000", "2019-11-30": "796.60000", "2019-08-31": "796.50000", "2019-05-31": "796.40000", "2019-02-28": "800.00000", "2018-11-30": "", "2018-08-31": "", "2018-05-31": "", "2018-02-28": "", "2017-11-30": "", "2017-08-31": "", "2017-05-31": "", "2017-02-28": "", "2016-11-30": "", "2016-08-31": "", "2016-05-31": "", "2016-02-29": "", "2015-11-30": "", "2015-08-31": "", "2015-05-31": "", "2015-02-28": "", "2014-11-30": "", "2014-08-31": "", "2014-05-31": "", "2014-02-28": "", "2013-11-30": "", "2013-08-31": "", "2013-05-31": "", "2013-02-28": "", "2012-11-30": "", "2012-08-31": "", "2012-05-31": "", "2012-02-29": "", "2011-11-30": "", "2011-08-31": "", "2011-05-31": "", "2011-02-28": "", "2010-11-30": "", "2010-08-31": "", "2010-05-31": "", "2010-02-28": "", "2009-11-30": "", "2009-08-31": "", "2009-05-31": "", "2009-02-28": "", "2008-11-30": "", "2008-08-31": "", "2008-05-31": "", "2008-02-29": "", "2007-11-30": "", "2007-08-31": "", "2007-05-31": "", "2007-02-28": "", "2006-11-30": "", "2006-08-31": "", "2006-05-31": "", "2006-02-28": "", "2005-11-30": "", "2005-08-31": "", "2005-05-31": "", "2005-02-28": ""}, "Other Non-Current Liabilities": {"2020-11-30": "216.10000", "2020-08-31": "199.70000", "2020-05-31": "207.90000", "2020-02-29": "182.90000", "2019-11-30": "184.90000", "2019-08-31": "177.50000", "2019-05-31": "179.00000", "2019-02-28": "186.10000", "2018-11-30": "109.50000", "2018-08-31": "110.10000", "2018-05-31": "107.50000", "2018-02-28": "131.70000", "2017-11-30": "129.00000", "2017-08-31": "124.60000", "2017-05-31": "119.40000", "2017-02-28": "122.20000", "2016-11-30": "157.90000", "2016-08-31": "154.40000", "2016-05-31": "141.10000", "2016-02-29": "135.90000", "2015-11-30": "134.20000", "2015-08-31": "127.60000", "2015-05-31": "107.20000", "2015-02-28": "106.60000", "2014-11-30": "102.00000", "2014-08-31": "97.00000", "2014-05-31": "98.50000", "2014-02-28": "80.60000", "2013-11-30": "78.30000", "2013-08-31": "74.10000", "2013-05-31": "68.50000", "2013-02-28": "98.10000", "2012-11-30": "90.90000", "2012-08-31": "90.50000", "2012-05-31": "88.80000", "2012-02-29": "86.90000", "2011-11-30": "88.00000", "2011-08-31": "83.40000", "2011-05-31": "86.20000", "2011-02-28": "84.40000", "2010-11-30": "78.30000", "2010-08-31": "73.70000", "2010-05-31": "74.30000", "2010-02-28": "72.70200", "2009-11-30": "70.47000", "2009-08-31": "70.18600", "2009-05-31": "71.27100", "2009-02-28": "67.86000", "2008-11-30": "66.12800", "2008-08-31": "65.03100", "2008-05-31": "66.27700", "2008-02-29": "65.04700", "2007-11-30": "62.88600", "2007-08-31": "61.00700", "2007-05-31": "47.23400", "2007-02-28": "45.63500", "2006-11-30": "44.93900", "2006-08-31": "40.10600", "2006-05-31": "40.60600", "2006-02-28": "41.48500", "2005-11-30": "39.42000", "2005-08-31": "37.02300", "2005-05-31": "33.85800", "2005-02-28": "25.09000"}, "Total Long Term Liabilities": {"2020-11-30": "1345.70000", "2020-08-31": "1335.20000", "2020-05-31": "1342.40000", "2020-02-29": "1317.40000", "2019-11-30": "1308.40000", "2019-08-31": "1295.40000", "2019-05-31": "1211.50000", "2019-02-28": "1215.30000", "2018-11-30": "271.10000", "2018-08-31": "265.60000", "2018-05-31": "261.90000", "2018-02-28": "173.60000", "2017-11-30": "214.00000", "2017-08-31": "220.00000", "2017-05-31": "153.30000", "2017-02-28": "139.90000", "2016-11-30": "176.40000", "2016-08-31": "195.60000", "2016-05-31": "163.20000", "2016-02-29": "154.20000", "2015-11-30": "148.60000", "2015-08-31": "145.80000", "2015-05-31": "109.00000", "2015-02-28": "124.20000", "2014-11-30": "160.90000", "2014-08-31": "157.00000", "2014-05-31": "154.20000", "2014-02-28": "142.30000", "2013-11-30": "139.90000", "2013-08-31": "132.40000", "2013-05-31": "121.80000", "2013-02-28": "145.10000", "2012-11-30": "137.40000", "2012-08-31": "135.80000", "2012-05-31": "129.40000", "2012-02-29": "127.10000", "2011-11-30": "125.10000", "2011-08-31": "115.10000", "2011-05-31": "109.30000", "2011-02-28": "104.10000", "2010-11-30": "87.50000", "2010-08-31": "81.80000", "2010-05-31": "82.10000", "2010-02-28": "78.48800", "2009-11-30": "78.21300", "2009-08-31": "83.22700", "2009-05-31": "84.04400", "2009-02-28": "78.67200", "2008-11-30": "75.62900", "2008-08-31": "75.80300", "2008-05-31": "75.87700", "2008-02-29": "72.17400", "2007-11-30": "70.20400", "2007-08-31": "68.32500", "2007-05-31": "56.80100", "2007-02-28": "57.29400", "2006-11-30": "58.17900", "2006-08-31": "54.32100", "2006-05-31": "56.08700", "2006-02-28": "58.25400", "2005-11-30": "56.47600", "2005-08-31": "54.40700", "2005-05-31": "51.40300", "2005-02-28": "41.08100"}, "Total Liabilities": {"2020-11-30": "5725.70000", "2020-08-31": "5598.30000", "2020-05-31": "5769.30000", "2020-02-29": "6707.10000", "2019-11-30": "6132.30000", "2019-08-31": "6118.90000", "2019-05-31": "6056.50000", "2019-02-28": "7765.00000", "2018-11-30": "4577.90000", "2018-08-31": "4663.00000", "2018-05-31": "5558.60000", "2018-02-28": "4797.30000", "2017-11-30": "5715.70000", "2017-08-31": "5675.70000", "2017-05-31": "4878.40000", "2017-02-28": "5413.60000", "2016-11-30": "3960.50000", "2016-08-31": "4108.80000", "2016-05-31": "4529.10000", "2016-02-29": "5193.40000", "2015-11-30": "4158.50000", "2015-08-31": "4192.20000", "2015-05-31": "4682.00000", "2015-02-28": "5472.20000", "2014-11-30": "4440.20000", "2014-08-31": "4501.00000", "2014-05-31": "4593.10000", "2014-02-28": "5281.20000", "2013-11-30": "4259.00000", "2013-08-31": "4282.80000", "2013-05-31": "4390.00000", "2013-02-28": "5901.60000", "2012-11-30": "4026.00000", "2012-08-31": "4055.50000", "2012-05-31": "4875.10000", "2012-02-29": "4499.50000", "2011-11-30": "3373.30000", "2011-08-31": "3452.20000", "2011-05-31": "3897.60000", "2011-02-28": "4494.60000", "2010-11-30": "3573.20000", "2010-08-31": "3602.00000", "2010-05-31": "3824.30000", "2010-02-28": "4390.91100", "2009-11-30": "3264.94200", "2009-08-31": "3342.88100", "2009-05-31": "3785.93700", "2009-02-28": "4444.31900", "2008-11-30": "3827.13700", "2008-08-31": "3979.48500", "2008-05-31": "4113.14900", "2008-02-29": "4720.02400", "2007-11-30": "3781.94400", "2007-08-31": "3913.81500", "2007-05-31": "4294.27100", "2007-02-28": "3868.77800", "2006-11-30": "4043.63200", "2006-08-31": "4119.16600", "2006-05-31": "3894.45900", "2006-02-28": "4139.00500", "2005-11-30": "2598.91000", "2005-08-31": "2637.90900", "2005-05-31": "3231.74200", "2005-02-28": "3297.77400"}, "Common Stock Net": {"2020-11-30": "3.60000", "2020-08-31": "3.60000", "2020-05-31": "3.60000", "2020-02-29": "3.60000", "2019-11-30": "3.60000", "2019-08-31": "3.60000", "2019-05-31": "3.60000", "2019-02-28": "3.60000", "2018-11-30": "3.60000", "2018-08-31": "3.60000", "2018-05-31": "3.60000", "2018-02-28": "3.60000", "2017-11-30": "3.60000", "2017-08-31": "3.60000", "2017-05-31": "3.60000", "2017-02-28": "3.60000", "2016-11-30": "3.60000", "2016-08-31": "3.60000", "2016-05-31": "3.60000", "2016-02-29": "3.60000", "2015-11-30": "3.60000", "2015-08-31": "3.60000", "2015-05-31": "3.60000", "2015-02-28": "3.60000", "2014-11-30": "3.60000", "2014-08-31": "3.60000", "2014-05-31": "3.60000", "2014-02-28": "3.60000", "2013-11-30": "3.60000", "2013-08-31": "3.70000", "2013-05-31": "3.70000", "2013-02-28": "3.60000", "2012-11-30": "3.60000", "2012-08-31": "3.60000", "2012-05-31": "3.60000", "2012-02-29": "3.60000", "2011-11-30": "3.60000", "2011-08-31": "3.60000", "2011-05-31": "3.60000", "2011-02-28": "3.60000", "2010-11-30": "3.60000", "2010-08-31": "3.60000", "2010-05-31": "3.60000", "2010-02-28": "3.61400", "2009-11-30": "3.61400", "2009-08-31": "3.61400", "2009-05-31": "3.61000", "2009-02-28": "3.60800", "2008-11-30": "3.60800", "2008-08-31": "3.60800", "2008-05-31": "3.60500", "2008-02-29": "3.60400", "2007-11-30": "3.63700", "2007-08-31": "3.74700", "2007-05-31": "3.82200", "2007-02-28": "3.81900", "2006-11-30": "3.81100", "2006-08-31": "3.80400", "2006-05-31": "3.80300", "2006-02-28": "3.79800", "2005-11-30": "3.79600", "2005-08-31": "3.79000", "2005-05-31": "3.78600", "2005-02-28": "3.78500"}, "Retained Earnings (Accumulated Deficit)": {"2020-11-30": "1418.90000", "2020-08-31": "1370.20000", "2020-05-31": "1431.40000", "2020-02-29": "1433.30000", "2019-11-30": "1301.40000", "2019-08-31": "1265.20000", "2019-05-31": "1409.50000", "2019-02-28": "1425.80000", "2018-11-30": "1302.60000", "2018-08-31": "1268.10000", "2018-05-31": "1262.60000", "2018-02-28": "961.40000", "2017-11-30": "881.00000", "2017-08-31": "843.70000", "2017-05-31": "901.70000", "2017-02-28": "871.90000", "2016-11-30": "834.90000", "2016-08-31": "958.90000", "2016-05-31": "926.20000", "2016-02-29": "899.60000", "2015-11-30": "913.90000", "2015-08-31": "876.40000", "2015-05-31": "894.30000", "2015-02-28": "978.30000", "2014-11-30": "964.30000", "2014-08-31": "943.70000", "2014-05-31": "957.50000", "2014-02-28": "983.70000", "2013-11-30": "993.20000", "2013-08-31": "1034.20000", "2013-05-31": "1088.50000", "2013-02-28": "964.90000", "2012-11-30": "1060.80000", "2012-08-31": "1033.00000", "2012-05-31": "1002.10000", "2012-02-29": "995.00000", "2011-11-30": "975.80000", "2011-08-31": "951.50000", "2011-05-31": "919.50000", "2011-02-28": "913.00000", "2010-11-30": "894.50000", "2010-08-31": "873.00000", "2010-05-31": "856.30000", "2010-02-28": "852.93600", "2009-11-30": "853.08400", "2009-08-31": "839.36600", "2009-05-31": "829.50100", "2009-02-28": "827.72600", "2008-11-30": "808.87500", "2008-08-31": "780.57000", "2008-05-31": "745.35100", "2008-02-29": "718.05300", "2007-11-30": "815.14700", "2007-08-31": "1235.58800", "2007-05-31": "1595.10500", "2007-02-28": "1554.25400", "2006-11-30": "1507.82600", "2006-08-31": "1455.17600", "2006-05-31": "1380.97100", "2006-02-28": "1319.07400", "2005-11-30": "1265.29100", "2005-08-31": "1213.37700", "2005-05-31": "1147.61100", "2005-02-28": "1095.34900"}, "Comprehensive Income": {"2020-11-30": "73.10000", "2020-08-31": "79.50000", "2020-05-31": "56.50000", "2020-02-29": "45.20000", "2019-11-30": "11.60000", "2019-08-31": "26.50000", "2019-05-31": "0.10000", "2019-02-28": "-19.30000", "2018-11-30": "-47.40000", "2018-08-31": "-35.80000", "2018-05-31": "-36.20000", "2018-02-28": "-26.70000", "2017-11-30": "-9.20000", "2017-08-31": "24.40000", "2017-05-31": "20.00000", "2017-02-28": "4.60000", "2016-11-30": "-16.80000", "2016-08-31": "39.20000", "2016-05-31": "29.20000", "2016-02-29": "37.50000", "2015-11-30": "20.30000", "2015-08-31": "13.80000", "2015-05-31": "7.50000", "2015-02-28": "21.80000", "2014-11-30": "22.40000", "2014-08-31": "26.00000", "2014-05-31": "21.50000", "2014-02-28": "24.60000", "2013-11-30": "13.70000", "2013-08-31": "-4.90000", "2013-05-31": "22.00000", "2013-02-28": "32.70000", "2012-11-30": "39.70000", "2012-08-31": "37.30000", "2012-05-31": "37.70000", "2012-02-29": "43.10000", "2011-11-30": "33.90000", "2011-08-31": "44.20000", "2011-05-31": "37.50000", "2011-02-28": "29.30000", "2010-11-30": "39.10000", "2010-08-31": "54.20000", "2010-05-31": "42.40000", "2010-02-28": "48.56200", "2009-11-30": "49.63900", "2009-08-31": "43.20100", "2009-05-31": "41.94000", "2009-02-28": "43.12500", "2008-11-30": "20.99500", "2008-08-31": "22.30300", "2008-05-31": "16.04700", "2008-02-29": "8.77100", "2007-11-30": "9.00500", "2007-08-31": "-4.09600", "2007-05-31": "-9.66100", "2007-02-28": "-3.96600", "2006-11-30": "-1.87900", "2006-08-31": "-7.55500", "2006-05-31": "-14.32600", "2006-02-28": "-12.07400", "2005-11-30": "-12.93500", "2005-08-31": "-7.74500", "2005-05-31": "-6.42100", "2005-02-28": "-4.85700"}, "Other Share Holders Equity": {"2020-11-30": "", "2020-08-31": "", "2020-05-31": "", "2020-02-29": "", "2019-11-30": "", "2019-08-31": "", "2019-05-31": "", "2019-02-28": "", "2018-11-30": "", "2018-08-31": "", "2018-05-31": "", "2018-02-28": "", "2017-11-30": "", "2017-08-31": "", "2017-05-31": "", "2017-02-28": "", "2016-11-30": "", "2016-08-31": "", "2016-05-31": "", "2016-02-29": "", "2015-11-30": "", "2015-08-31": "", "2015-05-31": "", "2015-02-28": "", "2014-11-30": "", "2014-08-31": "", "2014-05-31": "", "2014-02-28": "", "2013-11-30": "", "2013-08-31": "", "2013-05-31": "", "2013-02-28": "", "2012-11-30": "", "2012-08-31": "", "2012-05-31": "", "2012-02-29": "", "2011-11-30": "", "2011-08-31": "", "2011-05-31": "", "2011-02-28": "", "2010-11-30": "", "2010-08-31": "", "2010-05-31": "", "2010-02-28": "", "2009-11-30": "", "2009-08-31": "", "2009-05-31": "", "2009-02-28": "", "2008-11-30": "", "2008-08-31": "", "2008-05-31": "", "2008-02-29": "", "2007-11-30": "", "2007-08-31": "", "2007-05-31": "", "2007-02-28": "", "2006-11-30": "", "2006-08-31": "", "2006-05-31": "", "2006-02-28": "", "2005-11-30": "", "2005-08-31": "", "2005-05-31": "", "2005-02-28": ""}, "Share Holder Equity": {"2020-11-30": "2889.70000", "2020-08-31": "2778.60000", "2020-05-31": "2781.40000", "2020-02-29": "2759.80000", "2019-11-30": "2569.40000", "2019-08-31": "2519.30000", "2019-05-31": "2619.50000", "2019-02-28": "2598.00000", "2018-11-30": "2424.50000", "2018-08-31": "2387.00000", "2018-05-31": "2356.80000", "2018-02-28": "2045.50000", "2017-11-30": "1968.90000", "2017-08-31": "1943.80000", "2017-05-31": "1955.30000", "2017-02-28": "1896.70000", "2016-11-30": "1815.60000", "2016-08-31": "1988.10000", "2016-05-31": "1911.70000", "2016-02-29": "1874.10000", "2015-11-30": "1858.30000", "2015-08-31": "1790.80000", "2015-05-31": "1785.50000", "2015-02-28": "1872.00000", "2014-11-30": "1834.30000", "2014-08-31": "1785.60000", "2014-05-31": "1777.00000", "2014-02-28": "1788.20000", "2013-11-30": "1760.40000", "2013-08-31": "1748.40000", "2013-05-31": "1773.70000", "2013-02-28": "1605.90000", "2012-11-30": "1698.20000", "2012-08-31": "1655.40000", "2012-05-31": "1604.50000", "2012-02-29": "1595.40000", "2011-11-30": "1558.70000", "2011-08-31": "1539.30000", "2011-05-31": "1496.20000", "2011-02-28": "1468.20000", "2010-11-30": "1449.50000", "2010-08-31": "1437.00000", "2010-05-31": "1402.00000", "2010-02-28": "1397.12000", "2009-11-30": "1392.19000", "2009-08-31": "1364.86200", "2009-05-31": "1341.47800", "2009-02-28": "1331.14900", "2008-11-30": "1284.72300", "2008-08-31": "1250.12500", "2008-05-31": "1196.64200", "2008-02-29": "1151.99100", "2007-11-30": "1244.41100", "2007-08-31": "1644.12200", "2007-05-31": "1952.24800", "2007-02-28": "1903.03600", "2006-11-30": "1827.60700", "2006-08-31": "1745.57400", "2006-05-31": "1654.84300", "2006-02-28": "1580.59000", "2005-11-30": "1521.11800", "2005-08-31": "1457.93300", "2005-05-31": "1385.67600", "2005-02-28": "1331.39100"}, "Total Liabilities And Share Holders Equity": {"2020-11-30": "8615.40000", "2020-08-31": "8376.90000", "2020-05-31": "8550.70000", "2020-02-29": "9466.90000", "2019-11-30": "8701.70000", "2019-08-31": "8638.20000", "2019-05-31": "8676.00000", "2019-02-28": "10363.00000", "2018-11-30": "7002.40000", "2018-08-31": "7050.00000", "2018-05-31": "7915.40000", "2018-02-28": "6842.80000", "2017-11-30": "7684.60000", "2017-08-31": "7619.50000", "2017-05-31": "6833.70000", "2017-02-28": "7310.30000", "2016-11-30": "5776.10000", "2016-08-31": "6096.90000", "2016-05-31": "6440.80000", "2016-02-29": "7067.50000", "2015-11-30": "6016.80000", "2015-08-31": "5983.00000", "2015-05-31": "6467.50000", "2015-02-28": "7344.20000", "2014-11-30": "6274.50000", "2014-08-31": "6286.60000", "2014-05-31": "6370.10000", "2014-02-28": "7069.40000", "2013-11-30": "6019.40000", "2013-08-31": "6031.20000", "2013-05-31": "6163.70000", "2013-02-28": "7507.50000", "2012-11-30": "5724.20000", "2012-08-31": "5710.90000", "2012-05-31": "6479.60000", "2012-02-29": "6094.90000", "2011-11-30": "4932.00000", "2011-08-31": "4991.50000", "2011-05-31": "5393.80000", "2011-02-28": "5962.80000", "2010-11-30": "5022.70000", "2010-08-31": "5039.00000", "2010-05-31": "5226.30000", "2010-02-28": "5788.03100", "2009-11-30": "4657.13200", "2009-08-31": "4707.74300", "2009-05-31": "5127.41500", "2009-02-28": "5775.46800", "2008-11-30": "5111.86000", "2008-08-31": "5229.61000", "2008-05-31": "5309.79100", "2008-02-29": "5872.01500", "2007-11-30": "5026.35500", "2007-08-31": "5557.93700", "2007-05-31": "6246.51900", "2007-02-28": "5771.81400", "2006-11-30": "5871.23900", "2006-08-31": "5864.74000", "2006-05-31": "5549.30200", "2006-02-28": "5719.59500", "2005-11-30": "4120.02800", "2005-08-31": "4095.84200", "2005-05-31": "4617.41800", "2005-02-28": "4629.16500"}}, "cash flow statement": {"Net Income/Loss": {"2020-05-31": "1098.10000", "2019-05-31": "1034.40000", "2018-05-31": "994.10000", "2017-05-31": "826.30000", "2016-05-31": "756.80000", "2015-05-31": "674.90000", "2014-05-31": "627.50000", "2013-05-31": "569.00000", "2012-05-31": "548.00000", "2011-05-31": "515.30000", "2010-05-31": "477.00000", "2009-05-31": "533.50000", "2008-05-31": "576.14500", "2007-05-31": "515.44700", "2006-05-31": "464.91400", "2005-05-31": "368.84900"}, "Total Depreciation And Amortization - Cash Flow": {"2020-05-31": "436.60000", "2019-05-31": "410.70000", "2018-05-31": "378.10000", "2017-05-31": "368.80000", "2016-05-31": "190.80000", "2015-05-31": "182.80000", "2014-05-31": "175.30000", "2013-05-31": "154.40000", "2012-05-31": "140.30000", "2011-05-31": "127.60000", "2010-05-31": "121.50000", "2009-05-31": "108.80000", "2008-05-31": "99.64700", "2007-05-31": "96.98600", "2006-05-31": "94.41400", "2005-05-31": "90.62200"}, "Other Non-Cash Items": {"2020-05-31": "39.90000", "2019-05-31": "54.20000", "2018-05-31": "10.90000", "2017-05-31": "62.90000", "2016-05-31": "44.10000", "2015-05-31": "28.60000", "2014-05-31": "23.30000", "2013-05-31": "28.90000", "2012-05-31": "34.80000", "2011-05-31": "38.90000", "2010-05-31": "39.80000", "2009-05-31": "25.60000", "2008-05-31": "25.74100", "2007-05-31": "47.72100", "2006-05-31": "5.06900", "2005-05-31": "16.06200"}, "Total Non-Cash Items": {"2020-05-31": "476.50000", "2019-05-31": "464.90000", "2018-05-31": "389.00000", "2017-05-31": "431.70000", "2016-05-31": "234.90000", "2015-05-31": "211.40000", "2014-05-31": "198.60000", "2013-05-31": "183.30000", "2012-05-31": "175.10000", "2011-05-31": "166.50000", "2010-05-31": "161.30000", "2009-05-31": "134.40000", "2008-05-31": "125.38800", "2007-05-31": "144.70700", "2006-05-31": "99.48300", "2005-05-31": "106.68400"}, "Change In Accounts Receivable": {"2020-05-31": "56.30000", "2019-05-31": "-112.40000", "2018-05-31": "19.90000", "2017-05-31": "-103.10000", "2016-05-31": "-35.70000", "2015-05-31": "-29.80000", "2014-05-31": "-22.10000", "2013-05-31": "6.50000", "2012-05-31": "16.40000", "2011-05-31": "23.00000", "2010-05-31": "-11.20000", "2009-05-31": "10.50000", "2008-05-31": "18.38900", "2007-05-31": "-14.49900", "2006-05-31": "-37.08800", "2005-05-31": "-36.80800"}, "Change In Inventories": {"2020-05-31": "", "2019-05-31": "", "2018-05-31": "", "2017-05-31": "", "2016-05-31": "", "2015-05-31": "", "2014-05-31": "", "2013-05-31": "", "2012-05-31": "", "2011-05-31": "", "2010-05-31": "", "2009-05-31": "", "2008-05-31": "", "2007-05-31": "", "2006-05-31": "", "2005-05-31": ""}, "Change In Accounts Payable": {"2020-05-31": "", "2019-05-31": "", "2018-05-31": "", "2017-05-31": "", "2016-05-31": "", "2015-05-31": "", "2014-05-31": "", "2013-05-31": "", "2012-05-31": "", "2011-05-31": "", "2010-05-31": "", "2009-05-31": "", "2008-05-31": "", "2007-05-31": "", "2006-05-31": "", "2005-05-31": ""}, "Change In Assets/Liabilities": {"2020-05-31": "-185.10000", "2019-05-31": "-192.90000", "2018-05-31": "-169.50000", "2017-05-31": "-232.70000", "2016-05-31": "-1.10000", "2015-05-31": "-12.40000", "2014-05-31": "31.80000", "2013-05-31": "-66.90000", "2012-05-31": "-6.00000", "2011-05-31": "8.30000", "2010-05-31": "-1.20000", "2009-05-31": "20.40000", "2008-05-31": "2.03200", "2007-05-31": "0.99900", "2006-05-31": "4.18400", "2005-05-31": "7.52800"}, "Total Change In Assets/Liabilities": {"2020-05-31": "-133.70000", "2019-05-31": "-227.80000", "2018-05-31": "-106.70000", "2017-05-31": "-297.60000", "2016-05-31": "26.50000", "2015-05-31": "8.90000", "2014-05-31": "54.80000", "2013-05-31": "-77.00000", "2012-05-31": "-16.50000", "2011-05-31": "33.50000", "2010-05-31": "-27.40000", "2009-05-31": "20.90000", "2008-05-31": "23.13600", "2007-05-31": "-28.92700", "2006-05-31": "4.83600", "2005-05-31": "-8.90900"}, "Cash Flow From Operating Activities": {"2020-05-31": "1440.90000", "2019-05-31": "1271.50000", "2018-05-31": "1276.40000", "2017-05-31": "960.40000", "2016-05-31": "1018.20000", "2015-05-31": "895.20000", "2014-05-31": "880.90000", "2013-05-31": "675.30000", "2012-05-31": "706.60000", "2011-05-31": "715.30000", "2010-05-31": "610.90000", "2009-05-31": "688.80000", "2008-05-31": "724.66900", "2007-05-31": "631.22700", "2006-05-31": "569.23300", "2005-05-31": "466.62400"}, "Net Change In Property, Plant, And Equipment": {"2020-05-31": "-127.00000", "2019-05-31": "-123.80000", "2018-05-31": "-154.00000", "2017-05-31": "-94.30000", "2016-05-31": "-97.70000", "2015-05-31": "-102.80000", "2014-05-31": "-84.10000", "2013-05-31": "-98.70000", "2012-05-31": "-89.60000", "2011-05-31": "-100.50000", "2010-05-31": "-61.30000", "2009-05-31": "-64.10000", "2008-05-31": "-81.57300", "2007-05-31": "-78.90400", "2006-05-31": "-81.10100", "2005-05-31": "-67.18000"}, "Net Change In Intangible Assets": {"2020-05-31": "", "2019-05-31": "", "2018-05-31": "", "2017-05-31": "", "2016-05-31": "", "2015-05-31": "", "2014-05-31": "", "2013-05-31": "", "2012-05-31": "", "2011-05-31": "", "2010-05-31": "", "2009-05-31": "", "2008-05-31": "", "2007-05-31": "", "2006-05-31": "", "2005-05-31": ""}, "Net Acquisitions/Divestitures": {"2020-05-31": "-6.10000", "2019-05-31": "-992.20000", "2018-05-31": "-180.40000", "2017-05-31": "", "2016-05-31": "-296.10000", "2015-05-31": "-27.10000", "2014-05-31": "-9.30000", "2013-05-31": "-21.30000", "2012-05-31": "-6.00000", "2011-05-31": "-126.40000", "2010-05-31": "13.10000", "2009-05-31": "-6.40000", "2008-05-31": "-32.94000", "2007-05-31": "-3.10000", "2006-05-31": "-0.72600", "2005-05-31": "-0.44400"}, "Net Change In Short-term Investments": {"2020-05-31": "", "2019-05-31": "", "2018-05-31": "", "2017-05-31": "", "2016-05-31": "927.60000", "2015-05-31": "149.10000", "2014-05-31": "-441.50000", "2013-05-31": "1019.40000", "2012-05-31": "-784.30000", "2011-05-31": "450.40000", "2010-05-31": "61.70000", "2009-05-31": "-1101.40000", "2008-05-31": "-581.73800", "2007-05-31": "423.90600", "2006-05-31": "-520.50400", "2005-05-31": "154.15300"}, "Net Change In Long-Term Investments": {"2020-05-31": "914.80080", "2019-05-31": "-507.00000", "2018-05-31": "1372.69900", "2017-05-31": "-559.30080", "2016-05-31": "-587.90040", "2015-05-31": "-300.89840", "2014-05-31": "230.09960", "2013-05-31": "-712.60160", "2012-05-31": "-363.09960", "2011-05-31": "-630.20020", "2010-05-31": "-402.90000", "2009-05-31": "1592.80000", "2008-05-31": "1649.01600", "2007-05-31": "-1137.35200", "2006-05-31": "-324.28130", "2005-05-31": "-331.37500"}, "Net Change In Investments - Total": {"2020-05-31": "914.80080", "2019-05-31": "-507.00000", "2018-05-31": "1372.69900", "2017-05-31": "-559.30080", "2016-05-31": "339.69960", "2015-05-31": "-151.79840", "2014-05-31": "-211.40040", "2013-05-31": "306.79850", "2012-05-31": "-1147.40000", "2011-05-31": "-179.80020", "2010-05-31": "-341.20000", "2009-05-31": "491.39980", "2008-05-31": "1067.27800", "2007-05-31": "-713.44560", "2006-05-31": "-844.78530", "2005-05-31": "-177.22200"}, "Investing Activities - Other": {"2020-05-31": "-9.80000", "2019-05-31": "-5.30000", "2018-05-31": "-39.80000", "2017-05-31": "-8.60000", "2016-05-31": "-9.00000", "2015-05-31": "-3.30000", "2014-05-31": "-11.30000", "2013-05-31": "-5.10000", "2012-05-31": "-1.30000", "2011-05-31": "-2.80000", "2010-05-31": "-11.90000", "2009-05-31": "-16.40000", "2008-05-31": "-19.59900", "2007-05-31": "-21.58600", "2006-05-31": "-4.24700", "2005-05-31": "-2.74200"}, "Cash Flow From Investing Activities": {"2020-05-31": "771.90000", "2019-05-31": "-1628.30000", "2018-05-31": "998.50000", "2017-05-31": "-662.20000", "2016-05-31": "-63.10000", "2015-05-31": "-285.00000", "2014-05-31": "-316.10000", "2013-05-31": "181.70000", "2012-05-31": "-1244.30000", "2011-05-31": "-409.50000", "2010-05-31": "-401.30000", "2009-05-31": "404.50000", "2008-05-31": "933.16500", "2007-05-31": "-817.03700", "2006-05-31": "-930.85700", "2005-05-31": "-247.58600"}, "Net Long-Term Debt": {"2020-05-31": "", "2019-05-31": "796.30000", "2018-05-31": "", "2017-05-31": "", "2016-05-31": "", "2015-05-31": "", "2014-05-31": "", "2013-05-31": "", "2012-05-31": "", "2011-05-31": "", "2010-05-31": "", "2009-05-31": "", "2008-05-31": "", "2007-05-31": "", "2006-05-31": "", "2005-05-31": ""}, "Net Current Debt": {"2020-05-31": "-448.20000", "2019-05-31": "-950.60000", "2018-05-31": "462.40000", "2017-05-31": "317.30000", "2016-05-31": "-304.80000", "2015-05-31": "93.00000", "2014-05-31": "127.40000", "2013-05-31": "-454.60000", "2012-05-31": "980.50000", "2011-05-31": "-34.90000", "2010-05-31": "42.30000", "2009-05-31": "-346.00000", "2008-05-31": "-198.64900", "2007-05-31": "376.13700", "2006-05-31": "620.80700", "2005-05-31": ""}, "Debt Issuance/Retirement Net - Total": {"2020-05-31": "-448.20000", "2019-05-31": "-154.30000", "2018-05-31": "462.40000", "2017-05-31": "317.30000", "2016-05-31": "-304.80000", "2015-05-31": "93.00000", "2014-05-31": "127.40000", "2013-05-31": "-454.60000", "2012-05-31": "980.50000", "2011-05-31": "-34.90000", "2010-05-31": "42.30000", "2009-05-31": "-346.00000", "2008-05-31": "-198.64900", "2007-05-31": "376.13700", "2006-05-31": "620.80700", "2005-05-31": ""}, "Net Common Equity Issued/Repurchased": {"2020-05-31": "-171.90000", "2019-05-31": "-56.90000", "2018-05-31": "-143.10000", "2017-05-31": "-166.20000", "2016-05-31": "-107.90000", "2015-05-31": "-182.40000", "2014-05-31": "-136.40000", "2013-05-31": "72.80000", "2012-05-31": "", "2011-05-31": "12.60000", "2010-05-31": "8.20000", "2009-05-31": "9.00000", "2008-05-31": "-932.15500", "2007-05-31": "", "2006-05-31": "32.12500", "2005-05-31": "9.02600"}, "Net Total Equity Issued/Repurchased": {"2020-05-31": "-171.90000", "2019-05-31": "-56.90000", "2018-05-31": "-143.10000", "2017-05-31": "-166.20000", "2016-05-31": "-107.90000", "2015-05-31": "-182.40000", "2014-05-31": "-136.40000", "2013-05-31": "72.80000", "2012-05-31": "", "2011-05-31": "12.60000", "2010-05-31": "8.20000", "2009-05-31": "9.00000", "2008-05-31": "-932.15500", "2007-05-31": "", "2006-05-31": "32.12500", "2005-05-31": "9.02600"}, "Total Common And Preferred Stock Dividends Paid": {"2020-05-31": "-889.40000", "2019-05-31": "-826.80000", "2018-05-31": "-739.70000", "2017-05-31": "-662.30000", "2016-05-31": "-606.50000", "2015-05-31": "-551.80000", "2014-05-31": "-510.60000", "2013-05-31": "-476.70000", "2012-05-31": "-460.50000", "2011-05-31": "-448.80000", "2010-05-31": "-448.60000", "2009-05-31": "-447.70000", "2008-05-31": "-442.14600", "2007-05-31": "-301.31300", "2006-05-31": "-231.55400", "2005-05-31": "-192.97600"}, "Financial Activities - Other": {"2020-05-31": "21.30000", "2019-05-31": "29.50000", "2018-05-31": "-3.40000", "2017-05-31": "28.50000", "2016-05-31": "25.60000", "2015-05-31": "48.50000", "2014-05-31": "", "2013-05-31": "", "2012-05-31": "7.50000", "2011-05-31": "", "2010-05-31": "", "2009-05-31": "", "2008-05-31": "", "2007-05-31": "52.91600", "2006-05-31": "", "2005-05-31": ""}, "Cash Flow From Financial Activities": {"2020-05-31": "-1488.20000", "2019-05-31": "-1008.50000", "2018-05-31": "-423.80000", "2017-05-31": "-482.70000", "2016-05-31": "-993.60000", "2015-05-31": "-592.70000", "2014-05-31": "-519.60000", "2013-05-31": "-858.50000", "2012-05-31": "527.50000", "2011-05-31": "-471.10000", "2010-05-31": "-398.10000", "2009-05-31": "-784.70000", "2008-05-31": "-1572.95000", "2007-05-31": "127.74000", "2006-05-31": "421.37800", "2005-05-31": "-183.95000"}, "Net Cash Flow": {"2020-05-31": "724.60000", "2019-05-31": "-1365.30000", "2018-05-31": "1851.10000", "2017-05-31": "-184.50000", "2016-05-31": "-38.50000", "2015-05-31": "17.50000", "2014-05-31": "45.20000", "2013-05-31": "-1.50000", "2012-05-31": "-10.20000", "2011-05-31": "-165.30000", "2010-05-31": "-188.50000", "2009-05-31": "308.60000", "2008-05-31": "84.88400", "2007-05-31": "-58.07000", "2006-05-31": "59.75400", "2005-05-31": "35.08800"}, "Stock-Based Compensation": {"2020-05-31": "47.40000", "2019-05-31": "46.20000", "2018-05-31": "44.60000", "2017-05-31": "35.40000", "2016-05-31": "34.60000", "2015-05-31": "31.40000", "2014-05-31": "26.30000", "2013-05-31": "22.80000", "2012-05-31": "22.90000", "2011-05-31": "24.80000", "2010-05-31": "25.60000", "2009-05-31": "25.70000", "2008-05-31": "25.43400", "2007-05-31": "25.69000", "2006-05-31": "", "2005-05-31": ""}, "Common Stock Dividends Paid": {"2020-05-31": "-889.40000", "2019-05-31": "-826.80000", "2018-05-31": "-739.70000", "2017-05-31": "-662.30000", "2016-05-31": "-606.50000", "2015-05-31": "-551.80000", "2014-05-31": "-510.60000", "2013-05-31": "-476.70000", "2012-05-31": "-460.50000", "2011-05-31": "-448.80000", "2010-05-31": "-448.60000", "2009-05-31": "-447.70000", "2008-05-31": "-442.14600", "2007-05-31": "-301.31300", "2006-05-31": "-231.55400", "2005-05-31": "-192.97600"}}, "cash flow statement, quarterly": {"Net Income/Loss": {"2020-11-30": 272.4, "2020-08-31": "211.60000", "2020-05-31": 220.7, "2020-02-29": 354.5, "2019-11-30": 258.7, "2019-08-31": "264.20000", "2019-05-31": 230.4, "2019-02-28": 324.6, "2018-11-30": 235.8, "2018-08-31": "243.60000", "2018-05-31": 217.7, "2018-02-28": 367.2, "2017-11-30": 198.8, "2017-08-31": "210.40000", "2017-05-31": 204.3, "2017-02-28": 202.5, "2016-11-30": 202.1, "2016-08-31": "217.40000", "2016-05-31": 178.1, "2016-02-29": 180.4, "2015-11-30": 189.2, "2015-08-31": "209.10000", "2015-05-31": 161.2, "2015-02-28": 169.4, "2014-11-30": 173, "2014-08-31": "171.30000", "2014-05-31": 145.9, "2014-02-28": 160.1, "2013-11-30": 158.7, "2013-08-31": "162.80000", "2013-05-31": 123.5, "2013-02-28": 144.5, "2012-11-30": 147.9, "2012-08-31": "153.10000", "2012-05-31": 123.3, "2012-02-29": 135.4, "2011-11-30": 140.4, "2011-08-31": "148.90000", "2011-05-31": 118.9, "2011-02-28": 130.6, "2010-11-30": 133.9, "2010-08-31": "131.90000", "2010-05-31": 115.5, "2010-02-28": 112, "2009-11-30": 125.9, "2009-08-31": "123.60000", "2009-05-31": 113.759, "2009-02-28": 130.79, "2008-11-30": 140.242, "2008-08-31": "148.70900", "2008-05-31": 135.484, "2008-02-29": 142.474, "2007-11-30": 147.112, "2007-08-31": "151.07500", "2007-05-31": 121.1, "2007-02-28": 126.6, "2006-11-30": 132.666, "2006-08-31": "135.08100", "2006-05-31": 122.74, "2006-02-28": 114.534, "2005-11-30": 112.612, "2005-08-31": "115.02800", "2005-05-31": 101.481, "2005-02-28": 267.368}, "Total Depreciation And Amortization - Cash Flow": {"2020-11-30": 105.4, "2020-08-31": "106.40000", "2020-05-31": 108.8, "2020-02-29": 107.1, "2019-11-30": 111.8, "2019-08-31": "108.90000", "2019-05-31": 111.4, "2019-02-28": 109.4, "2018-11-30": 95, "2018-08-31": "94.90000", "2018-05-31": 95.2, "2018-02-28": 183.4, "2017-11-30": 50.4, "2017-08-31": "49.10000", "2017-05-31": 223.1, "2017-02-28": 49, "2016-11-30": 48.4, "2016-08-31": "48.30000", "2016-05-31": 48.5, "2016-02-29": 49.2, "2015-11-30": 46.7, "2015-08-31": "46.40000", "2015-05-31": 46.8, "2015-02-28": 46, "2014-11-30": 45.1, "2014-08-31": "44.90000", "2014-05-31": 46.3, "2014-02-28": 44.2, "2013-11-30": 43.7, "2013-08-31": "41.10000", "2013-05-31": 39.7, "2013-02-28": 39.3, "2012-11-30": 38, "2012-08-31": "37.40000", "2012-05-31": 36.1, "2012-02-29": 35.1, "2011-11-30": 34.6, "2011-08-31": "34.50000", "2011-05-31": 34.4, "2011-02-28": 32.7, "2010-11-30": 30.2, "2010-08-31": "30.30000", "2010-05-31": 30.8, "2010-02-28": 30.6, "2009-11-30": 30.5, "2009-08-31": "29.60000", "2009-05-31": 28.828, "2009-02-28": 26.354, "2008-11-30": 26.394, "2008-08-31": "27.22400", "2008-05-31": 27.725, "2008-02-29": 25.226, "2007-11-30": 23.6, "2007-08-31": "23.09600", "2007-05-31": 24.499, "2007-02-28": 25.115, "2006-11-30": 24.162, "2006-08-31": "23.21000", "2006-05-31": 24.474, "2006-02-28": 24.197, "2005-11-30": 23.38, "2005-08-31": "22.36300", "2005-05-31": 25.73, "2005-02-28": 64.892}, "Other Non-Cash Items": {"2020-11-30": 10.7, "2020-08-31": "12.10000", "2020-05-31": 7.5, "2020-02-29": 9.7, "2019-11-30": 14.5, "2019-08-31": "8.20000", "2019-05-31": 7.7, "2019-02-28": 11.1, "2018-11-30": 21.5, "2018-08-31": "13.90000", "2018-05-31": 23.3, "2018-02-28": -80.5, "2017-11-30": 9.8, "2017-08-31": "58.30000", "2017-05-31": 33.1, "2017-02-28": -14.4, "2016-11-30": 19.9, "2016-08-31": "24.30000", "2016-05-31": 18.6, "2016-02-29": -14.5, "2015-11-30": 16.7, "2015-08-31": "23.30000", "2015-05-31": 16.6, "2015-02-28": -18.3, "2014-11-30": 12.2, "2014-08-31": "18.10000", "2014-05-31": 7.5, "2014-02-28": -15.9, "2013-11-30": 13.3, "2013-08-31": "18.40000", "2013-05-31": 16.9, "2013-02-28": -17.4, "2012-11-30": 12.8, "2012-08-31": "16.60000", "2012-05-31": 12, "2012-02-29": -12.1, "2011-11-30": 17.4, "2011-08-31": "17.50000", "2011-05-31": 12.2, "2011-02-28": 3.2, "2010-11-30": 12.7, "2010-08-31": "10.80000", "2010-05-31": 27.3, "2010-02-28": -6, "2009-11-30": 6.9, "2009-08-31": "11.60000", "2009-05-31": 12.738, "2009-02-28": -14.548, "2008-11-30": 13.902, "2008-08-31": "13.50800", "2008-05-31": 12.635, "2008-02-29": -15.26, "2007-11-30": 15.853, "2007-08-31": "12.51300", "2007-05-31": 27.532, "2007-02-28": 1.787, "2006-11-30": 10.811, "2006-08-31": "7.59100", "2006-05-31": 10.258, "2006-02-28": -15.279, "2005-11-30": 10.039, "2005-08-31": "0.05100", "2005-05-31": 8.165, "2005-02-28": 7.897}, "Total Non-Cash Items": {"2020-11-30": 116.1, "2020-08-31": "118.50000", "2020-05-31": 116.3, "2020-02-29": 116.8, "2019-11-30": 126.3, "2019-08-31": "117.10000", "2019-05-31": 119.1, "2019-02-28": 120.5, "2018-11-30": 116.5, "2018-08-31": "108.80000", "2018-05-31": 118.5, "2018-02-28": 102.9, "2017-11-30": 60.2, "2017-08-31": "107.40000", "2017-05-31": 256.2, "2017-02-28": 34.6, "2016-11-30": 68.3, "2016-08-31": "72.60000", "2016-05-31": 67.1, "2016-02-29": 34.7, "2015-11-30": 63.4, "2015-08-31": "69.70000", "2015-05-31": 63.4, "2015-02-28": 27.7, "2014-11-30": 57.3, "2014-08-31": "63.00000", "2014-05-31": 53.8, "2014-02-28": 28.3, "2013-11-30": 57, "2013-08-31": "59.50000", "2013-05-31": 56.6, "2013-02-28": 21.9, "2012-11-30": 50.8, "2012-08-31": "54.00000", "2012-05-31": 48.1, "2012-02-29": 23, "2011-11-30": 52, "2011-08-31": "52.00000", "2011-05-31": 46.6, "2011-02-28": 35.9, "2010-11-30": 42.9, "2010-08-31": "41.10000", "2010-05-31": 58.1, "2010-02-28": 24.6, "2009-11-30": 37.4, "2009-08-31": "41.20000", "2009-05-31": 41.566, "2009-02-28": 11.806, "2008-11-30": 40.296, "2008-08-31": "40.73200", "2008-05-31": 40.36, "2008-02-29": 9.966, "2007-11-30": 39.453, "2007-08-31": "35.60900", "2007-05-31": 52.031, "2007-02-28": 26.902, "2006-11-30": 34.973, "2006-08-31": "30.80100", "2006-05-31": 34.732, "2006-02-28": 8.918, "2005-11-30": 33.419, "2005-08-31": "22.41400", "2005-05-31": 33.895, "2005-02-28": 72.789}, "Change In Accounts Receivable": {"2020-11-30": -140, "2020-08-31": "-66.20000", "2020-05-31": 54.9, "2020-02-29": 56.2, "2019-11-30": -45.3, "2019-08-31": "-9.50000", "2019-05-31": -10.7, "2019-02-28": -33.7, "2018-11-30": -28.1, "2018-08-31": "-39.90000", "2018-05-31": 43.3, "2018-02-28": -15.6, "2017-11-30": -20.5, "2017-08-31": "12.70000", "2017-05-31": -82.6, "2017-02-28": 102.2, "2016-11-30": -49, "2016-08-31": "-73.70000", "2016-05-31": -60.6, "2016-02-29": 88.8, "2015-11-30": -39.6, "2015-08-31": "-24.30000", "2015-05-31": -34.4, "2015-02-28": 61, "2014-11-30": -44, "2014-08-31": "-12.40000", "2014-05-31": -27.5, "2014-02-28": 54.2, "2013-11-30": -30.4, "2013-08-31": "-18.40000", "2013-05-31": -16.2, "2013-02-28": 50.6, "2012-11-30": -23.6, "2012-08-31": "-4.30000", "2012-05-31": -16.3, "2012-02-29": 91.9, "2011-11-30": -29.5, "2011-08-31": "-29.70000", "2011-05-31": -26.9, "2011-02-28": 89.3, "2010-11-30": -23.1, "2010-08-31": "-16.30000", "2010-05-31": -34.3, "2010-02-28": 69.2, "2009-11-30": -26.3, "2009-08-31": "-19.80000", "2009-05-31": -19.693, "2009-02-28": 61.385, "2008-11-30": -23.192, "2008-08-31": "-8.00000", "2008-05-31": -30.899, "2008-02-29": 62.447, "2007-11-30": -6.001, "2007-08-31": "-7.15800", "2007-05-31": -38.261, "2007-02-28": 54.675, "2006-11-30": -37.183, "2006-08-31": "6.27000", "2006-05-31": -45.003, "2006-02-28": 55.608, "2005-11-30": -31.278, "2005-08-31": "-16.41500", "2005-05-31": -26.349, "2005-02-28": -10.459}, "Change In Inventories": {"2020-11-30": 0, "2020-08-31": "", "2020-05-31": 0, "2020-02-29": 0, "2019-11-30": 0, "2019-08-31": "", "2019-05-31": 0, "2019-02-28": 0, "2018-11-30": 0, "2018-08-31": "", "2018-05-31": 0, "2018-02-28": 0, "2017-11-30": 0, "2017-08-31": "", "2017-05-31": 0, "2017-02-28": 0, "2016-11-30": 0, "2016-08-31": "", "2016-05-31": 0, "2016-02-29": 0, "2015-11-30": 0, "2015-08-31": "", "2015-05-31": 0, "2015-02-28": 0, "2014-11-30": 0, "2014-08-31": "", "2014-05-31": 0, "2014-02-28": 0, "2013-11-30": 0, "2013-08-31": "", "2013-05-31": 0, "2013-02-28": 0, "2012-11-30": 0, "2012-08-31": "", "2012-05-31": 0, "2012-02-29": 0, "2011-11-30": 0, "2011-08-31": "", "2011-05-31": 0, "2011-02-28": 0, "2010-11-30": 0, "2010-08-31": "", "2010-05-31": 0, "2010-02-28": 0, "2009-11-30": 0, "2009-08-31": "", "2009-05-31": 0, "2009-02-28": 0, "2008-11-30": 0, "2008-08-31": "", "2008-05-31": 0, "2008-02-29": 0, "2007-11-30": 0, "2007-08-31": "", "2007-05-31": 0, "2007-02-28": 0, "2006-11-30": 0, "2006-08-31": "", "2006-05-31": 0, "2006-02-28": 0, "2005-11-30": 0, "2005-08-31": "", "2005-05-31": 0, "2005-02-28": 0}, "Change In Accounts Payable": {"2020-11-30": 0, "2020-08-31": "", "2020-05-31": 0, "2020-02-29": 0, "2019-11-30": 0, "2019-08-31": "", "2019-05-31": 0, "2019-02-28": 0, "2018-11-30": 0, "2018-08-31": "", "2018-05-31": 0, "2018-02-28": 0, "2017-11-30": 0, "2017-08-31": "", "2017-05-31": 0, "2017-02-28": 0, "2016-11-30": 0, "2016-08-31": "", "2016-05-31": 0, "2016-02-29": 0, "2015-11-30": 0, "2015-08-31": "", "2015-05-31": 0, "2015-02-28": 0, "2014-11-30": 0, "2014-08-31": "", "2014-05-31": 0, "2014-02-28": 0, "2013-11-30": 0, "2013-08-31": "", "2013-05-31": 0, "2013-02-28": 0, "2012-11-30": 0, "2012-08-31": "", "2012-05-31": 0, "2012-02-29": 0, "2011-11-30": 0, "2011-08-31": "", "2011-05-31": 0, "2011-02-28": 0, "2010-11-30": 0, "2010-08-31": "", "2010-05-31": 0, "2010-02-28": 0, "2009-11-30": 0, "2009-08-31": "", "2009-05-31": 0, "2009-02-28": 0, "2008-11-30": 0, "2008-08-31": "", "2008-05-31": 0, "2008-02-29": 0, "2007-11-30": 0, "2007-08-31": "", "2007-05-31": 0, "2007-02-28": 0, "2006-11-30": 0, "2006-08-31": "", "2006-05-31": 0, "2006-02-28": 0, "2005-11-30": 0, "2005-08-31": "", "2005-05-31": 0, "2005-02-28": 0}, "Change In Assets/Liabilities": {"2020-11-30": -73.6, "2020-08-31": "6.70000", "2020-05-31": -25.3, "2020-02-29": -27.4, "2019-11-30": -95, "2019-08-31": "-37.40000", "2019-05-31": -59.2, "2019-02-28": -24.4, "2018-11-30": -85.7, "2018-08-31": "-23.60000", "2018-05-31": -53.5, "2018-02-28": -101.9, "2017-11-30": -47, "2017-08-31": "32.90000", "2017-05-31": -187.5, "2017-02-28": -15.1, "2016-11-30": -47.6, "2016-08-31": "17.50000", "2016-05-31": 7.5, "2016-02-29": 34.8, "2015-11-30": -60.4, "2015-08-31": "17.00000", "2015-05-31": -10.7, "2015-02-28": 2.4, "2014-11-30": -4.9, "2014-08-31": "0.80000", "2014-05-31": -12, "2014-02-28": 26.1, "2013-11-30": -29.7, "2013-08-31": "47.40000", "2013-05-31": -80.8, "2013-02-28": 24.3, "2012-11-30": -15, "2012-08-31": "4.60000", "2012-05-31": -2.4, "2012-02-29": 10.7, "2011-11-30": -9.1, "2011-08-31": "-5.20000", "2011-05-31": 0.2, "2011-02-28": 9.7, "2010-11-30": -5.4, "2010-08-31": "3.80000", "2010-05-31": -5, "2010-02-28": 5.3, "2009-11-30": -1.8, "2009-08-31": "0.30000", "2009-05-31": 2.437, "2009-02-28": 9.653, "2008-11-30": -1.525, "2008-08-31": "9.83500", "2008-05-31": -9.978, "2008-02-29": 14.894, "2007-11-30": -10.029, "2007-08-31": "7.14500", "2007-05-31": -6.335, "2007-02-28": 11.465, "2006-11-30": -5.026, "2006-08-31": "0.89500", "2006-05-31": -4.357, "2006-02-28": 5.789, "2005-11-30": 1.143, "2005-08-31": "1.60900", "2005-05-31": -0.789, "2005-02-28": 8.317}, "Total Change In Assets/Liabilities": {"2020-11-30": -172.8, "2020-08-31": "-115.10000", "2020-05-31": 51.2, "2020-02-29": 16.8, "2019-11-30": -115.2, "2019-08-31": "-86.50000", "2019-05-31": -100.8, "2019-02-28": 80.5, "2018-11-30": -128.8, "2018-08-31": "-78.70000", "2018-05-31": -48.7, "2018-02-28": -0.6, "2017-11-30": -83.2, "2017-08-31": "25.80000", "2017-05-31": -269.4, "2017-02-28": 118.8, "2016-11-30": -151.7, "2016-08-31": "4.70000", "2016-05-31": -18.2, "2016-02-29": 156.2, "2015-11-30": -111, "2015-08-31": "-0.50000", "2015-05-31": -22.2, "2015-02-28": 91, "2014-11-30": -88.7, "2014-08-31": "28.80000", "2014-05-31": -24.6, "2014-02-28": 117.2, "2013-11-30": -82.2, "2013-08-31": "44.40000", "2013-05-31": -111.2, "2013-02-28": 114, "2012-11-30": -90.4, "2012-08-31": "10.60000", "2012-05-31": -27.4, "2012-02-29": 107, "2011-11-30": -82.4, "2011-08-31": "-13.70000", "2011-05-31": -3.1, "2011-02-28": 67.2, "2010-11-30": -51.9, "2010-08-31": "21.30000", "2010-05-31": -65.7, "2010-02-28": 87.3, "2009-11-30": -70.8, "2009-08-31": "21.80000", "2009-05-31": -29.848, "2009-02-28": 92.342, "2008-11-30": -66.704, "2008-08-31": "25.11000", "2008-05-31": -41.55, "2008-02-29": 79.691, "2007-11-30": -81.534, "2007-08-31": "66.52900", "2007-05-31": -74.15, "2007-02-28": 99.921, "2006-11-30": -88.731, "2006-08-31": "34.03300", "2006-05-31": -46.117, "2006-02-28": 100.541, "2005-11-30": -73.477, "2005-08-31": "23.88900", "2005-05-31": -35.202, "2005-02-28": 26.293}, "Cash Flow From Operating Activities": {"2020-11-30": 215.7, "2020-08-31": "215.00000", "2020-05-31": 388.2, "2020-02-29": 488.1, "2019-11-30": 269.8, "2019-08-31": "294.80000", "2019-05-31": 248.7, "2019-02-28": 525.6, "2018-11-30": 223.5, "2018-08-31": "273.70000", "2018-05-31": 287.5, "2018-02-28": 469.5, "2017-11-30": 175.8, "2017-08-31": "343.60000", "2017-05-31": 191.1, "2017-02-28": 355.9, "2016-11-30": 118.7, "2016-08-31": "294.70000", "2016-05-31": 227, "2016-02-29": 371.3, "2015-11-30": 141.6, "2015-08-31": "278.30000", "2015-05-31": 202.4, "2015-02-28": 288.1, "2014-11-30": 141.6, "2014-08-31": "263.10000", "2014-05-31": 175.1, "2014-02-28": 305.6, "2013-11-30": 133.5, "2013-08-31": "266.70000", "2013-05-31": 68.9, "2013-02-28": 280.4, "2012-11-30": 108.3, "2012-08-31": "217.70000", "2012-05-31": 144, "2012-02-29": 265.4, "2011-11-30": 110, "2011-08-31": "187.20000", "2011-05-31": 162.4, "2011-02-28": 233.7, "2010-11-30": 124.9, "2010-08-31": "194.30000", "2010-05-31": 107.9, "2010-02-28": 223.9, "2009-11-30": 92.5, "2009-08-31": "186.60000", "2009-05-31": 125.477, "2009-02-28": 234.938, "2008-11-30": 113.834, "2008-08-31": "214.55100", "2008-05-31": 134.294, "2008-02-29": 232.131, "2007-11-30": 105.031, "2007-08-31": "253.21300", "2007-05-31": 98.981, "2007-02-28": 253.423, "2006-11-30": 78.908, "2006-08-31": "199.91500", "2006-05-31": 111.355, "2006-02-28": 223.993, "2005-11-30": 72.554, "2005-08-31": "161.33100", "2005-05-31": 100.174, "2005-02-28": 366.45}, "Net Change In Property, Plant, And Equipment": {"2020-11-30": -30.1, "2020-08-31": "-20.70000", "2020-05-31": -35.1, "2020-02-29": -32, "2019-11-30": -33.5, "2019-08-31": "-26.40000", "2019-05-31": -35.8, "2019-02-28": -27.2, "2018-11-30": -36.4, "2018-08-31": "-24.40000", "2018-05-31": -32, "2018-02-28": -26.5, "2017-11-30": -77.5, "2017-08-31": "-18.00000", "2017-05-31": -27.5, "2017-02-28": -20, "2016-11-30": -26.5, "2016-08-31": "-20.30000", "2016-05-31": -27.7, "2016-02-29": -21.5, "2015-11-30": -27.3, "2015-08-31": "-21.20000", "2015-05-31": -30.8, "2015-02-28": -26.4, "2014-11-30": -20.7, "2014-08-31": "-24.90000", "2014-05-31": -21.3, "2014-02-28": -15.9, "2013-11-30": -21.8, "2013-08-31": "-25.10000", "2013-05-31": -24.5, "2013-02-28": -19.7, "2012-11-30": -32.5, "2012-08-31": "-22.00000", "2012-05-31": -27.1, "2012-02-29": -18.4, "2011-11-30": -23.9, "2011-08-31": "-20.20000", "2011-05-31": -21.5, "2011-02-28": -34.9, "2010-11-30": -27.5, "2010-08-31": "-16.60000", "2010-05-31": -19.9, "2010-02-28": -18.3, "2009-11-30": -13, "2009-08-31": "-10.10000", "2009-05-31": -10.819, "2009-02-28": -14.074, "2008-11-30": -23, "2008-08-31": "-16.20700", "2008-05-31": -17.661, "2008-02-29": -24.922, "2007-11-30": -18.923, "2007-08-31": "-20.06700", "2007-05-31": -17.564, "2007-02-28": -21.572, "2006-11-30": -23.714, "2006-08-31": "-16.05400", "2006-05-31": -24.81, "2006-02-28": -17.764, "2005-11-30": -17.961, "2005-08-31": "-20.56600", "2005-05-31": -29.703, "2005-02-28": -37.477}, "Net Change In Intangible Assets": {"2020-11-30": 0, "2020-08-31": "", "2020-05-31": 0, "2020-02-29": 0, "2019-11-30": 0, "2019-08-31": "", "2019-05-31": 0, "2019-02-28": 0, "2018-11-30": 0, "2018-08-31": "", "2018-05-31": 0, "2018-02-28": 0, "2017-11-30": 0, "2017-08-31": "", "2017-05-31": 0, "2017-02-28": 0, "2016-11-30": 0, "2016-08-31": "", "2016-05-31": 0, "2016-02-29": 0, "2015-11-30": 0, "2015-08-31": "", "2015-05-31": 0, "2015-02-28": 0, "2014-11-30": 0, "2014-08-31": "", "2014-05-31": 0, "2014-02-28": 0, "2013-11-30": 0, "2013-08-31": "", "2013-05-31": 0, "2013-02-28": 0, "2012-11-30": 0, "2012-08-31": "", "2012-05-31": 0, "2012-02-29": 0, "2011-11-30": 0, "2011-08-31": "", "2011-05-31": 0, "2011-02-28": 0, "2010-11-30": 0, "2010-08-31": "", "2010-05-31": 0, "2010-02-28": 0, "2009-11-30": 0, "2009-08-31": "", "2009-05-31": 0, "2009-02-28": 0, "2008-11-30": 0, "2008-08-31": "", "2008-05-31": 0, "2008-02-29": 0, "2007-11-30": 0, "2007-08-31": "", "2007-05-31": 0, "2007-02-28": 0, "2006-11-30": 0, "2006-08-31": "", "2006-05-31": 0, "2006-02-28": 0, "2005-11-30": 0, "2005-08-31": "", "2005-05-31": 0, "2005-02-28": 0}, "Net Acquisitions/Divestitures": {"2020-11-30": 0, "2020-08-31": "", "2020-05-31": 0.2, "2020-02-29": -6.3, "2019-11-30": 0, "2019-08-31": "", "2019-05-31": -8.1, "2019-02-28": -984.1, "2018-11-30": 0, "2018-08-31": "", "2018-05-31": -1.9, "2018-02-28": -160.6, "2017-11-30": -9.7, "2017-08-31": "-8.20000", "2017-05-31": 0, "2017-02-28": 0, "2016-11-30": 0, "2016-08-31": "", "2016-05-31": 0, "2016-02-29": -296.1, "2015-11-30": 0, "2015-08-31": "", "2015-05-31": 0, "2015-02-28": 0, "2014-11-30": 0.4, "2014-08-31": "-27.50000", "2014-05-31": 0, "2014-02-28": 0, "2013-11-30": -9.3, "2013-08-31": "", "2013-05-31": 0, "2013-02-28": -9.3, "2012-11-30": -12, "2012-08-31": "", "2012-05-31": 0, "2012-02-29": -5, "2011-11-30": -1, "2011-08-31": "", "2011-05-31": -11.1, "2011-02-28": -115.3, "2010-11-30": 0, "2010-08-31": "", "2010-05-31": 0, "2010-02-28": 0, "2009-11-30": 13.1, "2009-08-31": "", "2009-05-31": 0.066, "2009-02-28": -6.466, "2008-11-30": 0, "2008-08-31": "", "2008-05-31": 0, "2008-02-29": 0, "2007-11-30": -0.344, "2007-08-31": "-32.59600", "2007-05-31": 0, "2007-02-28": -3.1, "2006-11-30": 0, "2006-08-31": "", "2006-05-31": 0, "2006-02-28": -0.32, "2005-11-30": 0, "2005-08-31": "-0.40600", "2005-05-31": -0.444, "2005-02-28": 0}, "Net Change In Short-term Investments": {"2020-11-30": 0, "2020-08-31": "", "2020-05-31": 0, "2020-02-29": 0, "2019-11-30": 0, "2019-08-31": "", "2019-05-31": 0, "2019-02-28": 0, "2018-11-30": 0, "2018-08-31": "", "2018-05-31": 0, "2018-02-28": 1018, "2017-11-30": -88.3, "2017-08-31": "-929.70000", "2017-05-31": 459.8, "2017-02-28": -674.7, "2016-11-30": -42.4, "2016-08-31": "257.30000", "2016-05-31": 1720.5, "2016-02-29": -934.8, "2015-11-30": 41.2, "2015-08-31": "100.70000", "2015-05-31": 1227.7, "2015-02-28": -1134.4, "2014-11-30": 255.7, "2014-08-31": "-199.90000", "2014-05-31": 928.1, "2014-02-28": -812.2, "2013-11-30": -290.4, "2013-08-31": "-267.00000", "2013-05-31": 231.6, "2013-02-28": 10.7, "2012-11-30": -379.7, "2012-08-31": "1156.80000", "2012-05-31": -966.4, "2012-02-29": -337.8, "2011-11-30": 543.3, "2011-08-31": "-23.40000", "2011-05-31": 645.6, "2011-02-28": -852.6, "2010-11-30": 59.1, "2010-08-31": "598.30000", "2010-05-31": 121.5, "2010-02-28": -757.4, "2009-11-30": 274.5, "2009-08-31": "423.10000", "2009-05-31": 378.649, "2009-02-28": -659.313, "2008-11-30": -1420.322, "2008-08-31": "599.58600", "2008-05-31": 224.806, "2008-02-29": -850.525, "2007-11-30": 375.225, "2007-08-31": "-331.24400", "2007-05-31": 153.565, "2007-02-28": 290.015, "2006-11-30": 1085.844, "2006-08-31": "-1105.51800", "2006-05-31": -678.063, "2006-02-28": 552.719, "2005-11-30": 937.473, "2005-08-31": "-1332.63300", "2005-05-31": 292.04, "2005-02-28": -137.887}, "Net Change In Long-Term Investments": {"2020-11-30": -223.2, "2020-08-31": "-215.00000", "2020-05-31": 444, "2020-02-29": -158.499, "2019-11-30": 56.5, "2019-08-31": "572.79980", "2019-05-31": -1044, "2019-02-28": 421.5, "2018-11-30": -65.7002, "2018-08-31": "181.20020", "2018-05-31": 631.9998, "2018-02-28": 356.3008, "2017-11-30": 139.0986, "2017-08-31": "245.29980", "2017-05-31": -147.1992, "2017-02-28": -946.502, "2016-11-30": 391.1006, "2016-08-31": "143.29980", "2016-05-31": -1190.6006, "2016-02-29": -57.4998, "2015-11-30": -23.7001, "2015-08-31": "683.90010", "2015-05-31": -453.5976, "2015-02-28": 79.498, "2014-11-30": -539.499, "2014-08-31": "612.70020", "2014-05-31": -324.5, "2014-02-28": -259, "2013-11-30": 489.9995, "2013-08-31": "323.60010", "2013-05-31": 1150.1974, "2013-02-28": -1890.299, "2012-11-30": 390.3003, "2012-08-31": "-362.80030", "2012-05-31": 540.8008, "2012-02-29": -863.9004, "2011-11-30": -482.3999, "2011-08-31": "442.39990", "2011-05-31": -153.5005, "2011-02-28": 7.0003, "2010-11-30": -75.1, "2010-08-31": "-408.60000", "2010-05-31": 448.5, "2010-02-28": -378.7, "2009-11-30": -311.3, "2009-08-31": "-161.40000", "2009-05-31": 309.981, "2009-02-28": 74.234, "2008-11-30": 1840.5635, "2008-08-31": "-631.97850", "2008-05-31": 378.907, "2008-02-29": 68.597, "2007-11-30": 121.214, "2007-08-31": "1080.29800", "2007-05-31": -536.7114, "2007-02-28": -508.5234, "2006-11-30": -1280.5602, "2006-08-31": "1188.44300", "2006-05-31": 23.5781, "2006-02-28": -609.6016, "2005-11-30": -1096.7868, "2005-08-31": "1358.52900", "2005-05-31": -348.8711, "2005-02-28": 17.4961}, "Net Change In Investments - Total": {"2020-11-30": -223.2, "2020-08-31": "-215.00000", "2020-05-31": 444, "2020-02-29": -158.499, "2019-11-30": 56.5, "2019-08-31": "572.79980", "2019-05-31": -1044, "2019-02-28": 421.5, "2018-11-30": -65.7002, "2018-08-31": "181.20020", "2018-05-31": 631.9998, "2018-02-28": 1374.3008, "2017-11-30": 50.7986, "2017-08-31": "-684.40020", "2017-05-31": 312.6008, "2017-02-28": -1621.202, "2016-11-30": 348.7006, "2016-08-31": "400.59980", "2016-05-31": 529.8994, "2016-02-29": -992.2998, "2015-11-30": 17.4998, "2015-08-31": "784.60020", "2015-05-31": 774.1024, "2015-02-28": -1054.902, "2014-11-30": -283.799, "2014-08-31": "412.80020", "2014-05-31": 603.6, "2014-02-28": -1071.2, "2013-11-30": 199.5995, "2013-08-31": "56.60010", "2013-05-31": 1381.7975, "2013-02-28": -1879.599, "2012-11-30": 10.6002, "2012-08-31": "793.99980", "2012-05-31": -425.5996, "2012-02-29": -1201.7004, "2011-11-30": 60.9001, "2011-08-31": "418.99990", "2011-05-31": 492.0995, "2011-02-28": -845.5998, "2010-11-30": -15.9999, "2010-08-31": "189.70000", "2010-05-31": 570, "2010-02-28": -1136.1, "2009-11-30": -36.8, "2009-08-31": "261.70000", "2009-05-31": 688.6294, "2009-02-28": -585.0785, "2008-11-30": 420.2414, "2008-08-31": "-32.39250", "2008-05-31": 603.7126, "2008-02-29": -781.9276, "2007-11-30": 496.439, "2007-08-31": "749.05400", "2007-05-31": -383.1459, "2007-02-28": -218.5085, "2006-11-30": -194.7166, "2006-08-31": "82.92540", "2006-05-31": -654.4849, "2006-02-28": -56.8826, "2005-11-30": -159.3142, "2005-08-31": "25.89640", "2005-05-31": -56.8311, "2005-02-28": -120.3909}, "Investing Activities - Other": {"2020-11-30": -0.8, "2020-08-31": "-0.60000", "2020-05-31": -1.6, "2020-02-29": -4, "2019-11-30": -2.5, "2019-08-31": "-1.70000", "2019-05-31": -1.8, "2019-02-28": -2.5, "2018-11-30": -0.2, "2018-08-31": "-0.80000", "2018-05-31": -33.1, "2018-02-28": -2.6, "2017-11-30": -3.7, "2017-08-31": "-0.40000", "2017-05-31": -0.2, "2017-02-28": -3.8, "2016-11-30": -4.6, "2016-08-31": "", "2016-05-31": -1.7, "2016-02-29": -2.4, "2015-11-30": -1.4, "2015-08-31": "-3.50000", "2015-05-31": -1.1, "2015-02-28": -0.6, "2014-11-30": -0.1, "2014-08-31": "-1.50000", "2014-05-31": -4.2, "2014-02-28": -1.4, "2013-11-30": -5, "2013-08-31": "-0.70000", "2013-05-31": 0, "2013-02-28": -4.6, "2012-11-30": -0.4, "2012-08-31": "-0.10000", "2012-05-31": -0.4, "2012-02-29": -0.9, "2011-11-30": 0.8, "2011-08-31": "-0.80000", "2011-05-31": 0.3, "2011-02-28": -2.1, "2010-11-30": -0.4, "2010-08-31": "-0.60000", "2010-05-31": -0.6, "2010-02-28": -2.1, "2009-11-30": -5.1, "2009-08-31": "-4.10000", "2009-05-31": 1.697, "2009-02-28": -4.652, "2008-11-30": -12.171, "2008-08-31": "-1.27400", "2008-05-31": -1.561, "2008-02-29": -13.52, "2007-11-30": -2.834, "2007-08-31": "-1.68400", "2007-05-31": -3.348, "2007-02-28": -2.54, "2006-11-30": -13.048, "2006-08-31": "-2.65000", "2006-05-31": -0.874, "2006-02-28": -0.976, "2005-11-30": -1.75, "2005-08-31": "-0.64700", "2005-05-31": -1.472, "2005-02-28": -1.27}, "Cash Flow From Investing Activities": {"2020-11-30": -254.1, "2020-08-31": "-236.30000", "2020-05-31": 407.5, "2020-02-29": -200.8, "2019-11-30": 20.5, "2019-08-31": "544.70000", "2019-05-31": -1089.7, "2019-02-28": -592.3, "2018-11-30": -102.3, "2018-08-31": "156.00000", "2018-05-31": 565, "2018-02-28": 1184.6, "2017-11-30": -40.1, "2017-08-31": "-711.00000", "2017-05-31": 284.9, "2017-02-28": -1645, "2016-11-30": 317.6, "2016-08-31": "380.30000", "2016-05-31": 500.5, "2016-02-29": -1312.3, "2015-11-30": -11.2, "2015-08-31": "759.90000", "2015-05-31": 742.2, "2015-02-28": -1081.9, "2014-11-30": -304.2, "2014-08-31": "358.90000", "2014-05-31": 578.1, "2014-02-28": -1088.5, "2013-11-30": 163.5, "2013-08-31": "30.80000", "2013-05-31": 1357.3, "2013-02-28": -1913.2, "2012-11-30": -34.3, "2012-08-31": "771.90000", "2012-05-31": -453.1, "2012-02-29": -1226, "2011-11-30": 36.8, "2011-08-31": "398.00000", "2011-05-31": 459.8, "2011-02-28": -997.9, "2010-11-30": -43.9, "2010-08-31": "172.50000", "2010-05-31": 549.5, "2010-02-28": -1156.5, "2009-11-30": -41.8, "2009-08-31": "247.50000", "2009-05-31": 679.573, "2009-02-28": -610.269, "2008-11-30": 385.069, "2008-08-31": "-49.87300", "2008-05-31": 584.494, "2008-02-29": -820.376, "2007-11-30": 474.34, "2007-08-31": "694.70700", "2007-05-31": -404.063, "2007-02-28": -245.715, "2006-11-30": -231.48, "2006-08-31": "64.22100", "2006-05-31": -680.166, "2006-02-28": -75.945, "2005-11-30": -179.022, "2005-08-31": "4.27600", "2005-05-31": -88.448, "2005-02-28": -159.138}, "Net Long-Term Debt": {"2020-11-30": 0, "2020-08-31": "", "2020-05-31": 0, "2020-02-29": 0, "2019-11-30": 0, "2019-08-31": "", "2019-05-31": -3.7, "2019-02-28": 800, "2018-11-30": 0, "2018-08-31": "", "2018-05-31": 0, "2018-02-28": 0, "2017-11-30": 0, "2017-08-31": "", "2017-05-31": 0, "2017-02-28": 0, "2016-11-30": 0, "2016-08-31": "", "2016-05-31": 0, "2016-02-29": 0, "2015-11-30": 0, "2015-08-31": "", "2015-05-31": 0, "2015-02-28": 0, "2014-11-30": 0, "2014-08-31": "", "2014-05-31": 0, "2014-02-28": 0, "2013-11-30": 0, "2013-08-31": "", "2013-05-31": 0, "2013-02-28": 0, "2012-11-30": 0, "2012-08-31": "", "2012-05-31": 0, "2012-02-29": 0, "2011-11-30": 0, "2011-08-31": "", "2011-05-31": 0, "2011-02-28": 0, "2010-11-30": 0, "2010-08-31": "", "2010-05-31": 0, "2010-02-28": 0, "2009-11-30": 0, "2009-08-31": "", "2009-05-31": 0, "2009-02-28": 0, "2008-11-30": 0, "2008-08-31": "", "2008-05-31": 0, "2008-02-29": 0, "2007-11-30": 0, "2007-08-31": "", "2007-05-31": 0, "2007-02-28": 0, "2006-11-30": 0, "2006-08-31": "", "2006-05-31": 0, "2006-02-28": 0, "2005-11-30": 0, "2005-08-31": "", "2005-05-31": 0, "2005-02-28": 0}, "Net Current Debt": {"2020-11-30": 87.5, "2020-08-31": "-132.10000", "2020-05-31": -987.1, "2020-02-29": 575.6, "2019-11-30": -24.8, "2019-08-31": "-11.90000", "2019-05-31": -1684.7, "2019-02-28": 1694.4, "2018-11-30": -74.5, "2018-08-31": "-885.80000", "2018-05-31": 705.4, "2018-02-28": -1001.7, "2017-11-30": 56, "2017-08-31": "702.70000", "2017-05-31": -557.9, "2017-02-28": 1465.7, "2016-11-30": -74, "2016-08-31": "-516.50000", "2016-05-31": -708.6, "2016-02-29": 974.4, "2015-11-30": -37.3, "2015-08-31": "-533.30000", "2015-05-31": -798.8, "2015-02-28": 1058.7, "2014-11-30": -29.8, "2014-08-31": "-137.10000", "2014-05-31": -713.6, "2014-02-28": 991.2, "2013-11-30": -23.6, "2013-08-31": "-126.60000", "2013-05-31": -1470.4, "2013-02-28": 1845.6, "2012-11-30": 17.7, "2012-08-31": "-847.50000", "2012-05-31": 385, "2012-02-29": 1123.8, "2011-11-30": -48.6, "2011-08-31": "-479.70000", "2011-05-31": -634.4, "2011-02-28": 874.6, "2010-11-30": -8.7, "2010-08-31": "-266.40000", "2010-05-31": -541.4, "2010-02-28": 1098.4, "2009-11-30": -29.3, "2009-08-31": "-485.40000", "2009-05-31": -651.889, "2009-02-28": 584.891, "2008-11-30": -118.466, "2008-08-31": "-160.53600", "2008-05-31": -610.066, "2008-02-29": 935.88, "2007-11-30": -70.506, "2007-08-31": "-453.95700", "2007-05-31": 376.137, "2007-02-28": 0, "2006-11-30": 0, "2006-08-31": "", "2006-05-31": 620.807, "2006-02-28": 0, "2005-11-30": 0, "2005-08-31": "", "2005-05-31": 0, "2005-02-28": 0}, "Debt Issuance/Retirement Net - Total": {"2020-11-30": 87.5, "2020-08-31": "-132.10000", "2020-05-31": -987.1, "2020-02-29": 575.6, "2019-11-30": -24.8, "2019-08-31": "-11.90000", "2019-05-31": -1688.4, "2019-02-28": 2494.4, "2018-11-30": -74.5, "2018-08-31": "-885.80000", "2018-05-31": 705.4, "2018-02-28": -1001.7, "2017-11-30": 56, "2017-08-31": "702.70000", "2017-05-31": -557.9, "2017-02-28": 1465.7, "2016-11-30": -74, "2016-08-31": "-516.50000", "2016-05-31": -708.6, "2016-02-29": 974.4, "2015-11-30": -37.3, "2015-08-31": "-533.30000", "2015-05-31": -798.8, "2015-02-28": 1058.7, "2014-11-30": -29.8, "2014-08-31": "-137.10000", "2014-05-31": -713.6, "2014-02-28": 991.2, "2013-11-30": -23.6, "2013-08-31": "-126.60000", "2013-05-31": -1470.4, "2013-02-28": 1845.6, "2012-11-30": 17.7, "2012-08-31": "-847.50000", "2012-05-31": 385, "2012-02-29": 1123.8, "2011-11-30": -48.6, "2011-08-31": "-479.70000", "2011-05-31": -634.4, "2011-02-28": 874.6, "2010-11-30": -8.7, "2010-08-31": "-266.40000", "2010-05-31": -541.4, "2010-02-28": 1098.4, "2009-11-30": -29.3, "2009-08-31": "-485.40000", "2009-05-31": -651.889, "2009-02-28": 584.891, "2008-11-30": -118.466, "2008-08-31": "-160.53600", "2008-05-31": -610.066, "2008-02-29": 935.88, "2007-11-30": -70.506, "2007-08-31": "-453.95700", "2007-05-31": 376.137, "2007-02-28": 0, "2006-11-30": 0, "2006-08-31": "", "2006-05-31": 620.807, "2006-02-28": 0, "2005-11-30": 0, "2005-08-31": "", "2005-05-31": 0, "2005-02-28": 0}, "Net Common Equity Issued/Repurchased": {"2020-11-30": 0, "2020-08-31": "-28.80000", "2020-05-31": 0, "2020-02-29": 0, "2019-11-30": 0, "2019-08-31": "-171.90000", "2019-05-31": -24.1, "2019-02-28": 0, "2018-11-30": 0, "2018-08-31": "-32.80000", "2018-05-31": -49, "2018-02-28": 0, "2017-11-30": 0, "2017-08-31": "-94.10000", "2017-05-31": 0, "2017-02-28": 0, "2016-11-30": -166.2, "2016-08-31": "", "2016-05-31": 0, "2016-02-29": -45, "2015-11-30": 0, "2015-08-31": "-62.90000", "2015-05-31": -152.2, "2015-02-28": -1.8, "2014-11-30": 8.1, "2014-08-31": "-36.50000", "2014-05-31": -31.2, "2014-02-28": -22.3, "2013-11-30": -44.2, "2013-08-31": "-38.70000", "2013-05-31": 51.1, "2013-02-28": 5.3, "2012-11-30": 1.9, "2012-08-31": "14.50000", "2012-05-31": -4.9, "2012-02-29": 3.1, "2011-11-30": 0.8, "2011-08-31": "1.00000", "2011-05-31": 7.6, "2011-02-28": 4.6, "2010-11-30": 0.2, "2010-08-31": "0.20000", "2010-05-31": 1.2, "2010-02-28": 0.4, "2009-11-30": 0.7, "2009-08-31": "5.90000", "2009-05-31": 9, "2009-02-28": 0, "2008-11-30": -5.107, "2008-08-31": "5.10700", "2008-05-31": 3.911, "2008-02-29": -124.268, "2007-11-30": -459.716, "2007-08-31": "-352.08200", "2007-05-31": -37.812, "2007-02-28": 20.007, "2006-11-30": 14.879, "2006-08-31": "2.92600", "2006-05-31": 10.552, "2006-02-28": 3.716, "2005-11-30": 12.498, "2005-08-31": "5.35900", "2005-05-31": 2.445, "2005-02-28": 6.581}, "Net Total Equity Issued/Repurchased": {"2020-11-30": 0, "2020-08-31": "-28.80000", "2020-05-31": 0, "2020-02-29": 0, "2019-11-30": 0, "2019-08-31": "-171.90000", "2019-05-31": -24.1, "2019-02-28": 0, "2018-11-30": 0, "2018-08-31": "-32.80000", "2018-05-31": -49, "2018-02-28": 0, "2017-11-30": 0, "2017-08-31": "-94.10000", "2017-05-31": 0, "2017-02-28": 0, "2016-11-30": -166.2, "2016-08-31": "", "2016-05-31": 0, "2016-02-29": -45, "2015-11-30": 0, "2015-08-31": "-62.90000", "2015-05-31": -152.2, "2015-02-28": -1.8, "2014-11-30": 8.1, "2014-08-31": "-36.50000", "2014-05-31": -31.2, "2014-02-28": -22.3, "2013-11-30": -44.2, "2013-08-31": "-38.70000", "2013-05-31": 51.1, "2013-02-28": 5.3, "2012-11-30": 1.9, "2012-08-31": "14.50000", "2012-05-31": -4.9, "2012-02-29": 3.1, "2011-11-30": 0.8, "2011-08-31": "1.00000", "2011-05-31": 7.6, "2011-02-28": 4.6, "2010-11-30": 0.2, "2010-08-31": "0.20000", "2010-05-31": 1.2, "2010-02-28": 0.4, "2009-11-30": 0.7, "2009-08-31": "5.90000", "2009-05-31": 9, "2009-02-28": 0, "2008-11-30": -5.107, "2008-08-31": "5.10700", "2008-05-31": 3.911, "2008-02-29": -124.268, "2007-11-30": -459.716, "2007-08-31": "-352.08200", "2007-05-31": -37.812, "2007-02-28": 20.007, "2006-11-30": 14.879, "2006-08-31": "2.92600", "2006-05-31": 10.552, "2006-02-28": 3.716, "2005-11-30": 12.498, "2005-08-31": "5.35900", "2005-05-31": 2.445, "2005-02-28": 6.581}, "Total Common And Preferred Stock Dividends Paid": {"2020-11-30": -223.5, "2020-08-31": "-223.20000", "2020-05-31": -222.6, "2020-02-29": -222.5, "2019-11-30": -222.3, "2019-08-31": "-222.00000", "2019-05-31": -222.9, "2019-02-28": -201.2, "2018-11-30": -201.3, "2018-08-31": "-201.40000", "2018-05-31": -201, "2018-02-28": -179.8, "2017-11-30": -179.8, "2017-08-31": "-179.10000", "2017-05-31": -165.4, "2017-02-28": -165.4, "2016-11-30": -165.2, "2016-08-31": "-166.30000", "2016-05-31": -151.5, "2016-02-29": -151.4, "2015-11-30": -151.7, "2015-08-31": "-151.90000", "2015-05-31": -137.4, "2015-02-28": -138.2, "2014-11-30": -137.9, "2014-08-31": "-138.30000", "2014-05-31": -127.2, "2014-02-28": -127.7, "2013-11-30": -127.8, "2013-08-31": "-127.90000", "2013-05-31": 0, "2013-02-28": -240.3, "2012-11-30": -120, "2012-08-31": "-116.40000", "2012-05-31": -116.2, "2012-02-29": -115.9, "2011-11-30": -116, "2011-08-31": "-112.40000", "2011-05-31": -112.4, "2011-02-28": -112.2, "2010-11-30": -112.2, "2010-08-31": "-112.00000", "2010-05-31": -112.2, "2010-02-28": -112.2, "2009-11-30": -112.1, "2009-08-31": "-112.10000", "2009-05-31": -111.921, "2009-02-28": -111.939, "2008-11-30": -111.936, "2008-08-31": "-111.90400", "2008-05-31": -108.186, "2008-02-29": -108.163, "2007-11-30": -110.809, "2007-08-31": "-114.98800", "2007-05-31": -80.249, "2007-02-28": -80.172, "2006-11-30": -80.016, "2006-08-31": "-60.87600", "2006-05-31": -60.843, "2006-02-28": -60.751, "2005-11-30": -60.698, "2005-08-31": "-49.26200", "2005-05-31": -49.219, "2005-02-28": -143.757}, "Financial Activities - Other": {"2020-11-30": 56.4, "2020-08-31": "1.30000", "2020-05-31": 1.3, "2020-02-29": 12.1, "2019-11-30": 15.3, "2019-08-31": "-7.40000", "2019-05-31": 6.1, "2019-02-28": 11.2, "2018-11-30": 2.5, "2018-08-31": "9.70000", "2018-05-31": -5.2, "2018-02-28": 3.2, "2017-11-30": 10.9, "2017-08-31": "-12.30000", "2017-05-31": 4.4, "2017-02-28": 13.7, "2016-11-30": 4.1, "2016-08-31": "6.30000", "2016-05-31": 11, "2016-02-29": 3.8, "2015-11-30": 15, "2015-08-31": "-4.20000", "2015-05-31": 48.5, "2015-02-28": 0, "2014-11-30": 0, "2014-08-31": "", "2014-05-31": 0, "2014-02-28": 0, "2013-11-30": 0, "2013-08-31": "", "2013-05-31": 0, "2013-02-28": 0, "2012-11-30": 0, "2012-08-31": "", "2012-05-31": 7.5, "2012-02-29": 0, "2011-11-30": 0, "2011-08-31": "", "2011-05-31": 0, "2011-02-28": 0, "2010-11-30": 0, "2010-08-31": "", "2010-05-31": 0, "2010-02-28": 0, "2009-11-30": 0, "2009-08-31": "", "2009-05-31": -5.81, "2009-02-28": 0.153, "2008-11-30": 5.657, "2008-08-31": "", "2008-05-31": 0, "2008-02-29": -8.34, "2007-11-30": 3.972, "2007-08-31": "4.36800", "2007-05-31": 45.438, "2007-02-28": 4.109, "2006-11-30": 3.067, "2006-08-31": "0.30200", "2006-05-31": 0, "2006-02-28": 0, "2005-11-30": 0, "2005-08-31": "", "2005-05-31": 0, "2005-02-28": 0}, "Cash Flow From Financial Activities": {"2020-11-30": -79.6, "2020-08-31": "-382.80000", "2020-05-31": -1208.4, "2020-02-29": 365.2, "2019-11-30": -231.8, "2019-08-31": "-413.20000", "2019-05-31": -1929.3, "2019-02-28": 2304.4, "2018-11-30": -273.3, "2018-08-31": "-1110.30000", "2018-05-31": 450.2, "2018-02-28": -1178.3, "2017-11-30": -112.9, "2017-08-31": "417.20000", "2017-05-31": -718.9, "2017-02-28": 1314, "2016-11-30": -401.3, "2016-08-31": "-676.50000", "2016-05-31": -849.1, "2016-02-29": 781.8, "2015-11-30": -174, "2015-08-31": "-752.30000", "2015-05-31": -1039.9, "2015-02-28": 918.7, "2014-11-30": -159.6, "2014-08-31": "-311.90000", "2014-05-31": -872, "2014-02-28": 841.2, "2013-11-30": -195.6, "2013-08-31": "-293.20000", "2013-05-31": -1419.3, "2013-02-28": 1610.6, "2012-11-30": -100.4, "2012-08-31": "-949.40000", "2012-05-31": 271.4, "2012-02-29": 1011, "2011-11-30": -163.8, "2011-08-31": "-591.10000", "2011-05-31": -739.2, "2011-02-28": 767, "2010-11-30": -120.7, "2010-08-31": "-378.20000", "2010-05-31": -652.4, "2010-02-28": 986.6, "2009-11-30": -140.7, "2009-08-31": "-591.60000", "2009-05-31": -760.62, "2009-02-28": 473.105, "2008-11-30": -229.852, "2008-08-31": "-267.33300", "2008-05-31": -714.341, "2008-02-29": 695.109, "2007-11-30": -637.059, "2007-08-31": "-916.65900", "2007-05-31": 303.514, "2007-02-28": -56.056, "2006-11-30": -62.07, "2006-08-31": "-57.64800", "2006-05-31": 570.516, "2006-02-28": -57.035, "2005-11-30": -48.2, "2005-08-31": "-43.90300", "2005-05-31": -46.774, "2005-02-28": -137.176}, "Net Cash Flow": {"2020-11-30": -118, "2020-08-31": "-404.10000", "2020-05-31": -412.7, "2020-02-29": 652.5, "2019-11-30": 58.5, "2019-08-31": "426.30000", "2019-05-31": -2770.3, "2019-02-28": 2237.7, "2018-11-30": -152.1, "2018-08-31": "-680.60000", "2018-05-31": 1302.7, "2018-02-28": 475.8, "2017-11-30": 22.8, "2017-08-31": "49.80000", "2017-05-31": -242.9, "2017-02-28": 24.9, "2016-11-30": 35, "2016-08-31": "-1.50000", "2016-05-31": -121.6, "2016-02-29": -159.2, "2015-11-30": -43.6, "2015-08-31": "285.90000", "2015-05-31": -95.3, "2015-02-28": 124.9, "2014-11-30": -322.2, "2014-08-31": "310.10000", "2014-05-31": -118.8, "2014-02-28": 58.3, "2013-11-30": 101.4, "2013-08-31": "4.30000", "2013-05-31": 6.9, "2013-02-28": -22.2, "2012-11-30": -26.4, "2012-08-31": "40.20000", "2012-05-31": -37.7, "2012-02-29": 50.4, "2011-11-30": -17, "2011-08-31": "-5.90000", "2011-05-31": -117, "2011-02-28": 2.8, "2010-11-30": -39.7, "2010-08-31": "-11.40000", "2010-05-31": 5, "2010-02-28": 54, "2009-11-30": -90, "2009-08-31": "-157.50000", "2009-05-31": 44.43, "2009-02-28": 97.774, "2008-11-30": 269.051, "2008-08-31": "-102.65500", "2008-05-31": 4.447, "2008-02-29": 106.864, "2007-11-30": -57.688, "2007-08-31": "31.26100", "2007-05-31": -1.568, "2007-02-28": -48.348, "2006-11-30": -214.642, "2006-08-31": "206.48800", "2006-05-31": 1.705, "2006-02-28": 91.013, "2005-11-30": -154.668, "2005-08-31": "121.70400", "2005-05-31": -35.048, "2005-02-28": 70.136}, "Stock-Based Compensation": {"2020-11-30": 12.2, "2020-08-31": "13.30000", "2020-05-31": 10.9, "2020-02-29": 12.7, "2019-11-30": 13.3, "2019-08-31": "10.50000", "2019-05-31": 12.6, "2019-02-28": 10.8, "2018-11-30": 11.9, "2018-08-31": "10.90000", "2018-05-31": 15.2, "2018-02-28": 10.3, "2017-11-30": 10.4, "2017-08-31": "8.70000", "2017-05-31": 8.9, "2017-02-28": 8.9, "2016-11-30": 8.5, "2016-08-31": "9.10000", "2016-05-31": 8.5, "2016-02-29": 8.6, "2015-11-30": 8.7, "2015-08-31": "8.80000", "2015-05-31": 7.4, "2015-02-28": 8.6, "2014-11-30": 7.9, "2014-08-31": "7.50000", "2014-05-31": 4.6, "2014-02-28": 7.1, "2013-11-30": 7.1, "2013-08-31": "7.50000", "2013-05-31": 5.9, "2013-02-28": 5.4, "2012-11-30": 5.1, "2012-08-31": "6.40000", "2012-05-31": 5.3, "2012-02-29": 5.7, "2011-11-30": 5.3, "2011-08-31": "6.60000", "2011-05-31": 6, "2011-02-28": 5.3, "2010-11-30": 6.4, "2010-08-31": "7.10000", "2010-05-31": 6.5, "2010-02-28": 5.8, "2009-11-30": 6.6, "2009-08-31": "6.70000", "2009-05-31": 6.39, "2009-02-28": 5.368, "2008-11-30": 7.02, "2008-08-31": "6.92200", "2008-05-31": 6.445, "2008-02-29": 6.084, "2007-11-30": 6.583, "2007-08-31": "6.32200", "2007-05-31": 6.43, "2007-02-28": 6.972, "2006-11-30": 5.761, "2006-08-31": "6.52700", "2006-05-31": 0, "2006-02-28": 0, "2005-11-30": 0, "2005-08-31": "", "2005-05-31": 0, "2005-02-28": 0}, "Common Stock Dividends Paid": {"2020-11-30": -223.5, "2020-08-31": "-223.20000", "2020-05-31": -222.6, "2020-02-29": -222.5, "2019-11-30": -222.3, "2019-08-31": "-222.00000", "2019-05-31": -222.9, "2019-02-28": -201.2, "2018-11-30": -201.3, "2018-08-31": "-201.40000", "2018-05-31": -201, "2018-02-28": -179.8, "2017-11-30": -179.8, "2017-08-31": "-179.10000", "2017-05-31": -165.4, "2017-02-28": -165.4, "2016-11-30": -165.2, "2016-08-31": "-166.30000", "2016-05-31": -151.5, "2016-02-29": -151.4, "2015-11-30": -151.7, "2015-08-31": "-151.90000", "2015-05-31": -137.4, "2015-02-28": -138.2, "2014-11-30": -137.9, "2014-08-31": "-138.30000", "2014-05-31": -127.2, "2014-02-28": -127.7, "2013-11-30": -127.8, "2013-08-31": "-127.90000", "2013-05-31": 0, "2013-02-28": -240.3, "2012-11-30": -120, "2012-08-31": "-116.40000", "2012-05-31": -116.2, "2012-02-29": -115.9, "2011-11-30": -116, "2011-08-31": "-112.40000", "2011-05-31": -112.4, "2011-02-28": -112.2, "2010-11-30": -112.2, "2010-08-31": "-112.00000", "2010-05-31": -112.2, "2010-02-28": -112.2, "2009-11-30": -112.1, "2009-08-31": "-112.10000", "2009-05-31": -111.921, "2009-02-28": -111.939, "2008-11-30": -111.936, "2008-08-31": "-111.90400", "2008-05-31": -108.186, "2008-02-29": -108.163, "2007-11-30": -110.809, "2007-08-31": "-114.98800", "2007-05-31": -80.249, "2007-02-28": -80.172, "2006-11-30": -80.016, "2006-08-31": "-60.87600", "2006-05-31": -60.843, "2006-02-28": -60.751, "2005-11-30": -60.698, "2005-08-31": "-49.26200", "2005-05-31": -49.219, "2005-02-28": -143.757}}, "financial ratios": {"Current Ratio": {"2020-05-31": "1.23440", "2019-05-31": "1.17190", "2018-05-31": "1.11270", "2017-05-31": "1.11570", "2016-05-31": "1.11400", "2015-05-31": "1.11270", "2014-05-31": "1.12700", "2013-05-31": "1.13220", "2012-05-31": "1.06960", "2011-05-31": "1.12400", "2010-05-31": "1.11140", "2009-05-31": "1.14530", "2008-05-31": "1.10620", "2007-05-31": "1.14720", "2006-05-31": "1.15790", "2005-05-31": "1.10740"}, "Long-term Debt / Capital": {"2020-05-31": "0.22270", "2019-05-31": "0.23310", "2018-05-31": "", "2017-05-31": "", "2016-05-31": "", "2015-05-31": "", "2014-05-31": "", "2013-05-31": "", "2012-05-31": "", "2011-05-31": "", "2010-05-31": "", "2009-05-31": "", "2008-05-31": "", "2007-05-31": "", "2006-05-31": "", "2005-05-31": ""}, "Debt/Equity Ratio": {"2020-05-31": "0.28830", "2019-05-31": "0.30400", "2018-05-31": "", "2017-05-31": "", "2016-05-31": "", "2015-05-31": "", "2014-05-31": "", "2013-05-31": "", "2012-05-31": "", "2011-05-31": "", "2010-05-31": "", "2009-05-31": "", "2008-05-31": "", "2007-05-31": "", "2006-05-31": "", "2005-05-31": ""}, "Gross Margin": {"2020-05-31": "68.30100", "2019-05-31": "68.77930", "2018-05-31": "69.85520", "2017-05-31": "70.84050", "2016-05-31": "70.96450", "2015-05-31": "70.50660", "2014-05-31": "70.91990", "2013-05-31": "71.14180", "2012-05-31": "69.94800", "2011-05-31": "68.74250", "2010-05-31": "67.33310", "2009-05-31": "67.32760", "2008-05-31": "68.02360", "2007-05-31": "67.38260", "2006-05-31": "66.54390", "2005-05-31": "65.46880"}, "Operating Margin": {"2020-05-31": "36.14650", "2019-05-31": "36.34990", "2018-05-31": "38.23610", "2017-05-31": "39.76850", "2016-05-31": "38.84280", "2015-05-31": "38.45820", "2014-05-31": "39.01310", "2013-05-31": "38.89610", "2012-05-31": "38.29490", "2011-05-31": "37.72970", "2010-05-31": "36.22550", "2009-05-31": "38.65950", "2008-05-31": "40.08410", "2007-05-31": "37.17870", "2006-05-31": "38.78970", "2005-05-31": "36.93580"}, "EBIT Margin": {"2020-05-31": "36.14650", "2019-05-31": "36.34990", "2018-05-31": "38.23610", "2017-05-31": "39.76850", "2016-05-31": "38.84280", "2015-05-31": "38.45820", "2014-05-31": "39.01310", "2013-05-31": "38.89610", "2012-05-31": "38.29490", "2011-05-31": "37.72970", "2010-05-31": "36.22550", "2009-05-31": "38.65950", "2008-05-31": "40.08410", "2007-05-31": "37.17870", "2006-05-31": "38.78970", "2005-05-31": "36.93580"}, "EBITDA Margin": {"2020-05-31": "46.95210", "2019-05-31": "47.23660", "2018-05-31": "49.43010", "2017-05-31": "51.46530", "2016-05-31": "45.30640", "2015-05-31": "45.13070", "2014-05-31": "45.97250", "2013-05-31": "45.53350", "2012-05-31": "44.58700", "2011-05-31": "43.85170", "2010-05-31": "42.29810", "2009-05-31": "43.88320", "2008-05-31": "44.90650", "2007-05-31": "42.31850", "2006-05-31": "44.42770", "2005-05-31": "43.20660"}, "Pre-Tax Profit Margin": {"2020-05-31": "35.56740", "2019-05-31": "36.26240", "2018-05-31": "38.49070", "2017-05-31": "39.93340", "2016-05-31": "38.99520", "2015-05-31": "38.69180", "2014-05-31": "39.22740", "2013-05-31": "39.17980", "2012-05-31": "38.58190", "2011-05-31": "38.00800", "2010-05-31": "36.45040", "2009-05-31": "38.99080", "2008-05-31": "41.36890", "2007-05-31": "39.38970", "2006-05-31": "40.29430", "2005-05-31": "37.79320"}, "Net Profit Margin": {"2020-05-31": "27.17730", "2019-05-31": "27.41950", "2018-05-31": "29.43130", "2017-05-31": "26.20680", "2016-05-31": "25.63770", "2015-05-31": "24.63500", "2014-05-31": "24.91170", "2013-05-31": "24.46050", "2012-05-31": "24.57620", "2011-05-31": "24.72290", "2010-05-31": "23.84050", "2009-05-31": "25.61460", "2008-05-31": "27.88260", "2007-05-31": "27.31620", "2006-05-31": "27.76280", "2005-05-31": "25.52340"}, "Asset Turnover": {"2020-05-31": "0.47250", "2019-05-31": "0.43480", "2018-05-31": "0.42670", "2017-05-31": "0.46140", "2016-05-31": "0.45830", "2015-05-31": "0.42360", "2014-05-31": "0.39540", "2013-05-31": "0.37740", "2012-05-31": "0.34410", "2011-05-31": "0.38640", "2010-05-31": "0.38280", "2009-05-31": "0.40620", "2008-05-31": "0.38920", "2007-05-31": "0.30210", "2006-05-31": "0.30180", "2005-05-31": "0.31300"}, "Inventory Turnover Ratio": {"2020-05-31": "", "2019-05-31": "", "2018-05-31": "", "2017-05-31": "", "2016-05-31": "", "2015-05-31": "", "2014-05-31": "", "2013-05-31": "", "2012-05-31": "", "2011-05-31": "", "2010-05-31": "", "2009-05-31": "", "2008-05-31": "", "2007-05-31": "", "2006-05-31": "", "2005-05-31": ""}, "Receiveable Turnover": {"2020-05-31": "5.11260", "2019-05-31": "4.41640", "2018-05-31": "6.43860", "2017-05-31": "5.80240", "2016-05-31": "6.63800", "2015-05-31": "12.77200", "2014-05-31": "13.56440", "2013-05-31": "14.03020", "2012-05-31": "12.88900", "2011-05-31": "10.94120", "2010-05-31": "9.29310", "2009-05-31": "10.12640", "2008-05-31": "9.43010", "2007-05-31": "7.86570", "2006-05-31": "7.34560", "2005-05-31": "7.48950"}, "Days Sales In Receivables": {"2020-05-31": "71.39200", "2019-05-31": "82.64630", "2018-05-31": "56.68920", "2017-05-31": "62.90550", "2016-05-31": "54.98680", "2015-05-31": "28.57810", "2014-05-31": "26.90880", "2013-05-31": "26.01540", "2012-05-31": "28.31870", "2011-05-31": "33.36010", "2010-05-31": "39.27650", "2009-05-31": "36.04440", "2008-05-31": "38.70600", "2007-05-31": "46.40390", "2006-05-31": "49.68990", "2005-05-31": "48.73520"}, "ROE - Return On Equity": {"2020-05-31": "39.48010", "2019-05-31": "39.48850", "2018-05-31": "42.18010", "2017-05-31": "42.25950", "2016-05-31": "39.58780", "2015-05-31": "37.79890", "2014-05-31": "35.31230", "2013-05-31": "32.07980", "2012-05-31": "34.15400", "2011-05-31": "34.44060", "2010-05-31": "34.02280", "2009-05-31": "39.76960", "2008-05-31": "48.14680", "2007-05-31": "26.40270", "2006-05-31": "28.09420", "2005-05-31": "26.61870"}, "Return On Tangible Equity": {"2020-05-31": "166.45430", "2019-05-31": "236.27220", "2018-05-31": "70.93620", "2017-05-31": "66.60480", "2016-05-31": "63.85960", "2015-05-31": "56.63810", "2014-05-31": "52.46220", "2013-05-31": "47.63100", "2012-05-31": "53.13680", "2011-05-31": "56.92040", "2010-05-31": "51.91560", "2009-05-31": "64.15950", "2008-05-31": "83.64160", "2007-05-31": "34.89060", "2006-05-31": "39.12440", "2005-05-31": "40.61200"}, "ROA - Return On Assets": {"2020-05-31": "12.84220", "2019-05-31": "11.92260", "2018-05-31": "12.55910", "2017-05-31": "12.09160", "2016-05-31": "11.75010", "2015-05-31": "10.43530", "2014-05-31": "9.85070", "2013-05-31": "9.23150", "2012-05-31": "8.45730", "2011-05-31": "9.55360", "2010-05-31": "9.12690", "2009-05-31": "10.40490", "2008-05-31": "10.85060", "2007-05-31": "8.25170", "2006-05-31": "8.37790", "2005-05-31": "7.98820"}, "ROI - Return On Investment": {"2020-05-31": "30.68860", "2019-05-31": "30.28190", "2018-05-31": "42.18010", "2017-05-31": "42.25950", "2016-05-31": "39.58780", "2015-05-31": "37.79890", "2014-05-31": "35.31230", "2013-05-31": "32.07980", "2012-05-31": "34.15390", "2011-05-31": "34.44060", "2010-05-31": "34.02280", "2009-05-31": "39.76960", "2008-05-31": "48.14680", "2007-05-31": "26.40270", "2006-05-31": "28.09410", "2005-05-31": "26.61870"}, "Book Value Per Share": {"2020-05-31": "7.75200", "2019-05-31": "7.29060", "2018-05-31": "6.56490", "2017-05-31": "5.44050", "2016-05-31": "5.30440", "2015-05-31": "4.94320", "2014-05-31": "4.89530", "2013-05-31": "4.85410", "2012-05-31": "4.42500", "2011-05-31": "4.13200", "2010-05-31": "3.87830", "2009-05-31": "3.71630", "2008-05-31": "3.31940", "2007-05-31": "5.10860", "2006-05-31": "4.35140", "2005-05-31": "3.65970"}, "Operating Cash Flow Per Share": {"2020-05-31": 0.477, "2019-05-31": -0.0164, "2018-05-31": 0.8822, "2017-05-31": -0.1602, "2016-05-31": 0.3535, "2015-05-31": 0.0491, "2014-05-31": 0.5545, "2013-05-31": -0.0949, "2012-05-31": -0.0272, "2011-05-31": 0.2848, "2010-05-31": -0.219, "2009-05-31": -0.0531, "2008-05-31": 0.3121, "2007-05-31": 0.1563, "2006-05-31": 0.264, "2005-05-31": 1.2287}, "Free Cash Flow Per Share": {"2020-05-31": 0.4674, "2019-05-31": 0.0674, "2018-05-31": 0.7162, "2017-05-31": -0.1507, "2016-05-31": 0.366, "2015-05-31": -0.0032, "2014-05-31": 0.5955, "2013-05-31": -0.1187, "2012-05-31": 0.0032, "2011-05-31": 0.177, "2010-05-31": -0.211, "2009-05-31": -0.0098, "2008-05-31": 0.2975, "2007-05-31": 0.1628, "2006-05-31": 0.2282, "2005-05-31": 1.0518}}, "financial ratios, quarterly": {"Current Ratio": {"2020-11-30": "1.27680", "2020-08-31": "1.25270", "2020-05-31": "1.23440", "2020-02-29": "1.18550", "2019-11-30": "1.16670", "2019-08-31": "1.15180", "2019-05-31": "1.17190", "2019-02-28": "1.11330", "2018-11-30": "1.22830", "2018-08-31": "1.15440", "2018-05-31": "1.11270", "2018-02-28": "1.09190", "2017-11-30": "1.08930", "2017-08-31": "1.09490", "2017-05-31": "1.11570", "2017-02-28": "1.09070", "2016-11-30": "1.11410", "2016-08-31": "1.15530", "2016-05-31": "1.11400", "2016-02-29": "1.09220", "2015-11-30": "1.14780", "2015-08-31": "1.13390", "2015-05-31": "1.11270", "2015-02-28": "1.11390", "2014-11-30": "1.13570", "2014-08-31": "1.12150", "2014-05-31": "1.12700", "2014-02-28": "1.11290", "2013-11-30": "1.13220", "2013-08-31": "1.13200", "2013-05-31": "1.13220", "2013-02-28": "1.09780", "2012-11-30": "1.09780", "2012-08-31": "1.09710", "2012-05-31": "1.06960", "2012-02-29": "1.11430", "2011-11-30": "1.15140", "2011-08-31": "1.14870", "2011-05-31": "1.12400", "2011-02-28": "1.10800", "2010-11-30": "1.15150", "2010-08-31": "1.13630", "2010-05-31": "1.11140", "2010-02-28": "1.09370", "2009-11-30": "1.11780", "2009-08-31": "1.10560", "2009-05-31": "1.14530", "2009-02-28": "1.11620", "2008-11-30": "1.12500", "2008-08-31": "1.12080", "2008-05-31": "1.10620", "2008-02-29": "1.08620", "2007-11-30": "1.13950", "2007-08-31": "1.10780", "2007-05-31": "1.14720", "2007-02-28": "1.16590", "2006-11-30": "1.15070", "2006-08-31": "1.15900", "2006-05-31": "1.15790", "2006-02-28": "1.23020", "2005-11-30": "1.34610", "2005-08-31": "1.31650", "2005-05-31": "1.10740", "2005-02-28": "1.21750"}, "Long-term Debt / Capital": {"2020-11-30": "0.21620", "2020-08-31": "0.22290", "2020-05-31": "0.22270", "2020-02-29": "0.22400", "2019-11-30": "0.23670", "2019-08-31": "0.24020", "2019-05-31": "0.23310", "2019-02-28": "0.23540", "2018-11-30": "", "2018-08-31": "", "2018-05-31": "", "2018-02-28": "", "2017-11-30": "", "2017-08-31": "", "2017-05-31": "", "2017-02-28": "", "2016-11-30": "", "2016-08-31": "", "2016-05-31": "", "2016-02-29": "", "2015-11-30": "", "2015-08-31": "", "2015-05-31": "", "2015-02-28": "", "2014-11-30": "", "2014-08-31": "", "2014-05-31": "", "2014-02-28": "", "2013-11-30": "", "2013-08-31": "", "2013-05-31": "", "2013-02-28": "", "2012-11-30": "", "2012-08-31": "", "2012-05-31": "", "2012-02-29": "", "2011-11-30": "", "2011-08-31": "", "2011-05-31": "", "2011-02-28": "", "2010-11-30": "", "2010-08-31": "", "2010-05-31": "", "2010-02-28": "", "2009-11-30": "", "2009-08-31": "", "2009-05-31": "", "2009-02-28": "", "2008-11-30": "", "2008-08-31": "", "2008-05-31": "", "2008-02-29": "", "2007-11-30": "", "2007-08-31": "", "2007-05-31": "", "2007-02-28": "", "2006-11-30": "", "2006-08-31": "", "2006-05-31": "", "2006-02-28": "", "2005-11-30": "", "2005-08-31": "", "2005-05-31": "", "2005-02-28": ""}, "Debt/Equity Ratio": {"2020-11-30": "0.27820", "2020-08-31": "0.28900", "2020-05-31": "0.28830", "2020-02-29": "0.30720", "2019-11-30": "0.33000", "2019-08-31": "0.33860", "2019-05-31": "0.30400", "2019-02-28": "0.32860", "2018-11-30": "0.02360", "2018-08-31": "0.02380", "2018-05-31": "", "2018-02-28": "0.02820", "2017-11-30": "0.06780", "2017-08-31": "0.02940", "2017-05-31": "", "2017-02-28": "0.02920", "2016-11-30": "0.05680", "2016-08-31": "0.02580", "2016-05-31": "", "2016-02-29": "", "2015-11-30": "", "2015-08-31": "", "2015-05-31": "", "2015-02-28": "", "2014-11-30": "", "2014-08-31": "", "2014-05-31": "", "2014-02-28": "", "2013-11-30": "", "2013-08-31": "", "2013-05-31": "", "2013-02-28": "", "2012-11-30": "", "2012-08-31": "", "2012-05-31": "", "2012-02-29": "", "2011-11-30": "", "2011-08-31": "", "2011-05-31": "", "2011-02-28": "", "2010-11-30": "", "2010-08-31": "", "2010-05-31": "", "2010-02-28": "", "2009-11-30": "", "2009-08-31": "", "2009-05-31": "", "2009-02-28": "", "2008-11-30": "", "2008-08-31": "", "2008-05-31": "", "2008-02-29": "", "2007-11-30": "", "2007-08-31": "", "2007-05-31": "", "2007-02-28": "", "2006-11-30": "", "2006-08-31": "", "2006-05-31": "", "2006-02-28": "", "2005-11-30": "", "2005-08-31": "", "2005-05-31": "", "2005-02-28": ""}, "Gross Margin": {"2020-11-30": "67.47990", "2020-08-31": "67.05640", "2020-05-31": "68.12370", "2020-02-29": "70.21970", "2019-11-30": "67.35640", "2019-08-31": "67.19760", "2019-05-31": "67.14610", "2019-02-28": "69.60950", "2018-11-30": "69.15820", "2018-08-31": "69.22810", "2018-05-31": "68.61770", "2018-02-28": "70.92190", "2017-11-30": "69.04110", "2017-08-31": "70.74030", "2017-05-31": "71.11090", "2017-02-28": "70.24380", "2016-11-30": "70.66370", "2016-08-31": "71.34310", "2016-05-31": "70.77860", "2016-02-29": "69.98410", "2015-11-30": "71.59470", "2015-08-31": "71.54910", "2015-05-31": "70.58660", "2015-02-28": "70.04120", "2014-11-30": "70.56040", "2014-08-31": "70.86080", "2014-05-31": "69.01410", "2014-02-28": "70.63350", "2013-11-30": "71.83650", "2013-08-31": "72.28840", "2013-05-31": "70.44250", "2013-02-28": "71.14450", "2012-11-30": "71.26800", "2012-08-31": "71.72260", "2012-05-31": "69.33820", "2012-02-29": "69.41180", "2011-11-30": "70.18510", "2011-08-31": "70.85780", "2011-05-31": "68.29920", "2011-02-28": "68.64300", "2010-11-30": "68.94530", "2010-08-31": "69.09130", "2010-05-31": "67.11000", "2010-02-28": "67.60540", "2009-11-30": "67.25740", "2009-08-31": "67.35310", "2009-05-31": "66.35830", "2009-02-28": "66.98650", "2008-11-30": "67.43840", "2008-08-31": "68.45670", "2008-05-31": "67.64950", "2008-02-29": "67.86850", "2007-11-30": "68.00820", "2007-08-31": "68.58500", "2007-05-31": "67.58330", "2007-02-28": "67.33010", "2006-11-30": "66.83850", "2006-08-31": "67.76400", "2006-05-31": "66.85480", "2006-02-28": "66.21210", "2005-11-30": "66.14680", "2005-08-31": "66.95170", "2005-05-31": "67.09060", "2005-02-28": "65.26860"}, "Operating Margin": {"2020-11-30": "36.01710", "2020-08-31": "30.46560", "2020-05-31": "32.73960", "2020-02-29": "41.13940", "2019-11-30": "34.49080", "2019-08-31": "35.19150", "2019-05-31": "32.07870", "2019-02-28": "40.10650", "2018-11-30": "35.76670", "2018-08-31": "37.12330", "2018-05-31": "35.72190", "2018-02-28": "39.41890", "2017-11-30": "37.74600", "2017-08-31": "40.01770", "2017-05-31": "39.13530", "2017-02-28": "38.52730", "2016-11-30": "40.32930", "2016-08-31": "41.12030", "2016-05-31": "36.64940", "2016-02-29": "37.20440", "2015-11-30": "40.72540", "2015-08-31": "40.95440", "2015-05-31": "36.34790", "2015-02-28": "37.52660", "2014-11-30": "39.95270", "2014-08-31": "40.11700", "2014-05-31": "35.72770", "2014-02-28": "38.54550", "2013-11-30": "40.33100", "2013-08-31": "41.60820", "2013-05-31": "36.18660", "2013-02-28": "37.92350", "2012-11-30": "40.39340", "2012-08-31": "41.16220", "2012-05-31": "35.52130", "2012-02-29": "36.94470", "2011-11-30": "39.93040", "2011-08-31": "40.79200", "2011-05-31": "34.97230", "2011-02-28": "37.43650", "2010-11-30": "39.82420", "2010-08-31": "38.74200", "2010-05-31": "34.98590", "2010-02-28": "33.12330", "2009-11-30": "38.88440", "2009-08-31": "37.96480", "2009-05-31": "35.14580", "2009-02-28": "37.34550", "2008-11-30": "40.42660", "2008-08-31": "41.48870", "2008-05-31": "38.09580", "2008-02-29": "39.53590", "2007-11-30": "41.25220", "2007-08-31": "41.52550", "2007-05-31": "32.80650", "2007-02-28": "35.64570", "2006-11-30": "40.07610", "2006-08-31": "40.56700", "2006-05-31": "38.03710", "2006-02-28": "37.29800", "2005-11-30": "39.66960", "2005-08-31": "40.33040", "2005-05-31": "37.68300", "2005-02-28": "36.21190"}, "EBIT Margin": {"2020-11-30": "36.01710", "2020-08-31": "30.46560", "2020-05-31": "32.73960", "2020-02-29": "41.13940", "2019-11-30": "34.49080", "2019-08-31": "35.19150", "2019-05-31": "32.07870", "2019-02-28": "40.10650", "2018-11-30": "35.76670", "2018-08-31": "37.12330", "2018-05-31": "35.72190", "2018-02-28": "39.41890", "2017-11-30": "37.74600", "2017-08-31": "40.01770", "2017-05-31": "39.13530", "2017-02-28": "38.52730", "2016-11-30": "40.32930", "2016-08-31": "41.12030", "2016-05-31": "36.64940", "2016-02-29": "37.20440", "2015-11-30": "40.72540", "2015-08-31": "40.95440", "2015-05-31": "36.34790", "2015-02-28": "37.52660", "2014-11-30": "39.95270", "2014-08-31": "40.11700", "2014-05-31": "35.72770", "2014-02-28": "38.54550", "2013-11-30": "40.33100", "2013-08-31": "41.60820", "2013-05-31": "36.18660", "2013-02-28": "37.92350", "2012-11-30": "40.39340", "2012-08-31": "41.16220", "2012-05-31": "35.52130", "2012-02-29": "36.94470", "2011-11-30": "39.93040", "2011-08-31": "40.79200", "2011-05-31": "34.97230", "2011-02-28": "37.43650", "2010-11-30": "39.82420", "2010-08-31": "38.74200", "2010-05-31": "34.98590", "2010-02-28": "33.12330", "2009-11-30": "38.88440", "2009-08-31": "37.96480", "2009-05-31": "35.14580", "2009-02-28": "37.34550", "2008-11-30": "40.42660", "2008-08-31": "41.48870", "2008-05-31": "38.09580", "2008-02-29": "39.53590", "2007-11-30": "41.25220", "2007-08-31": "41.52550", "2007-05-31": "32.80650", "2007-02-28": "35.64570", "2006-11-30": "40.07610", "2006-08-31": "40.56700", "2006-05-31": "38.03710", "2006-02-28": "37.29800", "2005-11-30": "39.66960", "2005-08-31": "40.33040", "2005-05-31": "37.68300", "2005-02-28": "36.21190"}, "EBITDA Margin": {"2020-11-30": "", "2020-08-31": "", "2020-05-31": "", "2020-02-29": "", "2019-11-30": "", "2019-08-31": "", "2019-05-31": "", "2019-02-28": "", "2018-11-30": "", "2018-08-31": "", "2018-05-31": "", "2018-02-28": "", "2017-11-30": "", "2017-08-31": "", "2017-05-31": "", "2017-02-28": "", "2016-11-30": "", "2016-08-31": "", "2016-05-31": "", "2016-02-29": "", "2015-11-30": "", "2015-08-31": "", "2015-05-31": "", "2015-02-28": "", "2014-11-30": "", "2014-08-31": "", "2014-05-31": "", "2014-02-28": "", "2013-11-30": "", "2013-08-31": "", "2013-05-31": "", "2013-02-28": "", "2012-11-30": "", "2012-08-31": "", "2012-05-31": "", "2012-02-29": "", "2011-11-30": "", "2011-08-31": "", "2011-05-31": "", "2011-02-28": "", "2010-11-30": "", "2010-08-31": "", "2010-05-31": "", "2010-02-28": "", "2009-11-30": "", "2009-08-31": "", "2009-05-31": "", "2009-02-28": "", "2008-11-30": "", "2008-08-31": "", "2008-05-31": "", "2008-02-29": "", "2007-11-30": "", "2007-08-31": "", "2007-05-31": "", "2007-02-28": "", "2006-11-30": "", "2006-08-31": "", "2006-05-31": "", "2006-02-28": "", "2005-11-30": "", "2005-08-31": "", "2005-05-31": "", "2005-02-28": ""}, "Pre-Tax Profit Margin": {"2020-11-30": "35.53930", "2020-08-31": "29.61810", "2020-05-31": "31.86540", "2020-02-29": "40.62310", "2019-11-30": "34.01640", "2019-08-31": "34.70770", "2019-05-31": "31.67080", "2019-02-28": "39.76080", "2018-11-30": "36.01120", "2018-08-31": "37.38990", "2018-05-31": "36.01750", "2018-02-28": "39.66460", "2017-11-30": "37.95770", "2017-08-31": "40.28250", "2017-05-31": "39.33530", "2017-02-28": "38.67810", "2016-11-30": "40.44590", "2016-08-31": "41.31130", "2016-05-31": "36.62290", "2016-02-29": "37.43020", "2015-11-30": "40.94680", "2015-08-31": "41.14800", "2015-05-31": "36.63680", "2015-02-28": "37.75380", "2014-11-30": "40.15970", "2014-08-31": "40.32690", "2014-05-31": "35.94680", "2014-02-28": "38.77610", "2013-11-30": "40.54190", "2013-08-31": "41.80400", "2013-05-31": "36.42580", "2013-02-28": "38.15950", "2012-11-30": "40.72710", "2012-08-31": "41.49080", "2012-05-31": "35.84770", "2012-02-29": "37.22560", "2011-11-30": "40.20520", "2011-08-31": "41.05840", "2011-05-31": "35.24010", "2011-02-28": "37.71880", "2010-11-30": "40.11720", "2010-08-31": "39.01220", "2010-05-31": "35.24790", "2010-02-28": "33.35960", "2009-11-30": "39.10590", "2009-08-31": "38.14470", "2009-05-31": "35.31720", "2009-02-28": "37.54730", "2008-11-30": "40.79520", "2008-08-31": "42.06000", "2008-05-31": "38.71420", "2008-02-29": "40.21180", "2007-11-30": "42.72980", "2007-08-31": "43.93840", "2007-05-31": "35.24220", "2007-02-28": "37.80810", "2006-11-30": "42.26110", "2006-08-31": "42.61670", "2006-05-31": "39.95010", "2006-02-28": "38.77460", "2005-11-30": "41.05820", "2005-08-31": "41.53400", "2005-05-31": "38.81280", "2005-02-28": "37.04080"}, "Net Profit Margin": {"2020-11-30": "27.69140", "2020-08-31": "22.69900", "2020-05-31": "24.11760", "2020-02-29": "31.02300", "2019-11-30": "26.11290", "2019-08-31": "26.63310", "2019-05-31": "23.50060", "2019-02-28": "30.32510", "2018-11-30": "27.45370", "2018-08-31": "28.23370", "2018-05-31": "25.74200", "2018-02-28": "39.22660", "2017-11-30": "24.75720", "2017-08-31": "26.53550", "2017-05-31": "25.52790", "2017-02-28": "25.44610", "2016-11-30": "26.19910", "2016-08-31": "27.67660", "2016-05-31": "23.62380", "2016-02-29": "23.97020", "2015-11-30": "26.19050", "2015-08-31": "28.92120", "2015-05-31": "23.28810", "2015-02-28": "24.05230", "2014-11-30": "25.58040", "2014-08-31": "25.68990", "2014-05-31": "22.83260", "2014-02-28": "24.61560", "2013-11-30": "25.74630", "2013-08-31": "26.55360", "2013-05-31": "21.10030", "2013-02-28": "24.35530", "2012-11-30": "25.97470", "2012-08-31": "26.47870", "2012-05-31": "22.35720", "2012-02-29": "23.77520", "2011-11-30": "25.72840", "2011-08-31": "26.44290", "2011-05-31": "22.74730", "2011-02-28": "24.58120", "2010-11-30": "26.15230", "2010-08-31": "25.44860", "2010-05-31": "23.29710", "2010-02-28": "22.05590", "2009-11-30": "25.33230", "2009-08-31": "24.71010", "2009-05-31": "22.93650", "2009-02-28": "24.74360", "2008-11-30": "26.75560", "2008-08-31": "27.84370", "2008-05-31": "26.09340", "2008-02-29": "26.77220", "2007-11-30": "28.97090", "2007-08-31": "29.79020", "2007-05-31": "24.84880", "2007-02-28": "26.08770", "2006-11-30": "29.16030", "2006-08-31": "29.40550", "2006-05-31": "27.86510", "2006-02-28": "26.59960", "2005-11-30": "28.16600", "2005-08-31": "28.49240", "2005-05-31": "26.77440", "2005-02-28": "24.81730"}, "Asset Turnover": {"2020-11-30": "0.11420", "2020-08-31": "0.11130", "2020-05-31": "0.10700", "2020-02-29": "0.12070", "2019-11-30": "0.11390", "2019-08-31": "0.11480", "2019-05-31": "0.11300", "2019-02-28": "0.10330", "2018-11-30": "0.12270", "2018-08-31": "0.12240", "2018-05-31": "0.10680", "2018-02-28": "0.13680", "2017-11-30": "0.10450", "2017-08-31": "0.10410", "2017-05-31": "0.11710", "2017-02-28": "0.10890", "2016-11-30": "0.13360", "2016-08-31": "0.12880", "2016-05-31": "0.11710", "2016-02-29": "0.10650", "2015-11-30": "0.12010", "2015-08-31": "0.12080", "2015-05-31": "0.10700", "2015-02-28": "0.09590", "2014-11-30": "0.10780", "2014-08-31": "0.10610", "2014-05-31": "0.10030", "2014-02-28": "0.09200", "2013-11-30": "0.10240", "2013-08-31": "0.10170", "2013-05-31": "0.09500", "2013-02-28": "0.07900", "2012-11-30": "0.09950", "2012-08-31": "0.10120", "2012-05-31": "0.08510", "2012-02-29": "0.09340", "2011-11-30": "0.11060", "2011-08-31": "0.11280", "2011-05-31": "0.09690", "2011-02-28": "0.08910", "2010-11-30": "0.10190", "2010-08-31": "0.10290", "2010-05-31": "0.09490", "2010-02-28": "0.08770", "2009-11-30": "0.10660", "2009-08-31": "0.10630", "2009-05-31": "0.09670", "2009-02-28": "0.09150", "2008-11-30": "0.10250", "2008-08-31": "0.10210", "2008-05-31": "0.09780", "2008-02-29": "0.09060", "2007-11-30": "0.10100", "2007-08-31": "0.09120", "2007-05-31": "0.07800", "2007-02-28": "0.08410", "2006-11-30": "0.07750", "2006-08-31": "0.07830", "2006-05-31": "0.07940", "2006-02-28": "0.07530", "2005-11-30": "0.09700", "2005-08-31": "0.09860", "2005-05-31": "0.08210", "2005-02-28": "0.08080"}, "Inventory Turnover Ratio": {"2020-11-30": "", "2020-08-31": "", "2020-05-31": "", "2020-02-29": "", "2019-11-30": "", "2019-08-31": "", "2019-05-31": "", "2019-02-28": "", "2018-11-30": "", "2018-08-31": "", "2018-05-31": "", "2018-02-28": "", "2017-11-30": "", "2017-08-31": "", "2017-05-31": "", "2017-02-28": "", "2016-11-30": "", "2016-08-31": "", "2016-05-31": "", "2016-02-29": "", "2015-11-30": "", "2015-08-31": "", "2015-05-31": "", "2015-02-28": "", "2014-11-30": "", "2014-08-31": "", "2014-05-31": "", "2014-02-28": "", "2013-11-30": "", "2013-08-31": "", "2013-05-31": "", "2013-02-28": "", "2012-11-30": "", "2012-08-31": "", "2012-05-31": "", "2012-02-29": "", "2011-11-30": "", "2011-08-31": "", "2011-05-31": "", "2011-02-28": "", "2010-11-30": "", "2010-08-31": "", "2010-05-31": "", "2010-02-28": "", "2009-11-30": "", "2009-08-31": "", "2009-05-31": "", "2009-02-28": "", "2008-11-30": "", "2008-08-31": "", "2008-05-31": "", "2008-02-29": "", "2007-11-30": "", "2007-08-31": "", "2007-05-31": "", "2007-02-28": "", "2006-11-30": "", "2006-08-31": "", "2006-05-31": "", "2006-02-28": "", "2005-11-30": "", "2005-08-31": "", "2005-05-31": "", "2005-02-28": ""}, "Receiveable Turnover": {"2020-11-30": "0.99180", "2020-08-31": "1.08910", "2020-05-31": "1.15790", "2020-02-29": "1.34910", "2019-11-30": "1.09400", "2019-08-31": "1.15160", "2019-05-31": "1.14770", "2019-02-28": "1.26720", "2018-11-30": "1.45280", "2018-08-31": "1.52900", "2018-05-31": "1.61210", "2018-02-28": "1.60840", "2017-11-30": "1.27380", "2017-08-31": "1.38960", "2017-05-31": "1.47280", "2017-02-28": "1.72290", "2016-11-30": "1.36600", "2016-08-31": "1.51850", "2016-05-31": "1.69530", "2016-02-29": "1.95480", "2015-11-30": "2.60040", "2015-08-31": "3.02890", "2015-05-31": "3.22700", "2015-02-28": "3.89980", "2014-11-30": "2.79460", "2014-08-31": "3.35920", "2014-05-31": "3.44100", "2014-02-28": "4.09060", "2013-11-30": "2.88580", "2013-08-31": "3.34300", "2013-05-31": "3.53020", "2013-02-28": "3.94480", "2012-11-30": "2.84270", "2012-08-31": "3.26480", "2012-05-31": "3.18790", "2012-02-29": "3.62050", "2011-11-30": "2.18810", "2011-08-31": "2.55950", "2011-05-31": "2.74380", "2011-02-28": "3.25150", "2010-11-30": "2.02530", "2010-08-31": "2.23980", "2010-05-31": "2.30470", "2010-02-28": "2.79440", "2009-11-30": "1.97990", "2009-08-31": "2.22790", "2009-05-31": "2.41140", "2009-02-28": "2.82500", "2008-11-30": "2.10310", "2008-08-31": "2.35640", "2008-05-31": "2.36960", "2008-02-29": "2.81180", "2007-11-30": "2.01220", "2007-08-31": "2.05850", "2007-05-31": "2.03150", "2007-02-28": "2.39880", "2006-11-30": "1.76690", "2006-08-31": "2.08030", "2006-05-31": "1.93220", "2006-02-28": "2.34550", "2005-11-30": "1.66780", "2005-08-31": "1.93330", "2005-05-31": "1.96430", "2005-02-28": "2.24740"}, "Days Sales In Receivables": {"2020-11-30": "90.74110", "2020-08-31": "82.63360", "2020-05-31": "77.72590", "2020-02-29": "66.71040", "2019-11-30": "82.26910", "2019-08-31": "78.15120", "2019-05-31": "78.41490", "2019-02-28": "71.02300", "2018-11-30": "61.94900", "2018-08-31": "58.86300", "2018-05-31": "55.82830", "2018-02-28": "55.95560", "2017-11-30": "70.65500", "2017-08-31": "64.76730", "2017-05-31": "61.10960", "2017-02-28": "52.23800", "2016-11-30": "65.88410", "2016-08-31": "59.27050", "2016-05-31": "53.08800", "2016-02-29": "46.04040", "2015-11-30": "34.60960", "2015-08-31": "29.71370", "2015-05-31": "27.88930", "2015-02-28": "23.07820", "2014-11-30": "32.20460", "2014-08-31": "26.79210", "2014-05-31": "26.15490", "2014-02-28": "22.00180", "2013-11-30": "31.18750", "2013-08-31": "26.92220", "2013-05-31": "25.49460", "2013-02-28": "22.81480", "2012-11-30": "31.65960", "2012-08-31": "27.56660", "2012-05-31": "28.23210", "2012-02-29": "24.85870", "2011-11-30": "41.13250", "2011-08-31": "35.16250", "2011-05-31": "32.80080", "2011-02-28": "27.67930", "2010-11-30": "44.43750", "2010-08-31": "40.18140", "2010-05-31": "39.05080", "2010-02-28": "32.20750", "2009-11-30": "45.45630", "2009-08-31": "40.39730", "2009-05-31": "37.32290", "2009-02-28": "31.85850", "2008-11-30": "42.79350", "2008-08-31": "38.19450", "2008-05-31": "37.98120", "2008-02-29": "32.00750", "2007-11-30": "44.72610", "2007-08-31": "43.72050", "2007-05-31": "44.30250", "2007-02-28": "37.51820", "2006-11-30": "50.93550", "2006-08-31": "43.26380", "2006-05-31": "46.58020", "2006-02-28": "38.37160", "2005-11-30": "53.96400", "2005-08-31": "46.55170", "2005-05-31": "45.81830", "2005-02-28": "40.04610"}, "ROE - Return On Equity": {"2020-11-30": "9.42660", "2020-08-31": "7.61530", "2020-05-31": "7.93490", "2020-02-29": "12.84510", "2019-11-30": "10.06850", "2019-08-31": "10.48700", "2019-05-31": "8.79560", "2019-02-28": "12.49420", "2018-11-30": "9.72570", "2018-08-31": "10.20530", "2018-05-31": "9.23710", "2018-02-28": "17.95160", "2017-11-30": "10.09700", "2017-08-31": "10.82420", "2017-05-31": "10.44850", "2017-02-28": "10.67640", "2016-11-30": "11.13130", "2016-08-31": "10.93510", "2016-05-31": "9.31630", "2016-02-29": "9.62600", "2015-11-30": "10.18140", "2015-08-31": "11.67640", "2015-05-31": "9.02830", "2015-02-28": "9.04910", "2014-11-30": "9.43140", "2014-08-31": "9.59340", "2014-05-31": "8.21050", "2014-02-28": "8.95310", "2013-11-30": "9.01500", "2013-08-31": "9.31140", "2013-05-31": "6.96280", "2013-02-28": "8.99810", "2012-11-30": "8.70920", "2012-08-31": "9.24850", "2012-05-31": "7.68460", "2012-02-29": "8.48690", "2011-11-30": "9.00750", "2011-08-31": "9.67320", "2011-05-31": "7.94680", "2011-02-28": "8.89520", "2010-11-30": "9.23770", "2010-08-31": "9.17880", "2010-05-31": "8.24540", "2010-02-28": "8.01650", "2009-11-30": "9.03610", "2009-08-31": "9.05590", "2009-05-31": "8.48010", "2009-02-28": "9.82530", "2008-11-30": "10.91610", "2008-08-31": "11.89550", "2008-05-31": "11.32200", "2008-02-29": "12.36760", "2007-11-30": "11.82180", "2007-08-31": "9.18880", "2007-05-31": "6.20310", "2007-02-28": "6.65250", "2006-11-30": "7.25900", "2006-08-31": "7.73850", "2006-05-31": "7.41700", "2006-02-28": "7.24630", "2005-11-30": "7.40320", "2005-08-31": "7.88980", "2005-05-31": "7.32360", "2005-02-28": "6.96880"}, "Return On Tangible Equity": {"2020-11-30": "34.32460", "2020-08-31": "31.69090", "2020-05-31": "33.45460", "2020-02-29": "56.99360", "2019-11-30": "61.02850", "2019-08-31": "74.06780", "2019-05-31": "52.62680", "2019-02-28": "82.05260", "2018-11-30": "15.86920", "2018-08-31": "16.93780", "2018-05-31": "15.53450", "2018-02-28": "32.99190", "2017-11-30": "16.65830", "2017-08-31": "18.03530", "2017-05-31": "16.46780", "2017-02-28": "17.19600", "2016-11-30": "18.48530", "2016-08-31": "17.17220", "2016-05-31": "15.02830", "2016-02-29": "15.76370", "2015-11-30": "14.95060", "2015-08-31": "17.47890", "2015-05-31": "13.52800", "2015-02-28": "13.31130", "2014-11-30": "14.04560", "2014-08-31": "14.52190", "2014-05-31": "12.19800", "2014-02-28": "13.25660", "2013-11-30": "13.48570", "2013-08-31": "13.88600", "2013-05-31": "10.33820", "2013-02-28": "14.13760", "2012-11-30": "13.04460", "2012-08-31": "14.08850", "2012-05-31": "11.95580", "2012-02-29": "13.32550", "2011-11-30": "14.33530", "2011-08-31": "15.60140", "2011-05-31": "13.13380", "2011-02-28": "14.75540", "2010-11-30": "13.75170", "2010-08-31": "13.78270", "2010-05-31": "12.58160", "2010-02-28": "12.34190", "2009-11-30": "13.99090", "2009-08-31": "14.43870", "2009-05-31": "13.68080", "2009-02-28": "16.11100", "2008-11-30": "18.12740", "2008-08-31": "19.93800", "2008-05-31": "19.66880", "2008-02-29": "22.24200", "2007-11-30": "19.84240", "2007-08-31": "13.26330", "2007-05-31": "8.19730", "2007-02-28": "8.87280", "2006-11-30": "9.80880", "2006-08-31": "10.55520", "2006-05-31": "10.32910", "2006-02-28": "10.30820", "2005-11-30": "10.73730", "2005-08-31": "11.69370", "2005-05-31": "11.17350", "2005-02-28": "10.89820"}, "ROA - Return On Assets": {"2020-11-30": "3.16180", "2020-08-31": "2.52600", "2020-05-31": "2.58110", "2020-02-29": "3.74460", "2019-11-30": "2.97300", "2019-08-31": "3.05850", "2019-05-31": "2.65560", "2019-02-28": "3.13230", "2018-11-30": "3.36740", "2018-08-31": "3.45530", "2018-05-31": "2.75030", "2018-02-28": "5.36620", "2017-11-30": "2.58700", "2017-08-31": "2.76130", "2017-05-31": "2.98960", "2017-02-28": "2.77010", "2016-11-30": "3.49890", "2016-08-31": "3.56570", "2016-05-31": "2.76520", "2016-02-29": "2.55250", "2015-11-30": "3.14450", "2015-08-31": "3.49490", "2015-05-31": "2.49250", "2015-02-28": "2.30660", "2014-11-30": "2.75720", "2014-08-31": "2.72480", "2014-05-31": "2.29040", "2014-02-28": "2.26470", "2013-11-30": "2.63650", "2013-08-31": "2.69930", "2013-05-31": "2.00370", "2013-02-28": "1.92470", "2012-11-30": "2.58380", "2012-08-31": "2.68080", "2012-05-31": "1.90290", "2012-02-29": "2.22150", "2011-11-30": "2.84670", "2011-08-31": "2.98310", "2011-05-31": "2.20440", "2011-02-28": "2.19020", "2010-11-30": "2.66590", "2010-08-31": "2.61760", "2010-05-31": "2.21190", "2010-02-28": "1.93500", "2009-11-30": "2.70120", "2009-08-31": "2.62550", "2009-05-31": "2.21860", "2009-02-28": "2.26460", "2008-11-30": "2.74350", "2008-08-31": "2.84360", "2008-05-31": "2.55160", "2008-02-29": "2.42630", "2007-11-30": "2.92680", "2007-08-31": "2.71820", "2007-05-31": "1.93870", "2007-02-28": "2.19340", "2006-11-30": "2.25960", "2006-08-31": "2.30330", "2006-05-31": "2.21180", "2006-02-28": "2.00250", "2005-11-30": "2.73330", "2005-08-31": "2.80840", "2005-05-31": "2.19780", "2005-02-28": "2.00430"}, "ROI - Return On Investment": {"2020-11-30": "7.38870", "2020-08-31": "5.91810", "2020-05-31": "6.16790", "2020-02-29": "9.96770", "2019-11-30": "7.68570", "2019-08-31": "7.96790", "2019-05-31": "6.74490", "2019-02-28": "9.55270", "2018-11-30": "9.72570", "2018-08-31": "10.20530", "2018-05-31": "9.23710", "2018-02-28": "17.95160", "2017-11-30": "10.09700", "2017-08-31": "10.82420", "2017-05-31": "10.44850", "2017-02-28": "10.67640", "2016-11-30": "11.13130", "2016-08-31": "10.93510", "2016-05-31": "9.31630", "2016-02-29": "9.62600", "2015-11-30": "10.18140", "2015-08-31": "11.67640", "2015-05-31": "9.02830", "2015-02-28": "9.04910", "2014-11-30": "9.43140", "2014-08-31": "9.59340", "2014-05-31": "8.21050", "2014-02-28": "8.95310", "2013-11-30": "9.01500", "2013-08-31": "9.31140", "2013-05-31": "6.96280", "2013-02-28": "8.99810", "2012-11-30": "8.70920", "2012-08-31": "9.24850", "2012-05-31": "7.68460", "2012-02-29": "8.48690", "2011-11-30": "9.00750", "2011-08-31": "9.67320", "2011-05-31": "7.94680", "2011-02-28": "8.89520", "2010-11-30": "9.23770", "2010-08-31": "9.17880", "2010-05-31": "8.24540", "2010-02-28": "8.01650", "2009-11-30": "9.03610", "2009-08-31": "9.05590", "2009-05-31": "8.48010", "2009-02-28": "9.82530", "2008-11-30": "10.91610", "2008-08-31": "11.89550", "2008-05-31": "11.32200", "2008-02-29": "12.36760", "2007-11-30": "11.82180", "2007-08-31": "9.18880", "2007-05-31": "6.20310", "2007-02-28": "6.65250", "2006-11-30": "7.25900", "2006-08-31": "7.73850", "2006-05-31": "7.41700", "2006-02-28": "7.24630", "2005-11-30": "7.40320", "2005-08-31": "7.88980", "2005-05-31": "7.32360", "2005-02-28": "6.96880"}, "Book Value Per Share": {"2020-11-30": "8.01360", "2020-08-31": "7.72910", "2020-05-31": "7.75200", "2020-02-29": "7.69390", "2019-11-30": "7.16910", "2019-08-31": "7.03910", "2019-05-31": "7.29060", "2019-02-28": "7.22870", "2018-11-30": "6.75160", "2018-08-31": "6.64900", "2018-05-31": "6.56490", "2018-02-28": "5.69300", "2017-11-30": "5.48130", "2017-08-31": "5.41600", "2017-05-31": "5.44050", "2017-02-28": "5.28030", "2016-11-30": "5.06020", "2016-08-31": "5.49650", "2016-05-31": "5.30440", "2016-02-29": "5.20440", "2015-11-30": "5.14910", "2015-08-31": "4.96750", "2015-05-31": "4.94320", "2015-02-28": "5.15420", "2014-11-30": "5.05180", "2014-08-31": "4.92170", "2014-05-31": "4.89530", "2014-02-28": "4.91670", "2013-11-30": "4.83360", "2013-08-31": "4.78750", "2013-05-31": "4.85410", "2013-02-28": "4.41300", "2012-11-30": "4.66920", "2012-08-31": "4.55410", "2012-05-31": "4.42500", "2012-02-29": "4.40110", "2011-11-30": "4.30100", "2011-08-31": "4.24750", "2011-05-31": "4.13200", "2011-02-28": "4.05800", "2010-11-30": "4.00750", "2010-08-31": "3.97290", "2010-05-31": "3.87830", "2010-02-28": "3.86560", "2009-11-30": "3.85210", "2009-08-31": "3.77680", "2009-05-31": "3.71630", "2009-02-28": "3.68920", "2008-11-30": "3.56060", "2008-08-31": "3.46490", "2008-05-31": "3.31940", "2008-02-29": "3.19680", "2007-11-30": "3.42180", "2007-08-31": "4.38760", "2007-05-31": "5.10860", "2007-02-28": "4.98260", "2006-11-30": "4.79550", "2006-08-31": "4.58840", "2006-05-31": "4.35140", "2006-02-28": "4.16190", "2005-11-30": "4.00720", "2005-08-31": "3.84690", "2005-05-31": "3.65970", "2005-02-28": "3.51790"}, "Operating Cash Flow Per Share": {"2020-11-30": 0.5947, "2020-08-31": "0.59510", "2020-05-31": 1.0753, "2020-02-29": 1.3504, "2019-11-30": 0.7502, "2019-08-31": "0.81550", "2019-05-31": 0.6859, "2019-02-28": 1.4531, "2018-11-30": 0.6183, "2018-08-31": "0.75710", "2018-05-31": 0.799, "2018-02-28": 1.2946, "2017-11-30": 0.4862, "2017-08-31": "0.95100", "2017-05-31": 0.5223, "2017-02-28": 0.9862, "2016-11-30": 0.3307, "2016-08-31": "0.80940", "2016-05-31": 0.6244, "2016-02-29": 1.0254, "2015-11-30": 0.3919, "2015-08-31": "0.76710", "2015-05-31": 0.5572, "2015-02-28": 0.7881, "2014-11-30": 0.3886, "2014-08-31": "0.72140", "2014-05-31": 0.4767, "2014-02-28": 0.8373, "2013-11-30": 0.3649, "2013-08-31": "0.72730", "2013-05-31": 0.1885, "2013-02-28": 0.7686, "2012-11-30": 0.2962, "2012-08-31": "0.59840", "2012-05-31": 0.3972, "2012-02-29": 0.7302, "2011-11-30": 0.3032, "2011-08-31": "0.51600", "2011-05-31": 0.449, "2011-02-28": 0.6433, "2010-11-30": 0.3448, "2010-08-31": "0.53670", "2010-05-31": 0.2991, "2010-02-28": 0.6183, "2009-11-30": 0.2553, "2009-08-31": "0.51630", "2009-05-31": 0.3472, "2009-02-28": 0.6511, "2008-11-30": 0.3154, "2008-08-31": "0.59430", "2008-05-31": 0.3292, "2008-02-29": 0.6673, "2007-11-30": 0.3022, "2007-08-31": "0.66240", "2007-05-31": 0.2605, "2007-02-28": 0.6594, "2006-11-30": 0.2056, "2006-08-31": "0.52350", "2006-05-31": 0.2933, "2006-02-28": 0.5859, "2005-11-30": 0.1891, "2005-08-31": "0.42440", "2005-05-31": 0.2639, "2005-02-28": 0.9648}, "Free Cash Flow Per Share": {"2020-11-30": 0.5116, "2020-08-31": "0.53780", "2020-05-31": 0.9781, "2020-02-29": 1.2619, "2019-11-30": 0.6571, "2019-08-31": "0.74250", "2019-05-31": 0.587, "2019-02-28": 1.378, "2018-11-30": 0.5176, "2018-08-31": "0.68960", "2018-05-31": 0.71, "2018-02-28": 1.2219, "2017-11-30": 0.2717, "2017-08-31": "0.90120", "2017-05-31": 0.4469, "2017-02-28": 0.9307, "2016-11-30": 0.2574, "2016-08-31": "0.75360", "2016-05-31": 0.5481, "2016-02-29": 0.9661, "2015-11-30": 0.3164, "2015-08-31": "0.70870", "2015-05-31": 0.4725, "2015-02-28": 0.7159, "2014-11-30": 0.3318, "2014-08-31": "0.65310", "2014-05-31": 0.4187, "2014-02-28": 0.7936, "2013-11-30": 0.3054, "2013-08-31": "0.65880", "2013-05-31": 0.1213, "2013-02-28": 0.7146, "2012-11-30": 0.2072, "2012-08-31": "0.53790", "2012-05-31": 0.3224, "2012-02-29": 0.6797, "2011-11-30": 0.2373, "2011-08-31": "0.46030", "2011-05-31": 0.3895, "2011-02-28": 0.5473, "2010-11-30": 0.2688, "2010-08-31": "0.49090", "2010-05-31": 0.244, "2010-02-28": 0.5677, "2009-11-30": 0.2194, "2009-08-31": "0.48840", "2009-05-31": 0.3173, "2009-02-28": 0.6121, "2008-11-30": 0.2517, "2008-08-31": "0.54940", "2008-05-31": 0.2851, "2008-02-29": 0.5956, "2007-11-30": 0.2497, "2007-08-31": "0.60990", "2007-05-31": 0.2144, "2007-02-28": 0.6033, "2006-11-30": 0.1436, "2006-08-31": "0.48150", "2006-05-31": 0.228, "2006-02-28": 0.5396, "2005-11-30": 0.1421, "2005-08-31": "0.37030", "2005-05-31": 0.1857, "2005-02-28": 0.8661}}, "revenue": {"Paychex Annual Revenue (Millions of US $)": {"2020": "$4,041", "2019": "$3,773", "2018": "$3,378", "2017": "$3,153", "2016": "$2,952", "2015": "$2,740", "2014": "$2,519", "2013": "$2,326", "2012": "$2,230", "2011": "$2,084", "2010": "$2,001", "2009": "$2,083", "2008": "$2,066", "2007": "$1,887", "2006": "$1,675", "2005": "$1,445"}, "Paychex Quarterly Revenue (Millions of US $)": {"2020-11-30": "$984", "2020-08-31": "$932", "2020-05-31": "$915", "2020-02-29": "$1,143", "2019-11-30": "$991", "2019-08-31": "$992", "2019-05-31": "$980", "2019-02-28": "$1,070", "2018-11-30": "$859", "2018-08-31": "$863", "2018-05-31": "$846", "2018-02-28": "$936", "2017-11-30": "$803", "2017-08-31": "$793", "2017-05-31": "$800", "2017-02-28": "$796", "2016-11-30": "$771", "2016-08-31": "$786", "2016-05-31": "$754", "2016-02-29": "$753", "2015-11-30": "$722", "2015-08-31": "$723", "2015-05-31": "$692", "2015-02-28": "$704", "2014-11-30": "$676", "2014-08-31": "$667", "2014-05-31": "$639", "2014-02-28": "$650", "2013-11-30": "$616", "2013-08-31": "$613", "2013-05-31": "$585", "2013-02-28": "$593", "2012-11-30": "$569", "2012-08-31": "$578", "2012-05-31": "$552", "2012-02-29": "$570", "2011-11-30": "$546", "2011-08-31": "$563", "2011-05-31": "$523", "2011-02-28": "$531", "2010-11-30": "$512", "2010-08-31": "$518", "2010-05-31": "$496", "2010-02-28": "$508", "2009-11-30": "$497", "2009-08-31": "$500", "2009-05-31": "$496", "2009-02-28": "$529", "2008-11-30": "$524", "2008-08-31": "$534", "2008-05-31": "$519", "2008-02-29": "$532", "2007-11-30": "$508", "2007-08-31": "$507", "2007-05-31": "$487", "2007-02-28": "$485", "2006-11-30": "$455", "2006-08-31": "$459", "2006-05-31": "$440", "2006-02-28": "$431", "2005-11-30": "$400", "2005-08-31": "$404", "2005-05-31": "$379", "2005-02-28": "$374"}}, "gross-profit": {"Paychex Annual Gross Profit (Millions of US $)": {"2020": "$2,760", "2019": "$2,595", "2018": "$2,360", "2017": "$2,234", "2016": "$2,095", "2015": "$1,932", "2014": "$1,786", "2013": "$1,655", "2012": "$1,560", "2011": "$1,433", "2010": "$1,347", "2009": "$1,402", "2008": "$1,406", "2007": "$1,271", "2006": "$1,114", "2005": "$946"}, "Paychex Quarterly Gross Profit (Millions of US $)": {"2020-11-30": "$664", "2020-08-31": "$625", "2020-05-31": "$623", "2020-02-29": "$802", "2019-11-30": "$667", "2019-08-31": "$667", "2019-05-31": "$658", "2019-02-28": "$745", "2018-11-30": "$594", "2018-08-31": "$597", "2018-05-31": "$580", "2018-02-28": "$664", "2017-11-30": "$554", "2017-08-31": "$561", "2017-05-31": "$569", "2017-02-28": "$559", "2016-11-30": "$545", "2016-08-31": "$560", "2016-05-31": "$534", "2016-02-29": "$527", "2015-11-30": "$517", "2015-08-31": "$517", "2015-05-31": "$489", "2015-02-28": "$493", "2014-11-30": "$477", "2014-08-31": "$473", "2014-05-31": "$441", "2014-02-28": "$459", "2013-11-30": "$443", "2013-08-31": "$443", "2013-05-31": "$412", "2013-02-28": "$422", "2012-11-30": "$406", "2012-08-31": "$415", "2012-05-31": "$382", "2012-02-29": "$395", "2011-11-30": "$383", "2011-08-31": "$399", "2011-05-31": "$357", "2011-02-28": "$365", "2010-11-30": "$353", "2010-08-31": "$358", "2010-05-31": "$333", "2010-02-28": "$343", "2009-11-30": "$334", "2009-08-31": "$337", "2009-05-31": "$329", "2009-02-28": "$354", "2008-11-30": "$353", "2008-08-31": "$366", "2008-05-31": "$351", "2008-02-29": "$361", "2007-11-30": "$345", "2007-08-31": "$348", "2007-05-31": "$329", "2007-02-28": "$327", "2006-11-30": "$304", "2006-08-31": "$311", "2006-05-31": "$294", "2006-02-28": "$285", "2005-11-30": "$264", "2005-08-31": "$270", "2005-05-31": "$254", "2005-02-28": "$244"}}, "operating-income": {"Paychex Annual Operating Income (Millions of US $)": {"2020": "$1,461", "2019": "$1,371", "2018": "$1,292", "2017": "$1,254", "2016": "$1,147", "2015": "$1,054", "2014": "$983", "2013": "$905", "2012": "$854", "2011": "$786", "2010": "$725", "2009": "$805", "2008": "$828", "2007": "$702", "2006": "$650", "2005": "$534"}, "Paychex Quarterly Operating Income (Millions of US $)": {"2020-11-30": "$354", "2020-08-31": "$284", "2020-05-31": "$300", "2020-02-29": "$470", "2019-11-30": "$342", "2019-08-31": "$349", "2019-05-31": "$315", "2019-02-28": "$429", "2018-11-30": "$307", "2018-08-31": "$320", "2018-05-31": "$302", "2018-02-28": "$369", "2017-11-30": "$303", "2017-08-31": "$317", "2017-05-31": "$313", "2017-02-28": "$307", "2016-11-30": "$311", "2016-08-31": "$323", "2016-05-31": "$276", "2016-02-29": "$280", "2015-11-30": "$294", "2015-08-31": "$296", "2015-05-31": "$252", "2015-02-28": "$264", "2014-11-30": "$270", "2014-08-31": "$268", "2014-05-31": "$228", "2014-02-28": "$251", "2013-11-30": "$249", "2013-08-31": "$255", "2013-05-31": "$212", "2013-02-28": "$225", "2012-11-30": "$230", "2012-08-31": "$238", "2012-05-31": "$196", "2012-02-29": "$210", "2011-11-30": "$218", "2011-08-31": "$230", "2011-05-31": "$183", "2011-02-28": "$199", "2010-11-30": "$204", "2010-08-31": "$201", "2010-05-31": "$174", "2010-02-28": "$168", "2009-11-30": "$193", "2009-08-31": "$190", "2009-05-31": "$174", "2009-02-28": "$197", "2008-11-30": "$212", "2008-08-31": "$222", "2008-05-31": "$198", "2008-02-29": "$210", "2007-11-30": "$209", "2007-08-31": "$211", "2007-05-31": "$160", "2007-02-28": "$173", "2006-11-30": "$182", "2006-08-31": "$186", "2006-05-31": "$168", "2006-02-28": "$161", "2005-11-30": "$159", "2005-08-31": "$163", "2005-05-31": "$143", "2005-02-28": "$135"}}, "ebitda": {"Paychex Annual EBITDA (Millions of US $)": {"2020": "$1,897", "2019": "$1,782", "2018": "$1,670", "2017": "$1,623", "2016": "$1,337", "2015": "$1,236", "2014": "$1,158", "2013": "$1,059", "2012": "$994", "2011": "$914", "2010": "$846", "2009": "$914", "2008": "$928", "2007": "$799", "2006": "$744", "2005": "$624"}, "Paychex Quarterly EBITDA (Millions of US $)": {"2020-11-30": "$460", "2020-08-31": "$390", "2020-05-31": "$408", "2020-02-29": "$577", "2019-11-30": "$454", "2019-08-31": "$458", "2019-05-31": "$426", "2019-02-28": "$539", "2018-11-30": "$402", "2018-08-31": "$415", "2018-05-31": "$397", "2018-02-28": "$552", "2017-11-30": "$354", "2017-08-31": "$366", "2017-05-31": "$536", "2017-02-28": "$356", "2016-11-30": "$360", "2016-08-31": "$371", "2016-05-31": "$325", "2016-02-29": "$329", "2015-11-30": "$341", "2015-08-31": "$343", "2015-05-31": "$298", "2015-02-28": "$310", "2014-11-30": "$315", "2014-08-31": "$312", "2014-05-31": "$275", "2014-02-28": "$295", "2013-11-30": "$292", "2013-08-31": "$296", "2013-05-31": "$252", "2013-02-28": "$264", "2012-11-30": "$268", "2012-08-31": "$275", "2012-05-31": "$232", "2012-02-29": "$246", "2011-11-30": "$253", "2011-08-31": "$264", "2011-05-31": "$217", "2011-02-28": "$232", "2010-11-30": "$234", "2010-08-31": "$231", "2010-05-31": "$204", "2010-02-28": "$199", "2009-11-30": "$224", "2009-08-31": "$220", "2009-05-31": "$203", "2009-02-28": "$224", "2008-11-30": "$238", "2008-08-31": "$249", "2008-05-31": "$226", "2008-02-29": "$236", "2007-11-30": "$233", "2007-08-31": "$234", "2007-05-31": "$184", "2007-02-28": "$198", "2006-11-30": "$206", "2006-08-31": "$210", "2006-05-31": "$192", "2006-02-28": "$185", "2005-11-30": "$182", "2005-08-31": "$185", "2005-05-31": "$169", "2005-02-28": "$157"}}, "net-income": {"Paychex Annual Net Income (Millions of US $)": {"2020": "$1,098", "2019": "$1,034", "2018": "$994", "2017": "$826", "2016": "$757", "2015": "$675", "2014": "$628", "2013": "$569", "2012": "$548", "2011": "$515", "2010": "$477", "2009": "$534", "2008": "$576", "2007": "$515", "2006": "$465", "2005": "$369"}, "Paychex Quarterly Net Income (Millions of US $)": {"2020-11-30": "$272", "2020-08-31": "$212", "2020-05-31": "$221", "2020-02-29": "$355", "2019-11-30": "$259", "2019-08-31": "$264", "2019-05-31": "$230", "2019-02-28": "$325", "2018-11-30": "$236", "2018-08-31": "$244", "2018-05-31": "$218", "2018-02-28": "$367", "2017-11-30": "$199", "2017-08-31": "$210", "2017-05-31": "$204", "2017-02-28": "$203", "2016-11-30": "$202", "2016-08-31": "$217", "2016-05-31": "$178", "2016-02-29": "$180", "2015-11-30": "$189", "2015-08-31": "$209", "2015-05-31": "$161", "2015-02-28": "$169", "2014-11-30": "$173", "2014-08-31": "$171", "2014-05-31": "$146", "2014-02-28": "$160", "2013-11-30": "$159", "2013-08-31": "$163", "2013-05-31": "$124", "2013-02-28": "$145", "2012-11-30": "$148", "2012-08-31": "$153", "2012-05-31": "$123", "2012-02-29": "$135", "2011-11-30": "$140", "2011-08-31": "$149", "2011-05-31": "$119", "2011-02-28": "$131", "2010-11-30": "$134", "2010-08-31": "$132", "2010-05-31": "$116", "2010-02-28": "$112", "2009-11-30": "$126", "2009-08-31": "$124", "2009-05-31": "$114", "2009-02-28": "$131", "2008-11-30": "$140", "2008-08-31": "$149", "2008-05-31": "$135", "2008-02-29": "$142", "2007-11-30": "$147", "2007-08-31": "$151", "2007-05-31": "$121", "2007-02-28": "$127", "2006-11-30": "$133", "2006-08-31": "$135", "2006-05-31": "$123", "2006-02-28": "$115", "2005-11-30": "$113", "2005-08-31": "$115", "2005-05-31": "$101", "2005-02-28": "$93"}}, "eps-earnings-per-share-diluted": {"Paychex Annual EPS": {"2020": "$3.04", "2019": "$2.86", "2018": "$2.75", "2017": "$2.28", "2016": "$2.09", "2015": "$1.85", "2014": "$1.71", "2013": "$1.56", "2012": "$1.51", "2011": "$1.42", "2010": "$1.32", "2009": "$1.48", "2008": "$1.56", "2007": "$1.35", "2006": "$1.22", "2005": "$0.97"}, "Paychex Quarterly EPS": {"2020-11-30": "$0.75", "2020-08-31": "$0.59", "2020-05-31": "$0.61", "2020-02-29": "$0.98", "2019-11-30": "$0.72", "2019-08-31": "$0.73", "2019-05-31": "$0.64", "2019-02-28": "$0.90", "2018-11-30": "$0.65", "2018-08-31": "$0.67", "2018-05-31": "$0.61", "2018-02-28": "$1.01", "2017-11-30": "$0.55", "2017-08-31": "$0.58", "2017-05-31": "$0.56", "2017-02-28": "$0.56", "2016-11-30": "$0.56", "2016-08-31": "$0.60", "2016-05-31": "$0.49", "2016-02-29": "$0.50", "2015-11-30": "$0.52", "2015-08-31": "$0.58", "2015-05-31": "$0.45", "2015-02-28": "$0.46", "2014-11-30": "$0.47", "2014-08-31": "$0.47", "2014-05-31": "$0.40", "2014-02-28": "$0.44", "2013-11-30": "$0.43", "2013-08-31": "$0.44", "2013-05-31": "$0.33", "2013-02-28": "$0.40", "2012-11-30": "$0.41", "2012-08-31": "$0.42", "2012-05-31": "$0.34", "2012-02-29": "$0.37", "2011-11-30": "$0.39", "2011-08-31": "$0.41", "2011-05-31": "$0.33", "2011-02-28": "$0.36", "2010-11-30": "$0.37", "2010-08-31": "$0.36", "2010-05-31": "$0.32", "2010-02-28": "$0.31", "2009-11-30": "$0.35", "2009-08-31": "$0.34", "2009-05-31": "$0.32", "2009-02-28": "$0.36", "2008-11-30": "$0.39", "2008-08-31": "$0.41", "2008-05-31": "$0.37", "2008-02-29": "$0.39", "2007-11-30": "$0.40", "2007-08-31": "$0.40", "2007-05-31": "$0.32", "2007-02-28": "$0.33", "2006-11-30": "$0.35", "2006-08-31": "$0.35", "2006-05-31": "$0.32", "2006-02-28": "$0.30", "2005-11-30": "$0.30", "2005-08-31": "$0.30", "2005-05-31": "$0.27", "2005-02-28": "$0.24"}}, "shares-outstanding": {"Paychex Annual Shares Outstanding (Millions of Shares)": {"2020": "361", "2019": "362", "2018": "362", "2017": "363", "2016": "363", "2015": "365", "2014": "366", "2013": "365", "2012": "363", "2011": "362", "2010": "362", "2009": "361", "2008": "370", "2007": "383", "2006": "381", "2005": "380"}, "Paychex Quarterly Shares Outstanding (Millions of Shares)": {"2020-11-30": "362", "2020-08-31": "361", "2020-05-31": "361", "2020-02-29": "361", "2019-11-30": "361", "2019-08-31": "362", "2019-05-31": "362", "2019-02-28": "362", "2018-11-30": "362", "2018-08-31": "362", "2018-05-31": "362", "2018-02-28": "362", "2017-11-30": "361", "2017-08-31": "361", "2017-05-31": "363", "2017-02-28": "362", "2016-11-30": "363", "2016-08-31": "364", "2016-05-31": "363", "2016-02-29": "362", "2015-11-30": "362", "2015-08-31": "363", "2015-05-31": "365", "2015-02-28": "365", "2014-11-30": "365", "2014-08-31": "365", "2014-05-31": "366", "2014-02-28": "366", "2013-11-30": "366", "2013-08-31": "367", "2013-05-31": "365", "2013-02-28": "365", "2012-11-30": "364", "2012-08-31": "364", "2012-05-31": "363", "2012-02-29": "363", "2011-11-30": "363", "2011-08-31": "363", "2011-05-31": "362", "2011-02-28": "363", "2010-11-30": "362", "2010-08-31": "362", "2010-05-31": "362", "2010-02-28": "362", "2009-11-30": "362", "2009-08-31": "361", "2009-05-31": "361", "2009-02-28": "361", "2008-11-30": "361", "2008-08-31": "361", "2008-05-31": "370", "2008-02-29": "362", "2007-11-30": "371", "2007-08-31": "382", "2007-05-31": "383", "2007-02-28": "383", "2006-11-30": "382", "2006-08-31": "382", "2006-05-31": "381", "2006-02-28": "382", "2005-11-30": "381", "2005-08-31": "380", "2005-05-31": "380", "2005-02-28": "380"}}, "total-assets": {"Paychex Annual Total Assets (Millions of US $)": {"2020": "$8,551", "2019": "$8,676", "2018": "$7,915", "2017": "$6,834", "2016": "$6,441", "2015": "$6,468", "2014": "$6,370", "2013": "$6,164", "2012": "$6,480", "2011": "$5,394", "2010": "$5,226", "2009": "$5,127", "2008": "$5,310", "2007": "$6,247", "2006": "$5,549", "2005": "$4,617"}, "Paychex Quarterly Total Assets (Millions of US $)": {"2020-11-30": "$8,615", "2020-08-31": "$8,377", "2020-05-31": "$8,551", "2020-02-29": "$9,467", "2019-11-30": "$8,702", "2019-08-31": "$8,638", "2019-05-31": "$8,676", "2019-02-28": "$10,363", "2018-11-30": "$7,002", "2018-08-31": "$7,050", "2018-05-31": "$7,915", "2018-02-28": "$6,843", "2017-11-30": "$7,685", "2017-08-31": "$7,620", "2017-05-31": "$6,834", "2017-02-28": "$7,310", "2016-11-30": "$5,776", "2016-08-31": "$6,097", "2016-05-31": "$6,441", "2016-02-29": "$7,068", "2015-11-30": "$6,017", "2015-08-31": "$5,983", "2015-05-31": "$6,468", "2015-02-28": "$7,344", "2014-11-30": "$6,275", "2014-08-31": "$6,287", "2014-05-31": "$6,370", "2014-02-28": "$7,069", "2013-11-30": "$6,019", "2013-08-31": "$6,031", "2013-05-31": "$6,164", "2013-02-28": "$7,508", "2012-11-30": "$5,724", "2012-08-31": "$5,711", "2012-05-31": "$6,480", "2012-02-29": "$6,095", "2011-11-30": "$4,932", "2011-08-31": "$4,992", "2011-05-31": "$5,394", "2011-02-28": "$5,963", "2010-11-30": "$5,023", "2010-08-31": "$5,039", "2010-05-31": "$5,226", "2010-02-28": "$5,788", "2009-11-30": "$4,657", "2009-08-31": "$4,708", "2009-05-31": "$5,127", "2009-02-28": "$5,775", "2008-11-30": "$5,112", "2008-08-31": "$5,230", "2008-05-31": "$5,310", "2008-02-29": "$5,872", "2007-11-30": "$5,026", "2007-08-31": "$5,558", "2007-05-31": "$6,247", "2007-02-28": "$5,772", "2006-11-30": "$5,871", "2006-08-31": "$5,865", "2006-05-31": "$5,549", "2006-02-28": "$5,720", "2005-11-30": "$4,120", "2005-08-31": "$4,096", "2005-05-31": "$4,617", "2005-02-28": "$4,629"}}, "cash-on-hand": {"Paychex Annual Cash on Hand (Millions of US $)": {"2020": "$982", "2019": "$763", "2018": "$424", "2017": "$323", "2016": "$352", "2015": "$537", "2014": "$551", "2013": "$506", "2012": "$316", "2011": "$464", "2010": "$367", "2009": "$492", "2008": "$393", "2007": "$591", "2006": "$577", "2005": "$303"}, "Paychex Quarterly Cash on Hand (Millions of US $)": {"2020-11-30": "$927", "2020-08-31": "$917", "2020-05-31": "$982", "2020-02-29": "$913", "2019-11-30": "$688", "2019-08-31": "$683", "2019-05-31": "$763", "2019-02-28": "$801", "2018-11-30": "$759", "2018-08-31": "$523", "2018-05-31": "$424", "2018-02-28": "$421", "2017-11-30": "$339", "2017-08-31": "$368", "2017-05-31": "$323", "2017-02-28": "$404", "2016-11-30": "$293", "2016-08-31": "$498", "2016-05-31": "$352", "2016-02-29": "$327", "2015-11-30": "$476", "2015-08-31": "$538", "2015-05-31": "$537", "2015-02-28": "$621", "2014-11-30": "$529", "2014-08-31": "$559", "2014-05-31": "$551", "2014-02-28": "$586", "2013-11-30": "$463", "2013-08-31": "$559", "2013-05-31": "$506", "2013-02-28": "$571", "2012-11-30": "$301", "2012-08-31": "$391", "2012-05-31": "$316", "2012-02-29": "$503", "2011-11-30": "$411", "2011-08-31": "$485", "2011-05-31": "$464", "2011-02-28": "$470", "2010-11-30": "$464", "2010-08-31": "$450", "2010-05-31": "$367", "2010-02-28": "$395", "2009-11-30": "$287", "2009-08-31": "$329", "2009-05-31": "$492", "2009-02-28": "$490", "2008-11-30": "$402", "2008-08-31": "$464", "2008-05-31": "$393", "2008-02-29": "$408", "2007-11-30": "$467", "2007-08-31": "$449", "2007-05-31": "$591", "2007-02-28": "$648", "2006-11-30": "$519", "2006-08-31": "$653", "2006-05-31": "$577", "2006-02-28": "$935", "2005-11-30": "$793", "2005-08-31": "$797", "2005-05-31": "$303", "2005-02-28": "$693"}}, "long-term-debt": {"Paychex Annual Long Term Debt (Millions of US $)": {"2020": "$797", "2019": "$796", "2018": "$", "2017": "$", "2016": "$", "2015": "$", "2014": "$", "2013": "$", "2012": "$", "2011": "$", "2010": "$", "2009": "$", "2008": "$", "2007": "$", "2006": "$", "2005": "$"}, "Paychex Quarterly Long Term Debt (Millions of US $)": {"2020-11-30": "$797", "2020-08-31": "$797", "2020-05-31": "$797", "2020-02-29": "$797", "2019-11-30": "$797", "2019-08-31": "$797", "2019-05-31": "$796", "2019-02-28": "$800", "2018-11-30": "", "2018-08-31": "", "2018-05-31": "", "2018-02-28": "", "2017-11-30": "", "2017-08-31": "", "2017-05-31": "", "2017-02-28": "", "2016-11-30": "", "2016-08-31": "", "2016-05-31": "", "2016-02-29": "", "2015-11-30": "", "2015-08-31": "", "2015-05-31": "", "2015-02-28": "", "2014-11-30": "", "2014-08-31": "", "2014-05-31": "", "2014-02-28": "", "2013-11-30": "", "2013-08-31": "", "2013-05-31": "", "2013-02-28": "", "2012-11-30": "", "2012-08-31": "", "2012-05-31": "", "2012-02-29": "", "2011-11-30": "", "2011-08-31": "", "2011-05-31": "", "2011-02-28": "", "2010-11-30": "", "2010-08-31": "", "2010-05-31": "", "2010-02-28": "", "2009-11-30": "", "2009-08-31": "", "2009-05-31": "", "2009-02-28": "", "2008-11-30": "", "2008-08-31": "", "2008-05-31": "", "2008-02-29": "", "2007-11-30": "", "2007-08-31": "", "2007-05-31": "", "2007-02-28": "", "2006-11-30": "", "2006-08-31": "", "2006-05-31": "", "2006-02-28": "", "2005-11-30": "", "2005-08-31": "", "2005-05-31": "", "2005-02-28": ""}}, "total-liabilities": {"Paychex Annual Total Liabilities (Millions of US $)": {"2020": "$5,769", "2019": "$6,057", "2018": "$5,559", "2017": "$4,878", "2016": "$4,529", "2015": "$4,682", "2014": "$4,593", "2013": "$4,390", "2012": "$4,875", "2011": "$3,898", "2010": "$3,824", "2009": "$3,786", "2008": "$4,113", "2007": "$4,294", "2006": "$3,894", "2005": "$3,232"}, "Paychex Quarterly Total Liabilities (Millions of US $)": {"2020-11-30": "$5,726", "2020-08-31": "$5,598", "2020-05-31": "$5,769", "2020-02-29": "$6,707", "2019-11-30": "$6,132", "2019-08-31": "$6,119", "2019-05-31": "$6,057", "2019-02-28": "$7,765", "2018-11-30": "$4,578", "2018-08-31": "$4,663", "2018-05-31": "$5,559", "2018-02-28": "$4,797", "2017-11-30": "$5,716", "2017-08-31": "$5,676", "2017-05-31": "$4,878", "2017-02-28": "$5,414", "2016-11-30": "$3,961", "2016-08-31": "$4,109", "2016-05-31": "$4,529", "2016-02-29": "$5,193", "2015-11-30": "$4,159", "2015-08-31": "$4,192", "2015-05-31": "$4,682", "2015-02-28": "$5,472", "2014-11-30": "$4,440", "2014-08-31": "$4,501", "2014-05-31": "$4,593", "2014-02-28": "$5,281", "2013-11-30": "$4,259", "2013-08-31": "$4,283", "2013-05-31": "$4,390", "2013-02-28": "$5,902", "2012-11-30": "$4,026", "2012-08-31": "$4,056", "2012-05-31": "$4,875", "2012-02-29": "$4,500", "2011-11-30": "$3,373", "2011-08-31": "$3,452", "2011-05-31": "$3,898", "2011-02-28": "$4,495", "2010-11-30": "$3,573", "2010-08-31": "$3,602", "2010-05-31": "$3,824", "2010-02-28": "$4,391", "2009-11-30": "$3,265", "2009-08-31": "$3,343", "2009-05-31": "$3,786", "2009-02-28": "$4,444", "2008-11-30": "$3,827", "2008-08-31": "$3,979", "2008-05-31": "$4,113", "2008-02-29": "$4,720", "2007-11-30": "$3,782", "2007-08-31": "$3,914", "2007-05-31": "$4,294", "2007-02-28": "$3,869", "2006-11-30": "$4,044", "2006-08-31": "$4,119", "2006-05-31": "$3,894", "2006-02-28": "$4,139", "2005-11-30": "$2,599", "2005-08-31": "$2,638", "2005-05-31": "$3,232", "2005-02-28": "$3,298"}}, "total-share-holder-equity": {"Paychex Annual Share Holder Equity (Millions of US $)": {"2020": "$2,781", "2019": "$2,620", "2018": "$2,357", "2017": "$1,955", "2016": "$1,912", "2015": "$1,786", "2014": "$1,777", "2013": "$1,774", "2012": "$1,605", "2011": "$1,496", "2010": "$1,402", "2009": "$1,341", "2008": "$1,197", "2007": "$1,952", "2006": "$1,655", "2005": "$1,386"}, "Paychex Quarterly Share Holder Equity (Millions of US $)": {"2020-11-30": "$2,890", "2020-08-31": "$2,779", "2020-05-31": "$2,781", "2020-02-29": "$2,760", "2019-11-30": "$2,569", "2019-08-31": "$2,519", "2019-05-31": "$2,620", "2019-02-28": "$2,598", "2018-11-30": "$2,425", "2018-08-31": "$2,387", "2018-05-31": "$2,357", "2018-02-28": "$2,046", "2017-11-30": "$1,969", "2017-08-31": "$1,944", "2017-05-31": "$1,955", "2017-02-28": "$1,897", "2016-11-30": "$1,816", "2016-08-31": "$1,988", "2016-05-31": "$1,912", "2016-02-29": "$1,874", "2015-11-30": "$1,858", "2015-08-31": "$1,791", "2015-05-31": "$1,786", "2015-02-28": "$1,872", "2014-11-30": "$1,834", "2014-08-31": "$1,786", "2014-05-31": "$1,777", "2014-02-28": "$1,788", "2013-11-30": "$1,760", "2013-08-31": "$1,748", "2013-05-31": "$1,774", "2013-02-28": "$1,606", "2012-11-30": "$1,698", "2012-08-31": "$1,655", "2012-05-31": "$1,605", "2012-02-29": "$1,595", "2011-11-30": "$1,559", "2011-08-31": "$1,539", "2011-05-31": "$1,496", "2011-02-28": "$1,468", "2010-11-30": "$1,450", "2010-08-31": "$1,437", "2010-05-31": "$1,402", "2010-02-28": "$1,397", "2009-11-30": "$1,392", "2009-08-31": "$1,365", "2009-05-31": "$1,341", "2009-02-28": "$1,331", "2008-11-30": "$1,285", "2008-08-31": "$1,250", "2008-05-31": "$1,197", "2008-02-29": "$1,152", "2007-11-30": "$1,244", "2007-08-31": "$1,644", "2007-05-31": "$1,952", "2007-02-28": "$1,903", "2006-11-30": "$1,828", "2006-08-31": "$1,746", "2006-05-31": "$1,655", "2006-02-28": "$1,581", "2005-11-30": "$1,521", "2005-08-31": "$1,458", "2005-05-31": "$1,386", "2005-02-28": "$1,331"}}, "profit-margins": {"current": "26.66%"}, "gross margin": {"2020-11-30": "68.29%", "2020-08-31": "68.25%", "2020-05-31": "68.28%", "2020-02-29": "68.05%", "2019-11-30": "67.87%", "2019-08-31": "68.29%", "2019-05-31": "68.77%", "2019-02-28": "69.16%", "2018-11-30": "69.49%", "2018-08-31": "69.46%", "2018-05-31": "69.83%", "2018-02-28": "70.47%", "2017-11-30": "70.27%", "2017-08-31": "70.70%", "2017-05-31": "70.82%", "2017-02-28": "70.74%", "2016-11-30": "70.69%", "2016-08-31": "70.91%", "2016-05-31": "70.97%", "2016-02-29": "70.93%", "2015-11-30": "70.96%", "2015-08-31": "70.70%", "2015-05-31": "70.54%", "2015-02-28": "70.14%", "2014-11-30": "70.29%", "2014-08-31": "70.61%", "2014-05-31": "70.93%", "2014-02-28": "71.31%", "2013-11-30": "71.46%", "2013-08-31": "71.31%", "2013-05-31": "71.18%", "2013-02-28": "70.90%", "2012-11-30": "70.43%", "2012-08-31": "70.12%", "2012-05-31": "69.88%", "2012-02-29": "69.66%", "2011-11-30": "69.53%", "2011-08-31": "69.23%", "2011-05-31": "68.76%", "2011-02-28": "68.50%", "2010-11-30": "68.19%", "2010-08-31": "67.76%", "2010-05-31": "67.32%", "2010-02-28": "67.12%", "2009-11-30": "66.96%", "2009-08-31": "67.01%", "2009-05-31": "67.31%", "2009-02-28": "67.62%", "2008-11-30": "67.85%", "2008-08-31": "67.99%", "2008-05-31": "68.01%", "2008-02-29": "67.99%", "2007-11-30": "67.89%", "2007-08-31": "67.63%", "2007-05-31": "67.39%", "2007-02-28": "67.21%", "2006-11-30": "66.89%", "2006-08-31": "66.71%", "2006-05-31": "66.45%", "2006-02-28": "66.48%", "2005-11-30": "66.28%"}, "operating margin": {"2020-11-30": "35.43%", "2020-08-31": "35.07%", "2020-05-31": "36.15%", "2020-02-29": "35.92%", "2019-11-30": "35.56%", "2019-08-31": "35.86%", "2019-05-31": "36.32%", "2019-02-28": "37.33%", "2018-11-30": "37.04%", "2018-08-31": "37.53%", "2018-05-31": "38.22%", "2018-02-28": "39.08%", "2017-11-30": "38.85%", "2017-08-31": "39.49%", "2017-05-31": "39.77%", "2017-02-28": "39.17%", "2016-11-30": "38.84%", "2016-08-31": "38.91%", "2016-05-31": "38.82%", "2016-02-29": "38.82%", "2015-11-30": "38.93%", "2015-08-31": "38.71%", "2015-05-31": "38.48%", "2015-02-28": "38.35%", "2014-11-30": "38.64%", "2014-08-31": "38.72%", "2014-05-31": "39.04%", "2014-02-28": "39.25%", "2013-11-30": "39.09%", "2013-08-31": "39.07%", "2013-05-31": "38.92%", "2013-02-28": "38.79%", "2012-11-30": "38.52%", "2012-08-31": "38.38%", "2012-05-31": "38.28%", "2012-02-29": "38.19%", "2011-11-30": "38.37%", "2011-08-31": "38.33%", "2011-05-31": "37.76%", "2011-02-28": "37.82%", "2010-11-30": "36.73%", "2010-08-31": "36.45%", "2010-05-31": "36.23%", "2010-02-28": "36.23%", "2009-11-30": "37.29%", "2009-08-31": "37.73%", "2009-05-31": "38.65%", "2009-02-28": "39.36%", "2008-11-30": "39.92%", "2008-08-31": "40.09%", "2008-05-31": "40.08%", "2008-02-29": "38.84%", "2007-11-30": "37.90%", "2007-08-31": "37.54%", "2007-05-31": "37.17%", "2007-02-28": "38.55%", "2006-11-30": "39.05%", "2006-08-31": "38.96%", "2006-05-31": "38.87%", "2006-02-28": "38.79%", "2005-11-30": "38.54%"}, "ebitda margin": {"2020-11-30": "46.18%", "2020-08-31": "45.94%", "2020-05-31": "46.94%", "2020-02-29": "46.64%", "2019-11-30": "46.54%", "2019-08-31": "46.78%", "2019-05-31": "47.24%", "2019-02-28": "48.19%", "2018-11-30": "50.40%", "2018-08-31": "49.83%", "2018-05-31": "49.41%", "2018-02-28": "54.26%", "2017-11-30": "50.50%", "2017-08-31": "51.20%", "2017-05-31": "51.47%", "2017-02-28": "45.45%", "2016-11-30": "45.20%", "2016-08-31": "45.31%", "2016-05-31": "45.33%", "2016-02-29": "45.36%", "2015-11-30": "45.48%", "2015-08-31": "45.30%", "2015-05-31": "45.09%", "2015-02-28": "45.12%", "2014-11-30": "45.48%", "2014-08-31": "45.65%", "2014-05-31": "45.99%", "2014-02-28": "46.06%", "2013-11-30": "45.87%", "2013-08-31": "45.76%", "2013-05-31": "45.55%", "2013-02-28": "45.33%", "2012-11-30": "45.00%", "2012-08-31": "44.79%", "2012-05-31": "44.60%", "2012-02-29": "44.50%", "2011-11-30": "44.66%", "2011-08-31": "44.48%", "2011-05-31": "43.86%", "2011-02-28": "43.80%", "2010-11-30": "42.67%", "2010-08-31": "42.50%", "2010-05-31": "42.33%", "2010-02-28": "42.28%", "2009-11-30": "43.08%", "2009-08-31": "43.19%", "2009-05-31": "43.88%", "2009-02-28": "44.49%", "2008-11-30": "45.00%", "2008-08-31": "45.10%", "2008-05-31": "44.97%", "2008-02-29": "43.61%", "2007-11-30": "42.73%", "2007-08-31": "42.50%", "2007-05-31": "42.31%", "2007-02-28": "43.83%", "2006-11-30": "44.43%", "2006-08-31": "44.45%", "2006-05-31": "44.42%", "2006-02-28": "44.67%", "2005-11-30": "44.51%"}, "pre tax profit margin": {"2020-11-30": "34.78%", "2020-08-31": "34.39%", "2020-05-31": "35.56%", "2020-02-29": "35.46%", "2019-11-30": "35.16%", "2019-08-31": "35.63%", "2019-05-31": "36.29%", "2019-02-28": "37.47%", "2018-11-30": "37.33%", "2018-08-31": "37.82%", "2018-05-31": "38.48%", "2018-02-28": "39.32%", "2017-11-30": "39.07%", "2017-08-31": "39.68%", "2017-05-31": "39.96%", "2017-02-28": "39.30%", "2016-11-30": "39.00%", "2016-08-31": "39.10%", "2016-05-31": "39.02%", "2016-02-29": "39.10%", "2015-11-30": "39.21%", "2015-08-31": "39.00%", "2015-05-31": "38.74%", "2015-02-28": "38.61%", "2014-11-30": "38.87%", "2014-08-31": "38.92%", "2014-05-31": "39.24%", "2014-02-28": "39.41%", "2013-11-30": "39.26%", "2013-08-31": "39.28%", "2013-05-31": "39.18%", "2013-02-28": "39.09%", "2012-11-30": "38.87%", "2012-08-31": "38.69%", "2012-05-31": "38.55%", "2012-02-29": "38.42%", "2011-11-30": "38.56%", "2011-08-31": "38.52%", "2011-05-31": "37.96%", "2011-02-28": "38.02%", "2010-11-30": "36.92%", "2010-08-31": "36.65%", "2010-05-31": "36.43%", "2010-02-28": "36.43%", "2009-11-30": "37.49%", "2009-08-31": "37.97%", "2009-05-31": "38.98%", "2009-02-28": "39.79%", "2008-11-30": "40.49%", "2008-08-31": "40.95%", "2008-05-31": "41.38%", "2008-02-29": "40.61%", "2007-11-30": "40.01%", "2007-08-31": "39.81%", "2007-05-31": "39.40%", "2007-02-28": "40.62%", "2006-11-30": "40.95%", "2006-08-31": "40.64%", "2006-05-31": "40.30%", "2006-02-28": "40.02%", "2005-11-30": "39.63%"}, "net profit margin": {"2020-11-30": "26.67%", "2020-08-31": "26.30%", "2020-05-31": "27.20%", "2020-02-29": "26.98%", "2019-11-30": "26.73%", "2019-08-31": "27.04%", "2019-05-31": "27.44%", "2019-02-28": "28.12%", "2018-11-30": "30.39%", "2018-08-31": "29.81%", "2018-05-31": "29.43%", "2018-02-28": "29.41%", "2017-11-30": "25.56%", "2017-08-31": "25.92%", "2017-05-31": "26.20%", "2017-02-28": "25.75%", "2016-11-30": "25.36%", "2016-08-31": "25.34%", "2016-05-31": "25.61%", "2016-02-29": "25.57%", "2015-11-30": "25.62%", "2015-08-31": "25.47%", "2015-05-31": "24.61%", "2015-02-28": "24.53%", "2014-11-30": "24.70%", "2014-08-31": "24.73%", "2014-05-31": "24.94%", "2014-02-28": "24.59%", "2013-11-30": "24.55%", "2013-08-31": "24.58%", "2013-05-31": "24.52%", "2013-02-28": "24.83%", "2012-11-30": "24.64%", "2012-08-31": "24.53%", "2012-05-31": "24.52%", "2012-02-29": "24.66%", "2011-11-30": "24.92%", "2011-08-31": "25.04%", "2011-05-31": "24.76%", "2011-02-28": "24.94%", "2010-11-30": "24.29%", "2010-08-31": "24.07%", "2010-05-31": "23.89%", "2010-02-28": "23.79%", "2009-11-30": "24.48%", "2009-08-31": "24.84%", "2009-05-31": "25.64%", "2009-02-28": "26.35%", "2008-11-30": "26.84%", "2008-08-31": "27.38%", "2008-05-31": "27.83%", "2008-02-29": "27.58%", "2007-11-30": "27.48%", "2007-08-31": "27.51%", "2007-05-31": "27.36%", "2007-02-28": "28.17%", "2006-11-30": "28.35%", "2006-08-31": "28.09%", "2006-05-31": "27.82%", "2006-02-28": "27.51%", "2005-11-30": "27.10%"}, "pe ratio": {"current": "30.92", "2021-02-11": "30.82", "2020-11-30": "31.57", "2020-08-31": "25.99", "2020-05-31": "23.23", "2020-02-29": "24.42", "2019-11-30": "27.67", "2019-08-31": "26.68", "2019-05-31": "28.39", "2019-02-28": "25.39", "2018-11-30": "24.71", "2018-08-31": "25.84", "2018-05-31": "23.31", "2018-02-28": "23.77", "2017-11-30": "26.06", "2017-08-31": "22.29", "2017-05-31": "23.25", "2017-02-28": "24.47", "2016-11-30": "23.96", "2016-08-31": "24.91", "2016-05-31": "22.31", "2016-02-29": "21.48", "2015-11-30": "22.93", "2015-08-31": "19.20", "2015-05-31": "22.31", "2015-02-28": "22.82", "2014-11-30": "21.78", "2014-08-31": "19.41", "2014-05-31": "19.32", "2014-02-28": "20.17", "2013-11-30": "21.46", "2013-08-31": "19.07", "2013-05-31": "18.42", "2013-02-28": "16.38", "2012-11-30": "16.09", "2012-08-31": "16.50", "2012-05-31": "14.82", "2012-02-29": "15.42", "2011-11-30": "14.29", "2011-08-31": "13.28", "2011-05-31": "16.28", "2011-02-28": "16.91", "2010-11-30": "14.73", "2010-08-31": "12.90", "2010-05-31": "14.84", "2010-02-28": "15.41", "2009-11-30": "15.38", "2009-08-31": "13.34", "2009-05-31": "12.14", "2009-02-28": "9.31", "2008-11-30": "11.56", "2008-08-31": "13.69", "2008-05-31": "13.83", "2008-02-29": "12.65", "2007-11-30": "16.17", "2007-08-31": "18.92", "2007-05-31": "17.70", "2007-02-28": "18.23", "2006-11-30": "17.99"}, "price sales": {"2021-02-11": "8.21", "2020-11-30": "8.41", "2020-08-31": "6.83", "2020-05-31": "6.31", "2020-02-29": "6.60", "2019-11-30": "7.41", "2019-08-31": "7.22", "2019-05-31": "7.78", "2019-02-28": "7.19", "2018-11-30": "6.81", "2018-08-31": "7.10", "2018-05-31": "6.44", "2018-02-28": "6.43", "2017-11-30": "6.88", "2017-08-31": "5.85", "2017-05-31": "6.05", "2017-02-28": "6.31", "2016-11-30": "6.10", "2016-08-31": "6.33", "2016-05-31": "5.72", "2016-02-29": "5.50", "2015-11-30": "5.87", "2015-08-31": "4.88", "2015-05-31": "5.47", "2015-02-28": "5.58", "2014-11-30": "5.38", "2014-08-31": "4.80", "2014-05-31": "4.80", "2014-02-28": "4.94", "2013-11-30": "5.25", "2013-08-31": "4.69", "2013-05-31": "4.53", "2013-02-28": "4.08", "2012-11-30": "3.97", "2012-08-31": "4.06", "2012-05-31": "3.64", "2012-02-29": "3.81", "2011-11-30": "3.57", "2011-08-31": "3.32", "2011-05-31": "4.02", "2011-02-28": "4.20", "2010-11-30": "3.57", "2010-08-31": "3.10", "2010-05-31": "3.54", "2010-02-28": "3.68", "2009-11-30": "3.77", "2009-08-31": "3.32", "2009-05-31": "3.11", "2009-02-28": "2.47", "2008-11-30": "3.12", "2008-08-31": "3.78", "2008-05-31": "3.90", "2008-02-29": "3.61", "2007-11-30": "4.60", "2007-08-31": "5.39", "2007-05-31": "4.99", "2007-02-28": "5.11", "2006-11-30": "5.08"}, "price book": {"current": "11.34", "2021-02-11": "11.27", "2020-11-30": "11.54", "2020-08-31": "9.75", "2020-05-31": "9.11", "2020-02-29": "9.74", "2019-11-30": "11.54", "2019-08-31": "11.07", "2019-05-31": "11.14", "2019-02-28": "10.01", "2018-11-30": "9.77", "2018-08-31": "10.18", "2018-05-31": "9.16", "2018-02-28": "10.39", "2017-11-30": "11.08", "2017-08-31": "9.42", "2017-05-31": "9.66", "2017-02-28": "10.24", "2016-11-30": "10.18", "2016-08-31": "9.56", "2016-05-31": "8.79", "2016-02-29": "8.42", "2015-11-30": "8.90", "2015-08-31": "7.54", "2015-05-31": "8.30", "2015-02-28": "7.97", "2014-11-30": "7.67", "2014-08-31": "6.86", "2014-05-31": "6.75", "2014-02-28": "6.77", "2013-11-30": "7.15", "2013-08-31": "6.33", "2013-05-31": "5.96", "2013-02-28": "5.83", "2012-11-30": "5.31", "2012-08-31": "5.51", "2012-05-31": "5.06", "2012-02-29": "5.25", "2011-11-30": "4.95", "2011-08-31": "4.60", "2011-05-31": "5.59", "2011-02-28": "5.88", "2010-11-30": "5.00", "2010-08-31": "4.35", "2010-05-31": "5.05", "2010-02-28": "5.26", "2009-11-30": "5.47", "2009-08-31": "4.98", "2009-05-31": "4.84", "2009-02-28": "3.89", "2008-11-30": "5.10", "2008-08-31": "6.24", "2008-05-31": "6.54", "2008-02-29": "6.14", "2007-11-30": "7.04", "2007-08-31": "6.21", "2007-05-31": "4.82", "2007-02-28": "4.94", "2006-11-30": "4.95", "2006-08-31": "4.70", "2006-05-31": "5.03", "2006-02-28": "5.72"}, "price fcf": {"2021-02-11": "", "2020-11-30": "$3.29", "2020-08-31": "$3.43", "2020-05-31": "$3.64", "2020-02-29": "$3.25", "2019-11-30": "$3.36", "2019-08-31": "$3.23", "2019-05-31": "$3.17", "2019-02-28": "$3.30", "2018-11-30": "$3.14", "2018-08-31": "$2.89", "2018-05-31": "$3.10", "2018-02-28": "$2.84", "2017-11-30": "$2.55", "2017-08-31": "$2.54", "2017-05-31": "$2.39", "2017-02-28": "$2.49", "2016-11-30": "$2.53", "2016-08-31": "$2.58", "2016-05-31": "$2.54", "2016-02-29": "$2.46", "2015-11-30": "$2.21", "2015-08-31": "$2.23", "2015-05-31": "$2.17", "2015-02-28": "$2.12", "2014-11-30": "$2.20", "2014-08-31": "$2.17", "2014-05-31": "$2.18", "2014-02-28": "$1.88", "2013-11-30": "$1.80", "2013-08-31": "$1.70", "2013-05-31": "$1.58", "2013-02-28": "$1.78", "2012-11-30": "$1.75", "2012-08-31": "$1.78", "2012-05-31": "$1.70", "2012-02-29": "$1.77", "2011-11-30": "$1.63", "2011-08-31": "$1.67", "2011-05-31": "$1.70", "2011-02-28": "$1.55", "2010-11-30": "$1.57", "2010-08-31": "$1.52", "2010-05-31": "$1.52", "2010-02-28": "$1.59", "2009-11-30": "$1.64", "2009-08-31": "$1.67", "2009-05-31": "$1.73", "2009-02-28": "$1.70", "2008-11-30": "$1.68", "2008-08-31": "$1.68", "2008-05-31": "$1.74", "2008-02-29": "$1.67", "2007-11-30": "$1.68", "2007-08-31": "$1.57", "2007-05-31": "$1.44", "2007-02-28": "$1.46", "2006-11-30": "$1.91"}, "net worth": {"value": "$32.78B"}, "current ratio": {"current": "1.28", "2020-11-30": "1.28", "2020-08-31": "1.25", "2020-05-31": "1.23", "2020-02-29": "1.19", "2019-11-30": "1.17", "2019-08-31": "1.15", "2019-05-31": "1.17", "2019-02-28": "1.11", "2018-11-30": "1.23", "2018-08-31": "1.15", "2018-05-31": "1.11", "2018-02-28": "1.09", "2017-11-30": "1.09", "2017-08-31": "1.10", "2017-05-31": "1.12", "2017-02-28": "1.09", "2016-11-30": "1.11", "2016-08-31": "1.16", "2016-05-31": "1.11", "2016-02-29": "1.09", "2015-11-30": "1.15", "2015-08-31": "1.13", "2015-05-31": "1.11", "2015-02-28": "1.11", "2014-11-30": "1.14", "2014-08-31": "1.12", "2014-05-31": "1.13", "2014-02-28": "1.11", "2013-11-30": "1.13", "2013-08-31": "1.13", "2013-05-31": "1.13", "2013-02-28": "1.10", "2012-11-30": "1.10", "2012-08-31": "1.10", "2012-05-31": "1.07", "2012-02-29": "1.11", "2011-11-30": "1.15", "2011-08-31": "1.15", "2011-05-31": "1.12", "2011-02-28": "1.11", "2010-11-30": "1.15", "2010-08-31": "1.14", "2010-05-31": "1.11", "2010-02-28": "1.09", "2009-11-30": "1.12", "2009-08-31": "1.11", "2009-05-31": "1.15", "2009-02-28": "1.12", "2008-11-30": "1.13", "2008-08-31": "1.12", "2008-05-31": "1.11", "2008-02-29": "1.09", "2007-11-30": "1.14", "2007-08-31": "1.11", "2007-05-31": "1.15", "2007-02-28": "1.17", "2006-11-30": "1.15", "2006-08-31": "1.16", "2006-05-31": "1.16", "2006-02-28": "1.23", "2005-11-30": "1.35", "2005-08-31": "1.32", "2005-05-31": "1.11", "2005-02-28": "1.22"}, "quick ratio": {"2020-11-30": "0.00", "2020-08-31": "0.00", "2020-05-31": "0.00", "2020-02-29": "0.00", "2019-11-30": "0.00", "2019-08-31": "0.00", "2019-05-31": "0.00", "2019-02-28": "0.00", "2018-11-30": "0.00", "2018-08-31": "0.00", "2018-05-31": "0.00", "2018-02-28": "0.00", "2017-11-30": "0.00", "2017-08-31": "0.00", "2017-05-31": "0.00", "2017-02-28": "0.00", "2016-11-30": "0.00", "2016-08-31": "0.00", "2016-05-31": "0.00", "2016-02-29": "0.00", "2015-11-30": "0.00", "2015-08-31": "0.00", "2015-05-31": "0.00", "2015-02-28": "0.00", "2014-11-30": "0.00", "2014-08-31": "0.00", "2014-05-31": "0.00", "2014-02-28": "0.00", "2013-11-30": "0.00", "2013-08-31": "0.00", "2013-05-31": "0.00", "2013-02-28": "0.00", "2012-11-30": "0.00", "2012-08-31": "0.00", "2012-05-31": "0.00", "2012-02-29": "0.00", "2011-11-30": "0.00", "2011-08-31": "0.00", "2011-05-31": "0.00", "2011-02-28": "0.00", "2010-11-30": "0.00", "2010-08-31": "0.00", "2010-05-31": "0.00", "2010-02-28": "0.00", "2009-11-30": "0.00", "2009-08-31": "0.00", "2009-05-31": "0.00", "2009-02-28": "0.00", "2008-11-30": "0.00", "2008-08-31": "0.00", "2008-05-31": "0.00", "2008-02-29": "0.00", "2007-11-30": "0.00", "2007-08-31": "0.00", "2007-05-31": "0.00", "2007-02-28": "0.00", "2006-11-30": "0.00", "2006-08-31": "0.00", "2006-05-31": "0.00", "2006-02-28": "0.00", "2005-11-30": "0.00", "2005-08-31": "0.00", "2005-05-31": "0.00", "2005-02-28": "0.00"}, "debt equity ratio": {"current": "0.28", "2020-11-30": "1.98", "2020-08-31": "2.02", "2020-05-31": "2.07", "2020-02-29": "2.43", "2019-11-30": "2.39", "2019-08-31": "2.43", "2019-05-31": "2.31", "2019-02-28": "2.99", "2018-11-30": "1.89", "2018-08-31": "1.95", "2018-05-31": "2.36", "2018-02-28": "2.35", "2017-11-30": "2.90", "2017-08-31": "2.92", "2017-05-31": "2.50", "2017-02-28": "2.85", "2016-11-30": "2.18", "2016-08-31": "2.07", "2016-05-31": "2.37", "2016-02-29": "2.77", "2015-11-30": "2.24", "2015-08-31": "2.34", "2015-05-31": "2.62", "2015-02-28": "2.92", "2014-11-30": "2.42", "2014-08-31": "2.52", "2014-05-31": "2.59", "2014-02-28": "2.95", "2013-11-30": "2.42", "2013-08-31": "2.45", "2013-05-31": "2.48", "2013-02-28": "3.68", "2012-11-30": "2.37", "2012-08-31": "2.45", "2012-05-31": "3.04", "2012-02-29": "2.82", "2011-11-30": "2.16", "2011-08-31": "2.24", "2011-05-31": "2.61", "2011-02-28": "3.06", "2010-11-30": "2.47", "2010-08-31": "2.51", "2010-05-31": "2.73", "2010-02-28": "3.14", "2009-11-30": "2.35", "2009-08-31": "2.45", "2009-05-31": "2.82", "2009-02-28": "3.34", "2008-11-30": "2.98", "2008-08-31": "3.18", "2008-05-31": "3.44", "2008-02-29": "4.10", "2007-11-30": "3.04", "2007-08-31": "2.38", "2007-05-31": "2.20", "2007-02-28": "2.03", "2006-11-30": "2.21", "2006-08-31": "2.36", "2006-05-31": "2.35", "2006-02-28": "2.62", "2005-11-30": "1.71", "2005-08-31": "1.81", "2005-05-31": "2.33", "2005-02-28": "2.48"}, "return on equity": {"2020-11-30": "37.82%", "2020-08-31": "38.46%", "2020-05-31": "41.36%", "2020-02-29": "42.34%", "2019-11-30": "41.84%", "2019-08-31": "41.53%", "2019-05-31": "41.28%", "2019-02-28": "41.90%", "2018-11-30": "46.23%", "2018-08-31": "46.95%", "2018-05-31": "47.81%", "2018-02-28": "49.53%", "2017-11-30": "42.03%", "2017-08-31": "43.04%", "2017-05-31": "43.16%", "2017-02-28": "42.03%", "2016-11-30": "40.95%", "2016-08-31": "40.04%", "2016-05-31": "40.67%", "2016-02-29": "40.44%", "2015-11-30": "39.85%", "2015-08-31": "39.10%", "2015-05-31": "37.04%", "2015-02-28": "36.26%", "2014-11-30": "36.19%", "2014-08-31": "35.78%", "2014-05-31": "35.52%", "2014-02-28": "34.29%", "2013-11-30": "34.32%", "2013-08-31": "33.99%", "2013-05-31": "33.86%", "2013-02-28": "34.67%", "2012-11-30": "34.12%", "2012-08-31": "34.36%", "2012-05-31": "34.74%", "2012-02-29": "35.09%", "2011-11-30": "35.57%", "2011-08-31": "35.81%", "2011-05-31": "35.28%", "2011-02-28": "35.64%", "2010-11-30": "34.75%", "2010-08-31": "34.54%", "2010-05-31": "34.41%", "2010-02-28": "34.65%", "2009-11-30": "36.47%", "2009-08-31": "38.26%", "2009-05-31": "41.02%", "2009-02-28": "43.85%", "2008-11-30": "46.36%", "2008-08-31": "47.33%", "2008-05-31": "43.92%", "2008-02-29": "37.45%", "2007-11-30": "32.39%", "2007-08-31": "29.04%", "2007-05-31": "27.78%", "2007-02-28": "29.05%", "2006-11-30": "29.72%", "2006-08-31": "29.89%", "2006-05-31": "29.99%", "2006-02-28": "29.87%", "2005-11-30": "29.63%"}, "return on assets": {"2020-11-30": "12.11%", "2020-08-31": "11.93%", "2020-05-31": "12.43%", "2020-02-29": "12.49%", "2019-11-30": "11.85%", "2019-08-31": "12.17%", "2019-05-31": "12.51%", "2019-02-28": "12.66%", "2018-11-30": "14.79%", "2018-08-31": "13.94%", "2018-05-31": "13.23%", "2018-02-28": "13.53%", "2017-11-30": "11.08%", "2017-08-31": "11.90%", "2017-05-31": "12.70%", "2017-02-28": "12.49%", "2016-11-30": "12.24%", "2016-08-31": "11.93%", "2016-05-31": "11.85%", "2016-02-29": "11.58%", "2015-11-30": "11.28%", "2015-08-31": "10.92%", "2015-05-31": "10.22%", "2015-02-28": "10.03%", "2014-11-30": "10.00%", "2014-08-31": "9.88%", "2014-05-31": "9.86%", "2014-02-28": "9.59%", "2013-11-30": "9.19%", "2013-08-31": "9.12%", "2013-05-31": "9.08%", "2013-02-28": "8.95%", "2012-11-30": "9.31%", "2012-08-31": "9.49%", "2012-05-31": "9.72%", "2012-02-29": "10.14%", "2011-11-30": "10.13%", "2011-08-31": "9.98%", "2011-05-31": "9.64%", "2011-02-28": "9.66%", "2010-11-30": "9.38%", "2010-08-31": "9.39%", "2010-05-31": "9.38%", "2010-02-28": "9.39%", "2009-11-30": "9.77%", "2009-08-31": "9.83%", "2009-05-31": "10.05%", "2009-02-28": "10.36%", "2008-11-30": "10.52%", "2008-08-31": "10.69%", "2008-05-31": "10.57%", "2008-02-29": "9.88%", "2007-11-30": "9.66%", "2007-08-31": "9.08%", "2007-05-31": "8.69%", "2007-02-28": "8.99%", "2006-11-30": "8.80%", "2006-08-31": "9.15%", "2006-05-31": "9.57%", "2006-02-28": "9.57%", "2005-11-30": "9.67%"}, "return on investments": {"2020-11-30": "39.12%", "2020-08-31": "39.67%", "2020-05-31": "42.30%", "2020-02-29": "43.21%", "2019-11-30": "42.50%", "2019-08-31": "55.24%", "2019-05-31": "80.42%", "2019-02-28": "159.86%", "2018-11-30": "inf%", "2018-08-31": "inf%", "2018-05-31": "inf%", "2018-02-28": "inf%", "2017-11-30": "inf%", "2017-08-31": "inf%", "2017-05-31": "inf%", "2017-02-28": "inf%", "2016-11-30": "inf%", "2016-08-31": "inf%", "2016-05-31": "inf%", "2016-02-29": "inf%", "2015-11-30": "inf%", "2015-08-31": "inf%", "2015-05-31": "inf%", "2015-02-28": "inf%", "2014-11-30": "inf%", "2014-08-31": "inf%", "2014-05-31": "inf%", "2014-02-28": "inf%", "2013-11-30": "inf%", "2013-08-31": "inf%", "2013-05-31": "inf%", "2013-02-28": "inf%", "2012-11-30": "inf%", "2012-08-31": "inf%", "2012-05-31": "inf%", "2012-02-29": "inf%", "2011-11-30": "inf%", "2011-08-31": "inf%", "2011-05-31": "inf%", "2011-02-28": "inf%", "2010-11-30": "inf%", "2010-08-31": "inf%", "2010-05-31": "inf%", "2010-02-28": "inf%", "2009-11-30": "inf%", "2009-08-31": "inf%", "2009-05-31": "inf%", "2009-02-28": "inf%", "2008-11-30": "inf%", "2008-08-31": "inf%", "2008-05-31": "inf%", "2008-02-29": "inf%", "2007-11-30": "inf%", "2007-08-31": "inf%", "2007-05-31": "inf%", "2007-02-28": "inf%", "2006-11-30": "inf%", "2006-08-31": "inf%", "2006-05-31": "inf%", "2006-02-28": "inf%", "2005-11-30": "inf%"}, "return on tangible equity": {"2020-11-30": "154.52%", "2020-08-31": "176.41%", "2020-05-31": "213.09%", "2020-02-29": "240.74%", "2019-11-30": "267.00%", "2019-08-31": "157.64%", "2019-05-31": "110.16%", "2019-02-28": "86.68%", "2018-11-30": "78.34%", "2018-08-31": "79.92%", "2018-05-31": "81.58%", "2018-02-28": "83.16%", "2017-11-30": "68.30%", "2017-08-31": "70.01%", "2017-05-31": "69.15%", "2017-02-28": "67.77%", "2016-11-30": "66.30%", "2016-08-31": "62.87%", "2016-05-31": "63.12%", "2016-02-29": "61.61%", "2015-11-30": "59.10%", "2015-08-31": "58.21%", "2015-05-31": "55.28%", "2015-02-28": "54.01%", "2014-11-30": "53.99%", "2014-08-31": "53.43%", "2014-05-31": "52.85%", "2014-02-28": "51.01%", "2013-11-30": "51.77%", "2013-08-31": "51.29%", "2013-05-31": "51.37%", "2013-02-28": "53.25%", "2012-11-30": "52.39%", "2012-08-31": "53.59%", "2012-05-31": "54.97%", "2012-02-29": "56.36%", "2011-11-30": "57.91%", "2011-08-31": "57.34%", "2011-05-31": "55.47%", "2011-02-28": "54.94%", "2010-11-30": "52.60%", "2010-08-31": "52.80%", "2010-05-31": "53.39%", "2010-02-28": "54.49%", "2009-11-30": "58.25%", "2009-08-31": "62.19%", "2009-05-31": "67.51%", "2009-02-28": "73.49%", "2008-11-30": "79.44%", "2008-08-31": "81.36%", "2008-05-31": "71.65%", "2008-02-29": "56.13%", "2007-11-30": "45.65%", "2007-08-31": "39.44%", "2007-05-31": "37.28%", "2007-02-28": "39.48%", "2006-11-30": "41.04%", "2006-08-31": "42.01%", "2006-05-31": "43.03%", "2006-02-28": "43.83%", "2005-11-30": "44.51%"}, "dividend yield history": {"last payout": "$2.48", "last yield": "2.73%"}}