{"ticker": "PBF", "price": {"title": "PBF Energy Historical Annual Stock Price Data", "value": 9.45, "historical": {"2020": {"Average Stock Price": "11.7361", "Year Open": "31.7900", "Year High": "33.5600", "Year Low": "4.2700", "Year Close": "7.1000", "Annual % Change": "-77.37%"}, "2019": {"Average Stock Price": "29.8972", "Year Open": "33.5700", "Year High": "36.6200", "Year Low": "21.5400", "Year Close": "31.3700", "Annual % Change": "-3.98%"}, "2018": {"Average Stock Price": "40.5673", "Year Open": "36.2700", "Year High": "53.4500", "Year Low": "29.0000", "Year Close": "32.6700", "Annual % Change": "-7.84%"}, "2017": {"Average Stock Price": "24.7483", "Year Open": "28.4500", "Year High": "35.5900", "Year Low": "19.3200", "Year Close": "35.4500", "Annual % Change": "27.15%"}, "2016": {"Average Stock Price": "26.8456", "Year Open": "35.4400", "Year High": "37.6700", "Year Low": "19.8200", "Year Close": "27.8800", "Annual % Change": "-24.26%"}, "2015": {"Average Stock Price": "30.7123", "Year Open": "26.4500", "Year High": "41.4800", "Year Low": "22.9500", "Year Close": "36.8100", "Annual % Change": "38.18%"}, "2014": {"Average Stock Price": "27.1371", "Year Open": "31.1500", "Year High": "32.2400", "Year Low": "22.1200", "Year Close": "26.6400", "Annual % Change": "-15.32%"}, "2013": {"Average Stock Price": "28.6814", "Year Open": "29.3500", "Year High": "41.9800", "Year Low": "20.9800", "Year Close": "31.4600", "Annual % Change": "8.30%"}, "2012": {"Average Stock Price": "27.8033", "Year Open": "26.2500", "Year High": "29.0500", "Year Low": "26.2500", "Year Close": "29.0500", "Annual % Change": "0.00%"}}}, "market cap": {"value": "$1.14B"}, "income statement": {"Revenue": {"2019-12-31": "24508.20000", "2018-12-31": "27186.10000", "2017-12-31": "21786.60000", "2016-12-31": "15920.42000", "2015-12-31": "13123.93000", "2014-12-31": "19828.15000", "2013-12-31": "19151.46000", "2012-12-31": "20138.69000", "2011-12-31": "14960.34000", "2010-12-31": "210.67100"}, "Cost Of Goods Sold": {"2019-12-31": "21812.80000", "2018-12-31": "24862.50000", "2017-12-31": "19141.60000", "2016-12-31": "13814.68000", "2015-12-31": "11669.34000", "2014-12-31": "18471.20000", "2013-12-31": "17803.31000", "2012-12-31": "18269.08000", "2011-12-31": "13855.16000", "2010-12-31": "203.97100"}, "Gross Profit": {"2019-12-31": "2695.39800", "2018-12-31": "2323.60000", "2017-12-31": "2645.00000", "2016-12-31": "2105.74200", "2015-12-31": "1454.58600", "2014-12-31": "1356.95100", "2013-12-31": "1348.14100", "2012-12-31": "1869.60900", "2011-12-31": "1105.17500", "2010-12-31": "6.70000"}, "Research And Development Expenses": {"2019-12-31": "", "2018-12-31": "", "2017-12-31": "", "2016-12-31": "", "2015-12-31": "", "2014-12-31": "", "2013-12-31": "", "2012-12-31": "", "2011-12-31": "", "2010-12-31": ""}, "SG&A Expenses": {"2019-12-31": "284.00000", "2018-12-31": "277.00000", "2017-12-31": "214.50000", "2016-12-31": "166.31900", "2015-12-31": "181.26600", "2014-12-31": "146.66100", "2013-12-31": "95.79400", "2012-12-31": "120.44300", "2011-12-31": "86.18300", "2010-12-31": "15.85900"}, "Other Operating Income Or Expenses": {"2019-12-31": "-1751.60000", "2018-12-31": "-1677.90000", "2017-12-31": "-1685.90000", "2016-12-31": "-1434.12500", "2015-12-31": "-903.52100", "2014-12-31": "-882.24500", "2013-12-31": "-812.46900", "2012-12-31": "-736.49500", "2011-12-31": "-659.55900", "2010-12-31": "-31.19100"}, "Operating Expenses": {"2019-12-31": "23859.20000", "2018-12-31": "26828.00000", "2017-12-31": "21055.00000", "2016-12-31": "15420.96000", "2015-12-31": "12763.82000", "2014-12-31": "19680.49000", "2013-12-31": "18823.06000", "2012-12-31": "19218.25000", "2011-12-31": "14654.65000", "2010-12-31": "252.42300"}, "Operating Income": {"2019-12-31": "648.99800", "2018-12-31": "358.09960", "2017-12-31": "731.59960", "2016-12-31": "499.46290", "2015-12-31": "360.11040", "2014-12-31": "147.66410", "2013-12-31": "328.39840", "2012-12-31": "920.43360", "2011-12-31": "305.69040", "2010-12-31": "-41.75200"}, "Total Non-Operating Income/Expense": {"2019-12-31": "-169.50000", "2018-12-31": "-149.30000", "2017-12-31": "67.40000", "2016-12-31": "-136.29500", "2015-12-31": "-77.85300", "2014-12-31": "-91.80500", "2013-12-31": "-97.63300", "2012-12-31": "-115.12100", "2011-12-31": "-63.01900", "2010-12-31": "-2.60500"}, "Pre-Tax Income": {"2019-12-31": "479.50000", "2018-12-31": "208.80000", "2017-12-31": "799.00000", "2016-12-31": "363.16800", "2015-12-31": "282.25800", "2014-12-31": "55.85900", "2013-12-31": "230.76600", "2012-12-31": "805.31200", "2011-12-31": "242.67100", "2010-12-31": "-44.35700"}, "Income Taxes": {"2019-12-31": "104.30000", "2018-12-31": "33.50000", "2017-12-31": "315.60000", "2016-12-31": "137.65000", "2015-12-31": "86.72500", "2014-12-31": "-22.41200", "2013-12-31": "16.68100", "2012-12-31": "1.27500", "2011-12-31": "0.00000", "2010-12-31": ""}, "Income After Taxes": {"2019-12-31": "375.20000", "2018-12-31": "175.30000", "2017-12-31": "483.40000", "2016-12-31": "225.51800", "2015-12-31": "195.53300", "2014-12-31": "78.27100", "2013-12-31": "214.08500", "2012-12-31": "804.03700", "2011-12-31": "242.67100", "2010-12-31": "-44.35700"}, "Other Income": {"2019-12-31": "", "2018-12-31": "", "2017-12-31": "", "2016-12-31": "", "2015-12-31": "", "2014-12-31": "", "2013-12-31": "", "2012-12-31": "", "2011-12-31": "", "2010-12-31": ""}, "Income From Continuous Operations": {"2019-12-31": "375.20000", "2018-12-31": "175.30000", "2017-12-31": "483.40000", "2016-12-31": "225.51800", "2015-12-31": "195.53300", "2014-12-31": "78.27100", "2013-12-31": "214.08500", "2012-12-31": "804.03700", "2011-12-31": "242.67100", "2010-12-31": "-44.35700"}, "Income From Discontinued Operations": {"2019-12-31": "", "2018-12-31": "", "2017-12-31": "", "2016-12-31": "", "2015-12-31": "", "2014-12-31": "", "2013-12-31": "", "2012-12-31": "", "2011-12-31": "", "2010-12-31": ""}, "Net Income": {"2019-12-31": "319.40000", "2018-12-31": "128.30000", "2017-12-31": "415.60000", "2016-12-31": "170.81100", "2015-12-31": "146.40100", "2014-12-31": "-38.23700", "2013-12-31": "39.54000", "2012-12-31": "1.95600", "2011-12-31": "242.67100", "2010-12-31": "-44.35700"}, "EBITDA": {"2019-12-31": "1096.49800", "2018-12-31": "736.69960", "2017-12-31": "1031.50000", "2016-12-31": "732.41090", "2015-12-31": "567.11440", "2014-12-31": "335.87300", "2013-12-31": "446.39940", "2012-12-31": "1022.47500", "2011-12-31": "362.60940", "2010-12-31": "-40.22200"}, "EBIT": {"2019-12-31": "648.99800", "2018-12-31": "358.09960", "2017-12-31": "731.59960", "2016-12-31": "499.46290", "2015-12-31": "360.11040", "2014-12-31": "147.66410", "2013-12-31": "328.39840", "2012-12-31": "920.43360", "2011-12-31": "305.69040", "2010-12-31": "-41.75200"}, "Basic Shares Outstanding": {"2019-12-31": "119.88800", "2018-12-31": "115.19000", "2017-12-31": "109.77900", "2016-12-31": "98.33400", "2015-12-31": "88.10700", "2014-12-31": "74.46400", "2013-12-31": "32.48800", "2012-12-31": "23.57000", "2011-12-31": "", "2010-12-31": ""}, "Shares Outstanding": {"2019-12-31": "121.85300", "2018-12-31": "118.77400", "2017-12-31": "113.89900", "2016-12-31": "103.60700", "2015-12-31": "94.13900", "2014-12-31": "74.46400", "2013-12-31": "33.06100", "2012-12-31": "97.23100", "2011-12-31": "", "2010-12-31": ""}, "Basic EPS": {"2019-12-31": "2.66000", "2018-12-31": "1.11000", "2017-12-31": "3.78000", "2016-12-31": "1.74000", "2015-12-31": "1.66000", "2014-12-31": "-0.51000", "2013-12-31": "1.22000", "2012-12-31": "0.08000", "2011-12-31": "", "2010-12-31": ""}, "EPS - Earnings Per Share": {"2019-12-31": "2.64000", "2018-12-31": "1.10000", "2017-12-31": "3.73000", "2016-12-31": "1.74000", "2015-12-31": "1.65000", "2014-12-31": "-0.51000", "2013-12-31": "1.20000", "2012-12-31": "0.08000", "2011-12-31": "0.00000", "2010-12-31": "0.00000"}}, "income statement, quarterly": {"Revenue": {"2020-09-30": "3667.50000", "2020-06-30": "2515.80000", "2020-03-31": "5277.50000", "2019-12-31": "6301.49900", "2019-09-30": "6430.50000", "2019-06-30": "6560.00000", "2019-03-31": "5216.20000", "2018-12-31": "6292.90100", "2018-09-30": "7646.30000", "2018-06-30": "7444.10000", "2018-03-31": "5802.80000", "2017-12-31": "6535.95100", "2017-09-30": "5478.95100", "2017-06-30": "5017.22500", "2017-03-31": "4754.47300", "2016-12-31": "4748.56800", "2016-09-30": "4513.20400", "2016-06-30": "3858.46700", "2016-03-31": "2800.18500", "2015-12-31": "3360.48900", "2015-09-30": "3217.64000", "2015-06-30": "3550.66400", "2015-03-31": "2995.13600", "2014-12-31": "4520.00000", "2014-09-30": "5260.00300", "2014-06-30": "5301.70900", "2014-03-31": "4746.44300", "2013-12-31": "4816.43500", "2013-09-30": "4858.88000", "2013-06-30": "4678.29300", "2013-03-31": "4797.84700", "2012-12-31": "4950.36000", "2012-09-30": "5395.20600", "2012-06-30": "5077.01500", "2012-03-31": "4716.10600", "2011-12-31": "", "2010-12-31": ""}, "Cost Of Goods Sold": {"2020-09-30": "3508.90000", "2020-06-30": "1875.40000", "2020-03-31": "6080.00000", "2019-12-31": "5632.70000", "2019-09-30": "5807.90000", "2019-06-30": "6060.00000", "2019-03-31": "4312.20000", "2018-12-31": "6198.00000", "2018-09-30": "6906.90000", "2018-06-30": "6542.20000", "2018-03-31": "5215.40000", "2017-12-31": "5789.27700", "2017-09-30": "4428.00900", "2017-06-30": "4668.37600", "2017-03-31": "4255.93700", "2016-12-31": "4235.86900", "2016-09-30": "3917.27400", "2016-06-30": "3249.44400", "2016-03-31": "2412.09500", "2015-12-31": "3349.93800", "2015-09-30": "2822.44400", "2015-06-30": "2994.74500", "2015-03-31": "2502.21500", "2014-12-31": "4717.15500", "2014-09-30": "4670.90800", "2014-06-30": "4935.45600", "2014-03-31": "4147.68400", "2013-12-31": "4408.53800", "2013-09-30": "4663.69700", "2013-06-30": "4295.97900", "2013-03-31": "4435.10100", "2012-12-31": "4397.20900", "2012-09-30": "4932.64500", "2012-06-30": "4279.04600", "2012-03-31": "4660.19300", "2011-12-31": "", "2010-12-31": ""}, "Gross Profit": {"2020-09-30": "158.59990", "2020-06-30": "640.40000", "2020-03-31": "-802.50000", "2019-12-31": "668.79880", "2019-09-30": "622.59960", "2019-06-30": "500.00000", "2019-03-31": "904.00000", "2018-12-31": "94.90190", "2018-09-30": "739.39990", "2018-06-30": "901.89990", "2018-03-31": "587.39990", "2017-12-31": "746.67380", "2017-09-30": "1050.94200", "2017-06-30": "348.84910", "2017-03-31": "498.53610", "2016-12-31": "512.69870", "2016-09-30": "595.93020", "2016-06-30": "609.02290", "2016-03-31": "388.09010", "2015-12-31": "10.55080", "2015-09-30": "395.19580", "2015-06-30": "555.91890", "2015-03-31": "492.92090", "2014-12-31": "-197.15480", "2014-09-30": "589.09470", "2014-06-30": "366.25290", "2014-03-31": "598.75880", "2013-12-31": "407.89750", "2013-09-30": "195.18310", "2013-06-30": "382.31400", "2013-03-31": "362.74610", "2012-12-31": "553.15090", "2012-09-30": "462.56100", "2012-06-30": "797.96920", "2012-03-31": "55.91310", "2011-12-31": "", "2010-12-31": ""}, "Research And Development Expenses": {"2020-09-30": "", "2020-06-30": "", "2020-03-31": "", "2019-12-31": "", "2019-09-30": "", "2019-06-30": "", "2019-03-31": "", "2018-12-31": "", "2018-09-30": "", "2018-06-30": "", "2018-03-31": "", "2017-12-31": "", "2017-09-30": "", "2017-06-30": "", "2017-03-31": "", "2016-12-31": "", "2016-09-30": "", "2016-06-30": "", "2016-03-31": "", "2015-12-31": "", "2015-09-30": "", "2015-06-30": "", "2015-03-31": "", "2014-12-31": "", "2014-09-30": "", "2014-06-30": "", "2014-03-31": "", "2013-12-31": "", "2013-09-30": "", "2013-06-30": "", "2013-03-31": "", "2012-12-31": "0.00000", "2012-09-30": "", "2012-06-30": "", "2012-03-31": "", "2011-12-31": "", "2010-12-31": ""}, "SG&A Expenses": {"2020-09-30": "46.60000", "2020-06-30": "57.90000", "2020-03-31": "82.50000", "2019-12-31": "108.10000", "2019-09-30": "64.70000", "2019-06-30": "53.60000", "2019-03-31": "57.60000", "2018-12-31": "85.60000", "2018-09-30": "69.90000", "2018-06-30": "58.70000", "2018-03-31": "62.80000", "2017-12-31": "71.35300", "2017-09-30": "58.25900", "2017-06-30": "41.05800", "2017-03-31": "43.83000", "2016-12-31": "41.34400", "2016-09-30": "44.02000", "2016-06-30": "43.37300", "2016-03-31": "37.58200", "2015-12-31": "54.91900", "2015-09-30": "51.07800", "2015-06-30": "39.22300", "2015-03-31": "36.04600", "2014-12-31": "39.69500", "2014-09-30": "34.33900", "2014-06-30": "33.01300", "2014-03-31": "36.62400", "2013-12-31": "15.81100", "2013-09-30": "30.74800", "2013-06-30": "19.14100", "2013-03-31": "30.09400", "2012-12-31": "243.45000", "2012-09-30": "38.94200", "2012-06-30": "25.28600", "2012-03-31": "13.81400", "2011-12-31": "", "2010-12-31": ""}, "Other Operating Income Or Expenses": {"2020-09-30": "-452.00000", "2020-06-30": "41.10000", "2020-03-31": "-478.90000", "2019-12-31": "-434.70000", "2019-09-30": "-403.90000", "2019-06-30": "-434.00000", "2019-03-31": "-479.00000", "2018-12-31": "-452.80000", "2018-09-30": "-380.60000", "2018-06-30": "-418.30000", "2018-03-31": "-426.20000", "2017-12-31": "-418.08110", "2017-09-30": "-402.85100", "2017-06-30": "-412.81900", "2017-03-31": "-452.14900", "2016-12-31": "-433.44800", "2016-09-30": "-420.85800", "2016-06-30": "-279.82000", "2016-03-31": "-299.99900", "2015-12-31": "-268.70600", "2015-09-30": "-203.71800", "2015-06-30": "-194.33800", "2015-03-31": "-236.75900", "2014-12-31": "-201.62700", "2014-09-30": "-202.64300", "2014-06-30": "-210.72800", "2014-03-31": "-268.71300", "2013-12-31": "-211.27200", "2013-09-30": "-192.59900", "2013-06-30": "-202.58300", "2013-03-31": "-206.01500", "2012-12-31": "-201.04500", "2012-09-30": "-179.05500", "2012-06-30": "-170.75500", "2012-03-31": "-185.64000", "2011-12-31": "", "2010-12-31": ""}, "Operating Expenses": {"2020-09-30": "4010.20000", "2020-06-30": "1895.00000", "2020-03-31": "6644.30000", "2019-12-31": "6178.50100", "2019-09-30": "6278.60100", "2019-06-30": "6550.50000", "2019-03-31": "4851.60000", "2018-12-31": "6739.09900", "2018-09-30": "7360.00000", "2018-06-30": "7021.80000", "2018-03-31": "5707.10000", "2017-12-31": "6281.35700", "2017-09-30": "4891.69100", "2017-06-30": "5128.27300", "2017-03-31": "4753.67800", "2016-12-31": "4608.16000", "2016-09-30": "4383.49400", "2016-06-30": "3623.69700", "2016-03-31": "2805.60900", "2015-12-31": "3538.85100", "2015-09-30": "3125.37300", "2015-06-30": "3276.86800", "2015-03-31": "2822.72600", "2014-12-31": "5002.97200", "2014-09-30": "4975.90000", "2014-06-30": "5213.85900", "2014-03-31": "4486.23600", "2013-12-31": "4665.57000", "2013-09-30": "4914.47900", "2013-06-30": "4545.26600", "2013-03-31": "4697.74300", "2012-12-31": "4665.47900", "2012-09-30": "5175.09700", "2012-06-30": "4497.50900", "2012-03-31": "4880.18900", "2011-12-31": "", "2010-12-31": ""}, "Operating Income": {"2020-09-30": "-342.70020", "2020-06-30": "620.79990", "2020-03-31": "-1366.80000", "2019-12-31": "122.99760", "2019-09-30": "151.89940", "2019-06-30": "9.50000", "2019-03-31": "364.60010", "2018-12-31": "-446.19780", "2018-09-30": "286.29980", "2018-06-30": "422.29980", "2018-03-31": "95.69970", "2017-12-31": "254.59380", "2017-09-30": "587.26030", "2017-06-30": "-111.04790", "2017-03-31": "0.79490", "2016-12-31": "140.40770", "2016-09-30": "129.71000", "2016-06-30": "234.76980", "2016-03-31": "-5.42410", "2015-12-31": "-178.36210", "2015-09-30": "92.26690", "2015-06-30": "273.79610", "2015-03-31": "172.40990", "2014-12-31": "-482.97170", "2014-09-30": "284.10300", "2014-06-30": "87.84960", "2014-03-31": "260.20700", "2013-12-31": "150.86520", "2013-09-30": "-55.59910", "2013-06-30": "133.02690", "2013-03-31": "100.10450", "2012-12-31": "284.88090", "2012-09-30": "220.10890", "2012-06-30": "579.50630", "2012-03-31": "-164.08300", "2011-12-31": "", "2010-12-31": ""}, "Total Non-Operating Income/Expense": {"2020-09-30": "180.50000", "2020-06-30": "-69.50000", "2020-03-31": "-70.30000", "2019-12-31": "-41.60000", "2019-09-30": "-43.60000", "2019-06-30": "-41.60000", "2019-03-31": "-42.70000", "2018-12-31": "-34.80000", "2018-09-30": "-32.50000", "2018-06-30": "-39.10000", "2018-03-31": "-42.90000", "2017-12-31": "208.47300", "2017-09-30": "-36.05500", "2017-06-30": "-65.14600", "2017-03-31": "-39.87200", "2016-12-31": "-16.60200", "2016-09-30": "-41.59300", "2016-06-30": "-37.68800", "2016-03-31": "-40.41200", "2015-12-31": "-7.52600", "2015-09-30": "-25.24700", "2015-06-30": "-24.92700", "2015-03-31": "-20.15300", "2014-12-31": "-25.69800", "2014-09-30": "-18.83100", "2014-06-30": "-28.54000", "2014-03-31": "-27.25600", "2013-12-31": "-31.19000", "2013-09-30": "-28.60500", "2013-06-30": "-14.88800", "2013-03-31": "-22.95000", "2012-12-31": "-19.36000", "2012-09-30": "-33.54500", "2012-06-30": "-23.76400", "2012-03-31": "-38.44800", "2011-12-31": "", "2010-12-31": ""}, "Pre-Tax Income": {"2020-09-30": "-162.20000", "2020-06-30": "551.30000", "2020-03-31": "-1437.10000", "2019-12-31": "81.40000", "2019-09-30": "108.30000", "2019-06-30": "-32.10000", "2019-03-31": "321.90000", "2018-12-31": "-481.00000", "2018-09-30": "253.80000", "2018-06-30": "383.20000", "2018-03-31": "52.80000", "2017-12-31": "463.06600", "2017-09-30": "551.20500", "2017-06-30": "-176.19400", "2017-03-31": "-39.07700", "2016-12-31": "123.80500", "2016-09-30": "88.11700", "2016-06-30": "197.08200", "2016-03-31": "-45.83600", "2015-12-31": "-185.88800", "2015-09-30": "67.02000", "2015-06-30": "248.86900", "2015-03-31": "152.25700", "2014-12-31": "-501.67400", "2014-09-30": "265.27200", "2014-06-30": "59.31000", "2014-03-31": "232.95100", "2013-12-31": "119.67600", "2013-09-30": "-84.20400", "2013-06-30": "118.13900", "2013-03-31": "77.15500", "2012-12-31": "265.54000", "2012-09-30": "186.56400", "2012-06-30": "555.74200", "2012-03-31": "-202.53100", "2011-12-31": "", "2010-12-31": ""}, "Income Taxes": {"2020-09-30": "235.60000", "2020-06-30": "138.30000", "2020-03-31": "-374.60000", "2019-12-31": "12.30000", "2019-09-30": "22.00000", "2019-06-30": "-10.50000", "2019-03-31": "80.50000", "2018-12-31": "-134.30000", "2018-09-30": "61.30000", "2018-06-30": "95.50000", "2018-03-31": "11.00000", "2017-12-31": "202.71100", "2017-09-30": "203.97900", "2017-06-30": "-72.04300", "2017-03-31": "-19.04700", "2016-12-31": "52.04300", "2016-09-30": "31.67300", "2016-06-30": "76.43400", "2016-03-31": "-22.50000", "2015-12-31": "-64.34700", "2015-09-30": "11.52500", "2015-06-30": "90.40900", "2015-03-31": "49.13800", "2014-12-31": "-180.82500", "2014-09-30": "95.26000", "2014-06-30": "13.47400", "2014-03-31": "49.67900", "2013-12-31": "17.57900", "2013-09-30": "-19.31100", "2013-06-30": "10.96900", "2013-03-31": "7.44400", "2012-12-31": "1.27000", "2012-09-30": "", "2012-06-30": "", "2012-03-31": "", "2011-12-31": "", "2010-12-31": ""}, "Income After Taxes": {"2020-09-30": "-397.80000", "2020-06-30": "413.00000", "2020-03-31": "-1062.50000", "2019-12-31": "69.10000", "2019-09-30": "86.30000", "2019-06-30": "-21.60000", "2019-03-31": "241.40000", "2018-12-31": "-346.70000", "2018-09-30": "192.50000", "2018-06-30": "287.70000", "2018-03-31": "41.80000", "2017-12-31": "260.35500", "2017-09-30": "347.22600", "2017-06-30": "-104.15100", "2017-03-31": "-20.03000", "2016-12-31": "71.76200", "2016-09-30": "56.44400", "2016-06-30": "120.64800", "2016-03-31": "-23.33600", "2015-12-31": "-121.54100", "2015-09-30": "55.49500", "2015-06-30": "158.46000", "2015-03-31": "103.11900", "2014-12-31": "-320.84900", "2014-09-30": "170.01200", "2014-06-30": "45.83600", "2014-03-31": "183.27200", "2013-12-31": "102.09700", "2013-09-30": "-64.89300", "2013-06-30": "107.17000", "2013-03-31": "69.71100", "2012-12-31": "264.27000", "2012-09-30": "186.56400", "2012-06-30": "555.74200", "2012-03-31": "-202.53100", "2011-12-31": "", "2010-12-31": ""}, "Other Income": {"2020-09-30": "", "2020-06-30": "", "2020-03-31": "", "2019-12-31": "", "2019-09-30": "", "2019-06-30": "", "2019-03-31": "", "2018-12-31": "", "2018-09-30": "", "2018-06-30": "", "2018-03-31": "", "2017-12-31": "", "2017-09-30": "", "2017-06-30": "", "2017-03-31": "", "2016-12-31": "", "2016-09-30": "", "2016-06-30": "", "2016-03-31": "", "2015-12-31": "", "2015-09-30": "", "2015-06-30": "", "2015-03-31": "", "2014-12-31": "", "2014-09-30": "", "2014-06-30": "", "2014-03-31": "", "2013-12-31": "", "2013-09-30": "", "2013-06-30": "", "2013-03-31": "", "2012-12-31": "", "2012-09-30": "", "2012-06-30": "", "2012-03-31": "", "2011-12-31": "", "2010-12-31": ""}, "Income From Continuous Operations": {"2020-09-30": "-397.80000", "2020-06-30": "413.00000", "2020-03-31": "-1062.50000", "2019-12-31": "69.10000", "2019-09-30": "86.30000", "2019-06-30": "-21.60000", "2019-03-31": "241.40000", "2018-12-31": "-346.70000", "2018-09-30": "192.50000", "2018-06-30": "287.70000", "2018-03-31": "41.80000", "2017-12-31": "260.35500", "2017-09-30": "347.22600", "2017-06-30": "-104.15100", "2017-03-31": "-20.03000", "2016-12-31": "71.76200", "2016-09-30": "56.44400", "2016-06-30": "120.64800", "2016-03-31": "-23.33600", "2015-12-31": "-121.54100", "2015-09-30": "55.49500", "2015-06-30": "158.46000", "2015-03-31": "103.11900", "2014-12-31": "-320.84900", "2014-09-30": "170.01200", "2014-06-30": "45.83600", "2014-03-31": "183.27200", "2013-12-31": "102.09700", "2013-09-30": "-64.89300", "2013-06-30": "107.17000", "2013-03-31": "69.71100", "2012-12-31": "1.95600", "2012-09-30": "186.56400", "2012-06-30": "555.74200", "2012-03-31": "-202.53100", "2011-12-31": "", "2010-12-31": ""}, "Income From Discontinued Operations": {"2020-09-30": "", "2020-06-30": "", "2020-03-31": "", "2019-12-31": "", "2019-09-30": "", "2019-06-30": "", "2019-03-31": "", "2018-12-31": "", "2018-09-30": "", "2018-06-30": "", "2018-03-31": "", "2017-12-31": "", "2017-09-30": "", "2017-06-30": "", "2017-03-31": "", "2016-12-31": "", "2016-09-30": "", "2016-06-30": "", "2016-03-31": "", "2015-12-31": "", "2015-09-30": "", "2015-06-30": "", "2015-03-31": "", "2014-12-31": "", "2014-09-30": "", "2014-06-30": "", "2014-03-31": "", "2013-12-31": "", "2013-09-30": "", "2013-06-30": "", "2013-03-31": "", "2012-12-31": "0.00000", "2012-09-30": "", "2012-06-30": "", "2012-03-31": "", "2011-12-31": "", "2010-12-31": ""}, "Net Income": {"2020-09-30": "-417.20000", "2020-06-30": "389.10000", "2020-03-31": "-1065.90000", "2019-12-31": "52.90000", "2019-09-30": "69.50000", "2019-06-30": "-32.20000", "2019-03-31": "229.20000", "2018-12-31": "-353.80000", "2018-09-30": "179.60000", "2018-06-30": "272.10000", "2018-03-31": "30.40000", "2017-12-31": "242.24600", "2017-09-30": "314.36500", "2017-06-30": "-109.66300", "2017-03-31": "-31.34800", "2016-12-31": "54.55800", "2016-09-30": "42.11100", "2016-06-30": "103.53000", "2016-03-31": "-29.38800", "2015-12-31": "-119.52900", "2015-09-30": "42.79900", "2015-06-30": "135.81000", "2015-03-31": "87.32100", "2014-12-31": "-277.61100", "2014-09-30": "140.97000", "2014-06-30": "20.95900", "2014-03-31": "77.44400", "2013-12-31": "31.15600", "2013-09-30": "-19.84800", "2013-06-30": "16.82600", "2013-03-31": "11.40600", "2012-12-31": "1.95600", "2012-09-30": "186.56400", "2012-06-30": "555.74200", "2012-03-31": "-202.53100", "2011-12-31": "", "2010-12-31": ""}, "EBITDA": {"2020-09-30": "-204.80020", "2020-06-30": "751.79990", "2020-03-31": "-1243.80000", "2019-12-31": "239.19760", "2019-09-30": "264.79940", "2019-06-30": "119.30000", "2019-03-31": "473.20010", "2018-12-31": "-345.29780", "2018-09-30": "381.69980", "2018-06-30": "516.59980", "2018-03-31": "183.69970", "2017-12-31": "339.44170", "2017-09-30": "667.71730", "2017-06-30": "-39.97990", "2017-03-31": "64.32190", "2016-12-31": "202.44470", "2016-09-30": "188.09800", "2016-06-30": "288.69780", "2016-03-31": "53.17090", "2015-12-31": "-122.86710", "2015-09-30": "142.93690", "2015-06-30": "324.74310", "2015-03-31": "222.30190", "2014-12-31": "-436.30970", "2014-09-30": "354.21300", "2014-06-30": "124.43860", "2014-03-31": "295.05500", "2013-12-31": "182.44920", "2013-09-30": "-26.53510", "2013-06-30": "162.23790", "2013-03-31": "128.24650", "2012-12-31": "311.38590", "2012-09-30": "245.77290", "2012-06-30": "603.23440", "2012-03-31": "-137.94000", "2011-12-31": "", "2010-12-31": ""}, "EBIT": {"2020-09-30": "-342.70020", "2020-06-30": "620.79990", "2020-03-31": "-1366.80000", "2019-12-31": "122.99850", "2019-09-30": "151.89940", "2019-06-30": "9.50000", "2019-03-31": "364.60010", "2018-12-31": "-446.19970", "2018-09-30": "286.29980", "2018-06-30": "422.29980", "2018-03-31": "95.69970", "2017-12-31": "254.59230", "2017-09-30": "587.26030", "2017-06-30": "-111.04790", "2017-03-31": "0.79490", "2016-12-31": "140.40720", "2016-09-30": "129.71000", "2016-06-30": "234.76980", "2016-03-31": "-5.42410", "2015-12-31": "-178.36250", "2015-09-30": "92.26690", "2015-06-30": "273.79610", "2015-03-31": "172.40990", "2014-12-31": "-482.97170", "2014-09-30": "284.10300", "2014-06-30": "87.84960", "2014-03-31": "260.20700", "2013-12-31": "150.86620", "2013-09-30": "-55.59910", "2013-06-30": "133.02690", "2013-03-31": "100.10450", "2012-12-31": "284.88090", "2012-09-30": "220.10890", "2012-06-30": "579.50630", "2012-03-31": "-164.08300", "2011-12-31": "", "2010-12-31": ""}, "Basic Shares Outstanding": {"2020-09-30": "119.68400", "2020-06-30": "120.01100", "2020-03-31": "119.38000", "2019-12-31": "119.88800", "2019-09-30": "119.92100", "2019-06-30": "119.18200", "2019-03-31": "119.88100", "2018-12-31": "115.19000", "2018-09-30": "117.02900", "2018-06-30": "112.87600", "2018-03-31": "110.82000", "2017-12-31": "109.77900", "2017-09-30": "109.72500", "2017-06-30": "108.78000", "2017-03-31": "108.76040", "2016-12-31": "98.33400", "2016-09-30": "97.82500", "2016-06-30": "97.83600", "2016-03-31": "97.80900", "2015-12-31": "88.10700", "2015-09-30": "85.84600", "2015-06-30": "86.03700", "2015-03-31": "84.27800", "2014-12-31": "83.13100", "2014-09-30": "87.65700", "2014-06-30": "72.44000", "2014-03-31": "54.16800", "2013-12-31": "32.48800", "2013-09-30": "39.57500", "2013-06-30": "26.94400", "2013-03-31": "23.59000", "2012-12-31": "23.57000", "2012-09-30": "", "2012-06-30": "25.27600", "2012-03-31": "", "2011-12-31": "", "2010-12-31": ""}, "Shares Outstanding": {"2020-09-30": "119.68400", "2020-06-30": "121.42900", "2020-03-31": "119.38000", "2019-12-31": "121.85300", "2019-09-30": "121.58900", "2019-06-30": "119.18200", "2019-03-31": "122.17600", "2018-12-31": "118.77400", "2018-09-30": "120.40500", "2018-06-30": "116.40900", "2018-03-31": "115.19300", "2017-12-31": "113.89900", "2017-09-30": "113.88200", "2017-06-30": "108.78000", "2017-03-31": "108.76040", "2016-12-31": "103.60700", "2016-09-30": "103.13600", "2016-06-30": "103.27900", "2016-03-31": "97.80900", "2015-12-31": "94.13900", "2015-09-30": "91.49600", "2015-06-30": "91.66000", "2015-03-31": "91.66900", "2014-12-31": "83.13100", "2014-09-30": "97.34500", "2014-06-30": "73.00700", "2014-03-31": "54.69200", "2013-12-31": "33.06100", "2013-09-30": "39.57500", "2013-06-30": "27.70700", "2013-03-31": "97.41600", "2012-12-31": "97.23100", "2012-09-30": "", "2012-06-30": "26.11100", "2012-03-31": "", "2011-12-31": "", "2010-12-31": ""}, "Basic EPS": {"2020-09-30": "-3.49000", "2020-06-30": "3.24000", "2020-03-31": "-8.93000", "2019-12-31": "0.44000", "2019-09-30": "0.58000", "2019-06-30": "-0.27000", "2019-03-31": "1.91000", "2018-12-31": "-3.10000", "2018-09-30": "1.53000", "2018-06-30": "2.41000", "2018-03-31": "0.27000", "2017-12-31": "2.22000", "2017-09-30": "2.86000", "2017-06-30": "-1.01000", "2017-03-31": "-0.29000", "2016-12-31": "0.55000", "2016-09-30": "0.43000", "2016-06-30": "1.06000", "2016-03-31": "-0.30000", "2015-12-31": "-1.46000", "2015-09-30": "0.50000", "2015-06-30": "1.58000", "2015-03-31": "1.04000", "2014-12-31": "-3.34000", "2014-09-30": "1.61000", "2014-06-30": "0.29000", "2014-03-31": "1.43000", "2013-12-31": "0.62000", "2013-09-30": "-0.50000", "2013-06-30": "0.62000", "2013-03-31": "0.48000", "2012-12-31": "0.08000", "2012-09-30": "", "2012-06-30": "21.98690", "2012-03-31": "", "2011-12-31": "", "2010-12-31": ""}, "EPS - Earnings Per Share": {"2020-09-30": "-3.49000", "2020-06-30": "3.23000", "2020-03-31": "-8.93000", "2019-12-31": "0.45000", "2019-09-30": "0.57000", "2019-06-30": "-0.27000", "2019-03-31": "1.89000", "2018-12-31": "-3.04000", "2018-09-30": "1.50000", "2018-06-30": "2.37000", "2018-03-31": "0.27000", "2017-12-31": "2.18000", "2017-09-30": "2.85000", "2017-06-30": "-1.01000", "2017-03-31": "-0.29000", "2016-12-31": "0.55000", "2016-09-30": "0.43000", "2016-06-30": "1.06000", "2016-03-31": "-0.30000", "2015-12-31": "-1.41000", "2015-09-30": "0.49000", "2015-06-30": "1.57000", "2015-03-31": "1.00000", "2014-12-31": "-3.34000", "2014-09-30": "1.60000", "2014-06-30": "0.29000", "2014-03-31": "1.42000", "2013-12-31": "0.61000", "2013-09-30": "-0.50000", "2013-06-30": "0.61000", "2013-03-31": "0.48000", "2012-12-31": "0.08000", "2012-09-30": "0.00000", "2012-06-30": "21.28380", "2012-03-31": "0.00000", "2011-12-31": "0.00000", "2010-12-31": "0.00000"}}, "balance sheet": {"Cash On Hand": {"2019-12-31": "814.90000", "2018-12-31": "597.30000", "2017-12-31": "573.02100", "2016-12-31": "786.29800", "2015-12-31": "944.32000", "2014-12-31": "397.87300", "2013-12-31": "76.97000", "2012-12-31": "285.88400", "2011-12-31": "50.16600", "2010-12-31": ""}, "Receivables": {"2019-12-31": "835.00000", "2018-12-31": "718.20000", "2017-12-31": "952.55200", "2016-12-31": "620.17500", "2015-12-31": "454.75900", "2014-12-31": "551.26900", "2013-12-31": "596.64700", "2012-12-31": "503.79600", "2011-12-31": "316.25200", "2010-12-31": ""}, "Inventory": {"2019-12-31": "2122.20000", "2018-12-31": "1865.80000", "2017-12-31": "2213.79700", "2016-12-31": "1863.56000", "2015-12-31": "1174.27200", "2014-12-31": "1102.26100", "2013-12-31": "1445.51700", "2012-12-31": "1497.11900", "2011-12-31": "1516.72700", "2010-12-31": ""}, "Pre-Paid Expenses": {"2019-12-31": "51.60000", "2018-12-31": "55.60000", "2017-12-31": "63.58900", "2016-12-31": "137.22200", "2015-12-31": "77.47400", "2014-12-31": "72.90000", "2013-12-31": "55.84300", "2012-12-31": "13.38800", "2011-12-31": "63.35900", "2010-12-31": ""}, "Other Current Assets": {"2019-12-31": "", "2018-12-31": "", "2017-12-31": "", "2016-12-31": "", "2015-12-31": "", "2014-12-31": "", "2013-12-31": "", "2012-12-31": "", "2011-12-31": "", "2010-12-31": ""}, "Total Current Assets": {"2019-12-31": "3823.70000", "2018-12-31": "3236.90000", "2017-12-31": "3802.95900", "2016-12-31": "3407.25500", "2015-12-31": "3022.01100", "2014-12-31": "2346.67100", "2013-12-31": "2200.50600", "2012-12-31": "2307.90400", "2011-12-31": "1946.50400", "2010-12-31": ""}, "Property, Plant, And Equipment": {"2019-12-31": "4023.20000", "2018-12-31": "3820.90000", "2017-12-31": "3479.21300", "2016-12-31": "3328.77000", "2015-12-31": "2356.63800", "2014-12-31": "1936.83900", "2013-12-31": "1781.58900", "2012-12-31": "1635.58700", "2011-12-31": "1513.94700", "2010-12-31": ""}, "Long-Term Investments": {"2019-12-31": "", "2018-12-31": "", "2017-12-31": "", "2016-12-31": "", "2015-12-31": "234.25800", "2014-12-31": "234.93000", "2013-12-31": "", "2012-12-31": "", "2011-12-31": "", "2010-12-31": ""}, "Goodwill And Intangible Assets": {"2019-12-31": "", "2018-12-31": "", "2017-12-31": "", "2016-12-31": "", "2015-12-31": "", "2014-12-31": "", "2013-12-31": "", "2012-12-31": "", "2011-12-31": "", "2010-12-31": "0.00000"}, "Other Long-Term Assets": {"2019-12-31": "", "2018-12-31": "", "2017-12-31": "", "2016-12-31": "", "2015-12-31": "", "2014-12-31": "", "2013-12-31": "", "2012-12-31": "", "2011-12-31": "", "2010-12-31": ""}, "Total Long-Term Assets": {"2019-12-31": "5002.30000", "2018-12-31": "4768.50000", "2017-12-31": "4315.03400", "2016-12-31": "4214.67200", "2015-12-31": "3083.11300", "2014-12-31": "2817.33700", "2013-12-31": "2213.30200", "2012-12-31": "1945.79800", "2011-12-31": "1674.60500", "2010-12-31": ""}, "Total Assets": {"2019-12-31": "9132.40000", "2018-12-31": "8005.40000", "2017-12-31": "8117.99300", "2016-12-31": "7621.92700", "2015-12-31": "6105.12400", "2014-12-31": "5164.00800", "2013-12-31": "4413.80800", "2012-12-31": "4253.70200", "2011-12-31": "3621.10900", "2010-12-31": "0.00000"}, "Total Current Liabilities": {"2019-12-31": "2509.20000", "2018-12-31": "2134.50000", "2017-12-31": "2418.94600", "2016-12-31": "2056.54700", "2015-12-31": "1495.50600", "2014-12-31": "1542.82200", "2013-12-31": "1644.51000", "2012-12-31": "1603.07400", "2011-12-31": "1660.12700", "2010-12-31": ""}, "Long Term Debt": {"2019-12-31": "2064.90000", "2018-12-31": "1931.30000", "2017-12-31": "2175.04200", "2016-12-31": "2108.57000", "2015-12-31": "1840.35500", "2014-12-31": "1228.06900", "2013-12-31": "735.54700", "2012-12-31": "729.98000", "2011-12-31": "800.85100", "2010-12-31": ""}, "Other Non-Current Liabilities": {"2019-12-31": "642.80000", "2018-12-31": "650.70000", "2017-12-31": "587.90100", "2016-12-31": "840.42700", "2015-12-31": "673.40600", "2014-12-31": "699.80100", "2013-12-31": "318.49500", "2012-12-31": "197.10300", "2011-12-31": "49.21300", "2010-12-31": ""}, "Total Long Term Liabilities": {"2019-12-31": "3037.70000", "2018-12-31": "2622.40000", "2017-12-31": "2796.09800", "2016-12-31": "2994.69600", "2015-12-31": "2513.76100", "2014-12-31": "1927.87000", "2013-12-31": "1054.04200", "2012-12-31": "927.08300", "2011-12-31": "850.06400", "2010-12-31": ""}, "Total Liabilities": {"2019-12-31": "5546.90000", "2018-12-31": "4756.90000", "2017-12-31": "5215.04400", "2016-12-31": "5051.24300", "2015-12-31": "4009.26700", "2014-12-31": "3470.69200", "2013-12-31": "2698.55200", "2012-12-31": "2530.15700", "2011-12-31": "2510.19100", "2010-12-31": "0.00000"}, "Common Stock Net": {"2019-12-31": "0.10000", "2018-12-31": "0.10000", "2017-12-31": "0.09500", "2016-12-31": "0.09400", "2015-12-31": "0.09300", "2014-12-31": "0.08800", "2013-12-31": "0.04000", "2012-12-31": "0.02400", "2011-12-31": "", "2010-12-31": "0.00000"}, "Retained Earnings (Accumulated Deficit)": {"2019-12-31": "401.20000", "2018-12-31": "225.80000", "2017-12-31": "236.78600", "2016-12-31": "-44.85200", "2015-12-31": "-83.45400", "2014-12-31": "-123.27100", "2013-12-31": "3.57900", "2012-12-31": "1.95600", "2011-12-31": "", "2010-12-31": ""}, "Comprehensive Income": {"2019-12-31": "-8.30000", "2018-12-31": "-22.40000", "2017-12-31": "-25.38100", "2016-12-31": "-24.43900", "2015-12-31": "-23.28900", "2014-12-31": "-24.29800", "2013-12-31": "-6.98800", "2012-12-31": "-0.06100", "2011-12-31": "-2.37600", "2010-12-31": ""}, "Other Share Holders Equity": {"2019-12-31": "", "2018-12-31": "", "2017-12-31": "", "2016-12-31": "", "2015-12-31": "", "2014-12-31": "", "2013-12-31": "", "2012-12-31": "", "2011-12-31": "", "2010-12-31": "0.00000"}, "Share Holder Equity": {"2019-12-31": "3585.50000", "2018-12-31": "3248.50000", "2017-12-31": "2902.94900", "2016-12-31": "2570.68400", "2015-12-31": "2095.85700", "2014-12-31": "1693.31600", "2013-12-31": "1715.25600", "2012-12-31": "1723.54500", "2011-12-31": "1110.91800", "2010-12-31": "0.00000"}, "Total Liabilities And Share Holders Equity": {"2019-12-31": "9132.40000", "2018-12-31": "8005.40000", "2017-12-31": "8117.99300", "2016-12-31": "7621.92700", "2015-12-31": "6105.12400", "2014-12-31": "5164.00800", "2013-12-31": "4413.80800", "2012-12-31": "4253.70200", "2011-12-31": "3621.10900", "2010-12-31": "0.00000"}}, "balance sheet, quarterly": {"Cash On Hand": {"2020-09-30": "1282.60000", "2020-06-30": "1225.20000", "2020-03-31": "722.10000", "2019-12-31": "814.90000", "2019-09-30": "536.30000", "2019-06-30": "204.10000", "2019-03-31": "418.30000", "2018-12-31": "597.30000", "2018-09-30": "1059.20000", "2018-06-30": "478.32900", "2018-03-31": "362.96300", "2017-12-31": "573.02100", "2017-09-30": "300.89100", "2017-06-30": "173.03100", "2017-03-31": "346.14500", "2016-12-31": "786.29800", "2016-09-30": "685.39300", "2016-06-30": "1549.07900", "2016-03-31": "740.32100", "2015-12-31": "944.32000", "2015-09-30": "472.82900", "2015-06-30": "623.82200", "2015-03-31": "449.48000", "2014-12-31": "397.87300", "2014-09-30": "477.39300", "2014-06-30": "317.54400", "2014-03-31": "237.13500", "2013-12-31": "76.97000", "2013-09-30": "57.41700", "2013-06-30": "69.23000", "2013-03-31": "404.08800", "2012-12-31": "285.88400", "2012-09-30": "", "2012-06-30": "", "2012-03-31": "", "2011-12-31": "50.16000", "2010-12-31": ""}, "Receivables": {"2020-09-30": "464.60000", "2020-06-30": "429.00000", "2020-03-31": "439.10000", "2019-12-31": "835.00000", "2019-09-30": "879.80000", "2019-06-30": "989.80000", "2019-03-31": "869.40000", "2018-12-31": "718.20000", "2018-09-30": "1067.81100", "2018-06-30": "1034.07400", "2018-03-31": "831.05500", "2017-12-31": "952.55200", "2017-09-30": "776.01300", "2017-06-30": "611.64200", "2017-03-31": "610.21300", "2016-12-31": "620.17500", "2016-09-30": "653.63800", "2016-06-30": "647.86600", "2016-03-31": "541.52400", "2015-12-31": "454.75900", "2015-09-30": "395.62400", "2015-06-30": "540.22700", "2015-03-31": "441.18500", "2014-12-31": "551.26900", "2014-09-30": "698.39900", "2014-06-30": "713.22600", "2014-03-31": "529.64100", "2013-12-31": "596.64700", "2013-09-30": "577.87900", "2013-06-30": "591.35200", "2013-03-31": "662.84600", "2012-12-31": "503.79600", "2012-09-30": "", "2012-06-30": "", "2012-03-31": "", "2011-12-31": "316.25000", "2010-12-31": ""}, "Inventory": {"2020-09-30": "1485.60000", "2020-06-30": "1620.20000", "2020-03-31": "986.50000", "2019-12-31": "2122.20000", "2019-09-30": "2130.40000", "2019-06-30": "2314.40000", "2019-03-31": "2566.50000", "2018-12-31": "1865.80000", "2018-09-30": "2561.10600", "2018-06-30": "2540.27700", "2018-03-31": "2579.74400", "2017-12-31": "2213.79700", "2017-09-30": "2310.69200", "2017-06-30": "1875.16400", "2017-03-31": "2085.95800", "2016-12-31": "1863.56000", "2016-09-30": "1845.59500", "2016-06-30": "1308.53600", "2016-03-31": "1229.29900", "2015-12-31": "1174.27200", "2015-09-30": "1101.18200", "2015-06-30": "1306.41400", "2015-03-31": "1129.20700", "2014-12-31": "1102.26100", "2014-09-30": "1787.46500", "2014-06-30": "1711.85100", "2014-03-31": "1546.25500", "2013-12-31": "1445.51700", "2013-09-30": "1472.63700", "2013-06-30": "1537.57300", "2013-03-31": "1450.51800", "2012-12-31": "1497.11900", "2012-09-30": "", "2012-06-30": "", "2012-03-31": "", "2011-12-31": "1516.72000", "2010-12-31": ""}, "Pre-Paid Expenses": {"2020-09-30": "79.80000", "2020-06-30": "112.70000", "2020-03-31": "103.60000", "2019-12-31": "51.60000", "2019-09-30": "56.40000", "2019-06-30": "90.70000", "2019-03-31": "125.10000", "2018-12-31": "55.60000", "2018-09-30": "61.48900", "2018-06-30": "55.15000", "2018-03-31": "87.97300", "2017-12-31": "63.58900", "2017-09-30": "58.27700", "2017-06-30": "73.26200", "2017-03-31": "82.97500", "2016-12-31": "137.22200", "2016-09-30": "182.00800", "2016-06-30": "110.82800", "2016-03-31": "156.66600", "2015-12-31": "77.47400", "2015-09-30": "71.39800", "2015-06-30": "39.45600", "2015-03-31": "49.06800", "2014-12-31": "72.90000", "2014-09-30": "30.73900", "2014-06-30": "83.31500", "2014-03-31": "40.12500", "2013-12-31": "55.84300", "2013-09-30": "56.13300", "2013-06-30": "46.13600", "2013-03-31": "28.59000", "2012-12-31": "13.38800", "2012-09-30": "", "2012-06-30": "", "2012-03-31": "", "2011-12-31": "", "2010-12-31": ""}, "Other Current Assets": {"2020-09-30": "", "2020-06-30": "", "2020-03-31": "58.40000", "2019-12-31": "", "2019-09-30": "", "2019-06-30": "", "2019-03-31": "", "2018-12-31": "", "2018-09-30": "", "2018-06-30": "", "2018-03-31": "", "2017-12-31": "", "2017-09-30": "", "2017-06-30": "", "2017-03-31": "", "2016-12-31": "", "2016-09-30": "", "2016-06-30": "", "2016-03-31": "", "2015-12-31": "", "2015-09-30": "", "2015-06-30": "", "2015-03-31": "", "2014-12-31": "", "2014-09-30": "", "2014-06-30": "", "2014-03-31": "", "2013-12-31": "", "2013-09-30": "", "2013-06-30": "", "2013-03-31": "", "2012-12-31": "", "2012-09-30": "", "2012-06-30": "", "2012-03-31": "", "2011-12-31": "63.35000", "2010-12-31": ""}, "Total Current Assets": {"2020-09-30": "3312.60000", "2020-06-30": "3387.10000", "2020-03-31": "2309.70000", "2019-12-31": "3823.70000", "2019-09-30": "3602.90000", "2019-06-30": "3599.00000", "2019-03-31": "3979.30000", "2018-12-31": "3236.90000", "2018-09-30": "4749.60600", "2018-06-30": "4107.83000", "2018-03-31": "3861.73500", "2017-12-31": "3802.95900", "2017-09-30": "3445.87300", "2017-06-30": "2733.09900", "2017-03-31": "3125.29100", "2016-12-31": "3407.25500", "2016-09-30": "3547.01500", "2016-06-30": "3931.97300", "2016-03-31": "3021.35700", "2015-12-31": "3022.01100", "2015-09-30": "2303.57500", "2015-06-30": "2685.57200", "2015-03-31": "2295.13100", "2014-12-31": "2346.67100", "2014-09-30": "3005.56300", "2014-06-30": "2843.93600", "2014-03-31": "2365.82200", "2013-12-31": "2200.50600", "2013-09-30": "2191.34500", "2013-06-30": "2248.97300", "2013-03-31": "2551.67700", "2012-12-31": "2307.90400", "2012-09-30": "", "2012-06-30": "", "2012-03-31": "", "2011-12-31": "1946.50000", "2010-12-31": ""}, "Property, Plant, And Equipment": {"2020-09-30": "4957.70000", "2020-06-30": "4988.70000", "2020-03-31": "4995.30000", "2019-12-31": "4023.20000", "2019-09-30": "3975.60000", "2019-06-30": "3919.10000", "2019-03-31": "3875.90000", "2018-12-31": "3820.90000", "2018-09-30": "3597.26600", "2018-06-30": "3560.52400", "2018-03-31": "3493.02100", "2017-12-31": "3479.21300", "2017-09-30": "3480.92200", "2017-06-30": "3457.32100", "2017-03-31": "3380.08200", "2016-12-31": "3328.77000", "2016-09-30": "3252.23400", "2016-06-30": "2504.92100", "2016-03-31": "2372.90400", "2015-12-31": "2356.63800", "2015-09-30": "1960.14900", "2015-06-30": "1964.95300", "2015-03-31": "1931.81100", "2014-12-31": "1936.83900", "2014-09-30": "1902.00600", "2014-06-30": "1822.30900", "2014-03-31": "1757.98500", "2013-12-31": "1781.58900", "2013-09-30": "1735.76000", "2013-06-30": "1685.10400", "2013-03-31": "1658.29100", "2012-12-31": "1635.58700", "2012-09-30": "", "2012-06-30": "", "2012-03-31": "", "2011-12-31": "1555.17000", "2010-12-31": ""}, "Long-Term Investments": {"2020-09-30": "", "2020-06-30": "", "2020-03-31": "", "2019-12-31": "", "2019-09-30": "", "2019-06-30": "", "2019-03-31": "", "2018-12-31": "", "2018-09-30": "", "2018-06-30": "", "2018-03-31": "", "2017-12-31": "", "2017-09-30": "", "2017-06-30": "", "2017-03-31": "", "2016-12-31": "", "2016-09-30": "", "2016-06-30": "", "2016-03-31": "234.40800", "2015-12-31": "234.25800", "2015-09-30": "234.24900", "2015-06-30": "234.24900", "2015-03-31": "234.93900", "2014-12-31": "234.93000", "2014-09-30": "264.91300", "2014-06-30": "299.99600", "2014-03-31": "", "2013-12-31": "", "2013-09-30": "", "2013-06-30": "", "2013-03-31": "", "2012-12-31": "", "2012-09-30": "", "2012-06-30": "", "2012-03-31": "", "2011-12-31": "", "2010-12-31": ""}, "Goodwill And Intangible Assets": {"2020-09-30": "", "2020-06-30": "", "2020-03-31": "", "2019-12-31": "", "2019-09-30": "", "2019-06-30": "", "2019-03-31": "", "2018-12-31": "", "2018-09-30": "", "2018-06-30": "", "2018-03-31": "", "2017-12-31": "", "2017-09-30": "", "2017-06-30": "", "2017-03-31": "", "2016-12-31": "", "2016-09-30": "", "2016-06-30": "", "2016-03-31": "", "2015-12-31": "", "2015-09-30": "", "2015-06-30": "", "2015-03-31": "", "2014-12-31": "", "2014-09-30": "", "2014-06-30": "", "2014-03-31": "", "2013-12-31": "", "2013-09-30": "", "2013-06-30": "", "2013-03-31": "", "2012-12-31": "", "2012-09-30": "0.00000", "2012-06-30": "0.00000", "2012-03-31": "0.00000", "2011-12-31": "0.00000", "2010-12-31": "0.00000"}, "Other Long-Term Assets": {"2020-09-30": "", "2020-06-30": "", "2020-03-31": "", "2019-12-31": "", "2019-09-30": "", "2019-06-30": "", "2019-03-31": "", "2018-12-31": "", "2018-09-30": "", "2018-06-30": "", "2018-03-31": "", "2017-12-31": "", "2017-09-30": "", "2017-06-30": "", "2017-03-31": "", "2016-12-31": "", "2016-09-30": "", "2016-06-30": "", "2016-03-31": "", "2015-12-31": "", "2015-09-30": "", "2015-06-30": "", "2015-03-31": "", "2014-12-31": "", "2014-09-30": "", "2014-06-30": "", "2014-03-31": "", "2013-12-31": "", "2013-09-30": "", "2013-06-30": "", "2013-03-31": "", "2012-12-31": "", "2012-09-30": "", "2012-06-30": "", "2012-03-31": "", "2011-12-31": "", "2010-12-31": ""}, "Total Long-Term Assets": {"2020-09-30": "5936.80000", "2020-06-30": "6197.20000", "2020-03-31": "6409.00000", "2019-12-31": "4978.10000", "2019-09-30": "4983.20000", "2019-06-30": "4973.80000", "2019-03-31": "4901.30000", "2018-12-31": "4768.50000", "2018-09-30": "4465.80400", "2018-06-30": "4438.88500", "2018-03-31": "4420.62800", "2017-12-31": "4315.03400", "2017-09-30": "4553.58400", "2017-06-30": "4748.12100", "2017-03-31": "4386.94600", "2016-12-31": "4214.67200", "2016-09-30": "3918.69900", "2016-06-30": "3056.07700", "2016-03-31": "3162.30200", "2015-12-31": "3083.11300", "2015-09-30": "2803.60100", "2015-06-30": "2858.05000", "2015-03-31": "2855.48100", "2014-12-31": "2817.33700", "2014-09-30": "2871.55500", "2014-06-30": "2837.90400", "2014-03-31": "2350.59700", "2013-12-31": "2213.30200", "2013-09-30": "2137.99600", "2013-06-30": "2076.93000", "2013-03-31": "1957.39600", "2012-12-31": "1945.79800", "2012-09-30": "", "2012-06-30": "", "2012-03-31": "", "2011-12-31": "1715.82000", "2010-12-31": ""}, "Total Assets": {"2020-09-30": "10191.30000", "2020-06-30": "10073.30000", "2020-03-31": "9134.10000", "2019-12-31": "9132.40000", "2019-09-30": "8917.40000", "2019-06-30": "8809.70000", "2019-03-31": "9126.10000", "2018-12-31": "8005.40000", "2018-09-30": "9215.41000", "2018-06-30": "8546.71500", "2018-03-31": "8282.36300", "2017-12-31": "8117.99300", "2017-09-30": "7999.45700", "2017-06-30": "7481.22000", "2017-03-31": "7512.23700", "2016-12-31": "7621.92700", "2016-09-30": "7465.71400", "2016-06-30": "6988.05000", "2016-03-31": "6183.65900", "2015-12-31": "6105.12400", "2015-09-30": "5107.17600", "2015-06-30": "5543.62200", "2015-03-31": "5150.61200", "2014-12-31": "5164.00800", "2014-09-30": "5877.11800", "2014-06-30": "5681.84000", "2014-03-31": "4716.41900", "2013-12-31": "4413.80800", "2013-09-30": "4329.34100", "2013-06-30": "4325.90300", "2013-03-31": "4509.07300", "2012-12-31": "4253.70200", "2012-09-30": "0.00000", "2012-06-30": "0.00000", "2012-03-31": "0.00000", "2011-12-31": "3621.10000", "2010-12-31": "0.00000"}, "Total Current Liabilities": {"2020-09-30": "1955.90000", "2020-06-30": "2037.20000", "2020-03-31": "2045.90000", "2019-12-31": "2509.20000", "2019-09-30": "2312.10000", "2019-06-30": "2397.80000", "2019-03-31": "2606.90000", "2018-12-31": "2134.50000", "2018-09-30": "2648.65400", "2018-06-30": "2477.28500", "2018-03-31": "2577.69000", "2017-12-31": "2418.94600", "2017-09-30": "2292.29600", "2017-06-30": "2064.67100", "2017-03-31": "2000.79900", "2016-12-31": "2056.54700", "2016-09-30": "2047.73300", "2016-06-30": "1901.51800", "2016-03-31": "1623.00300", "2015-12-31": "1495.50600", "2015-09-30": "1094.46000", "2015-06-30": "1572.21300", "2015-03-31": "1384.43900", "2014-12-31": "1542.82200", "2014-09-30": "1824.46800", "2014-06-30": "1867.99700", "2014-03-31": "1642.63600", "2013-12-31": "1644.51000", "2013-09-30": "1609.35000", "2013-06-30": "1441.88700", "2013-03-31": "1828.72700", "2012-12-31": "1603.07400", "2012-09-30": "", "2012-06-30": "", "2012-03-31": "", "2011-12-31": "1660.12000", "2010-12-31": ""}, "Long Term Debt": {"2020-09-30": "4483.10000", "2020-06-30": "4162.80000", "2020-03-31": "3619.30000", "2019-12-31": "2083.30000", "2019-09-30": "2064.30000", "2019-06-30": "2029.40000", "2019-03-31": "2188.50000", "2018-12-31": "1931.30000", "2018-09-30": "2175.88900", "2018-06-30": "2214.04200", "2018-03-31": "2165.60400", "2017-12-31": "2175.04200", "2017-09-30": "2158.33700", "2017-06-30": "2159.54700", "2017-03-31": "2112.11300", "2016-12-31": "2108.57000", "2016-09-30": "2309.96100", "2016-06-30": "2227.84800", "2016-03-31": "1845.90200", "2015-12-31": "1840.35500", "2015-09-30": "1381.12200", "2015-06-30": "1361.73400", "2015-03-31": "1259.23300", "2014-12-31": "1228.06900", "2014-09-30": "1156.50300", "2014-06-30": "1032.63700", "2014-03-31": "722.33700", "2013-12-31": "735.54700", "2013-09-30": "738.56500", "2013-06-30": "815.96300", "2013-03-31": "727.54800", "2012-12-31": "729.98000", "2012-09-30": "", "2012-06-30": "", "2012-03-31": "", "2011-12-31": "800.85000", "2010-12-31": ""}, "Other Non-Current Liabilities": {"2020-09-30": "397.30000", "2020-06-30": "685.00000", "2020-03-31": "695.20000", "2019-12-31": "624.40000", "2019-09-30": "653.10000", "2019-06-30": "653.20000", "2019-03-31": "648.50000", "2018-12-31": "650.70000", "2018-09-30": "623.10000", "2018-06-30": "624.48700", "2018-03-31": "590.78500", "2017-12-31": "587.90100", "2017-09-30": "827.12200", "2017-06-30": "837.18700", "2017-03-31": "841.44100", "2016-12-31": "840.42700", "2016-09-30": "828.66000", "2016-06-30": "682.82800", "2016-03-31": "681.00800", "2015-12-31": "673.40600", "2015-09-30": "740.62400", "2015-06-30": "737.29100", "2015-03-31": "739.22400", "2014-12-31": "699.80100", "2014-09-30": "721.60800", "2014-06-30": "717.23200", "2014-03-31": "541.32300", "2013-12-31": "318.49500", "2013-09-30": "332.59000", "2013-06-30": "326.14400", "2013-03-31": "191.60700", "2012-12-31": "197.10300", "2012-09-30": "", "2012-06-30": "", "2012-03-31": "", "2011-12-31": "49.21000", "2010-12-31": ""}, "Total Long Term Liabilities": {"2020-09-30": "5744.60000", "2020-06-30": "5146.39900", "2020-03-31": "4608.70000", "2019-12-31": "3037.70000", "2019-09-30": "3051.00000", "2019-06-30": "2898.80000", "2019-03-31": "3072.40000", "2018-12-31": "2622.40000", "2018-09-30": "2921.39500", "2018-06-30": "2897.14600", "2018-03-31": "2788.84800", "2017-12-31": "2796.09800", "2017-09-30": "3031.79900", "2017-06-30": "3047.55600", "2017-03-31": "2999.21500", "2016-12-31": "2994.69600", "2016-09-30": "3138.62100", "2016-06-30": "2910.67600", "2016-03-31": "2526.91000", "2015-12-31": "2513.76100", "2015-09-30": "2121.74600", "2015-06-30": "2099.02500", "2015-03-31": "1998.45700", "2014-12-31": "1927.87000", "2014-09-30": "1878.11100", "2014-06-30": "1749.86900", "2014-03-31": "1263.66000", "2013-12-31": "1054.04200", "2013-09-30": "1071.15500", "2013-06-30": "1142.10700", "2013-03-31": "919.15500", "2012-12-31": "927.08300", "2012-09-30": "", "2012-06-30": "", "2012-03-31": "", "2011-12-31": "850.06000", "2010-12-31": ""}, "Total Liabilities": {"2020-09-30": "7700.50000", "2020-06-30": "7183.60000", "2020-03-31": "6654.60000", "2019-12-31": "5546.90000", "2019-09-30": "5363.10000", "2019-06-30": "5296.60000", "2019-03-31": "5679.30000", "2018-12-31": "4756.90000", "2018-09-30": "5570.04900", "2018-06-30": "5374.43100", "2018-03-31": "5366.53800", "2017-12-31": "5215.04400", "2017-09-30": "5324.09500", "2017-06-30": "5112.22700", "2017-03-31": "5000.01400", "2016-12-31": "5051.24300", "2016-09-30": "5186.35400", "2016-06-30": "4812.19400", "2016-03-31": "4149.91300", "2015-12-31": "4009.26700", "2015-09-30": "3216.20600", "2015-06-30": "3671.23800", "2015-03-31": "3382.89600", "2014-12-31": "3470.69200", "2014-09-30": "3702.57900", "2014-06-30": "3617.86600", "2014-03-31": "2906.29600", "2013-12-31": "2698.55200", "2013-09-30": "2680.50500", "2013-06-30": "2583.99400", "2013-03-31": "2747.88200", "2012-12-31": "2530.15700", "2012-09-30": "0.00000", "2012-06-30": "0.00000", "2012-03-31": "0.00000", "2011-12-31": "2510.19000", "2010-12-31": "0.00000"}, "Common Stock Net": {"2020-09-30": "0.10000", "2020-06-30": "0.10000", "2020-03-31": "0.10000", "2019-12-31": "0.10000", "2019-09-30": "0.10000", "2019-06-30": "0.10000", "2019-03-31": "0.10000", "2018-12-31": "0.10000", "2018-09-30": "0.10500", "2018-06-30": "0.09600", "2018-03-31": "0.09500", "2017-12-31": "0.09500", "2017-09-30": "0.09400", "2017-06-30": "0.09400", "2017-03-31": "0.09400", "2016-12-31": "0.09400", "2016-09-30": "0.09300", "2016-06-30": "0.09300", "2016-03-31": "0.09300", "2015-12-31": "0.09300", "2015-09-30": "0.09200", "2015-06-30": "0.09200", "2015-03-31": "0.09200", "2014-12-31": "0.08800", "2014-09-30": "0.08800", "2014-06-30": "0.08800", "2014-03-31": "0.07000", "2013-12-31": "0.04000", "2013-09-30": "0.04000", "2013-06-30": "0.04000", "2013-03-31": "0.02400", "2012-12-31": "0.02400", "2012-09-30": "0.00000", "2012-06-30": "0.00000", "2012-03-31": "0.00000", "2011-12-31": "0.00000", "2010-12-31": "0.00000"}, "Retained Earnings (Accumulated Deficit)": {"2020-09-30": "-728.70000", "2020-06-30": "-311.50000", "2020-03-31": "-700.60000", "2019-12-31": "401.20000", "2019-09-30": "384.30000", "2019-06-30": "350.80000", "2019-03-31": "419.10000", "2018-12-31": "225.80000", "2018-09-30": "615.54000", "2018-06-30": "471.95800", "2018-03-31": "233.83000", "2017-12-31": "236.78600", "2017-09-30": "27.95200", "2017-06-30": "-253.49800", "2017-03-31": "-108.82900", "2016-12-31": "-44.85200", "2016-09-30": "-54.71300", "2016-06-30": "-67.47800", "2016-03-31": "-141.66600", "2015-12-31": "-83.45400", "2015-09-30": "65.37200", "2015-06-30": "48.31600", "2015-03-31": "-61.68300", "2014-12-31": "-123.27100", "2014-09-30": "179.32400", "2014-06-30": "64.68100", "2014-03-31": "64.62200", "2013-12-31": "3.57900", "2013-09-30": "-15.70200", "2013-06-30": "16.02100", "2013-03-31": "6.27800", "2012-12-31": "1.95600", "2012-09-30": "", "2012-06-30": "", "2012-03-31": "", "2011-12-31": "", "2010-12-31": ""}, "Comprehensive Income": {"2020-09-30": "-10.50000", "2020-06-30": "-10.80000", "2020-03-31": "-11.10000", "2019-12-31": "-8.30000", "2019-09-30": "-21.30000", "2019-06-30": "-21.70000", "2019-03-31": "-22.20000", "2018-12-31": "-22.40000", "2018-09-30": "-24.93400", "2018-06-30": "-25.10900", "2018-03-31": "-25.13400", "2017-12-31": "-25.38100", "2017-09-30": "-23.53900", "2017-06-30": "-23.81600", "2017-03-31": "-24.13500", "2016-12-31": "-24.43900", "2016-09-30": "-21.89600", "2016-06-30": "-22.30200", "2016-03-31": "-22.69600", "2015-12-31": "-23.28900", "2015-09-30": "-24.05200", "2015-06-30": "-24.54300", "2015-03-31": "-24.85000", "2014-12-31": "-24.29800", "2014-09-30": "-12.59000", "2014-06-30": "-12.66700", "2014-03-31": "-10.27700", "2013-12-31": "-6.98800", "2013-09-30": "-3.49500", "2013-06-30": "-3.57600", "2013-03-31": "-0.08700", "2012-12-31": "-0.06100", "2012-09-30": "", "2012-06-30": "", "2012-03-31": "", "2011-12-31": "", "2010-12-31": ""}, "Other Share Holders Equity": {"2020-09-30": "", "2020-06-30": "", "2020-03-31": "", "2019-12-31": "", "2019-09-30": "", "2019-06-30": "", "2019-03-31": "", "2018-12-31": "", "2018-09-30": "", "2018-06-30": "", "2018-03-31": "", "2017-12-31": "", "2017-09-30": "", "2017-06-30": "", "2017-03-31": "", "2016-12-31": "", "2016-09-30": "", "2016-06-30": "", "2016-03-31": "", "2015-12-31": "", "2015-09-30": "", "2015-06-30": "", "2015-03-31": "", "2014-12-31": "", "2014-09-30": "", "2014-06-30": "", "2014-03-31": "", "2013-12-31": "", "2013-09-30": "", "2013-06-30": "", "2013-03-31": "", "2012-12-31": "", "2012-09-30": "0.00000", "2012-06-30": "0.00000", "2012-03-31": "0.00000", "2011-12-31": "1110.91000", "2010-12-31": "0.00000"}, "Share Holder Equity": {"2020-09-30": "2490.80000", "2020-06-30": "2889.70000", "2020-03-31": "2479.50000", "2019-12-31": "3585.50000", "2019-09-30": "3554.30000", "2019-06-30": "3513.10000", "2019-03-31": "3446.80000", "2018-12-31": "3248.50000", "2018-09-30": "3645.36100", "2018-06-30": "3172.28400", "2018-03-31": "2915.82500", "2017-12-31": "2902.94900", "2017-09-30": "2675.36200", "2017-06-30": "2368.99300", "2017-03-31": "2512.22300", "2016-12-31": "2570.68400", "2016-09-30": "2279.36000", "2016-06-30": "2175.85600", "2016-03-31": "2033.74600", "2015-12-31": "2095.85700", "2015-09-30": "1890.97000", "2015-06-30": "1872.38400", "2015-03-31": "1767.71600", "2014-12-31": "1693.31600", "2014-09-30": "2174.53900", "2014-06-30": "2063.97400", "2014-03-31": "1810.12300", "2013-12-31": "1715.25600", "2013-09-30": "1648.83600", "2013-06-30": "1741.90900", "2013-03-31": "1761.19100", "2012-12-31": "1723.54500", "2012-09-30": "0.00000", "2012-06-30": "0.00000", "2012-03-31": "0.00000", "2011-12-31": "1110.91000", "2010-12-31": "0.00000"}, "Total Liabilities And Share Holders Equity": {"2020-09-30": "10191.30000", "2020-06-30": "10073.30000", "2020-03-31": "9134.10000", "2019-12-31": "9132.40000", "2019-09-30": "8917.40000", "2019-06-30": "8809.70000", "2019-03-31": "9126.10000", "2018-12-31": "8005.40000", "2018-09-30": "9215.41000", "2018-06-30": "8546.71500", "2018-03-31": "8282.36300", "2017-12-31": "8117.99300", "2017-09-30": "7999.45700", "2017-06-30": "7481.22000", "2017-03-31": "7512.23700", "2016-12-31": "7621.92700", "2016-09-30": "7465.71400", "2016-06-30": "6988.05000", "2016-03-31": "6183.65900", "2015-12-31": "6105.12400", "2015-09-30": "5107.17600", "2015-06-30": "5543.62200", "2015-03-31": "5150.61200", "2014-12-31": "5164.00800", "2014-09-30": "5877.11800", "2014-06-30": "5681.84000", "2014-03-31": "4716.41900", "2013-12-31": "4413.80800", "2013-09-30": "4329.34100", "2013-06-30": "4325.90300", "2013-03-31": "4509.07300", "2012-12-31": "4253.70200", "2012-09-30": "0.00000", "2012-06-30": "0.00000", "2012-03-31": "0.00000", "2011-12-31": "3621.10000", "2010-12-31": "0.00000"}}, "cash flow statement": {"Net Income/Loss": {"2019-12-31": "375.20000", "2018-12-31": "175.30000", "2017-12-31": "483.40000", "2016-12-31": "225.51800", "2015-12-31": "195.53300", "2014-12-31": "78.27100", "2013-12-31": "214.08500", "2012-12-31": "804.03700", "2011-12-31": "242.67100", "2010-12-31": "-44.35700"}, "Total Depreciation And Amortization - Cash Flow": {"2019-12-31": "447.50000", "2018-12-31": "378.60000", "2017-12-31": "299.90000", "2016-12-31": "232.94800", "2015-12-31": "207.00400", "2014-12-31": "188.20900", "2013-12-31": "118.00100", "2012-12-31": "102.04100", "2011-12-31": "56.91900", "2010-12-31": "1.53000"}, "Other Non-Cash Items": {"2019-12-31": "-60.00000", "2018-12-31": "376.90000", "2017-12-31": "130.30000", "2016-12-31": "-189.45100", "2015-12-31": "496.14900", "2014-12-31": "569.40400", "2013-12-31": "20.33600", "2012-12-31": "24.37700", "2011-12-31": "35.51300", "2010-12-31": "5.98800"}, "Total Non-Cash Items": {"2019-12-31": "387.50000", "2018-12-31": "755.50000", "2017-12-31": "430.20000", "2016-12-31": "43.49700", "2015-12-31": "703.15300", "2014-12-31": "757.61300", "2013-12-31": "138.33700", "2012-12-31": "126.41800", "2011-12-31": "92.43200", "2010-12-31": "7.51800"}, "Change In Accounts Receivable": {"2019-12-31": "-116.10000", "2018-12-31": "234.30000", "2017-12-31": "-332.40000", "2016-12-31": "-165.41600", "2015-12-31": "97.63600", "2014-12-31": "45.37800", "2013-12-31": "-92.85100", "2012-12-31": "-187.54400", "2011-12-31": "-279.31500", "2010-12-31": "-36.43800"}, "Change In Inventories": {"2019-12-31": "-6.30000", "2018-12-31": "-3.30000", "2017-12-31": "-54.70000", "2016-12-31": "236.60200", "2015-12-31": "-271.89200", "2014-12-31": "-394.03100", "2013-12-31": "45.99100", "2012-12-31": "-80.09700", "2011-12-31": "-512.05400", "2010-12-31": "14.12600"}, "Change In Accounts Payable": {"2019-12-31": "137.50000", "2018-12-31": "-125.50000", "2017-12-31": "-216.30000", "2016-12-31": "166.79500", "2015-12-31": "-91.93400", "2014-12-31": "-67.02500", "2013-12-31": "42.23600", "2012-12-31": "73.99000", "2011-12-31": "249.76500", "2010-12-31": "23.29400"}, "Change In Assets/Liabilities": {"2019-12-31": "-52.40000", "2018-12-31": "28.80000", "2017-12-31": "16.00000", "2016-12-31": "-72.88200", "2015-12-31": "-35.26700", "2014-12-31": "-25.66600", "2013-12-31": "-265.94800", "2012-12-31": "39.73700", "2011-12-31": "60.69000", "2010-12-31": "-5.82500"}, "Total Change In Assets/Liabilities": {"2019-12-31": "170.80000", "2018-12-31": "-92.80000", "2017-12-31": "-227.90000", "2016-12-31": "382.91900", "2015-12-31": "-338.26200", "2014-12-31": "-379.55900", "2013-12-31": "-61.09300", "2012-12-31": "-118.02200", "2011-12-31": "-85.82100", "2010-12-31": "35.63100"}, "Cash Flow From Operating Activities": {"2019-12-31": "933.50000", "2018-12-31": "838.00000", "2017-12-31": "685.70000", "2016-12-31": "651.93400", "2015-12-31": "560.42400", "2014-12-31": "456.32500", "2013-12-31": "291.32900", "2012-12-31": "812.43300", "2011-12-31": "249.28200", "2010-12-31": "-1.20800"}, "Net Change In Property, Plant, And Equipment": {"2019-12-31": "-368.60000", "2018-12-31": "-269.20000", "2017-12-31": "-306.70000", "2016-12-31": "-274.04500", "2015-12-31": "-185.69400", "2014-12-31": "-273.73500", "2013-12-31": "-215.96600", "2012-12-31": "-172.51900", "2011-12-31": "-484.02100", "2010-12-31": "-72.11800"}, "Net Change In Intangible Assets": {"2019-12-31": "", "2018-12-31": "", "2017-12-31": "", "2016-12-31": "", "2015-12-31": "", "2014-12-31": "", "2013-12-31": "", "2012-12-31": "", "2011-12-31": "", "2010-12-31": ""}, "Net Acquisitions/Divestitures": {"2019-12-31": "", "2018-12-31": "-133.40000", "2017-12-31": "-10.10000", "2016-12-31": "-1072.96400", "2015-12-31": "-565.30400", "2014-12-31": "", "2013-12-31": "", "2012-12-31": "", "2011-12-31": "-168.15600", "2010-12-31": "-429.18600"}, "Net Change In Short-term Investments": {"2019-12-31": "", "2018-12-31": "", "2017-12-31": "40.10000", "2016-12-31": "194.24400", "2015-12-31": "0.69710", "2014-12-31": "-234.92900", "2013-12-31": "", "2012-12-31": "", "2011-12-31": "", "2010-12-31": ""}, "Net Change In Long-Term Investments": {"2019-12-31": "", "2018-12-31": "", "2017-12-31": "", "2016-12-31": "", "2015-12-31": "", "2014-12-31": "", "2013-12-31": "", "2012-12-31": "", "2011-12-31": "", "2010-12-31": ""}, "Net Change In Investments - Total": {"2019-12-31": "", "2018-12-31": "", "2017-12-31": "40.10000", "2016-12-31": "194.24400", "2015-12-31": "0.69710", "2014-12-31": "-234.92900", "2013-12-31": "", "2012-12-31": "", "2011-12-31": "", "2010-12-31": ""}, "Investing Activities - Other": {"2019-12-31": "-344.00000", "2018-12-31": "-283.00000", "2017-12-31": "-410.30000", "2016-12-31": "-241.17000", "2015-12-31": "-61.81200", "2014-12-31": "-154.94300", "2013-12-31": "-97.30800", "2012-12-31": "-46.78800", "2011-12-31": "-87.01600", "2010-12-31": "-0.00800"}, "Cash Flow From Investing Activities": {"2019-12-31": "-712.60000", "2018-12-31": "-685.60000", "2017-12-31": "-687.00000", "2016-12-31": "-1393.93500", "2015-12-31": "-812.11300", "2014-12-31": "-663.60700", "2013-12-31": "-313.27400", "2012-12-31": "-219.30700", "2011-12-31": "-739.19300", "2010-12-31": "-501.31200"}, "Net Long-Term Debt": {"2019-12-31": "113.50000", "2018-12-31": "104.80000", "2017-12-31": "17.10000", "2016-12-31": "-46.74100", "2015-12-31": "628.83700", "2014-12-31": "547.27000", "2013-12-31": "", "2012-12-31": "-79.33900", "2011-12-31": "287.11700", "2010-12-31": "162.74000"}, "Net Current Debt": {"2019-12-31": "", "2018-12-31": "-350.00000", "2017-12-31": "", "2016-12-31": "350.00000", "2015-12-31": "", "2014-12-31": "-15.00000", "2013-12-31": "15.00000", "2012-12-31": "", "2011-12-31": "", "2010-12-31": ""}, "Debt Issuance/Retirement Net - Total": {"2019-12-31": "113.50000", "2018-12-31": "-245.20000", "2017-12-31": "17.10000", "2016-12-31": "303.25900", "2015-12-31": "628.83700", "2014-12-31": "532.27000", "2013-12-31": "15.00000", "2012-12-31": "-79.33900", "2011-12-31": "287.11700", "2010-12-31": "162.74000"}, "Net Common Equity Issued/Repurchased": {"2019-12-31": "127.60000", "2018-12-31": "328.00000", "2017-12-31": "9.50000", "2016-12-31": "412.93500", "2015-12-31": "335.92700", "2014-12-31": "103.56400", "2013-12-31": "", "2012-12-31": "21.00500", "2011-12-31": "408.39700", "2010-12-31": "483.05500"}, "Net Total Equity Issued/Repurchased": {"2019-12-31": "127.60000", "2018-12-31": "328.00000", "2017-12-31": "9.50000", "2016-12-31": "412.93500", "2015-12-31": "335.92700", "2014-12-31": "103.56400", "2013-12-31": "", "2012-12-31": "21.00500", "2011-12-31": "408.39700", "2010-12-31": "483.05500"}, "Total Common And Preferred Stock Dividends Paid": {"2019-12-31": "-143.50000", "2018-12-31": "-139.00000", "2017-12-31": "-131.70000", "2016-12-31": "-139.43300", "2015-12-31": "-125.97000", "2014-12-31": "-93.61300", "2013-12-31": "-195.66200", "2012-12-31": "-160.96500", "2011-12-31": "", "2010-12-31": ""}, "Financial Activities - Other": {"2019-12-31": "-100.90000", "2018-12-31": "-71.90000", "2017-12-31": "-66.90000", "2016-12-31": "-32.80600", "2015-12-31": "-40.65800", "2014-12-31": "-14.03600", "2013-12-31": "-6.30700", "2012-12-31": "-138.10900", "2011-12-31": "-310.89400", "2010-12-31": "-6.58900"}, "Cash Flow From Financial Activities": {"2019-12-31": "-3.30000", "2018-12-31": "-128.10000", "2017-12-31": "-172.00000", "2016-12-31": "543.95500", "2015-12-31": "798.13600", "2014-12-31": "528.18500", "2013-12-31": "-186.96900", "2012-12-31": "-357.40800", "2011-12-31": "384.62000", "2010-12-31": "639.20600"}, "Net Cash Flow": {"2019-12-31": "217.60000", "2018-12-31": "24.30000", "2017-12-31": "-173.30000", "2016-12-31": "-198.04600", "2015-12-31": "546.44700", "2014-12-31": "320.90300", "2013-12-31": "-208.91400", "2012-12-31": "235.71800", "2011-12-31": "-105.29100", "2010-12-31": "136.68600"}, "Stock-Based Compensation": {"2019-12-31": "37.30000", "2018-12-31": "26.00000", "2017-12-31": "26.80000", "2016-12-31": "22.65600", "2015-12-31": "13.49700", "2014-12-31": "7.18100", "2013-12-31": "3.75300", "2012-12-31": "2.95400", "2011-12-31": "2.51600", "2010-12-31": "2.30000"}, "Common Stock Dividends Paid": {"2019-12-31": "-143.50000", "2018-12-31": "-139.00000", "2017-12-31": "-131.70000", "2016-12-31": "-139.43300", "2015-12-31": "-125.97000", "2014-12-31": "-93.61300", "2013-12-31": "-195.66200", "2012-12-31": "-160.96500", "2011-12-31": "0.00000", "2010-12-31": ""}}, "cash flow statement, quarterly": {"Net Income/Loss": {"2020-09-30": -397.8, "2020-06-30": 413, "2020-03-31": "-1062.50000", "2019-12-31": 69.1, "2019-09-30": 86.3, "2019-06-30": -21.6, "2019-03-31": "241.40000", "2018-12-31": -346.7, "2018-09-30": 192.5, "2018-06-30": 287.7, "2018-03-31": "41.80000", "2017-12-31": 260.355, "2017-09-30": 347.226, "2017-06-30": -104.151, "2017-03-31": "-20.03000", "2016-12-31": 71.762, "2016-09-30": 56.444, "2016-06-30": 120.648, "2016-03-31": "-23.33600", "2015-12-31": -121.541, "2015-09-30": 55.495, "2015-06-30": 158.46, "2015-03-31": "103.11900", "2014-12-31": -320.849, "2014-09-30": 170.012, "2014-06-30": 45.836, "2014-03-31": "183.27200", "2013-12-31": 102.097, "2013-09-30": -64.894, "2013-06-30": 107.171, "2013-03-31": "69.71100", "2012-12-31": 264.256, "2012-09-30": 186.563, "2012-06-30": 555.742, "2012-03-31": "-202.53100", "2011-12-31": 287.02, "2010-12-31": -44.35}, "Total Depreciation And Amortization - Cash Flow": {"2020-09-30": 137.9, "2020-06-30": 131, "2020-03-31": "123.00000", "2019-12-31": 116.2, "2019-09-30": 112.9, "2019-06-30": 109.8, "2019-03-31": "108.60000", "2018-12-31": 100.9, "2018-09-30": 95.4, "2018-06-30": 94.3, "2018-03-31": "88.00000", "2017-12-31": 84.848, "2017-09-30": 80.457, "2017-06-30": 71.068, "2017-03-31": "63.52700", "2016-12-31": 62.037, "2016-09-30": 58.388, "2016-06-30": 53.928, "2016-03-31": "58.59500", "2015-12-31": 55.495, "2015-09-30": 50.67, "2015-06-30": 50.947, "2015-03-31": "49.89200", "2014-12-31": 46.662, "2014-09-30": 70.11, "2014-06-30": 36.589, "2014-03-31": "34.84800", "2013-12-31": 31.584, "2013-09-30": 29.064, "2013-06-30": 29.211, "2013-03-31": "28.14200", "2012-12-31": 26.505, "2012-09-30": 25.664, "2012-06-30": 23.728, "2012-03-31": "26.14300", "2011-12-31": 55.38, "2010-12-31": 1.53}, "Other Non-Cash Items": {"2020-09-30": -12.8, "2020-06-30": -858.7, "2020-03-31": "834.90000", "2019-12-31": 79.4, "2019-09-30": 35.6, "2019-06-30": 216, "2019-03-31": "-391.00000", "2018-12-31": 502.2, "2018-09-30": -21.1, "2018-06-30": -53.2, "2018-03-31": "-51.00000", "2017-12-31": 66.994, "2017-09-30": -71.067, "2017-06-30": 140.922, "2017-03-31": "-6.54900", "2016-12-31": -153.671, "2016-09-30": 25.999, "2016-06-30": -104.732, "2016-03-31": "42.95300", "2015-12-31": 314.097, "2015-09-30": 132.701, "2015-06-30": -26.123, "2015-03-31": "75.47400", "2014-12-31": 512.805, "2014-09-30": 11.862, "2014-06-30": 21.2, "2014-03-31": "23.53700", "2013-12-31": 14.263, "2013-09-30": 1.813, "2013-06-30": -1.572, "2013-03-31": "5.83200", "2012-12-31": 1.456, "2012-09-30": 28.238, "2012-06-30": 6.886, "2012-03-31": "-12.20300", "2011-12-31": 0, "2010-12-31": 0}, "Total Non-Cash Items": {"2020-09-30": 125.1, "2020-06-30": -727.7, "2020-03-31": "957.90000", "2019-12-31": 195.6, "2019-09-30": 148.5, "2019-06-30": 325.8, "2019-03-31": "-282.40000", "2018-12-31": 603.1, "2018-09-30": 74.3, "2018-06-30": 41.1, "2018-03-31": "37.00000", "2017-12-31": 151.842, "2017-09-30": 9.39, "2017-06-30": 211.99, "2017-03-31": "56.97800", "2016-12-31": -91.634, "2016-09-30": 84.387, "2016-06-30": -50.804, "2016-03-31": "101.54800", "2015-12-31": 369.592, "2015-09-30": 183.371, "2015-06-30": 24.824, "2015-03-31": "125.36600", "2014-12-31": 559.467, "2014-09-30": 81.972, "2014-06-30": 57.789, "2014-03-31": "58.38500", "2013-12-31": 45.847, "2013-09-30": 30.877, "2013-06-30": 27.639, "2013-03-31": "33.97400", "2012-12-31": 3.584, "2012-09-30": 53.902, "2012-06-30": 30.614, "2012-03-31": "13.94000", "2011-12-31": 55.38, "2010-12-31": 1.53}, "Change In Accounts Receivable": {"2020-09-30": -35.6, "2020-06-30": 10, "2020-03-31": "396.00000", "2019-12-31": 45.5, "2019-09-30": 110, "2019-06-30": -120.4, "2019-03-31": "-151.20000", "2018-12-31": 349.6, "2018-09-30": -33.8, "2018-06-30": -203, "2018-03-31": "121.50000", "2017-12-31": -176.562, "2017-09-30": -164.371, "2017-06-30": -1.429, "2017-03-31": "9.96200", "2016-12-31": 33.463, "2016-09-30": -5.772, "2016-06-30": -106.342, "2016-03-31": "-86.76500", "2015-12-31": -58.009, "2015-09-30": 144.603, "2015-06-30": -99.042, "2015-03-31": "110.08400", "2014-12-31": 147.13, "2014-09-30": 14.827, "2014-06-30": -183.585, "2014-03-31": "67.00600", "2013-12-31": -18.768, "2013-09-30": 13.473, "2013-06-30": 71.494, "2013-03-31": "-159.05000", "2012-12-31": -7.555, "2012-09-30": -47.993, "2012-06-30": 48.992, "2012-03-31": "-180.98800", "2011-12-31": 0, "2010-12-31": 0}, "Change In Inventories": {"2020-09-30": 144.5, "2020-06-30": -49.5, "2020-03-31": "74.30000", "2019-12-31": -18.7, "2019-09-30": 137, "2019-06-30": 70.1, "2019-03-31": "-194.70000", "2018-12-31": 43.6, "2018-09-30": 33.9, "2018-06-30": 197.5, "2018-03-31": "-278.30000", "2017-12-31": 294.489, "2017-09-30": -170.451, "2017-06-30": 59.699, "2017-03-31": "-238.43700", "2016-12-31": 182.55, "2016-09-30": -28.527, "2016-06-30": 78.544, "2016-03-31": "4.03500", "2015-12-31": -161.062, "2015-09-30": -26.211, "2015-06-30": -83.612, "2015-03-31": "-1.00700", "2014-12-31": -15.493, "2014-09-30": -129.444, "2014-06-30": -149.12, "2014-03-31": "-99.97400", "2013-12-31": 14.826, "2013-09-30": 214.203, "2013-06-30": -205.098, "2013-03-31": "22.06000", "2012-12-31": -165.276, "2012-09-30": 150.933, "2012-06-30": -119.898, "2012-03-31": "54.14400", "2011-12-31": 0, "2010-12-31": 0}, "Change In Accounts Payable": {"2020-09-30": -206.3, "2020-06-30": 7.7, "2020-03-31": "-199.90000", "2019-12-31": 80.7, "2019-09-30": 90.3, "2019-06-30": -79.6, "2019-03-31": "46.10000", "2018-12-31": -15.7, "2018-09-30": -171.5, "2018-06-30": 29.8, "2018-03-31": "31.90000", "2017-12-31": -113.829, "2017-09-30": 36.331, "2017-06-30": 48.24, "2017-03-31": "-187.04200", "2016-12-31": 115.405, "2016-09-30": -6.796, "2016-06-30": 64.801, "2016-03-31": "-6.61500", "2015-12-31": 40.73, "2015-09-30": -141.864, "2015-06-30": 41.481, "2015-03-31": "-32.28100", "2014-12-31": 8.983, "2014-09-30": -12.9, "2014-06-30": 92.366, "2014-03-31": "-155.47400", "2013-12-31": -161.629, "2013-09-30": 336.355, "2013-06-30": -248.653, "2013-03-31": "116.16300", "2012-12-31": 113.143, "2012-09-30": -45.035, "2012-06-30": -57.004, "2012-03-31": "62.88600", "2011-12-31": 0, "2010-12-31": 0}, "Change In Assets/Liabilities": {"2020-09-30": 2.4, "2020-06-30": -41.9, "2020-03-31": "-40.20000", "2019-12-31": 6, "2019-09-30": 0.3, "2019-06-30": -25.1, "2019-03-31": "-33.60000", "2018-12-31": 29.8, "2018-09-30": 5.7, "2018-06-30": 24.3, "2018-03-31": "-31.00000", "2017-12-31": 3.544, "2017-09-30": -3.605, "2017-06-30": -3.27, "2017-03-31": "19.33100", "2016-12-31": 43.55, "2016-09-30": -79.507, "2016-06-30": -36.836, "2016-03-31": "-0.08900", "2015-12-31": -17.924, "2015-09-30": -47.534, "2015-06-30": 7.354, "2015-03-31": "22.83700", "2014-12-31": -29.136, "2014-09-30": 35.76, "2014-06-30": -42.948, "2014-03-31": "10.65800", "2013-12-31": 5.707, "2013-09-30": -202.776, "2013-06-30": -46.38, "2013-03-31": "-22.49900", "2012-12-31": 18.778, "2012-09-30": 30.161, "2012-06-30": -108.73, "2012-03-31": "99.52800", "2011-12-31": 0, "2010-12-31": 0}, "Total Change In Assets/Liabilities": {"2020-09-30": 108.9, "2020-06-30": -78.3, "2020-03-31": "-131.20000", "2019-12-31": 236.6, "2019-09-30": 224.8, "2019-06-30": -181.7, "2019-03-31": "-108.90000", "2018-12-31": -138.6, "2018-09-30": 145.5, "2018-06-30": 64.5, "2018-03-31": "-164.20000", "2017-12-31": -48.72, "2017-09-30": 0.272, "2017-06-30": 22.86, "2017-03-31": "-202.31200", "2016-12-31": 283.594, "2016-09-30": 31.247, "2016-06-30": 166.887, "2016-03-31": "-98.80900", "2015-12-31": 71.974, "2015-09-30": -316.142, "2015-06-30": 1.886, "2015-03-31": "-95.98000", "2014-12-31": -135.254, "2014-09-30": -65.08, "2014-06-30": -198.139, "2014-03-31": "18.91400", "2013-12-31": 0.804, "2013-09-30": 216.799, "2013-06-30": -386.077, "2013-03-31": "107.38100", "2012-12-31": 51.388, "2012-09-30": 110.983, "2012-06-30": -200.281, "2012-03-31": "-80.11000", "2011-12-31": -121.45, "2010-12-31": 35.63}, "Cash Flow From Operating Activities": {"2020-09-30": -163.8, "2020-06-30": -393, "2020-03-31": "-235.80000", "2019-12-31": 501.3, "2019-09-30": 459.6, "2019-06-30": 122.5, "2019-03-31": "-149.90000", "2018-12-31": 117.8, "2018-09-30": 412.3, "2018-06-30": 393.3, "2018-03-31": "-85.40000", "2017-12-31": 363.477, "2017-09-30": 356.888, "2017-06-30": 130.699, "2017-03-31": "-165.36400", "2016-12-31": 263.722, "2016-09-30": 172.078, "2016-06-30": 236.731, "2016-03-31": "-20.59700", "2015-12-31": 320.025, "2015-09-30": -77.276, "2015-06-30": 185.17, "2015-03-31": "132.50500", "2014-12-31": 103.364, "2014-09-30": 186.904, "2014-06-30": -94.514, "2014-03-31": "260.57100", "2013-12-31": 148.748, "2013-09-30": 182.782, "2013-06-30": -251.267, "2013-03-31": "211.06600", "2012-12-31": 343.608, "2012-09-30": 351.448, "2012-06-30": 386.075, "2012-03-31": "-268.70100", "2011-12-31": 250.48, "2010-12-31": -1.2}, "Net Change In Property, Plant, And Equipment": {"2020-09-30": -37.6, "2020-06-30": 474.3, "2020-03-31": "-65.30000", "2019-12-31": -95.9, "2019-09-30": -66.6, "2019-06-30": -100.7, "2019-03-31": "-105.40000", "2018-12-31": -125.3, "2018-09-30": -28.2, "2018-06-30": -90.8, "2018-03-31": "-24.90000", "2017-12-31": -39.549, "2017-09-30": 167.67, "2017-06-30": -325.095, "2017-03-31": "-109.72600", "2016-12-31": 5.923, "2016-09-30": -76.72, "2016-06-30": -160.078, "2016-03-31": "-43.17000", "2015-12-31": -65.055, "2015-09-30": -34.707, "2015-06-30": -61.155, "2015-03-31": "-24.77700", "2014-12-31": -89.203, "2014-09-30": -96.998, "2014-06-30": -65.166, "2014-03-31": "-22.36800", "2013-12-31": -44.886, "2013-09-30": -65.996, "2013-06-30": -48.932, "2013-03-31": "-56.15200", "2012-12-31": -73.887, "2012-09-30": -37.881, "2012-06-30": -40.557, "2012-03-31": "-20.18500", "2011-12-31": -411.91, "2010-12-31": -72.11}, "Net Change In Intangible Assets": {"2020-09-30": 0, "2020-06-30": 0, "2020-03-31": "", "2019-12-31": 0, "2019-09-30": 0, "2019-06-30": 0, "2019-03-31": "", "2018-12-31": 0, "2018-09-30": 0, "2018-06-30": 0, "2018-03-31": "", "2017-12-31": 0, "2017-09-30": 0, "2017-06-30": 0, "2017-03-31": "", "2016-12-31": 0, "2016-09-30": 0, "2016-06-30": 0, "2016-03-31": "", "2015-12-31": 0, "2015-09-30": 0, "2015-06-30": 0, "2015-03-31": "", "2014-12-31": 0, "2014-09-30": 0, "2014-06-30": 0, "2014-03-31": "", "2013-12-31": 0, "2013-09-30": 0, "2013-06-30": 0, "2013-03-31": "", "2012-12-31": 0, "2012-09-30": 0, "2012-06-30": 0, "2012-03-31": "", "2011-12-31": 0, "2010-12-31": 0}, "Net Acquisitions/Divestitures": {"2020-09-30": 0, "2020-06-30": 0, "2020-03-31": "-1176.20000", "2019-12-31": 0, "2019-09-30": 0, "2019-06-30": 0, "2019-03-31": "", "2018-12-31": -75.4, "2018-09-30": 0, "2018-06-30": -58, "2018-03-31": "", "2017-12-31": -0.003, "2017-09-30": 0, "2017-06-30": -10.097, "2017-03-31": "", "2016-12-31": -98.373, "2016-09-30": -971.932, "2016-06-30": 0, "2016-03-31": "-2.65900", "2015-12-31": -565.304, "2015-09-30": 0, "2015-06-30": 0, "2015-03-31": "", "2014-12-31": 0, "2014-09-30": 0, "2014-06-30": 0, "2014-03-31": "", "2013-12-31": 0, "2013-09-30": 0, "2013-06-30": 0, "2013-03-31": "", "2012-12-31": 0, "2012-09-30": 0, "2012-06-30": 0, "2012-03-31": "", "2011-12-31": 261.03, "2010-12-31": -429.18}, "Net Change In Short-term Investments": {"2020-09-30": 0, "2020-06-30": 0, "2020-03-31": "", "2019-12-31": 0, "2019-09-30": 0, "2019-06-30": 0, "2019-03-31": "", "2018-12-31": 0, "2018-09-30": 0, "2018-06-30": 0, "2018-03-31": "", "2017-12-31": 0.076, "2017-09-30": 0, "2017-06-30": 40.054, "2017-03-31": "-0.03000", "2016-12-31": 19.9669, "2016-09-30": 76.1531, "2016-06-30": 98.264, "2016-03-31": "-0.14000", "2015-12-31": 0.0001, "2015-09-30": -0.002, "2015-06-30": 0.695, "2015-03-31": "0.00400", "2014-12-31": 29.981, "2014-09-30": 35.1, "2014-06-30": -300.01, "2014-03-31": "", "2013-12-31": 0, "2013-09-30": 0, "2013-06-30": 0, "2013-03-31": "", "2012-12-31": 0, "2012-09-30": 0, "2012-06-30": 0, "2012-03-31": "", "2011-12-31": 0, "2010-12-31": 0}, "Net Change In Long-Term Investments": {"2020-09-30": 0, "2020-06-30": 0, "2020-03-31": "", "2019-12-31": 0, "2019-09-30": 0, "2019-06-30": 0, "2019-03-31": "", "2018-12-31": 0, "2018-09-30": 0, "2018-06-30": 0, "2018-03-31": "", "2017-12-31": 0, "2017-09-30": 0, "2017-06-30": 0, "2017-03-31": "", "2016-12-31": 0, "2016-09-30": 0, "2016-06-30": 0, "2016-03-31": "", "2015-12-31": 0, "2015-09-30": 0, "2015-06-30": 0, "2015-03-31": "", "2014-12-31": 0, "2014-09-30": 0, "2014-06-30": 0, "2014-03-31": "", "2013-12-31": 0, "2013-09-30": 0, "2013-06-30": 0, "2013-03-31": "", "2012-12-31": 0, "2012-09-30": 0, "2012-06-30": 0, "2012-03-31": "", "2011-12-31": 0, "2010-12-31": 0}, "Net Change In Investments - Total": {"2020-09-30": 0, "2020-06-30": 0, "2020-03-31": "", "2019-12-31": 0, "2019-09-30": 0, "2019-06-30": 0, "2019-03-31": "", "2018-12-31": 0, "2018-09-30": 0, "2018-06-30": 0, "2018-03-31": "", "2017-12-31": 0.076, "2017-09-30": 0, "2017-06-30": 40.054, "2017-03-31": "-0.03000", "2016-12-31": 19.9669, "2016-09-30": 76.1531, "2016-06-30": 98.264, "2016-03-31": "-0.14000", "2015-12-31": 0.0001, "2015-09-30": -0.002, "2015-06-30": 0.695, "2015-03-31": "0.00400", "2014-12-31": 29.981, "2014-09-30": 35.1, "2014-06-30": -300.01, "2014-03-31": "", "2013-12-31": 0, "2013-09-30": 0, "2013-06-30": 0, "2013-03-31": "", "2012-12-31": 0, "2012-09-30": 0, "2012-06-30": 0, "2012-03-31": "", "2011-12-31": 0, "2010-12-31": 0}, "Investing Activities - Other": {"2020-09-30": -19.1, "2020-06-30": -92.7, "2020-03-31": "-73.70000", "2019-12-31": -23.2, "2019-09-30": -25, "2019-06-30": -140.6, "2019-03-31": "-155.20000", "2018-12-31": -65.1, "2018-09-30": -26.4, "2018-06-30": -123.1, "2018-03-31": "-68.40000", "2017-12-31": -37.606, "2017-09-30": -348.947, "2017-06-30": 55.471, "2017-03-31": "-79.21800", "2016-12-31": -74.499, "2016-09-30": -38.697, "2016-06-30": -28.064, "2016-03-31": "-99.91000", "2015-12-31": -14.812, "2015-09-30": -18.658, "2015-06-30": -5.008, "2015-03-31": "-23.33400", "2014-12-31": -83.074, "2014-09-30": -24.274, "2014-06-30": -17.31, "2014-03-31": "-30.28500", "2013-12-31": -70.865, "2013-09-30": -18.803, "2013-06-30": -4.639, "2013-03-31": "-3.00100", "2012-12-31": -11.548, "2012-09-30": -6.12, "2012-06-30": -10.181, "2012-03-31": "-18.93100", "2011-12-31": -87.002, "2010-12-31": -0.008}, "Cash Flow From Investing Activities": {"2020-09-30": -56.7, "2020-06-30": 381.6, "2020-03-31": "-1315.20000", "2019-12-31": -119.1, "2019-09-30": -91.6, "2019-06-30": -241.3, "2019-03-31": "-260.60000", "2018-12-31": -265.8, "2018-09-30": -54.6, "2018-06-30": -271.9, "2018-03-31": "-93.30000", "2017-12-31": -77.082, "2017-09-30": -181.277, "2017-06-30": -239.667, "2017-03-31": "-188.97400", "2016-12-31": -146.982, "2016-09-30": -1011.196, "2016-06-30": -89.878, "2016-03-31": "-145.87900", "2015-12-31": -645.171, "2015-09-30": -53.367, "2015-06-30": -65.468, "2015-03-31": "-48.10700", "2014-12-31": -142.296, "2014-09-30": -86.172, "2014-06-30": -382.486, "2014-03-31": "-52.65300", "2013-12-31": -115.751, "2013-09-30": -84.799, "2013-06-30": -53.571, "2013-03-31": "-59.15300", "2012-12-31": -85.445, "2012-09-30": -44.001, "2012-06-30": -50.738, "2012-03-31": "-39.11600", "2011-12-31": -237.88, "2010-12-31": -501.31}, "Net Long-Term Debt": {"2020-09-30": -1159.2, "2020-06-30": 848.6, "2020-03-31": "1773.40000", "2019-12-31": -148.3, "2019-09-30": -1231.1, "2019-06-30": 885.4, "2019-03-31": "607.50000", "2018-12-31": 97.7, "2018-09-30": -26.4, "2018-06-30": 18.2, "2018-03-31": "15.30000", "2017-12-31": -463.068, "2017-09-30": 488.336, "2017-06-30": 33.138, "2017-03-31": "-41.30600", "2016-12-31": -13.375, "2016-09-30": -48.135, "2016-06-30": 14.769, "2016-03-31": "", "2015-12-31": 500, "2015-09-30": 24.013, "2015-06-30": 104.173, "2015-03-31": "0.65100", "2014-12-31": 106.345, "2014-09-30": 132.7, "2014-06-30": 308.225, "2014-03-31": "", "2013-12-31": 0, "2013-09-30": 0, "2013-06-30": 0, "2013-03-31": "", "2012-12-31": 0, "2012-09-30": -142.879, "2012-06-30": -215.6741, "2012-03-31": "279.21410", "2011-12-31": 0, "2010-12-31": 0}, "Net Current Debt": {"2020-09-30": 1450, "2020-06-30": -300, "2020-03-31": "-250.00000", "2019-12-31": 0, "2019-09-30": 1250, "2019-06-30": -925, "2019-03-31": "-325.00000", "2018-12-31": -350, "2018-09-30": 0, "2018-06-30": 0, "2018-03-31": "", "2017-12-31": 490, "2017-09-30": -490, "2017-06-30": 0, "2017-03-31": "", "2016-12-31": -200, "2016-09-30": 0, "2016-06-30": 550, "2016-03-31": "", "2015-12-31": 0, "2015-09-30": 0, "2015-06-30": 0, "2015-03-31": "", "2014-12-31": 0, "2014-09-30": 0, "2014-06-30": 0, "2014-03-31": "-15.00000", "2013-12-31": 0, "2013-09-30": -80, "2013-06-30": 95, "2013-03-31": "", "2012-12-31": 0, "2012-09-30": 0, "2012-06-30": 0, "2012-03-31": "", "2011-12-31": 0, "2010-12-31": 0}, "Debt Issuance/Retirement Net - Total": {"2020-09-30": 290.8, "2020-06-30": 548.6, "2020-03-31": "1523.40000", "2019-12-31": -148.3, "2019-09-30": 18.9, "2019-06-30": -39.6, "2019-03-31": "282.50000", "2018-12-31": -252.3, "2018-09-30": -26.4, "2018-06-30": 18.2, "2018-03-31": "15.30000", "2017-12-31": 26.932, "2017-09-30": -1.664, "2017-06-30": 33.138, "2017-03-31": "-41.30600", "2016-12-31": -213.375, "2016-09-30": -48.135, "2016-06-30": 564.769, "2016-03-31": "", "2015-12-31": 500, "2015-09-30": 24.013, "2015-06-30": 104.173, "2015-03-31": "0.65100", "2014-12-31": 106.345, "2014-09-30": 132.7, "2014-06-30": 308.225, "2014-03-31": "-15.00000", "2013-12-31": 0, "2013-09-30": -80, "2013-06-30": 95, "2013-03-31": "", "2012-12-31": 0.009, "2012-09-30": -142.879, "2012-06-30": -215.6741, "2012-03-31": "279.21410", "2011-12-31": 124.37, "2010-12-31": 162.74}, "Net Common Equity Issued/Repurchased": {"2020-09-30": 0, "2020-06-30": -0.2, "2020-03-31": "0.20000", "2019-12-31": 127.6, "2019-09-30": 1.2, "2019-06-30": -0.3, "2019-03-31": "-0.90000", "2018-12-31": -6.8, "2018-09-30": 324.1, "2018-06-30": 11.7, "2018-03-31": "-1.00000", "2017-12-31": 9.5, "2017-09-30": 0, "2017-06-30": 0, "2017-03-31": "", "2016-12-31": 274.68, "2016-09-30": 138.255, "2016-06-30": 1.487, "2016-03-31": "-1.48700", "2015-12-31": 344, "2015-09-30": -4.073, "2015-06-30": -3.593, "2015-03-31": "-0.40700", "2014-12-31": -204.8, "2014-09-30": -27.593, "2014-06-30": 335.957, "2014-03-31": "", "2013-12-31": 0, "2013-09-30": 0, "2013-06-30": 0, "2013-03-31": "", "2012-12-31": 20.755, "2012-09-30": 0, "2012-06-30": 0, "2012-03-31": "0.25000", "2011-12-31": 0, "2010-12-31": 0}, "Net Total Equity Issued/Repurchased": {"2020-09-30": 0, "2020-06-30": -0.2, "2020-03-31": "0.20000", "2019-12-31": 127.6, "2019-09-30": 1.2, "2019-06-30": -0.3, "2019-03-31": "-0.90000", "2018-12-31": -6.8, "2018-09-30": 324.1, "2018-06-30": 11.7, "2018-03-31": "-1.00000", "2017-12-31": 9.5, "2017-09-30": 0, "2017-06-30": 0, "2017-03-31": "", "2016-12-31": 274.68, "2016-09-30": 138.255, "2016-06-30": 1.487, "2016-03-31": "-1.48700", "2015-12-31": 344, "2015-09-30": -4.073, "2015-06-30": -3.593, "2015-03-31": "-0.40700", "2014-12-31": -204.8, "2014-09-30": -27.593, "2014-06-30": 335.957, "2014-03-31": "", "2013-12-31": 0, "2013-09-30": 0, "2013-06-30": 0, "2013-03-31": "", "2012-12-31": 20.75, "2012-09-30": 0, "2012-06-30": 0, "2012-03-31": "0.25000", "2011-12-31": -74.66, "2010-12-31": 483.05}, "Total Common And Preferred Stock Dividends Paid": {"2020-09-30": 26.1, "2020-06-30": -26.5, "2020-03-31": "-35.90000", "2019-12-31": -33.2, "2019-09-30": -9.4, "2019-06-30": -65, "2019-03-31": "-35.90000", "2018-12-31": -34.3, "2018-09-30": -36.1, "2018-06-30": -34.4, "2018-03-31": "-34.20000", "2017-12-31": -29.529, "2017-09-30": -34.064, "2017-06-30": -34.055, "2017-03-31": "-34.05200", "2016-12-31": -46.93, "2016-09-30": -30.836, "2016-06-30": -32.325, "2016-03-31": "-29.34200", "2015-12-31": -33.431, "2015-09-30": -32.732, "2015-06-30": -32.464, "2015-03-31": "-27.34300", "2014-12-31": 50.416, "2014-09-30": -30.022, "2014-06-30": -84.346, "2014-03-31": "-29.66100", "2013-12-31": -29.163, "2013-09-30": -30.386, "2013-06-30": -103.137, "2013-03-31": "-32.97600", "2012-12-31": -145.879, "2012-09-30": -2.221, "2012-06-30": -12.86, "2012-03-31": "", "2011-12-31": 0, "2010-12-31": 0}, "Financial Activities - Other": {"2020-09-30": -39, "2020-06-30": -7.4, "2020-03-31": "-29.50000", "2019-12-31": -49.7, "2019-09-30": -46.5, "2019-06-30": 9.5, "2019-03-31": "-14.20000", "2018-12-31": -20.5, "2018-09-30": -38.4, "2018-06-30": -1.6, "2018-03-31": "-11.40000", "2017-12-31": -21.215, "2017-09-30": -12.023, "2017-06-30": -23.175, "2017-03-31": "-10.48700", "2016-12-31": -10.243, "2016-09-30": -7.699, "2016-06-30": -8.17, "2016-03-31": "-6.69400", "2015-12-31": -13.932, "2015-09-30": -7.558, "2015-06-30": -13.476, "2015-03-31": "-5.69200", "2014-12-31": 7.451, "2014-09-30": -15.968, "2014-06-30": -2.427, "2014-03-31": "-3.09200", "2013-12-31": 15.719, "2013-09-30": 0.59, "2013-06-30": -21.883, "2013-03-31": "-0.73300", "2012-12-31": -17.185, "2012-09-30": -1.027, "2012-06-30": -104.33, "2012-03-31": "-15.55800", "2011-12-31": -304.31, "2010-12-31": -6.58}, "Cash Flow From Financial Activities": {"2020-09-30": 277.9, "2020-06-30": 514.5, "2020-03-31": "1458.20000", "2019-12-31": -103.6, "2019-09-30": -35.8, "2019-06-30": -95.4, "2019-03-31": "231.50000", "2018-12-31": -313.9, "2018-09-30": 223.2, "2018-06-30": -6.1, "2018-03-31": "-31.30000", "2017-12-31": -14.312, "2017-09-30": -47.751, "2017-06-30": -24.092, "2017-03-31": "-85.84500", "2016-12-31": 4.132, "2016-09-30": 51.585, "2016-06-30": 525.761, "2016-03-31": "-37.52300", "2015-12-31": 796.637, "2015-09-30": -20.35, "2015-06-30": 54.64, "2015-03-31": "-32.79100", "2014-12-31": -40.588, "2014-09-30": 59.117, "2014-06-30": 557.409, "2014-03-31": "-47.75300", "2013-12-31": -13.444, "2013-09-30": -109.796, "2013-06-30": -30.02, "2013-03-31": "-33.70900", "2012-12-31": -142.315, "2012-09-30": -146.127, "2012-06-30": -332.864, "2012-03-31": "263.90600", "2011-12-31": -254.58, "2010-12-31": 639.2}, "Net Cash Flow": {"2020-09-30": 57.4, "2020-06-30": 503.1, "2020-03-31": "-92.80000", "2019-12-31": 278.6, "2019-09-30": 332.2, "2019-06-30": -214.2, "2019-03-31": "-179.00000", "2018-12-31": -461.9, "2018-09-30": 580.9, "2018-06-30": 115.3, "2018-03-31": "-210.00000", "2017-12-31": 272.083, "2017-09-30": 127.86, "2017-06-30": -133.06, "2017-03-31": "-440.18300", "2016-12-31": 120.872, "2016-09-30": -787.533, "2016-06-30": 672.614, "2016-03-31": "-203.99900", "2015-12-31": 471.491, "2015-09-30": -150.993, "2015-06-30": 174.342, "2015-03-31": "51.60700", "2014-12-31": -79.52, "2014-09-30": 159.849, "2014-06-30": 80.409, "2014-03-31": "160.16500", "2013-12-31": 19.553, "2013-09-30": -11.813, "2013-06-30": -334.858, "2013-03-31": "118.20400", "2012-12-31": 115.828, "2012-09-30": 161.32, "2012-06-30": 2.473, "2012-03-31": "-43.91100", "2011-12-31": -241.97, "2010-12-31": 136.68}, "Stock-Based Compensation": {"2020-09-30": 10.4, "2020-06-30": 9.1, "2020-03-31": "9.60000", "2019-12-31": 8.9, "2019-09-30": 8.4, "2019-06-30": 12, "2019-03-31": "8.00000", "2018-12-31": 7.4, "2018-09-30": 5.6, "2018-06-30": 7.9, "2018-03-31": "5.10000", "2017-12-31": 8.736, "2017-09-30": 4.222, "2017-06-30": 7.817, "2017-03-31": "6.02500", "2016-12-31": 6.325, "2016-09-30": 3.622, "2016-06-30": 9.359, "2016-03-31": "3.35000", "2015-12-31": 4.74, "2015-09-30": 3.363, "2015-06-30": 2.439, "2015-03-31": "2.95500", "2014-12-31": 1.804, "2014-09-30": 2.454, "2014-06-30": 1.503, "2014-03-31": "1.42000", "2013-12-31": 1.003, "2013-09-30": 0.773, "2013-06-30": 0.957, "2013-03-31": "1.02000", "2012-12-31": 1.247, "2012-09-30": 0.66, "2012-06-30": 0.54, "2012-03-31": "0.50700", "2011-12-31": 0, "2010-12-31": 0}, "Common Stock Dividends Paid": {"2020-09-30": 26.1, "2020-06-30": -26.5, "2020-03-31": "-35.90000", "2019-12-31": -33.2, "2019-09-30": -9.4, "2019-06-30": -65, "2019-03-31": "-35.90000", "2018-12-31": -34.3, "2018-09-30": -36.1, "2018-06-30": -34.4, "2018-03-31": "-34.20000", "2017-12-31": -29.529, "2017-09-30": -34.064, "2017-06-30": -34.055, "2017-03-31": "-34.05200", "2016-12-31": -46.93, "2016-09-30": -30.836, "2016-06-30": -32.325, "2016-03-31": "-29.34200", "2015-12-31": -33.431, "2015-09-30": -32.732, "2015-06-30": -32.464, "2015-03-31": "-27.34300", "2014-12-31": 50.416, "2014-09-30": -30.022, "2014-06-30": -84.346, "2014-03-31": "-29.66100", "2013-12-31": -29.163, "2013-09-30": -30.386, "2013-06-30": -103.137, "2013-03-31": "-32.97600", "2012-12-31": -145.884, "2012-09-30": -2.221, "2012-06-30": -12.86, "2012-03-31": "", "2011-12-31": 0, "2010-12-31": 0}}, "financial ratios": {"Current Ratio": {"2019-12-31": "1.52390", "2018-12-31": "1.51650", "2017-12-31": "1.57220", "2016-12-31": "1.65680", "2015-12-31": "2.02070", "2014-12-31": "1.52100", "2013-12-31": "1.33810", "2012-12-31": "1.43970", "2011-12-31": "1.17250", "2010-12-31": ""}, "Long-term Debt / Capital": {"2019-12-31": "0.36540", "2018-12-31": "0.37290", "2017-12-31": "0.42830", "2016-12-31": "0.45060", "2015-12-31": "0.46750", "2014-12-31": "0.42040", "2013-12-31": "0.30010", "2012-12-31": "0.29750", "2011-12-31": "0.41890", "2010-12-31": ""}, "Debt/Equity Ratio": {"2019-12-31": "0.57590", "2018-12-31": "0.59530", "2017-12-31": "0.75500", "2016-12-31": "0.83570", "2015-12-31": "0.87810", "2014-12-31": "0.72520", "2013-12-31": "0.43580", "2012-12-31": "0.42350", "2011-12-31": "0.72450", "2010-12-31": ""}, "Gross Margin": {"2019-12-31": "10.99800", "2018-12-31": "8.54700", "2017-12-31": "12.14050", "2016-12-31": "13.22670", "2015-12-31": "11.08350", "2014-12-31": "6.84360", "2013-12-31": "7.03940", "2012-12-31": "9.28370", "2011-12-31": "7.38740", "2010-12-31": "3.18030"}, "Operating Margin": {"2019-12-31": "2.64810", "2018-12-31": "1.31720", "2017-12-31": "3.35800", "2016-12-31": "3.13720", "2015-12-31": "2.74390", "2014-12-31": "0.74470", "2013-12-31": "1.71470", "2012-12-31": "4.57050", "2011-12-31": "2.04330", "2010-12-31": "-19.81860"}, "EBIT Margin": {"2019-12-31": "2.64810", "2018-12-31": "1.31720", "2017-12-31": "3.35800", "2016-12-31": "3.13720", "2015-12-31": "2.74390", "2014-12-31": "0.74470", "2013-12-31": "1.71470", "2012-12-31": "4.57050", "2011-12-31": "2.04330", "2010-12-31": "-19.81860"}, "EBITDA Margin": {"2019-12-31": "4.47400", "2018-12-31": "2.70980", "2017-12-31": "4.73460", "2016-12-31": "4.60040", "2015-12-31": "4.32120", "2014-12-31": "1.69390", "2013-12-31": "2.33090", "2012-12-31": "5.07720", "2011-12-31": "2.42380", "2010-12-31": "-19.09230"}, "Pre-Tax Profit Margin": {"2019-12-31": "1.95650", "2018-12-31": "0.76800", "2017-12-31": "3.66740", "2016-12-31": "2.28110", "2015-12-31": "2.15070", "2014-12-31": "0.28170", "2013-12-31": "1.20500", "2012-12-31": "3.99880", "2011-12-31": "1.62210", "2010-12-31": "-21.05510"}, "Net Profit Margin": {"2019-12-31": "1.30320", "2018-12-31": "0.47190", "2017-12-31": "1.90760", "2016-12-31": "1.07290", "2015-12-31": "1.11550", "2014-12-31": "-0.19280", "2013-12-31": "0.20650", "2012-12-31": "0.00970", "2011-12-31": "1.62210", "2010-12-31": "-21.05510"}, "Asset Turnover": {"2019-12-31": "2.68370", "2018-12-31": "3.39600", "2017-12-31": "2.68370", "2016-12-31": "2.08880", "2015-12-31": "2.14970", "2014-12-31": "3.83970", "2013-12-31": "4.33900", "2012-12-31": "4.73440", "2011-12-31": "4.13140", "2010-12-31": ""}, "Inventory Turnover Ratio": {"2019-12-31": "10.27840", "2018-12-31": "13.32540", "2017-12-31": "8.64650", "2016-12-31": "7.41310", "2015-12-31": "9.93750", "2014-12-31": "16.75760", "2013-12-31": "12.31620", "2012-12-31": "12.20280", "2011-12-31": "9.13490", "2010-12-31": ""}, "Receiveable Turnover": {"2019-12-31": "29.35110", "2018-12-31": "37.85310", "2017-12-31": "22.87180", "2016-12-31": "25.67090", "2015-12-31": "28.85910", "2014-12-31": "35.96820", "2013-12-31": "32.09850", "2012-12-31": "39.97390", "2011-12-31": "47.30510", "2010-12-31": ""}, "Days Sales In Receivables": {"2019-12-31": "12.43560", "2018-12-31": "9.64250", "2017-12-31": "15.95850", "2016-12-31": "14.21850", "2015-12-31": "12.64770", "2014-12-31": "10.14790", "2013-12-31": "11.37130", "2012-12-31": "9.13100", "2011-12-31": "7.71590", "2010-12-31": ""}, "ROE - Return On Equity": {"2019-12-31": "10.46440", "2018-12-31": "5.39630", "2017-12-31": "16.65200", "2016-12-31": "8.77270", "2015-12-31": "9.32950", "2014-12-31": "4.62240", "2013-12-31": "12.48120", "2012-12-31": "46.65020", "2011-12-31": "21.84420", "2010-12-31": ""}, "Return On Tangible Equity": {"2019-12-31": "10.46440", "2018-12-31": "5.39630", "2017-12-31": "16.65200", "2016-12-31": "8.77270", "2015-12-31": "9.32950", "2014-12-31": "4.62240", "2013-12-31": "12.48120", "2012-12-31": "46.65020", "2011-12-31": "21.84420", "2010-12-31": ""}, "ROA - Return On Assets": {"2019-12-31": "4.10840", "2018-12-31": "2.18980", "2017-12-31": "5.95470", "2016-12-31": "2.95880", "2015-12-31": "3.20280", "2014-12-31": "1.51570", "2013-12-31": "4.85030", "2012-12-31": "18.90210", "2011-12-31": "6.70160", "2010-12-31": ""}, "ROI - Return On Investment": {"2019-12-31": "6.64020", "2018-12-31": "3.38430", "2017-12-31": "9.51950", "2016-12-31": "4.81950", "2015-12-31": "4.96750", "2014-12-31": "2.67920", "2013-12-31": "8.73530", "2012-12-31": "32.77070", "2011-12-31": "12.69350", "2010-12-31": ""}, "Book Value Per Share": {"2019-12-31": "29.92800", "2018-12-31": "27.09930", "2017-12-31": "26.25530", "2016-12-31": "23.54020", "2015-12-31": "21.43400", "2014-12-31": "20.65500", "2013-12-31": "43.24360", "2012-12-31": "72.99450", "2011-12-31": "", "2010-12-31": ""}, "Operating Cash Flow Per Share": {"2019-12-31": 0.6055, "2018-12-31": 1.0352, "2017-12-31": -0.2722, "2016-12-31": 0.3392, "2015-12-31": -0.1749, "2014-12-31": -2.6838, "2013-12-31": 0.4562, "2012-12-31": 8.3557, "2011-12-31": 0, "2010-12-31": 0}, "Free Cash Flow Per Share": {"2019-12-31": -0.153, "2018-12-31": 1.4614, "2017-12-31": -0.3198, "2016-12-31": -0.3333, "2015-12-31": 1.5285, "2014-12-31": 0.1726, "2013-12-31": -4.3019, "2012-12-31": 6.5814, "2011-12-31": 0, "2010-12-31": 0}}, "financial ratios, quarterly": {"Current Ratio": {"2020-09-30": "1.69360", "2020-06-30": "1.66260", "2020-03-31": "1.12890", "2019-12-31": "1.52390", "2019-09-30": "1.55830", "2019-06-30": "1.50100", "2019-03-31": "1.52640", "2018-12-31": "1.51650", "2018-09-30": "1.79320", "2018-06-30": "1.65820", "2018-03-31": "1.49810", "2017-12-31": "1.57220", "2017-09-30": "1.50320", "2017-06-30": "1.32370", "2017-03-31": "1.56200", "2016-12-31": "1.65680", "2016-09-30": "1.73220", "2016-06-30": "2.06780", "2016-03-31": "1.86160", "2015-12-31": "2.02070", "2015-09-30": "2.10480", "2015-06-30": "1.70810", "2015-03-31": "1.65780", "2014-12-31": "1.52100", "2014-09-30": "1.64740", "2014-06-30": "1.52250", "2014-03-31": "1.44030", "2013-12-31": "1.33810", "2013-09-30": "1.36160", "2013-06-30": "1.55970", "2013-03-31": "1.39530", "2012-12-31": "1.43970", "2012-09-30": "", "2012-06-30": "", "2012-03-31": "", "2011-12-31": "", "2010-12-31": ""}, "Long-term Debt / Capital": {"2020-09-30": "0.64280", "2020-06-30": "0.59030", "2020-03-31": "0.59340", "2019-12-31": "0.36750", "2019-09-30": "0.36740", "2019-06-30": "0.36620", "2019-03-31": "0.38840", "2018-12-31": "0.37290", "2018-09-30": "0.37380", "2018-06-30": "0.41100", "2018-03-31": "0.42620", "2017-12-31": "0.42830", "2017-09-30": "0.44650", "2017-06-30": "0.47690", "2017-03-31": "0.45670", "2016-12-31": "0.45060", "2016-09-30": "0.50330", "2016-06-30": "0.50590", "2016-03-31": "0.47580", "2015-12-31": "0.46750", "2015-09-30": "0.42210", "2015-06-30": "0.42110", "2015-03-31": "0.41600", "2014-12-31": "0.42040", "2014-09-30": "0.34720", "2014-06-30": "0.33350", "2014-03-31": "0.28520", "2013-12-31": "0.30010", "2013-09-30": "0.30940", "2013-06-30": "0.31900", "2013-03-31": "0.29230", "2012-12-31": "0.29750", "2012-09-30": "", "2012-06-30": "", "2012-03-31": "", "2011-12-31": "", "2010-12-31": ""}, "Debt/Equity Ratio": {"2020-09-30": "1.79990", "2020-06-30": "1.44060", "2020-03-31": "1.45970", "2019-12-31": "0.58100", "2019-09-30": "0.58080", "2019-06-30": "0.57800", "2019-03-31": "0.63570", "2018-12-31": "0.59530", "2018-09-30": "0.59720", "2018-06-30": "0.69940", "2018-03-31": "0.74800", "2017-12-31": "0.75500", "2017-09-30": "0.80930", "2017-06-30": "0.91160", "2017-03-31": "0.84070", "2016-12-31": "0.83570", "2016-09-30": "1.03960", "2016-06-30": "1.08630", "2016-03-31": "0.90760", "2015-12-31": "0.87810", "2015-09-30": "0.73040", "2015-06-30": "0.72730", "2015-03-31": "0.71240", "2014-12-31": "0.72520", "2014-09-30": "0.53180", "2014-06-30": "0.50660", "2014-03-31": "0.40600", "2013-12-31": "0.43580", "2013-09-30": "0.44790", "2013-06-30": "0.46840", "2013-03-31": "0.41310", "2012-12-31": "0.42350", "2012-09-30": "", "2012-06-30": "", "2012-03-31": "", "2011-12-31": "", "2010-12-31": ""}, "Gross Margin": {"2020-09-30": "4.32450", "2020-06-30": "25.45510", "2020-03-31": "-15.20610", "2019-12-31": "10.61330", "2019-09-30": "9.68200", "2019-06-30": "7.62200", "2019-03-31": "17.33060", "2018-12-31": "1.50800", "2018-09-30": "9.67000", "2018-06-30": "12.11560", "2018-03-31": "10.12270", "2017-12-31": "11.42410", "2017-09-30": "19.18140", "2017-06-30": "6.95300", "2017-03-31": "10.48560", "2016-12-31": "10.79690", "2016-09-30": "13.20420", "2016-06-30": "15.78410", "2016-03-31": "13.85940", "2015-12-31": "0.31400", "2015-09-30": "12.28220", "2015-06-30": "15.65680", "2015-03-31": "16.45740", "2014-12-31": "-4.36180", "2014-09-30": "11.19950", "2014-06-30": "6.90820", "2014-03-31": "12.61490", "2013-12-31": "8.46890", "2013-09-30": "4.01700", "2013-06-30": "8.17210", "2013-03-31": "7.56060", "2012-12-31": "11.17430", "2012-09-30": "8.57360", "2012-06-30": "15.71730", "2012-03-31": "1.18560", "2011-12-31": "", "2010-12-31": ""}, "Operating Margin": {"2020-09-30": "-9.34420", "2020-06-30": "24.67600", "2020-03-31": "-25.89860", "2019-12-31": "1.95190", "2019-09-30": "2.36220", "2019-06-30": "0.14480", "2019-03-31": "6.98980", "2018-12-31": "-7.09050", "2018-09-30": "3.74430", "2018-06-30": "5.67290", "2018-03-31": "1.64920", "2017-12-31": "3.89530", "2017-09-30": "10.71850", "2017-06-30": "-2.21330", "2017-03-31": "0.01670", "2016-12-31": "2.95680", "2016-09-30": "2.87400", "2016-06-30": "6.08450", "2016-03-31": "-0.19370", "2015-12-31": "-5.30760", "2015-09-30": "2.86750", "2015-06-30": "7.71110", "2015-03-31": "5.75630", "2014-12-31": "-10.68520", "2014-09-30": "5.40120", "2014-06-30": "1.65700", "2014-03-31": "5.48210", "2013-12-31": "3.13230", "2013-09-30": "-1.14430", "2013-06-30": "2.84350", "2013-03-31": "2.08640", "2012-12-31": "5.75480", "2012-09-30": "4.07970", "2012-06-30": "11.41430", "2012-03-31": "-3.47920", "2011-12-31": "", "2010-12-31": ""}, "EBIT Margin": {"2020-09-30": "-9.34420", "2020-06-30": "24.67600", "2020-03-31": "-25.89860", "2019-12-31": "1.95190", "2019-09-30": "2.36220", "2019-06-30": "0.14480", "2019-03-31": "6.98980", "2018-12-31": "-7.09050", "2018-09-30": "3.74430", "2018-06-30": "5.67290", "2018-03-31": "1.64920", "2017-12-31": "3.89530", "2017-09-30": "10.71850", "2017-06-30": "-2.21330", "2017-03-31": "0.01670", "2016-12-31": "2.95680", "2016-09-30": "2.87400", "2016-06-30": "6.08450", "2016-03-31": "-0.19370", "2015-12-31": "-5.30760", "2015-09-30": "2.86750", "2015-06-30": "7.71110", "2015-03-31": "5.75630", "2014-12-31": "-10.68520", "2014-09-30": "5.40120", "2014-06-30": "1.65700", "2014-03-31": "5.48210", "2013-12-31": "3.13230", "2013-09-30": "-1.14430", "2013-06-30": "2.84350", "2013-03-31": "2.08640", "2012-12-31": "5.75480", "2012-09-30": "4.07970", "2012-06-30": "11.41430", "2012-03-31": "-3.47920", "2011-12-31": "", "2010-12-31": ""}, "EBITDA Margin": {"2020-09-30": "", "2020-06-30": "", "2020-03-31": "", "2019-12-31": "", "2019-09-30": "", "2019-06-30": "", "2019-03-31": "", "2018-12-31": "", "2018-09-30": "", "2018-06-30": "", "2018-03-31": "", "2017-12-31": "", "2017-09-30": "", "2017-06-30": "", "2017-03-31": "", "2016-12-31": "", "2016-09-30": "", "2016-06-30": "", "2016-03-31": "", "2015-12-31": "", "2015-09-30": "", "2015-06-30": "", "2015-03-31": "", "2014-12-31": "", "2014-09-30": "", "2014-06-30": "", "2014-03-31": "", "2013-12-31": "", "2013-09-30": "", "2013-06-30": "", "2013-03-31": "", "2012-12-31": "", "2012-09-30": "", "2012-06-30": "", "2012-03-31": "", "2011-12-31": "", "2010-12-31": ""}, "Pre-Tax Profit Margin": {"2020-09-30": "-4.42260", "2020-06-30": "21.91350", "2020-03-31": "-27.23070", "2019-12-31": "1.29180", "2019-09-30": "1.68420", "2019-06-30": "-0.48930", "2019-03-31": "6.17120", "2018-12-31": "-7.64350", "2018-09-30": "3.31930", "2018-06-30": "5.14770", "2018-03-31": "0.90990", "2017-12-31": "7.08490", "2017-09-30": "10.06040", "2017-06-30": "-3.51180", "2017-03-31": "-0.82190", "2016-12-31": "2.60720", "2016-09-30": "1.95240", "2016-06-30": "5.10780", "2016-03-31": "-1.63690", "2015-12-31": "-5.53160", "2015-09-30": "2.08290", "2015-06-30": "7.00910", "2015-03-31": "5.08350", "2014-12-31": "-11.09900", "2014-09-30": "5.04320", "2014-06-30": "1.11870", "2014-03-31": "4.90790", "2013-12-31": "2.48470", "2013-09-30": "-1.73300", "2013-06-30": "2.52530", "2013-03-31": "1.60810", "2012-12-31": "5.36410", "2012-09-30": "3.45800", "2012-06-30": "10.94620", "2012-03-31": "-4.29450", "2011-12-31": "", "2010-12-31": ""}, "Net Profit Margin": {"2020-09-30": "-11.37560", "2020-06-30": "15.46630", "2020-03-31": "-20.19710", "2019-12-31": "0.83950", "2019-09-30": "1.08080", "2019-06-30": "-0.49090", "2019-03-31": "4.39400", "2018-12-31": "-5.62220", "2018-09-30": "2.34880", "2018-06-30": "3.65520", "2018-03-31": "0.52390", "2017-12-31": "3.70640", "2017-09-30": "5.73770", "2017-06-30": "-2.18570", "2017-03-31": "-0.65930", "2016-12-31": "1.14890", "2016-09-30": "0.93310", "2016-06-30": "2.68320", "2016-03-31": "-1.04950", "2015-12-31": "-3.55690", "2015-09-30": "1.33010", "2015-06-30": "3.82490", "2015-03-31": "2.91540", "2014-12-31": "-6.14180", "2014-09-30": "2.68000", "2014-06-30": "0.39530", "2014-03-31": "1.63160", "2013-12-31": "0.64690", "2013-09-30": "-0.40850", "2013-06-30": "0.35970", "2013-03-31": "0.23770", "2012-12-31": "0.03950", "2012-09-30": "3.45800", "2012-06-30": "10.94620", "2012-03-31": "-4.29450", "2011-12-31": "", "2010-12-31": ""}, "Asset Turnover": {"2020-09-30": "0.35990", "2020-06-30": "0.24970", "2020-03-31": "0.57780", "2019-12-31": "0.69000", "2019-09-30": "0.72110", "2019-06-30": "0.74460", "2019-03-31": "0.57160", "2018-12-31": "0.78610", "2018-09-30": "0.82970", "2018-06-30": "0.87100", "2018-03-31": "0.70060", "2017-12-31": "0.80510", "2017-09-30": "0.68490", "2017-06-30": "0.67060", "2017-03-31": "0.63290", "2016-12-31": "0.62300", "2016-09-30": "0.60450", "2016-06-30": "0.55220", "2016-03-31": "0.45280", "2015-12-31": "0.55040", "2015-09-30": "0.63000", "2015-06-30": "0.64050", "2015-03-31": "0.58150", "2014-12-31": "0.87530", "2014-09-30": "0.89500", "2014-06-30": "0.93310", "2014-03-31": "1.00640", "2013-12-31": "1.09120", "2013-09-30": "1.12230", "2013-06-30": "1.08150", "2013-03-31": "1.06400", "2012-12-31": "1.16380", "2012-09-30": "", "2012-06-30": "", "2012-03-31": "", "2011-12-31": "", "2010-12-31": ""}, "Inventory Turnover Ratio": {"2020-09-30": "2.36190", "2020-06-30": "1.15750", "2020-03-31": "6.16320", "2019-12-31": "2.65420", "2019-09-30": "2.72620", "2019-06-30": "2.61840", "2019-03-31": "1.68020", "2018-12-31": "3.32190", "2018-09-30": "2.69680", "2018-06-30": "2.57540", "2018-03-31": "2.02170", "2017-12-31": "2.61510", "2017-09-30": "1.91630", "2017-06-30": "2.48960", "2017-03-31": "2.04030", "2016-12-31": "2.27300", "2016-09-30": "2.12250", "2016-06-30": "2.48330", "2016-03-31": "1.96220", "2015-12-31": "2.85280", "2015-09-30": "2.56310", "2015-06-30": "2.29230", "2015-03-31": "2.21590", "2014-12-31": "4.27950", "2014-09-30": "2.61310", "2014-06-30": "2.88310", "2014-03-31": "2.68240", "2013-12-31": "3.04980", "2013-09-30": "3.16690", "2013-06-30": "2.79400", "2013-03-31": "3.05760", "2012-12-31": "2.93710", "2012-09-30": "", "2012-06-30": "", "2012-03-31": "", "2011-12-31": "", "2010-12-31": ""}, "Receiveable Turnover": {"2020-09-30": "7.89390", "2020-06-30": "5.86430", "2020-03-31": "12.01890", "2019-12-31": "7.54670", "2019-09-30": "7.30900", "2019-06-30": "6.62760", "2019-03-31": "5.99980", "2018-12-31": "8.76200", "2018-09-30": "7.16070", "2018-06-30": "7.19880", "2018-03-31": "6.98250", "2017-12-31": "6.86150", "2017-09-30": "7.06040", "2017-06-30": "8.20290", "2017-03-31": "7.79150", "2016-12-31": "7.65680", "2016-09-30": "6.90470", "2016-06-30": "5.95570", "2016-03-31": "5.17090", "2015-12-31": "7.38960", "2015-09-30": "8.13310", "2015-06-30": "6.57250", "2015-03-31": "6.78880", "2014-12-31": "8.19930", "2014-09-30": "7.53150", "2014-06-30": "7.43340", "2014-03-31": "8.96160", "2013-12-31": "8.07250", "2013-09-30": "8.40810", "2013-06-30": "7.91120", "2013-03-31": "7.23830", "2012-12-31": "9.82610", "2012-09-30": "", "2012-06-30": "", "2012-03-31": "", "2011-12-31": "", "2010-12-31": ""}, "Days Sales In Receivables": {"2020-09-30": "11.40120", "2020-06-30": "15.34700", "2020-03-31": "7.48820", "2019-12-31": "11.92570", "2019-09-30": "12.31350", "2019-06-30": "13.57960", "2019-03-31": "15.00060", "2018-12-31": "10.27160", "2018-09-30": "12.56860", "2018-06-30": "12.50210", "2018-03-31": "12.88950", "2017-12-31": "13.11660", "2017-09-30": "12.74720", "2017-06-30": "10.97180", "2017-03-31": "11.55110", "2016-12-31": "11.75420", "2016-09-30": "13.03450", "2016-06-30": "15.11170", "2016-03-31": "17.40500", "2015-12-31": "12.17930", "2015-09-30": "11.06590", "2015-06-30": "13.69330", "2015-03-31": "13.25700", "2014-12-31": "10.97660", "2014-09-30": "11.94980", "2014-06-30": "12.10750", "2014-03-31": "10.04280", "2013-12-31": "11.14900", "2013-09-30": "10.70390", "2013-06-30": "11.37630", "2013-03-31": "12.43390", "2012-12-31": "9.15930", "2012-09-30": "", "2012-06-30": "", "2012-03-31": "", "2011-12-31": "", "2010-12-31": ""}, "ROE - Return On Equity": {"2020-09-30": "-15.97080", "2020-06-30": "14.29210", "2020-03-31": "-42.85140", "2019-12-31": "1.92720", "2019-09-30": "2.42800", "2019-06-30": "-0.61480", "2019-03-31": "7.00360", "2018-12-31": "-10.67260", "2018-09-30": "5.28070", "2018-06-30": "9.06920", "2018-03-31": "1.43360", "2017-12-31": "8.96860", "2017-09-30": "12.97870", "2017-06-30": "-4.39640", "2017-03-31": "-0.79730", "2016-12-31": "2.79160", "2016-09-30": "2.47630", "2016-06-30": "5.54490", "2016-03-31": "-1.14740", "2015-12-31": "-5.79910", "2015-09-30": "2.93470", "2015-06-30": "8.46300", "2015-03-31": "5.83350", "2014-12-31": "-18.94800", "2014-09-30": "7.81830", "2014-06-30": "2.22080", "2014-03-31": "10.12480", "2013-12-31": "5.95230", "2013-09-30": "-3.93570", "2013-06-30": "6.15240", "2013-03-31": "3.95820", "2012-12-31": "0.11350", "2012-09-30": "", "2012-06-30": "", "2012-03-31": "", "2011-12-31": "", "2010-12-31": ""}, "Return On Tangible Equity": {"2020-09-30": "-15.97080", "2020-06-30": "14.29210", "2020-03-31": "-42.85140", "2019-12-31": "1.92720", "2019-09-30": "2.42800", "2019-06-30": "-0.61480", "2019-03-31": "7.00360", "2018-12-31": "-10.67260", "2018-09-30": "5.28070", "2018-06-30": "9.06920", "2018-03-31": "1.43360", "2017-12-31": "8.96860", "2017-09-30": "12.97870", "2017-06-30": "-4.39640", "2017-03-31": "-0.79730", "2016-12-31": "2.79160", "2016-09-30": "2.47630", "2016-06-30": "5.54490", "2016-03-31": "-1.14740", "2015-12-31": "-5.79910", "2015-09-30": "2.93470", "2015-06-30": "8.46300", "2015-03-31": "5.83350", "2014-12-31": "-18.94800", "2014-09-30": "7.81830", "2014-06-30": "2.22080", "2014-03-31": "10.12480", "2013-12-31": "5.95230", "2013-09-30": "-3.93570", "2013-06-30": "6.15240", "2013-03-31": "3.95820", "2012-12-31": "0.11350", "2012-09-30": "", "2012-06-30": "", "2012-03-31": "", "2011-12-31": "", "2010-12-31": ""}, "ROA - Return On Assets": {"2020-09-30": "-3.90330", "2020-06-30": "4.09990", "2020-03-31": "-11.63220", "2019-12-31": "0.75660", "2019-09-30": "0.96780", "2019-06-30": "-0.24520", "2019-03-31": "2.64520", "2018-12-31": "-4.33080", "2018-09-30": "2.08890", "2018-06-30": "3.36620", "2018-03-31": "0.50470", "2017-12-31": "3.20710", "2017-09-30": "4.34060", "2017-06-30": "-1.39220", "2017-03-31": "-0.26660", "2016-12-31": "0.94150", "2016-09-30": "0.75600", "2016-06-30": "1.72650", "2016-03-31": "-0.37740", "2015-12-31": "-1.99080", "2015-09-30": "1.08660", "2015-06-30": "2.85840", "2015-03-31": "2.00210", "2014-12-31": "-6.21320", "2014-09-30": "2.89280", "2014-06-30": "0.80670", "2014-03-31": "3.88580", "2013-12-31": "2.31310", "2013-09-30": "-1.49890", "2013-06-30": "2.47740", "2013-03-31": "1.54600", "2012-12-31": "0.04600", "2012-09-30": "", "2012-06-30": "", "2012-03-31": "", "2011-12-31": "", "2010-12-31": ""}, "ROI - Return On Investment": {"2020-09-30": "-5.70410", "2020-06-30": "5.85610", "2020-03-31": "-17.42150", "2019-12-31": "1.21900", "2019-09-30": "1.53600", "2019-06-30": "-0.38970", "2019-03-31": "4.28370", "2018-12-31": "-6.69330", "2018-09-30": "3.30690", "2018-06-30": "5.34130", "2018-03-31": "0.82260", "2017-12-31": "5.12710", "2017-09-30": "7.18340", "2017-06-30": "-2.29990", "2017-03-31": "-0.43310", "2016-12-31": "1.53360", "2016-09-30": "1.22990", "2016-06-30": "2.73970", "2016-03-31": "-0.60150", "2015-12-31": "-3.08780", "2015-09-30": "1.69600", "2015-06-30": "4.89960", "2015-03-31": "3.40670", "2014-12-31": "-10.98280", "2014-09-30": "5.10390", "2014-06-30": "1.48020", "2014-03-31": "7.23690", "2013-12-31": "4.16590", "2013-09-30": "-2.71810", "2013-06-30": "4.18980", "2013-03-31": "2.80110", "2012-12-31": "0.07970", "2012-09-30": "", "2012-06-30": "", "2012-03-31": "", "2011-12-31": "", "2010-12-31": ""}, "Book Value Per Share": {"2020-09-30": "20.73040", "2020-06-30": "24.07420", "2020-03-31": "20.66470", "2019-12-31": "29.92780", "2019-09-30": "29.64310", "2019-06-30": "29.30170", "2019-03-31": "28.75980", "2018-12-31": "27.09930", "2018-09-30": "30.39020", "2018-06-30": "27.86860", "2018-03-31": "26.24060", "2017-12-31": "26.25530", "2017-09-30": "24.37730", "2017-06-30": "21.59090", "2017-03-31": "22.90750", "2016-12-31": "23.54020", "2016-09-30": "23.30040", "2016-06-30": "22.24210", "2016-03-31": "20.79150", "2015-12-31": "21.43400", "2015-09-30": "22.01540", "2015-06-30": "21.79170", "2015-03-31": "20.55750", "2014-12-31": "20.65500", "2014-09-30": "25.17120", "2014-06-30": "23.54230", "2014-03-31": "25.98140", "2013-12-31": "43.24360", "2013-09-30": "41.61310", "2013-06-30": "43.98210", "2013-03-31": "74.45320", "2012-12-31": "72.99450", "2012-09-30": "", "2012-06-30": "", "2012-03-31": "", "2011-12-31": "", "2010-12-31": ""}, "Operating Cash Flow Per Share": {"2020-09-30": -1.4441, "2020-06-30": -3.2031, "2020-03-31": "-1.97520", "2019-12-31": 4.1063, "2019-09-30": 3.7845, "2019-06-30": 0.997, "2019-03-31": "-1.22690", "2018-12-31": 1.0739, "2018-09-30": 3.3365, "2018-06-30": 3.3864, "2018-03-31": "-0.74140", "2017-12-31": 3.1908, "2017-09-30": 3.1481, "2017-06-30": 1.2017, "2017-03-31": "-1.52040", "2016-12-31": 2.5283, "2016-09-30": 1.6714, "2016-06-30": 2.3033, "2016-03-31": "-0.21060", "2015-12-31": 3.3258, "2015-09-30": -0.8384, "2015-06-30": 2.0203, "2015-03-31": "1.44550", "2014-12-31": 1.8633, "2014-09-30": 1.3514, "2014-06-30": -2.4898, "2014-03-31": "4.76430", "2013-12-31": 5.2091, "2013-09-30": 5.0537, "2013-06-30": -3.6175, "2013-03-31": "2.16660", "2012-12-31": 8.3557, "2012-09-30": -4.4952, "2012-06-30": 4.4952, "2012-03-31": "", "2011-12-31": 0, "2010-12-31": 0}, "Free Cash Flow Per Share": {"2020-09-30": -1.7092, "2020-06-30": 0.7121, "2020-03-31": "-2.52220", "2019-12-31": 3.3241, "2019-09-30": 3.271, "2019-06-30": 0.1304, "2019-03-31": "-2.08960", "2018-12-31": 0.0026, "2018-09-30": 3.1352, "2018-06-30": 2.6086, "2018-03-31": "-0.95750", "2017-12-31": 2.8439, "2017-09-30": 4.7995, "2017-06-30": -1.7866, "2017-03-31": "-2.52930", "2016-12-31": 2.5978, "2016-09-30": 0.9247, "2016-06-30": 0.7768, "2016-03-31": "-0.65200", "2015-12-31": 2.6717, "2015-09-30": -1.2194, "2015-06-30": 1.3531, "2015-03-31": "1.17520", "2014-12-31": 0.4662, "2014-09-30": 0.6546, "2014-06-30": -3.2798, "2014-03-31": "4.35540", "2013-12-31": 2.9996, "2013-09-30": 4.5235, "2013-06-30": -6.8338, "2013-03-31": "1.59020", "2012-12-31": 6.5814, "2012-09-30": -2.1689, "2012-06-30": 2.1689, "2012-03-31": "", "2011-12-31": 0, "2010-12-31": 0}}, "revenue": {"PBF Energy Annual Revenue (Millions of US $)": {"2019": "$24,508", "2018": "$27,186", "2017": "$21,787", "2016": "$15,920", "2015": "$13,124", "2014": "$19,828", "2013": "$19,151", "2012": "$20,139", "2011": "$14,960", "2010": "$211"}, "PBF Energy Quarterly Revenue (Millions of US $)": {"2020-09-30": "$3,668", "2020-06-30": "$2,516", "2020-03-31": "$5,278", "2019-12-31": "$6,301", "2019-09-30": "$6,431", "2019-06-30": "$6,560", "2019-03-31": "$5,216", "2018-12-31": "$6,293", "2018-09-30": "$7,646", "2018-06-30": "$7,444", "2018-03-31": "$5,803", "2017-12-31": "$6,536", "2017-09-30": "$5,479", "2017-06-30": "$5,017", "2017-03-31": "$4,754", "2016-12-31": "$4,749", "2016-09-30": "$4,513", "2016-06-30": "$3,858", "2016-03-31": "$2,800", "2015-12-31": "$3,360", "2015-09-30": "$3,218", "2015-06-30": "$3,551", "2015-03-31": "$2,995", "2014-12-31": "$4,520", "2014-09-30": "$5,260", "2014-06-30": "$5,302", "2014-03-31": "$4,746", "2013-12-31": "$4,816", "2013-09-30": "$4,859", "2013-06-30": "$4,678", "2013-03-31": "$4,798", "2012-12-31": "$4,950", "2012-09-30": "$5,395", "2012-06-30": "$5,077", "2012-03-31": "$4,716", "2011-12-31": "", "2010-12-31": ""}}, "gross-profit": {"PBF Energy Annual Gross Profit (Millions of US $)": {"2019": "$2,695", "2018": "$2,324", "2017": "$2,645", "2016": "$2,106", "2015": "$1,455", "2014": "$1,357", "2013": "$1,348", "2012": "$1,870", "2011": "$1,105", "2010": "$7"}, "PBF Energy Quarterly Gross Profit (Millions of US $)": {"2020-09-30": "$159", "2020-06-30": "$640", "2020-03-31": "$-803", "2019-12-31": "$669", "2019-09-30": "$623", "2019-06-30": "$500", "2019-03-31": "$904", "2018-12-31": "$95", "2018-09-30": "$739", "2018-06-30": "$902", "2018-03-31": "$587", "2017-12-31": "$747", "2017-09-30": "$1,051", "2017-06-30": "$349", "2017-03-31": "$499", "2016-12-31": "$513", "2016-09-30": "$596", "2016-06-30": "$609", "2016-03-31": "$388", "2015-12-31": "$11", "2015-09-30": "$395", "2015-06-30": "$556", "2015-03-31": "$493", "2014-12-31": "$-197", "2014-09-30": "$589", "2014-06-30": "$366", "2014-03-31": "$599", "2013-12-31": "$408", "2013-09-30": "$195", "2013-06-30": "$382", "2013-03-31": "$363", "2012-12-31": "$553", "2012-09-30": "$463", "2012-06-30": "$798", "2012-03-31": "$56", "2011-12-31": "", "2010-12-31": ""}}, "operating-income": {"PBF Energy Annual Operating Income (Millions of US $)": {"2019": "$649", "2018": "$358", "2017": "$732", "2016": "$499", "2015": "$360", "2014": "$148", "2013": "$328", "2012": "$920", "2011": "$306", "2010": "$-42"}, "PBF Energy Quarterly Operating Income (Millions of US $)": {"2020-09-30": "$-343", "2020-06-30": "$621", "2020-03-31": "$-1,367", "2019-12-31": "$123", "2019-09-30": "$152", "2019-06-30": "$10", "2019-03-31": "$365", "2018-12-31": "$-446", "2018-09-30": "$286", "2018-06-30": "$422", "2018-03-31": "$96", "2017-12-31": "$255", "2017-09-30": "$587", "2017-06-30": "$-111", "2017-03-31": "$1", "2016-12-31": "$140", "2016-09-30": "$130", "2016-06-30": "$235", "2016-03-31": "$-5", "2015-12-31": "$-178", "2015-09-30": "$92", "2015-06-30": "$274", "2015-03-31": "$172", "2014-12-31": "$-483", "2014-09-30": "$284", "2014-06-30": "$88", "2014-03-31": "$260", "2013-12-31": "$151", "2013-09-30": "$-56", "2013-06-30": "$133", "2013-03-31": "$100", "2012-12-31": "$285", "2012-09-30": "$220", "2012-06-30": "$580", "2012-03-31": "$-164", "2011-12-31": "", "2010-12-31": ""}}, "ebitda": {"PBF Energy Annual EBITDA (Millions of US $)": {"2019": "$1,096", "2018": "$737", "2017": "$1,032", "2016": "$732", "2015": "$567", "2014": "$336", "2013": "$446", "2012": "$1,022", "2011": "$363", "2010": "$-40"}, "PBF Energy Quarterly EBITDA (Millions of US $)": {"2020-09-30": "$-205", "2020-06-30": "$752", "2020-03-31": "$-1,244", "2019-12-31": "$239", "2019-09-30": "$265", "2019-06-30": "$119", "2019-03-31": "$473", "2018-12-31": "$-345", "2018-09-30": "$382", "2018-06-30": "$517", "2018-03-31": "$184", "2017-12-31": "$339", "2017-09-30": "$668", "2017-06-30": "$-40", "2017-03-31": "$64", "2016-12-31": "$202", "2016-09-30": "$188", "2016-06-30": "$289", "2016-03-31": "$53", "2015-12-31": "$-123", "2015-09-30": "$143", "2015-06-30": "$325", "2015-03-31": "$222", "2014-12-31": "$-436", "2014-09-30": "$354", "2014-06-30": "$124", "2014-03-31": "$295", "2013-12-31": "$182", "2013-09-30": "$-27", "2013-06-30": "$162", "2013-03-31": "$128", "2012-12-31": "$311", "2012-09-30": "$246", "2012-06-30": "$603", "2012-03-31": "$-138", "2011-12-31": "", "2010-12-31": ""}}, "net-income": {"PBF Energy Annual Net Income (Millions of US $)": {"2019": "$319", "2018": "$128", "2017": "$416", "2016": "$171", "2015": "$146", "2014": "$-38", "2013": "$40", "2012": "$2", "2011": "$243", "2010": "$-44"}, "PBF Energy Quarterly Net Income (Millions of US $)": {"2020-09-30": "$-417", "2020-06-30": "$389", "2020-03-31": "$-1,066", "2019-12-31": "$53", "2019-09-30": "$70", "2019-06-30": "$-32", "2019-03-31": "$229", "2018-12-31": "$-354", "2018-09-30": "$180", "2018-06-30": "$272", "2018-03-31": "$30", "2017-12-31": "$242", "2017-09-30": "$314", "2017-06-30": "$-110", "2017-03-31": "$-31", "2016-12-31": "$55", "2016-09-30": "$42", "2016-06-30": "$104", "2016-03-31": "$-29", "2015-12-31": "$-120", "2015-09-30": "$43", "2015-06-30": "$136", "2015-03-31": "$87", "2014-12-31": "$-278", "2014-09-30": "$141", "2014-06-30": "$21", "2014-03-31": "$77", "2013-12-31": "$31", "2013-09-30": "$-20", "2013-06-30": "$17", "2013-03-31": "$11", "2012-12-31": "$2", "2012-09-30": "$187", "2012-06-30": "$556", "2012-03-31": "$-203", "2011-12-31": "", "2010-12-31": ""}}, "eps-earnings-per-share-diluted": {"PBF Energy Annual EPS": {"2019": "$2.64", "2018": "$1.10", "2017": "$3.73", "2016": "$1.74", "2015": "$1.65", "2014": "$-0.51", "2013": "$1.20", "2012": "$0.08", "2011": "$0.00", "2010": "$0.00"}, "PBF Energy Quarterly EPS": {"2020-09-30": "$-3.49", "2020-06-30": "$3.23", "2020-03-31": "$-8.93", "2019-12-31": "$0.45", "2019-09-30": "$0.57", "2019-06-30": "$-0.27", "2019-03-31": "$1.89", "2018-12-31": "$-3.04", "2018-09-30": "$1.50", "2018-06-30": "$2.37", "2018-03-31": "$0.27", "2017-12-31": "$2.18", "2017-09-30": "$2.85", "2017-06-30": "$-1.01", "2017-03-31": "$-0.29", "2016-12-31": "$0.55", "2016-09-30": "$0.43", "2016-06-30": "$1.06", "2016-03-31": "$-0.30", "2015-12-31": "$-1.41", "2015-09-30": "$0.49", "2015-06-30": "$1.57", "2015-03-31": "$1.00", "2014-12-31": "$-3.34", "2014-09-30": "$1.60", "2014-06-30": "$0.29", "2014-03-31": "$1.42", "2013-12-31": "$0.61", "2013-09-30": "$-0.50", "2013-06-30": "$0.61", "2013-03-31": "$0.48", "2012-12-31": "$0.08", "2012-09-30": "$0.00", "2012-06-30": "$21.28", "2012-03-31": "$0.00", "2011-12-31": "$0.00", "2010-12-31": "$0.00"}}, "shares-outstanding": {"PBF Energy Annual Shares Outstanding (Millions of Shares)": {"2019": "122", "2018": "119", "2017": "114", "2016": "104", "2015": "94", "2014": "74", "2013": "33", "2012": "97", "2011": "", "2010": ""}, "PBF Energy Quarterly Shares Outstanding (Millions of Shares)": {"2020-09-30": "120", "2020-06-30": "121", "2020-03-31": "119", "2019-12-31": "122", "2019-09-30": "122", "2019-06-30": "119", "2019-03-31": "122", "2018-12-31": "119", "2018-09-30": "120", "2018-06-30": "116", "2018-03-31": "115", "2017-12-31": "114", "2017-09-30": "114", "2017-06-30": "109", "2017-03-31": "109", "2016-12-31": "104", "2016-09-30": "103", "2016-06-30": "103", "2016-03-31": "98", "2015-12-31": "94", "2015-09-30": "91", "2015-06-30": "92", "2015-03-31": "92", "2014-12-31": "83", "2014-09-30": "97", "2014-06-30": "73", "2014-03-31": "55", "2013-12-31": "33", "2013-09-30": "40", "2013-06-30": "28", "2013-03-31": "97", "2012-12-31": "97", "2012-09-30": "", "2012-06-30": "26", "2012-03-31": "", "2011-12-31": "", "2010-12-31": ""}}, "total-assets": {"PBF Energy Annual Total Assets (Millions of US $)": {"2019": "$9,132", "2018": "$8,005", "2017": "$8,118", "2016": "$7,622", "2015": "$6,105", "2014": "$5,164", "2013": "$4,414", "2012": "$4,254", "2011": "$3,621", "2010": "$0"}, "PBF Energy Quarterly Total Assets (Millions of US $)": {"2020-09-30": "$10,191", "2020-06-30": "$10,073", "2020-03-31": "$9,134", "2019-12-31": "$9,132", "2019-09-30": "$8,917", "2019-06-30": "$8,810", "2019-03-31": "$9,126", "2018-12-31": "$8,005", "2018-09-30": "$9,215", "2018-06-30": "$8,547", "2018-03-31": "$8,282", "2017-12-31": "$8,118", "2017-09-30": "$7,999", "2017-06-30": "$7,481", "2017-03-31": "$7,512", "2016-12-31": "$7,622", "2016-09-30": "$7,466", "2016-06-30": "$6,988", "2016-03-31": "$6,184", "2015-12-31": "$6,105", "2015-09-30": "$5,107", "2015-06-30": "$5,544", "2015-03-31": "$5,151", "2014-12-31": "$5,164", "2014-09-30": "$5,877", "2014-06-30": "$5,682", "2014-03-31": "$4,716", "2013-12-31": "$4,414", "2013-09-30": "$4,329", "2013-06-30": "$4,326", "2013-03-31": "$4,509", "2012-12-31": "$4,254", "2012-09-30": "$0", "2012-06-30": "$0", "2012-03-31": "$0", "2011-12-31": "$3,621", "2010-12-31": "$0"}}, "cash-on-hand": {"PBF Energy Annual Cash on Hand (Millions of US $)": {"2019": "$815", "2018": "$597", "2017": "$573", "2016": "$786", "2015": "$944", "2014": "$398", "2013": "$77", "2012": "$286", "2011": "$50", "2010": "$"}, "PBF Energy Quarterly Cash on Hand (Millions of US $)": {"2020-09-30": "$1,283", "2020-06-30": "$1,225", "2020-03-31": "$722", "2019-12-31": "$815", "2019-09-30": "$536", "2019-06-30": "$204", "2019-03-31": "$418", "2018-12-31": "$597", "2018-09-30": "$1,059", "2018-06-30": "$478", "2018-03-31": "$363", "2017-12-31": "$573", "2017-09-30": "$301", "2017-06-30": "$173", "2017-03-31": "$346", "2016-12-31": "$786", "2016-09-30": "$685", "2016-06-30": "$1,549", "2016-03-31": "$740", "2015-12-31": "$944", "2015-09-30": "$473", "2015-06-30": "$624", "2015-03-31": "$449", "2014-12-31": "$398", "2014-09-30": "$477", "2014-06-30": "$318", "2014-03-31": "$237", "2013-12-31": "$77", "2013-09-30": "$57", "2013-06-30": "$69", "2013-03-31": "$404", "2012-12-31": "$286", "2012-09-30": "", "2012-06-30": "", "2012-03-31": "", "2011-12-31": "$50", "2010-12-31": ""}}, "long-term-debt": {"PBF Energy Annual Long Term Debt (Millions of US $)": {"2019": "$2,065", "2018": "$1,931", "2017": "$2,175", "2016": "$2,109", "2015": "$1,840", "2014": "$1,228", "2013": "$736", "2012": "$730", "2011": "$801", "2010": "$"}, "PBF Energy Quarterly Long Term Debt (Millions of US $)": {"2020-09-30": "$4,483", "2020-06-30": "$4,163", "2020-03-31": "$3,619", "2019-12-31": "$2,083", "2019-09-30": "$2,064", "2019-06-30": "$2,029", "2019-03-31": "$2,189", "2018-12-31": "$1,931", "2018-09-30": "$2,176", "2018-06-30": "$2,214", "2018-03-31": "$2,166", "2017-12-31": "$2,175", "2017-09-30": "$2,158", "2017-06-30": "$2,160", "2017-03-31": "$2,112", "2016-12-31": "$2,109", "2016-09-30": "$2,310", "2016-06-30": "$2,228", "2016-03-31": "$1,846", "2015-12-31": "$1,840", "2015-09-30": "$1,381", "2015-06-30": "$1,362", "2015-03-31": "$1,259", "2014-12-31": "$1,228", "2014-09-30": "$1,157", "2014-06-30": "$1,033", "2014-03-31": "$722", "2013-12-31": "$736", "2013-09-30": "$739", "2013-06-30": "$816", "2013-03-31": "$728", "2012-12-31": "$730", "2012-09-30": "", "2012-06-30": "", "2012-03-31": "", "2011-12-31": "$801", "2010-12-31": ""}}, "total-liabilities": {"PBF Energy Annual Total Liabilities (Millions of US $)": {"2019": "$5,547", "2018": "$4,757", "2017": "$5,215", "2016": "$5,051", "2015": "$4,009", "2014": "$3,471", "2013": "$2,699", "2012": "$2,530", "2011": "$2,510", "2010": "$0"}, "PBF Energy Quarterly Total Liabilities (Millions of US $)": {"2020-09-30": "$7,701", "2020-06-30": "$7,184", "2020-03-31": "$6,655", "2019-12-31": "$5,547", "2019-09-30": "$5,363", "2019-06-30": "$5,297", "2019-03-31": "$5,679", "2018-12-31": "$4,757", "2018-09-30": "$5,570", "2018-06-30": "$5,374", "2018-03-31": "$5,367", "2017-12-31": "$5,215", "2017-09-30": "$5,324", "2017-06-30": "$5,112", "2017-03-31": "$5,000", "2016-12-31": "$5,051", "2016-09-30": "$5,186", "2016-06-30": "$4,812", "2016-03-31": "$4,150", "2015-12-31": "$4,009", "2015-09-30": "$3,216", "2015-06-30": "$3,671", "2015-03-31": "$3,383", "2014-12-31": "$3,471", "2014-09-30": "$3,703", "2014-06-30": "$3,618", "2014-03-31": "$2,906", "2013-12-31": "$2,699", "2013-09-30": "$2,681", "2013-06-30": "$2,584", "2013-03-31": "$2,748", "2012-12-31": "$2,530", "2012-09-30": "$0", "2012-06-30": "$0", "2012-03-31": "$0", "2011-12-31": "$2,510", "2010-12-31": "$0"}}, "total-share-holder-equity": {"PBF Energy Annual Share Holder Equity (Millions of US $)": {"2019": "$3,586", "2018": "$3,249", "2017": "$2,903", "2016": "$2,571", "2015": "$2,096", "2014": "$1,693", "2013": "$1,715", "2012": "$1,724", "2011": "$1,111", "2010": "$0"}, "PBF Energy Quarterly Share Holder Equity (Millions of US $)": {"2020-09-30": "$2,491", "2020-06-30": "$2,890", "2020-03-31": "$2,480", "2019-12-31": "$3,586", "2019-09-30": "$3,554", "2019-06-30": "$3,513", "2019-03-31": "$3,447", "2018-12-31": "$3,249", "2018-09-30": "$3,645", "2018-06-30": "$3,172", "2018-03-31": "$2,916", "2017-12-31": "$2,903", "2017-09-30": "$2,675", "2017-06-30": "$2,369", "2017-03-31": "$2,512", "2016-12-31": "$2,571", "2016-09-30": "$2,279", "2016-06-30": "$2,176", "2016-03-31": "$2,034", "2015-12-31": "$2,096", "2015-09-30": "$1,891", "2015-06-30": "$1,872", "2015-03-31": "$1,768", "2014-12-31": "$1,693", "2014-09-30": "$2,175", "2014-06-30": "$2,064", "2014-03-31": "$1,810", "2013-12-31": "$1,715", "2013-09-30": "$1,649", "2013-06-30": "$1,742", "2013-03-31": "$1,761", "2012-12-31": "$1,724", "2012-09-30": "$0", "2012-06-30": "$0", "2012-03-31": "$0", "2011-12-31": "$1,111", "2010-12-31": "$0"}}, "profit-margins": {"current": "-5.86%"}, "gross margin": {"2020-09-30": "3.74%", "2020-06-30": "5.50%", "2020-03-31": "4.03%", "2019-12-31": "11.00%", "2019-09-30": "8.66%", "2019-06-30": "8.70%", "2019-03-31": "9.93%", "2018-12-31": "8.54%", "2018-09-30": "10.85%", "2018-06-30": "13.01%", "2018-03-31": "11.97%", "2017-12-31": "12.15%", "2017-09-30": "12.06%", "2017-06-30": "10.28%", "2017-03-31": "12.40%", "2016-12-31": "13.23%", "2016-09-30": "11.04%", "2016-06-30": "10.60%", "2016-03-31": "10.44%", "2015-12-31": "11.09%", "2015-09-30": "8.73%", "2015-06-30": "8.83%", "2015-03-31": "6.92%", "2014-12-31": "6.84%", "2014-09-30": "9.75%", "2014-06-30": "7.95%", "2014-03-31": "8.29%", "2013-12-31": "7.04%", "2013-09-30": "7.74%", "2013-06-30": "8.88%", "2013-03-31": "10.77%", "2012-12-31": "9.29%"}, "operating margin": {"2020-09-30": "-5.44%", "2020-06-30": "-2.29%", "2020-03-31": "-4.40%", "2019-12-31": "2.65%", "2019-09-30": "0.33%", "2019-06-30": "0.84%", "2019-03-31": "2.36%", "2018-12-31": "1.32%", "2018-09-30": "3.86%", "2018-06-30": "5.38%", "2018-03-31": "3.62%", "2017-12-31": "3.36%", "2017-09-30": "3.09%", "2017-06-30": "0.84%", "2017-03-31": "2.83%", "2016-12-31": "3.14%", "2016-09-30": "1.25%", "2016-06-30": "1.09%", "2016-03-31": "1.42%", "2015-12-31": "2.74%", "2015-09-30": "0.39%", "2015-06-30": "1.51%", "2015-03-31": "0.34%", "2014-12-31": "0.75%", "2014-09-30": "3.89%", "2014-06-30": "2.25%", "2014-03-31": "2.56%", "2013-12-31": "1.71%", "2013-09-30": "2.40%", "2013-06-30": "3.72%", "2013-03-31": "5.86%", "2012-12-31": "4.57%"}, "ebitda margin": {"2020-09-30": "-2.58%", "2020-06-30": "0.06%", "2020-03-31": "-2.53%", "2019-12-31": "4.47%", "2019-09-30": "2.09%", "2019-06-30": "2.45%", "2019-03-31": "3.86%", "2018-12-31": "2.71%", "2018-09-30": "5.18%", "2018-06-30": "6.76%", "2018-03-31": "5.04%", "2017-12-31": "4.73%", "2017-09-30": "4.47%", "2017-06-30": "2.18%", "2017-03-31": "4.16%", "2016-12-31": "4.60%", "2016-09-30": "2.80%", "2016-06-30": "2.73%", "2016-03-31": "3.08%", "2015-12-31": "4.32%", "2015-09-30": "1.78%", "2015-06-30": "2.85%", "2015-03-31": "1.46%", "2014-12-31": "1.70%", "2014-09-30": "4.75%", "2014-06-30": "2.91%", "2014-03-31": "3.20%", "2013-12-31": "2.32%", "2013-09-30": "2.98%", "2013-06-30": "4.27%", "2013-03-31": "6.37%", "2012-12-31": "5.07%"}, "pre tax profit margin": {"2020-09-30": "-5.44%", "2020-06-30": "-3.40%", "2020-03-31": "-5.21%", "2019-12-31": "1.95%", "2019-09-30": "-0.34%", "2019-06-30": "0.24%", "2019-03-31": "1.80%", "2018-12-31": "0.77%", "2018-09-30": "4.20%", "2018-06-30": "5.74%", "2018-03-31": "3.90%", "2017-12-31": "3.67%", "2017-09-30": "2.30%", "2017-06-30": "-0.02%", "2017-03-31": "2.07%", "2016-12-31": "2.28%", "2016-09-30": "0.36%", "2016-06-30": "0.24%", "2016-03-31": "0.65%", "2015-12-31": "2.15%", "2015-09-30": "-0.24%", "2015-06-30": "1.00%", "2015-03-31": "-0.14%", "2014-12-31": "0.28%", "2014-09-30": "3.36%", "2014-06-30": "1.66%", "2014-03-31": "2.03%", "2013-12-31": "1.21%", "2013-09-30": "1.95%", "2013-06-30": "3.27%", "2013-03-31": "5.37%", "2012-12-31": "4.00%"}, "net profit margin": {"2020-09-30": "-5.86%", "2020-06-30": "-2.70%", "2020-03-31": "-3.97%", "2019-12-31": "1.31%", "2019-09-30": "-0.36%", "2019-06-30": "0.09%", "2019-03-31": "1.23%", "2018-12-31": "0.47%", "2018-09-30": "2.64%", "2018-06-30": "3.40%", "2018-03-31": "2.08%", "2017-12-31": "1.90%", "2017-09-30": "1.14%", "2017-06-30": "-0.23%", "2017-03-31": "0.95%", "2016-12-31": "1.08%", "2016-09-30": "-0.02%", "2016-06-30": "-0.02%", "2016-03-31": "0.23%", "2015-12-31": "1.11%", "2015-09-30": "-0.08%", "2015-06-30": "0.53%", "2015-03-31": "-0.16%", "2014-12-31": "-0.20%", "2014-09-30": "1.34%", "2014-06-30": "0.55%", "2014-03-31": "0.55%", "2013-12-31": "0.20%", "2013-09-30": "0.05%", "2013-06-30": "1.09%", "2013-03-31": "3.74%", "2012-12-31": "2.69%"}, "pe ratio": {"current": "0.00", "2021-02-05": "0.00", "2020-09-30": "0.00", "2020-06-30": "0.00", "2020-03-31": "0.00", "2019-12-31": "11.79", "2019-09-30": "0.00", "2019-06-30": "201.54", "2019-03-31": "10.67", "2018-12-31": "26.45", "2018-09-30": "7.47", "2018-06-30": "5.13", "2018-03-31": "7.40", "2017-12-31": "8.82", "2017-09-30": "12.02", "2017-06-30": "0.00", "2017-03-31": "11.27", "2016-12-31": "14.09", "2016-09-30": "0.00", "2016-06-30": "2024.96", "2016-03-31": "53.82", "2015-12-31": "16.86", "2015-09-30": "0.00", "2015-06-30": "28.03", "2015-03-31": "0.00", "2014-12-31": "0.00", "2014-09-30": "5.24", "2014-06-30": "13.64", "2014-03-31": "10.16", "2013-12-31": "23.41", "2013-09-30": "21.55"}, "price sales": {"2021-02-05": "0.06", "2020-09-30": "0.04", "2020-06-30": "0.06", "2020-03-31": "0.03", "2019-12-31": "0.15", "2019-09-30": "0.13", "2019-06-30": "0.14", "2019-03-31": "0.13", "2018-12-31": "0.13", "2018-09-30": "0.20", "2018-06-30": "0.18", "2018-03-31": "0.16", "2017-12-31": "0.17", "2017-09-30": "0.14", "2017-06-30": "0.11", "2017-03-31": "0.11", "2016-12-31": "0.16", "2016-09-30": "0.13", "2016-06-30": "0.15", "2016-03-31": "0.20", "2015-12-31": "0.22", "2015-09-30": "0.14", "2015-06-30": "0.13", "2015-03-31": "0.13", "2014-12-31": "0.08", "2014-09-30": "0.05", "2014-06-30": "0.05", "2014-03-31": "0.04", "2013-12-31": "0.05", "2013-09-30": "0.04"}, "price book": {"current": "0.46", "2021-02-05": "0.46", "2020-09-30": "0.27", "2020-06-30": "0.43", "2020-03-31": "0.34", "2019-12-31": "1.04", "2019-09-30": "0.90", "2019-06-30": "1.03", "2019-03-31": "1.04", "2018-12-31": "1.14", "2018-09-30": "1.54", "2018-06-30": "1.41", "2018-03-31": "1.20", "2017-12-31": "1.24", "2017-09-30": "1.03", "2017-06-30": "0.92", "2017-03-31": "0.86", "2016-12-31": "1.04", "2016-09-30": "0.84", "2016-06-30": "0.91", "2016-03-31": "1.35", "2015-12-31": "1.43", "2015-09-30": "1.06", "2015-06-30": "1.07", "2015-03-31": "1.34", "2014-12-31": "1.03", "2014-09-30": "0.76", "2014-06-30": "0.89", "2014-03-31": "0.77", "2013-12-31": "0.56", "2013-09-30": "0.41", "2013-06-30": "0.44", "2013-03-31": "0.37", "2012-12-31": "0.29"}, "price fcf": {"2021-02-05": "", "2020-09-30": "$-0.20", "2020-06-30": "$4.79", "2020-03-31": "$4.20", "2019-12-31": "$4.64", "2019-09-30": "$1.31", "2019-06-30": "$1.18", "2019-03-31": "$3.66", "2018-12-31": "$4.79", "2018-09-30": "$7.63", "2018-06-30": "$9.29", "2018-03-31": "$4.90", "2017-12-31": "$3.33", "2017-09-30": "$3.08", "2017-06-30": "$-0.79", "2017-03-31": "$1.77", "2016-12-31": "$3.65", "2016-09-30": "$3.72", "2016-06-30": "$1.58", "2016-03-31": "$2.15", "2015-12-31": "$3.98", "2015-09-30": "$1.78", "2015-06-30": "$3.65", "2015-03-31": "$-0.98", "2014-12-31": "$2.20", "2014-09-30": "$4.73", "2014-06-30": "$8.60", "2014-03-31": "$5.04", "2013-12-31": "$2.28", "2013-09-30": "$5.86"}, "net worth": {"value": "$1.14B"}, "current ratio": {"2020-09-30": "1.69", "2020-06-30": "1.66", "2020-03-31": "1.13", "2019-12-31": "1.52", "2019-09-30": "1.56", "2019-06-30": "1.50", "2019-03-31": "1.53", "2018-12-31": "1.52", "2018-09-30": "1.79", "2018-06-30": "1.66", "2018-03-31": "1.50", "2017-12-31": "1.57", "2017-09-30": "1.50", "2017-06-30": "1.32", "2017-03-31": "1.56", "2016-12-31": "1.66", "2016-09-30": "1.73", "2016-06-30": "2.07", "2016-03-31": "1.86", "2015-12-31": "2.02", "2015-09-30": "2.11", "2015-06-30": "1.71", "2015-03-31": "1.66", "2014-12-31": "1.52", "2014-09-30": "1.65", "2014-06-30": "1.52", "2014-03-31": "1.44", "2013-12-31": "1.34", "2013-09-30": "1.36", "2013-06-30": "1.56", "2013-03-31": "1.40", "2012-12-31": "1.44", "2012-09-30": "0.00", "2012-06-30": "0.00", "2012-03-31": "0.00", "2011-12-31": "1.17", "2010-12-31": "0.00"}, "quick ratio": {"2020-09-30": "0.93", "2020-06-30": "0.87", "2020-03-31": "0.65", "2019-12-31": "0.68", "2019-09-30": "0.64", "2019-06-30": "0.54", "2019-03-31": "0.54", "2018-12-31": "0.64", "2018-09-30": "0.83", "2018-06-30": "0.63", "2018-03-31": "0.50", "2017-12-31": "0.66", "2017-09-30": "0.50", "2017-06-30": "0.42", "2017-03-31": "0.52", "2016-12-31": "0.75", "2016-09-30": "0.83", "2016-06-30": "1.38", "2016-03-31": "1.10", "2015-12-31": "1.24", "2015-09-30": "1.10", "2015-06-30": "0.88", "2015-03-31": "0.84", "2014-12-31": "0.81", "2014-09-30": "0.67", "2014-06-30": "0.61", "2014-03-31": "0.50", "2013-12-31": "0.46", "2013-09-30": "0.45", "2013-06-30": "0.49", "2013-03-31": "0.60", "2012-12-31": "0.51", "2012-09-30": "0.00", "2012-06-30": "0.00", "2012-03-31": "0.00", "2011-12-31": "0.26", "2010-12-31": "0.00"}, "debt equity ratio": {"current": "1.80", "2020-09-30": "3.09", "2020-06-30": "2.49", "2020-03-31": "2.68", "2019-12-31": "1.55", "2019-09-30": "1.51", "2019-06-30": "1.51", "2019-03-31": "1.65", "2018-12-31": "1.46", "2018-09-30": "1.53", "2018-06-30": "1.69", "2018-03-31": "1.84", "2017-12-31": "1.80", "2017-09-30": "1.99", "2017-06-30": "2.16", "2017-03-31": "1.99", "2016-12-31": "1.97", "2016-09-30": "2.28", "2016-06-30": "2.21", "2016-03-31": "2.04", "2015-12-31": "1.91", "2015-09-30": "1.70", "2015-06-30": "1.96", "2015-03-31": "1.91", "2014-12-31": "2.05", "2014-09-30": "1.70", "2014-06-30": "1.75", "2014-03-31": "1.61", "2013-12-31": "1.57", "2013-09-30": "1.63", "2013-06-30": "1.48", "2013-03-31": "1.56", "2012-12-31": "1.47", "2012-09-30": "0.00", "2012-06-30": "0.00", "2012-03-31": "0.00", "2011-12-31": "2.26", "2010-12-31": "0.00"}, "return on equity": {"2020-09-30": "-36.38%", "2020-06-30": "-17.71%", "2020-03-31": "-29.70%", "2019-12-31": "9.08%", "2019-09-30": "-2.53%", "2019-06-30": "0.66%", "2019-03-31": "9.68%", "2018-12-31": "3.94%", "2018-09-30": "22.92%", "2018-06-30": "29.42%", "2018-03-31": "17.53%", "2017-12-31": "15.87%", "2017-09-30": "9.01%", "2017-06-30": "-1.81%", "2017-03-31": "7.13%", "2016-12-31": "7.59%", "2016-09-30": "-0.14%", "2016-06-30": "-0.10%", "2016-03-31": "1.52%", "2015-12-31": "7.66%", "2015-09-30": "-0.66%", "2015-06-30": "4.58%", "2015-03-31": "-1.51%", "2014-12-31": "-2.01%", "2014-09-30": "13.91%", "2014-06-30": "6.02%", "2014-03-31": "6.07%", "2013-12-31": "2.27%", "2013-09-30": "0.58%", "2013-06-30": "16.61%", "2013-03-31": "86.77%", "2012-12-31": "125.75%"}, "return on assets": {"2020-09-30": "-10.81%", "2020-06-30": "-5.95%", "2020-03-31": "-10.84%", "2019-12-31": "3.56%", "2019-09-30": "-1.00%", "2019-06-30": "0.26%", "2019-03-31": "3.75%", "2018-12-31": "1.50%", "2018-09-30": "8.48%", "2018-06-30": "10.42%", "2018-03-31": "5.97%", "2017-12-31": "5.34%", "2017-09-30": "2.98%", "2017-06-30": "-0.59%", "2017-03-31": "2.30%", "2016-12-31": "2.43%", "2016-09-30": "-0.04%", "2016-06-30": "-0.03%", "2016-03-31": "0.52%", "2015-12-31": "2.67%", "2015-09-30": "-0.23%", "2015-06-30": "1.58%", "2015-03-31": "-0.53%", "2014-12-31": "-0.73%", "2014-09-30": "5.22%", "2014-06-30": "2.28%", "2014-03-31": "2.36%", "2013-12-31": "0.89%", "2013-09-30": "0.23%", "2013-06-30": "6.63%", "2013-03-31": "34.51%", "2012-12-31": "50.96%"}, "return on investments": {"2020-09-30": "-14.98%", "2020-06-30": "-7.71%", "2020-03-31": "-18.87%", "2019-12-31": "11.57%", "2019-09-30": "1.47%", "2019-06-30": "3.88%", "2019-03-31": "11.39%", "2018-12-31": "6.67%", "2018-09-30": "19.83%", "2018-06-30": "26.69%", "2018-03-31": "16.94%", "2017-12-31": "15.36%", "2017-09-30": "13.22%", "2017-06-30": "3.47%", "2017-03-31": "11.06%", "2016-12-31": "11.39%", "2016-09-30": "4.33%", "2016-06-30": "3.72%", "2016-03-31": "5.11%", "2015-12-31": "10.69%", "2015-09-30": "1.77%", "2015-06-30": "7.90%", "2015-03-31": "1.97%", "2014-12-31": "5.02%", "2014-09-30": "27.45%", "2014-06-30": "16.93%", "2014-03-31": "19.66%", "2013-12-31": "13.27%", "2013-09-30": "18.69%", "2013-06-30": "39.35%", "2013-03-31": "95.89%", "2012-12-31": "150.12%"}, "return on tangible equity": {"2020-09-30": "-36.38%", "2020-06-30": "-17.71%", "2020-03-31": "-29.70%", "2019-12-31": "9.08%", "2019-09-30": "-2.53%", "2019-06-30": "0.66%", "2019-03-31": "9.68%", "2018-12-31": "3.94%", "2018-09-30": "22.92%", "2018-06-30": "29.42%", "2018-03-31": "17.53%", "2017-12-31": "15.87%", "2017-09-30": "9.01%", "2017-06-30": "-1.81%", "2017-03-31": "7.13%", "2016-12-31": "7.59%", "2016-09-30": "-0.14%", "2016-06-30": "-0.10%", "2016-03-31": "1.52%", "2015-12-31": "7.66%", "2015-09-30": "-0.66%", "2015-06-30": "4.58%", "2015-03-31": "-1.51%", "2014-12-31": "-2.01%", "2014-09-30": "13.91%", "2014-06-30": "6.02%", "2014-03-31": "6.07%", "2013-12-31": "2.27%", "2013-09-30": "0.58%", "2013-06-30": "16.61%", "2013-03-31": "86.77%", "2012-12-31": "125.75%"}, "dividend yield history": {"last payout": "$0.00", "last yield": "0.00%"}}