{"ticker": "PCAR", "price": {"title": "PACCAR Historical Annual Stock Price Data", "value": 98.6, "historical": {"2021": {"Average Stock Price": "92.8263", "Year Open": "84.7200", "Year High": "99.6000", "Year Low": "84.7200", "Year Close": "98.6000", "Annual % Change": "14.28%"}, "2020": {"Average Stock Price": "78.3192", "Year Open": "79.5100", "Year High": "92.6400", "Year Low": "49.9100", "Year Close": "86.2800", "Annual % Change": "9.08%"}, "2019": {"Average Stock Price": "70.1882", "Year Open": "57.8600", "Year High": "82.9500", "Year Low": "56.5200", "Year Close": "79.1000", "Annual % Change": "38.43%"}, "2018": {"Average Stock Price": "65.4160", "Year Open": "73.0200", "Year High": "79.0000", "Year Low": "53.6700", "Year Close": "57.1400", "Annual % Change": "-19.61%"}, "2017": {"Average Stock Price": "67.7480", "Year Open": "65.3200", "Year High": "74.9200", "Year Low": "62.3200", "Year Close": "71.0800", "Annual % Change": "11.24%"}, "2016": {"Average Stock Price": "55.7905", "Year Open": "47.1600", "Year High": "68.0700", "Year Low": "44.3000", "Year Close": "63.9000", "Annual % Change": "34.81%"}, "2015": {"Average Stock Price": "60.0339", "Year Open": "68.1500", "Year High": "68.1500", "Year Low": "45.1600", "Year Close": "47.4000", "Annual % Change": "-30.30%"}, "2014": {"Average Stock Price": "63.2972", "Year Open": "58.5100", "Year High": "70.7600", "Year Low": "54.0000", "Year Close": "68.0100", "Annual % Change": "14.94%"}, "2013": {"Average Stock Price": "53.1480", "Year Open": "46.5400", "Year High": "59.1700", "Year Low": "45.6300", "Year Close": "59.1700", "Annual % Change": "30.88%"}, "2012": {"Average Stock Price": "41.9463", "Year Open": "38.8000", "Year High": "47.7500", "Year Low": "35.9100", "Year Close": "45.2100", "Annual % Change": "20.66%"}, "2011": {"Average Stock Price": "45.6225", "Year Open": "57.8400", "Year High": "57.8400", "Year Low": "32.6300", "Year Close": "37.4700", "Annual % Change": "-34.65%"}, "2010": {"Average Stock Price": "44.9247", "Year Open": "36.6100", "Year High": "57.4900", "Year Low": "33.9700", "Year Close": "57.3400", "Annual % Change": "58.09%"}, "2009": {"Average Stock Price": "32.8788", "Year Open": "30.8800", "Year High": "39.7400", "Year Low": "20.8900", "Year Close": "36.2700", "Annual % Change": "26.82%"}, "2008": {"Average Stock Price": "40.8161", "Year Open": "52.9800", "Year High": "53.3900", "Year Low": "22.1100", "Year Close": "28.6000", "Annual % Change": "-47.50%"}, "2007": {"Average Stock Price": "53.3492", "Year Open": "43.2733", "Year High": "65.0600", "Year Low": "42.7733", "Year Close": "54.4800", "Annual % Change": "25.92%"}, "2006": {"Average Stock Price": "35.7912", "Year Open": "31.2667", "Year High": "45.4800", "Year Low": "30.1911", "Year Close": "43.2667", "Annual % Change": "40.62%"}, "2005": {"Average Stock Price": "31.3993", "Year Open": "35.0356", "Year High": "35.0356", "Year Low": "28.4800", "Year Close": "30.7689", "Annual % Change": "-13.98%"}, "2004": {"Average Stock Price": "27.3750", "Year Open": "24.8652", "Year High": "35.7689", "Year Low": "22.2222", "Year Close": "35.7689", "Annual % Change": "41.82%"}, "2003": {"Average Stock Price": "19.8738", "Year Open": "14.2193", "Year High": "25.7778", "Year Low": "12.5600", "Year Close": "25.2207", "Annual % Change": "84.52%"}, "2002": {"Average Stock Price": "12.7115", "Year Open": "12.9086", "Year High": "15.6444", "Year Low": "9.1674", "Year Close": "13.6681", "Annual % Change": "5.45%"}, "2001": {"Average Stock Price": "10.4643", "Year Open": "9.8765", "Year High": "13.4084", "Year Low": "8.5926", "Year Close": "12.9620", "Annual % Change": "33.24%"}, "2000": {"Average Stock Price": "8.5527", "Year Open": "8.5926", "Year High": "10.4198", "Year Low": "7.3205", "Year Close": "9.7284", "Annual % Change": "11.15%"}, "1999": {"Average Stock Price": "9.6391", "Year Open": "8.0000", "Year High": "12.2588", "Year Low": "7.8637", "Year Close": "8.7526", "Annual % Change": "7.73%"}, "1998": {"Average Stock Price": "10.0322", "Year Open": "10.2598", "Year High": "13.1477", "Year Low": "7.3462", "Year Close": "8.1244", "Annual % Change": "-21.66%"}, "1997": {"Average Stock Price": "8.7869", "Year Open": "6.4691", "Year High": "11.7037", "Year Low": "6.0000", "Year Close": "10.3704", "Annual % Change": "54.41%"}, "1996": {"Average Stock Price": "5.0596", "Year Open": "4.3951", "Year High": "7.2099", "Year Low": "4.3704", "Year Close": "6.7160", "Annual % Change": "61.40%"}, "1995": {"Average Stock Price": "4.5685", "Year Open": "4.3338", "Year High": "5.3333", "Year Low": "3.8765", "Year Close": "4.1610", "Annual % Change": "-4.79%"}, "1994": {"Average Stock Price": "4.9149", "Year Open": "5.9259", "Year High": "6.0741", "Year Low": "3.9506", "Year Close": "4.3704", "Annual % Change": "-27.75%"}, "1993": {"Average Stock Price": "6.1015", "Year Open": "5.6049", "Year High": "6.8889", "Year Low": "5.3580", "Year Close": "6.0494", "Annual % Change": "6.99%"}, "1992": {"Average Stock Price": "5.4851", "Year Open": "4.7901", "Year High": "6.1728", "Year Low": "4.7901", "Year Close": "5.6543", "Annual % Change": "18.04%"}, "1991": {"Average Stock Price": "4.3185", "Year Open": "3.1486", "Year High": "4.9136", "Year Low": "3.1111", "Year Close": "4.7901", "Annual % Change": "50.39%"}, "1990": {"Average Stock Price": "3.6724", "Year Open": "4.2469", "Year High": "4.5185", "Year Low": "2.6420", "Year Close": "3.1852", "Annual % Change": "-24.56%"}, "1989": {"Average Stock Price": "4.5157", "Year Open": "4.0247", "Year High": "5.1111", "Year Low": "3.7778", "Year Close": "4.2222", "Annual % Change": "4.27%"}, "1988": {"Average Stock Price": "3.6466", "Year Open": "2.8889", "Year High": "4.3457", "Year Low": "2.7160", "Year Close": "4.0494", "Annual % Change": "43.86%"}, "1987": {"Average Stock Price": "3.1534", "Year Open": "2.3086", "Year High": "3.8519", "Year Low": "2.1852", "Year Close": "2.8148", "Annual % Change": "21.93%"}}}, "market cap": {"value": "$34.44B"}, "income statement": {"Revenue": {"2020-12-31": "18728.50000", "2019-12-31": "25599.70000", "2018-12-31": "23495.70000", "2017-12-31": "19456.40000", "2016-12-31": "17033.30000", "2015-12-31": "19115.10000", "2014-12-31": "18997.00000", "2013-12-31": "17123.80000", "2012-12-31": "17050.50000", "2011-12-31": "16355.20000", "2010-12-31": "10292.90000", "2009-12-31": "8086.50000", "2008-12-31": "14972.50000", "2007-12-31": "15221.70000", "2006-12-31": "16454.10000", "2005-12-31": "14057.40000"}, "Cost Of Goods Sold": {"2020-12-31": "15076.40000", "2019-12-31": "20555.60000", "2018-12-31": "18925.00000", "2017-12-31": "15628.90000", "2016-12-31": "13533.60000", "2015-12-31": "15292.10000", "2014-12-31": "15481.60000", "2013-12-31": "13900.70000", "2012-12-31": "13908.30000", "2011-12-31": "13341.80000", "2010-12-31": "8198.80000", "2009-12-31": "6483.40000", "2008-12-31": "11736.90000", "2007-12-31": "11917.30000", "2006-12-31": "13036.60000", "2005-12-31": "11222.70000"}, "Gross Profit": {"2020-12-31": "3652.10000", "2019-12-31": "5044.10000", "2018-12-31": "4570.69900", "2017-12-31": "3827.50000", "2016-12-31": "3499.70100", "2015-12-31": "3823.00000", "2014-12-31": "3515.40000", "2013-12-31": "3223.10100", "2012-12-31": "3142.20000", "2011-12-31": "3013.40000", "2010-12-31": "2094.10100", "2009-12-31": "1603.10000", "2008-12-31": "3235.60000", "2007-12-31": "3304.40000", "2006-12-31": "3417.50000", "2005-12-31": "2834.70000"}, "Research And Development Expenses": {"2020-12-31": "273.90000", "2019-12-31": "326.60000", "2018-12-31": "306.10000", "2017-12-31": "264.70000", "2016-12-31": "247.20000", "2015-12-31": "239.80000", "2014-12-31": "215.60000", "2013-12-31": "251.40000", "2012-12-31": "279.30000", "2011-12-31": "288.20000", "2010-12-31": "238.50000", "2009-12-31": "199.20000", "2008-12-31": "341.80000", "2007-12-31": "255.50000", "2006-12-31": "163.10000", "2005-12-31": "117.80000"}, "SG&A Expenses": {"2020-12-31": "581.40000", "2019-12-31": "698.50000", "2018-12-31": "644.70000", "2017-12-31": "571.80000", "2016-12-31": "542.80000", "2015-12-31": "541.50000", "2014-12-31": "561.40000", "2013-12-31": "559.50000", "2012-12-31": "571.60000", "2011-12-31": "546.90000", "2010-12-31": "481.50000", "2009-12-31": "434.90000", "2008-12-31": "581.40000", "2007-12-31": "602.30000", "2006-12-31": "553.20000", "2005-12-31": "514.80000"}, "Other Operating Income Or Expenses": {"2020-12-31": "", "2019-12-31": "", "2018-12-31": "", "2017-12-31": "", "2016-12-31": "-833.00000", "2015-12-31": "", "2014-12-31": "", "2013-12-31": "", "2012-12-31": "", "2011-12-31": "", "2010-12-31": "", "2009-12-31": "66.00000", "2008-12-31": "", "2007-12-31": "", "2006-12-31": "", "2005-12-31": ""}, "Operating Expenses": {"2020-12-31": "15931.70000", "2019-12-31": "22378.90000", "2018-12-31": "20603.80000", "2017-12-31": "17192.90000", "2016-12-31": "15791.80000", "2015-12-31": "16657.10000", "2014-12-31": "16847.10000", "2013-12-31": "15283.30000", "2012-12-31": "15276.60000", "2011-12-31": "14653.10000", "2010-12-31": "9370.39900", "2009-12-31": "7507.60000", "2008-12-31": "13101.60000", "2007-12-31": "13139.20000", "2006-12-31": "13752.90000", "2005-12-31": "11855.30000"}, "Operating Income": {"2020-12-31": "2796.79900", "2019-12-31": "3220.80100", "2018-12-31": "2891.90000", "2017-12-31": "2263.50000", "2016-12-31": "1241.50100", "2015-12-31": "2458.00000", "2014-12-31": "2149.90000", "2013-12-31": "1840.50000", "2012-12-31": "1773.90000", "2011-12-31": "1702.10000", "2010-12-31": "922.50100", "2009-12-31": "578.89990", "2008-12-31": "1870.89900", "2007-12-31": "2082.50100", "2006-12-31": "2701.20000", "2005-12-31": "2202.10100"}, "Total Non-Operating Income/Expense": {"2020-12-31": "-1138.90000", "2019-12-31": "-121.60000", "2018-12-31": "-81.70000", "2017-12-31": "-90.20000", "2016-12-31": "-111.10000", "2015-12-31": "-120.90000", "2014-12-31": "-132.30000", "2013-12-31": "-145.50000", "2012-12-31": "-145.00000", "2011-12-31": "-195.20000", "2010-12-31": "-262.20000", "2009-12-31": "-403.90000", "2008-12-31": "-406.90000", "2007-12-31": "-318.20000", "2006-12-31": "-525.90000", "2005-12-31": "-428.50000"}, "Pre-Tax Income": {"2020-12-31": "1657.90000", "2019-12-31": "3099.20000", "2018-12-31": "2810.20000", "2017-12-31": "2173.30000", "2016-12-31": "1130.40000", "2015-12-31": "2337.10000", "2014-12-31": "2017.60000", "2013-12-31": "1695.00000", "2012-12-31": "1628.90000", "2011-12-31": "1506.90000", "2010-12-31": "660.30000", "2009-12-31": "175.00000", "2008-12-31": "1464.00000", "2007-12-31": "1764.30000", "2006-12-31": "2175.30000", "2005-12-31": "1773.60000"}, "Income Taxes": {"2020-12-31": "359.50000", "2019-12-31": "711.30000", "2018-12-31": "615.10000", "2017-12-31": "498.10000", "2016-12-31": "608.70000", "2015-12-31": "733.10000", "2014-12-31": "658.80000", "2013-12-31": "523.70000", "2012-12-31": "517.30000", "2011-12-31": "464.60000", "2010-12-31": "202.70000", "2009-12-31": "63.10000", "2008-12-31": "446.10000", "2007-12-31": "537.00000", "2006-12-31": "679.30000", "2005-12-31": "640.40000"}, "Income After Taxes": {"2020-12-31": "1298.40000", "2019-12-31": "2387.90000", "2018-12-31": "2195.10000", "2017-12-31": "1675.20000", "2016-12-31": "521.70000", "2015-12-31": "1604.00000", "2014-12-31": "1358.80000", "2013-12-31": "1171.30000", "2012-12-31": "1111.60000", "2011-12-31": "1042.30000", "2010-12-31": "457.60000", "2009-12-31": "111.90000", "2008-12-31": "1017.90000", "2007-12-31": "1227.30000", "2006-12-31": "1496.00000", "2005-12-31": "1133.20000"}, "Other Income": {"2020-12-31": "", "2019-12-31": "", "2018-12-31": "", "2017-12-31": "", "2016-12-31": "", "2015-12-31": "", "2014-12-31": "", "2013-12-31": "", "2012-12-31": "", "2011-12-31": "", "2010-12-31": "", "2009-12-31": "", "2008-12-31": "", "2007-12-31": "", "2006-12-31": "", "2005-12-31": ""}, "Income From Continuous Operations": {"2020-12-31": "1298.40000", "2019-12-31": "2387.90000", "2018-12-31": "2195.10000", "2017-12-31": "1675.20000", "2016-12-31": "521.70000", "2015-12-31": "1604.00000", "2014-12-31": "1358.80000", "2013-12-31": "1171.30000", "2012-12-31": "1111.60000", "2011-12-31": "1042.30000", "2010-12-31": "457.60000", "2009-12-31": "111.90000", "2008-12-31": "1017.90000", "2007-12-31": "1227.30000", "2006-12-31": "1496.00000", "2005-12-31": "1133.20000"}, "Income From Discontinued Operations": {"2020-12-31": "", "2019-12-31": "", "2018-12-31": "", "2017-12-31": "", "2016-12-31": "", "2015-12-31": "", "2014-12-31": "", "2013-12-31": "", "2012-12-31": "", "2011-12-31": "", "2010-12-31": "", "2009-12-31": "", "2008-12-31": "", "2007-12-31": "", "2006-12-31": "", "2005-12-31": ""}, "Net Income": {"2020-12-31": "1298.40000", "2019-12-31": "2387.90000", "2018-12-31": "2195.10000", "2017-12-31": "1675.20000", "2016-12-31": "521.70000", "2015-12-31": "1604.00000", "2014-12-31": "1358.80000", "2013-12-31": "1171.30000", "2012-12-31": "1111.60000", "2011-12-31": "1042.30000", "2010-12-31": "457.60000", "2009-12-31": "111.90000", "2008-12-31": "1017.90000", "2007-12-31": "1227.30000", "2006-12-31": "1496.00000", "2005-12-31": "1133.20000"}, "EBITDA": {"2020-12-31": "3845.79900", "2019-12-31": "4298.10100", "2018-12-31": "3946.00000", "2017-12-31": "3371.00000", "2016-12-31": "2234.60100", "2015-12-31": "3365.10000", "2014-12-31": "2782.40000", "2013-12-31": "2651.20000", "2012-12-31": "2474.80000", "2011-12-31": "2375.90000", "2010-12-31": "1112.40100", "2009-12-31": "1230.60000", "2008-12-31": "2524.00000", "2007-12-31": "2608.90100", "2006-12-31": "3135.80000", "2005-12-31": "2572.20100"}, "EBIT": {"2020-12-31": "2796.79900", "2019-12-31": "3220.80100", "2018-12-31": "2891.90000", "2017-12-31": "2263.50000", "2016-12-31": "1241.50100", "2015-12-31": "2458.00000", "2014-12-31": "2149.90000", "2013-12-31": "1840.50000", "2012-12-31": "1773.90000", "2011-12-31": "1702.10000", "2010-12-31": "922.50100", "2009-12-31": "578.89990", "2008-12-31": "1870.89900", "2007-12-31": "2082.50100", "2006-12-31": "2701.20000", "2005-12-31": "2202.10100"}, "Basic Shares Outstanding": {"2020-12-31": "346.80000", "2019-12-31": "346.90000", "2018-12-31": "351.00000", "2017-12-31": "351.90000", "2016-12-31": "351.10000", "2015-12-31": "354.60000", "2014-12-31": "355.00000", "2013-12-31": "354.20000", "2012-12-31": "355.10000", "2011-12-31": "363.30000", "2010-12-31": "365.00000", "2009-12-31": "363.80000", "2008-12-31": "364.20000", "2007-12-31": "371.10000", "2006-12-31": "375.10000", "2005-12-31": "386.40000"}, "Shares Outstanding": {"2020-12-31": "347.40000", "2019-12-31": "347.50000", "2018-12-31": "351.80000", "2017-12-31": "352.90000", "2016-12-31": "351.80000", "2015-12-31": "355.60000", "2014-12-31": "356.10000", "2013-12-31": "355.20000", "2012-12-31": "355.80000", "2011-12-31": "364.40000", "2010-12-31": "366.20000", "2009-12-31": "364.90000", "2008-12-31": "365.90000", "2007-12-31": "373.30000", "2006-12-31": "377.20000", "2005-12-31": "388.70000"}, "Basic EPS": {"2020-12-31": "3.74000", "2019-12-31": "6.88000", "2018-12-31": "6.25000", "2017-12-31": "4.76000", "2016-12-31": "1.49000", "2015-12-31": "4.52000", "2014-12-31": "3.83000", "2013-12-31": "3.31000", "2012-12-31": "3.13000", "2011-12-31": "2.87000", "2010-12-31": "1.25000", "2009-12-31": "0.31000", "2008-12-31": "2.79000", "2007-12-31": "3.31000", "2006-12-31": "3.99000", "2005-12-31": "2.93000"}, "EPS - Earnings Per Share": {"2020-12-31": "3.74000", "2019-12-31": "6.87000", "2018-12-31": "6.24000", "2017-12-31": "4.75000", "2016-12-31": "1.48000", "2015-12-31": "4.51000", "2014-12-31": "3.82000", "2013-12-31": "3.30000", "2012-12-31": "3.12000", "2011-12-31": "2.86000", "2010-12-31": "1.25000", "2009-12-31": "0.31000", "2008-12-31": "2.78000", "2007-12-31": "3.29000", "2006-12-31": "3.97000", "2005-12-31": "2.92000"}}, "income statement, quarterly": {"Revenue": {"2020-12-31": "5568.60000", "2020-09-30": "4936.00000", "2020-06-30": "3062.20000", "2020-03-31": "5161.70000", "2019-12-31": "6117.19900", "2019-09-30": "6367.00000", "2019-06-30": "6627.90000", "2019-03-31": "6487.60000", "2018-12-31": "6279.69800", "2018-09-30": "5756.80000", "2018-06-30": "5805.20000", "2018-03-31": "5654.00000", "2017-12-31": "5454.60000", "2017-09-30": "5059.70000", "2017-06-30": "4704.20000", "2017-03-31": "4237.90000", "2016-12-31": "4070.70000", "2016-09-30": "4249.40000", "2016-06-30": "4413.20000", "2016-03-31": "4300.00000", "2015-12-31": "4355.30000", "2015-09-30": "4847.20000", "2015-06-30": "5079.90000", "2015-03-31": "4832.70000", "2014-12-31": "5119.10000", "2014-09-30": "4928.40000", "2014-06-30": "4569.60000", "2014-03-31": "4379.90000", "2013-12-31": "4598.90100", "2013-09-30": "4300.10000", "2013-06-30": "4300.50000", "2013-03-31": "3924.30000", "2012-12-31": "3997.00000", "2012-09-30": "3820.20000", "2012-06-30": "4457.20000", "2012-03-31": "4776.10000", "2011-12-31": "4853.79900", "2011-09-30": "4257.10000", "2011-06-30": "3960.70000", "2011-03-31": "3283.60000", "2010-12-31": "3055.60000", "2010-09-30": "2542.50000", "2010-06-30": "2464.10000", "2010-03-31": "2230.70000", "2009-12-31": "2240.40000", "2009-09-30": "2011.00000", "2009-06-30": "1848.90000", "2009-03-31": "1986.20000", "2008-12-31": "2916.70000", "2008-09-30": "4004.90000", "2008-06-30": "4112.50000", "2008-03-31": "3938.40000", "2007-12-31": "3759.30000", "2007-09-30": "3761.70000", "2007-06-30": "3716.20000", "2007-03-31": "3984.50000", "2006-12-31": "4228.99900", "2006-09-30": "4205.40000", "2006-06-30": "4168.00000", "2006-03-31": "3851.70000", "2005-12-31": "3635.00000", "2005-09-30": "3541.00000", "2005-06-30": "3555.40000", "2005-03-31": "3326.00000"}, "Cost Of Goods Sold": {"2020-12-31": "4487.00000", "2020-09-30": "3958.30000", "2020-06-30": "2441.50000", "2020-03-31": "4189.60000", "2019-12-31": "4890.00000", "2019-09-30": "5106.80000", "2019-06-30": "5341.70000", "2019-03-31": "5217.10000", "2018-12-31": "5088.60100", "2018-09-30": "4653.60000", "2018-06-30": "4647.30000", "2018-03-31": "4535.50000", "2017-12-31": "4418.40100", "2017-09-30": "4055.60000", "2017-06-30": "3764.00000", "2017-03-31": "3390.90000", "2016-12-31": "3259.10000", "2016-09-30": "3371.50000", "2016-06-30": "3489.40000", "2016-03-31": "3413.60000", "2015-12-31": "3469.40000", "2015-09-30": "3851.30000", "2015-06-30": "4061.20000", "2015-03-31": "3910.20000", "2014-12-31": "4160.40000", "2014-09-30": "4006.30000", "2014-06-30": "3719.40000", "2014-03-31": "3595.50000", "2013-12-31": "3725.69900", "2013-09-30": "3491.10000", "2013-06-30": "3494.60000", "2013-03-31": "3189.30000", "2012-12-31": "3247.40000", "2012-09-30": "3108.50000", "2012-06-30": "3632.50000", "2012-03-31": "3919.90000", "2011-12-31": "3994.40000", "2011-09-30": "3484.00000", "2011-06-30": "3231.10000", "2011-03-31": "2632.30000", "2010-12-31": "2456.90000", "2010-09-30": "2019.20000", "2010-06-30": "1954.90000", "2010-03-31": "1767.80000", "2009-12-31": "1783.00000", "2009-09-30": "1646.50000", "2009-06-30": "1492.80000", "2009-03-31": "1561.10000", "2008-12-31": "2341.90000", "2008-09-30": "3113.50000", "2008-06-30": "3202.20000", "2008-03-31": "3079.30000", "2007-12-31": "2938.89900", "2007-09-30": "2930.60000", "2007-06-30": "2912.50000", "2007-03-31": "3135.30000", "2006-12-31": "3218.89900", "2006-09-30": "3364.90000", "2006-06-30": "3353.90000", "2006-03-31": "3098.90000", "2005-12-31": "2814.10000", "2005-09-30": "2842.50000", "2005-06-30": "2876.40000", "2005-03-31": "2689.70000"}, "Gross Profit": {"2020-12-31": "1081.60000", "2020-09-30": "977.70000", "2020-06-30": "620.70000", "2020-03-31": "972.10010", "2019-12-31": "1227.19900", "2019-09-30": "1260.20000", "2019-06-30": "1286.20000", "2019-03-31": "1270.50000", "2018-12-31": "1191.09800", "2018-09-30": "1103.20000", "2018-06-30": "1157.90000", "2018-03-31": "1118.50000", "2017-12-31": "1036.19900", "2017-09-30": "1004.10000", "2017-06-30": "940.20020", "2017-03-31": "847.00000", "2016-12-31": "811.60060", "2016-09-30": "877.89990", "2016-06-30": "923.80030", "2016-03-31": "886.39990", "2015-12-31": "885.90010", "2015-09-30": "995.90010", "2015-06-30": "1018.70000", "2015-03-31": "922.50020", "2014-12-31": "958.70020", "2014-09-30": "922.09990", "2014-06-30": "850.20020", "2014-03-31": "784.39990", "2013-12-31": "873.20190", "2013-09-30": "809.00000", "2013-06-30": "805.89990", "2013-03-31": "735.00000", "2012-12-31": "749.59960", "2012-09-30": "711.70000", "2012-06-30": "824.70020", "2012-03-31": "856.20020", "2011-12-31": "859.39970", "2011-09-30": "773.10010", "2011-06-30": "729.59990", "2011-03-31": "651.30000", "2010-12-31": "598.70070", "2010-09-30": "523.30000", "2010-06-30": "509.20010", "2010-03-31": "462.89990", "2009-12-31": "457.40030", "2009-09-30": "364.50000", "2009-06-30": "356.10000", "2009-03-31": "425.10000", "2008-12-31": "574.79960", "2008-09-30": "891.39990", "2008-06-30": "910.30000", "2008-03-31": "859.09990", "2007-12-31": "820.40060", "2007-09-30": "831.09990", "2007-06-30": "803.70000", "2007-03-31": "849.20000", "2006-12-31": "1010.10000", "2006-09-30": "840.50000", "2006-06-30": "814.10010", "2006-03-31": "752.80000", "2005-12-31": "820.90010", "2005-09-30": "698.50000", "2005-06-30": "679.00000", "2005-03-31": "636.30000"}, "Research And Development Expenses": {"2020-12-31": "71.70000", "2020-09-30": "64.70000", "2020-06-30": "66.50000", "2020-03-31": "71.00000", "2019-12-31": "83.60000", "2019-09-30": "82.20000", "2019-06-30": "82.50000", "2019-03-31": "78.30000", "2018-12-31": "80.50000", "2018-09-30": "72.90000", "2018-06-30": "76.70000", "2018-03-31": "76.00000", "2017-12-31": "70.60000", "2017-09-30": "67.00000", "2017-06-30": "66.10000", "2017-03-31": "61.00000", "2016-12-31": "67.60000", "2016-09-30": "59.20000", "2016-06-30": "60.80000", "2016-03-31": "59.60000", "2015-12-31": "66.70000", "2015-09-30": "57.60000", "2015-06-30": "59.30000", "2015-03-31": "56.20000", "2014-12-31": "62.50000", "2014-09-30": "50.50000", "2014-06-30": "49.90000", "2014-03-31": "52.70000", "2013-12-31": "60.90000", "2013-09-30": "56.60000", "2013-06-30": "61.80000", "2013-03-31": "72.10000", "2012-12-31": "66.40000", "2012-09-30": "66.80000", "2012-06-30": "73.80000", "2012-03-31": "72.30000", "2011-12-31": "72.30000", "2011-09-30": "70.00000", "2011-06-30": "77.50000", "2011-03-31": "68.40000", "2010-12-31": "65.40000", "2010-09-30": "59.90000", "2010-06-30": "58.40000", "2010-03-31": "54.80000", "2009-12-31": "50.70000", "2009-09-30": "43.40000", "2009-06-30": "52.80000", "2009-03-31": "52.30000", "2008-12-31": "80.10000", "2008-09-30": "88.10000", "2008-06-30": "90.70000", "2008-03-31": "82.90000", "2007-12-31": "92.10000", "2007-09-30": "67.80000", "2007-06-30": "58.20000", "2007-03-31": "37.40000", "2006-12-31": "", "2006-09-30": "", "2006-06-30": "", "2006-03-31": "", "2005-12-31": "", "2005-09-30": "", "2005-06-30": "", "2005-03-31": ""}, "SG&A Expenses": {"2020-12-31": "165.50000", "2020-09-30": "131.70000", "2020-06-30": "120.20000", "2020-03-31": "164.00000", "2019-12-31": "183.20000", "2019-09-30": "172.60000", "2019-06-30": "173.30000", "2019-03-31": "169.40000", "2018-12-31": "166.20000", "2018-09-30": "153.50000", "2018-06-30": "156.80000", "2018-03-31": "168.20000", "2017-12-31": "148.00000", "2017-09-30": "144.90000", "2017-06-30": "138.70000", "2017-03-31": "140.20000", "2016-12-31": "141.90000", "2016-09-30": "130.80000", "2016-06-30": "135.30000", "2016-03-31": "134.80000", "2015-12-31": "145.40000", "2015-09-30": "131.00000", "2015-06-30": "132.10000", "2015-03-31": "133.00000", "2014-12-31": "140.10000", "2014-09-30": "136.70000", "2014-06-30": "139.60000", "2014-03-31": "145.00000", "2013-12-31": "147.60000", "2013-09-30": "134.70000", "2013-06-30": "136.00000", "2013-03-31": "141.20000", "2012-12-31": "138.60000", "2012-09-30": "136.50000", "2012-06-30": "146.60000", "2012-03-31": "149.90000", "2011-12-31": "143.50000", "2011-09-30": "137.10000", "2011-06-30": "133.20000", "2011-03-31": "133.10000", "2010-12-31": "129.90000", "2010-09-30": "116.20000", "2010-06-30": "119.80000", "2010-03-31": "115.60000", "2009-12-31": "116.20000", "2009-09-30": "108.50000", "2009-06-30": "100.50000", "2009-03-31": "109.70000", "2008-12-31": "121.50000", "2008-09-30": "147.20000", "2008-06-30": "157.50000", "2008-03-31": "155.20000", "2007-12-31": "157.40000", "2007-09-30": "151.60000", "2007-06-30": "148.70000", "2007-03-31": "144.60000", "2006-12-31": "148.50000", "2006-09-30": "135.90000", "2006-06-30": "136.00000", "2006-03-31": "132.80000", "2005-12-31": "136.00000", "2005-09-30": "124.30000", "2005-06-30": "125.90000", "2005-03-31": "128.60000"}, "Other Operating Income Or Expenses": {"2020-12-31": "", "2020-09-30": "", "2020-06-30": "", "2020-03-31": "", "2019-12-31": "", "2019-09-30": "", "2019-06-30": "", "2019-03-31": "", "2018-12-31": "", "2018-09-30": "", "2018-06-30": "", "2018-03-31": "", "2017-12-31": "", "2017-09-30": "", "2017-06-30": "", "2017-03-31": "", "2016-12-31": "", "2016-09-30": "", "2016-06-30": "109.60000", "2016-03-31": "-942.60000", "2015-12-31": "", "2015-09-30": "", "2015-06-30": "", "2015-03-31": "", "2014-12-31": "", "2014-09-30": "", "2014-06-30": "", "2014-03-31": "", "2013-12-31": "", "2013-09-30": "", "2013-06-30": "", "2013-03-31": "", "2012-12-31": "", "2012-09-30": "", "2012-06-30": "", "2012-03-31": "", "2011-12-31": "", "2011-09-30": "", "2011-06-30": "", "2011-03-31": "", "2010-12-31": "", "2010-09-30": "", "2010-06-30": "", "2010-03-31": "", "2009-12-31": "", "2009-09-30": "18.30000", "2009-06-30": "47.70000", "2009-03-31": "", "2008-12-31": "", "2008-09-30": "", "2008-06-30": "", "2008-03-31": "", "2007-12-31": "", "2007-09-30": "", "2007-06-30": "", "2007-03-31": "", "2006-12-31": "", "2006-09-30": "", "2006-06-30": "", "2006-03-31": "", "2005-12-31": "", "2005-09-30": "", "2005-06-30": "", "2005-03-31": ""}, "Operating Expenses": {"2020-12-31": "4724.20000", "2020-09-30": "4417.20000", "2020-06-30": "2852.30000", "2020-03-31": "4654.00000", "2019-12-31": "5398.69900", "2019-09-30": "5556.90000", "2019-06-30": "5781.10000", "2019-03-31": "5642.20000", "2018-12-31": "5512.89900", "2018-09-30": "5058.50000", "2018-06-30": "5066.30000", "2018-03-31": "4966.10000", "2017-12-31": "4825.80000", "2017-09-30": "4453.70000", "2017-06-30": "4141.60000", "2017-03-31": "3771.80000", "2016-12-31": "3633.89900", "2016-09-30": "3724.10000", "2016-06-30": "3732.30000", "2016-03-31": "4701.50000", "2015-12-31": "3826.39900", "2015-09-30": "4192.40000", "2015-06-30": "4398.50000", "2015-03-31": "4239.80000", "2014-12-31": "4511.49900", "2014-09-30": "4340.80000", "2014-06-30": "4057.30000", "2014-03-31": "3937.50000", "2013-12-31": "4082.70100", "2013-09-30": "3822.60000", "2013-06-30": "3831.30000", "2013-03-31": "3546.70000", "2012-12-31": "3602.29900", "2012-09-30": "3439.00000", "2012-06-30": "3974.40000", "2012-03-31": "4260.90000", "2011-12-31": "4333.50000", "2011-09-30": "3814.10000", "2011-06-30": "3561.20000", "2011-03-31": "2944.30000", "2010-12-31": "2761.39900", "2010-09-30": "2305.50000", "2010-06-30": "2244.00000", "2010-03-31": "2059.50000", "2009-12-31": "2075.50000", "2009-09-30": "1900.10000", "2009-06-30": "1706.00000", "2009-03-31": "1826.00000", "2008-12-31": "2759.40000", "2008-09-30": "3461.90000", "2008-06-30": "3562.90000", "2008-03-31": "3317.40000", "2007-12-31": "3552.49900", "2007-09-30": "3150.00000", "2007-06-30": "3119.40000", "2007-03-31": "3317.30000", "2006-12-31": "3530.50000", "2006-09-30": "3500.80000", "2006-06-30": "3489.90000", "2006-03-31": "3231.70000", "2005-12-31": "3067.90000", "2005-09-30": "2966.80000", "2005-06-30": "3002.30000", "2005-03-31": "2818.30000"}, "Operating Income": {"2020-12-31": "844.39990", "2020-09-30": "518.79980", "2020-06-30": "209.89990", "2020-03-31": "507.70020", "2019-12-31": "718.50000", "2019-09-30": "810.10010", "2019-06-30": "846.79980", "2019-03-31": "845.40040", "2018-12-31": "766.79930", "2018-09-30": "698.29980", "2018-06-30": "738.90040", "2018-03-31": "687.89990", "2017-12-31": "628.80030", "2017-09-30": "606.00000", "2017-06-30": "562.60010", "2017-03-31": "466.10010", "2016-12-31": "436.80080", "2016-09-30": "525.29980", "2016-06-30": "680.90040", "2016-03-31": "-401.50000", "2015-12-31": "528.90040", "2015-09-30": "654.79980", "2015-06-30": "681.39990", "2015-03-31": "592.90040", "2014-12-31": "607.60110", "2014-09-30": "587.59960", "2014-06-30": "512.30030", "2014-03-31": "442.39990", "2013-12-31": "516.20020", "2013-09-30": "477.50000", "2013-06-30": "469.20000", "2013-03-31": "377.59990", "2012-12-31": "394.70020", "2012-09-30": "381.20000", "2012-06-30": "482.80000", "2012-03-31": "515.20020", "2011-12-31": "520.29930", "2011-09-30": "443.00000", "2011-06-30": "399.50000", "2011-03-31": "339.30000", "2010-12-31": "294.20120", "2010-09-30": "237.00020", "2010-06-30": "220.10010", "2010-03-31": "171.19970", "2009-12-31": "164.90010", "2009-09-30": "110.90000", "2009-06-30": "142.89990", "2009-03-31": "160.20000", "2008-12-31": "157.29930", "2008-09-30": "542.99980", "2008-06-30": "549.60010", "2008-03-31": "621.00000", "2007-12-31": "206.80050", "2007-09-30": "611.69970", "2007-06-30": "596.80000", "2007-03-31": "667.20000", "2006-12-31": "698.49930", "2006-09-30": "704.60010", "2006-06-30": "678.10010", "2006-03-31": "620.00000", "2005-12-31": "567.10030", "2005-09-30": "574.20000", "2005-06-30": "553.10010", "2005-03-31": "507.70000"}, "Total Non-Operating Income/Expense": {"2020-12-31": "-322.60000", "2020-09-30": "-28.90000", "2020-06-30": "-25.90000", "2020-03-31": "-45.50000", "2019-12-31": "-30.70000", "2019-09-30": "-32.50000", "2019-06-30": "-32.40000", "2019-03-31": "-26.00000", "2018-12-31": "-14.40000", "2018-09-30": "-29.50000", "2018-06-30": "-19.30000", "2018-03-31": "-18.50000", "2017-12-31": "-24.50000", "2017-09-30": "-24.20000", "2017-06-30": "-23.60000", "2017-03-31": "-17.90000", "2016-12-31": "-17.90000", "2016-09-30": "-30.40000", "2016-06-30": "-34.70000", "2016-03-31": "-28.10000", "2015-12-31": "-30.20000", "2015-09-30": "-30.30000", "2015-06-30": "-29.20000", "2015-03-31": "-31.20000", "2014-12-31": "-29.90000", "2014-09-30": "-35.20000", "2014-06-30": "-31.30000", "2014-03-31": "-35.90000", "2013-12-31": "-31.30000", "2013-09-30": "-37.50000", "2013-06-30": "-36.30000", "2013-03-31": "-40.40000", "2012-12-31": "-36.50000", "2012-09-30": "-35.80000", "2012-06-30": "-36.50000", "2012-03-31": "-36.20000", "2011-12-31": "-47.60000", "2011-09-30": "-48.30000", "2011-06-30": "-46.30000", "2011-03-31": "-53.00000", "2010-12-31": "-55.30000", "2010-09-30": "-60.20000", "2010-06-30": "-71.50000", "2010-03-31": "-75.20000", "2009-12-31": "-71.20000", "2009-09-30": "-94.10000", "2009-06-30": "-115.00000", "2009-03-31": "-123.60000", "2008-12-31": "8.50000", "2008-09-30": "-114.40000", "2008-06-30": "-103.60000", "2008-03-31": "-197.40000", "2007-12-31": "164.60000", "2007-09-30": "-186.60000", "2007-06-30": "-166.70000", "2007-03-31": "-129.50000", "2006-12-31": "-142.50000", "2006-09-30": "-134.20000", "2006-06-30": "-129.90000", "2006-03-31": "-119.30000", "2005-12-31": "-117.30000", "2005-09-30": "-119.20000", "2005-06-30": "-100.40000", "2005-03-31": "-91.60000"}, "Pre-Tax Income": {"2020-12-31": "521.80000", "2020-09-30": "489.90000", "2020-06-30": "184.00000", "2020-03-31": "462.20000", "2019-12-31": "687.80000", "2019-09-30": "777.60000", "2019-06-30": "814.40000", "2019-03-31": "819.40000", "2018-12-31": "752.39990", "2018-09-30": "668.80000", "2018-06-30": "719.60000", "2018-03-31": "669.40000", "2017-12-31": "604.30000", "2017-09-30": "581.80000", "2017-06-30": "539.00000", "2017-03-31": "448.20000", "2016-12-31": "418.90000", "2016-09-30": "494.90000", "2016-06-30": "646.20000", "2016-03-31": "-429.60000", "2015-12-31": "498.70010", "2015-09-30": "624.50000", "2015-06-30": "652.20000", "2015-03-31": "561.70000", "2014-12-31": "577.70000", "2014-09-30": "552.40000", "2014-06-30": "481.00000", "2014-03-31": "406.50000", "2013-12-31": "484.90000", "2013-09-30": "440.00000", "2013-06-30": "432.90000", "2013-03-31": "337.20000", "2012-12-31": "358.20000", "2012-09-30": "345.40000", "2012-06-30": "446.30000", "2012-03-31": "479.00000", "2011-12-31": "472.70000", "2011-09-30": "394.70000", "2011-06-30": "353.20000", "2011-03-31": "286.30000", "2010-12-31": "238.90000", "2010-09-30": "176.80000", "2010-06-30": "148.60000", "2010-03-31": "96.00000", "2009-12-31": "93.70000", "2009-09-30": "16.80000", "2009-06-30": "27.90000", "2009-03-31": "36.60000", "2008-12-31": "165.80000", "2008-09-30": "428.60000", "2008-06-30": "446.00000", "2008-03-31": "423.60000", "2007-12-31": "371.40010", "2007-09-30": "425.10000", "2007-06-30": "430.10000", "2007-03-31": "537.70000", "2006-12-31": "555.99990", "2006-09-30": "570.40000", "2006-06-30": "548.20000", "2006-03-31": "500.70000", "2005-12-31": "449.80000", "2005-09-30": "455.00000", "2005-06-30": "452.70000", "2005-03-31": "416.10000"}, "Income Taxes": {"2020-12-31": "116.00000", "2020-09-30": "104.40000", "2020-06-30": "36.30000", "2020-03-31": "102.80000", "2019-12-31": "156.50000", "2019-09-30": "169.70000", "2019-06-30": "194.70000", "2019-03-31": "190.40000", "2018-12-31": "174.30000", "2018-09-30": "123.50000", "2018-06-30": "160.00000", "2018-03-31": "157.30000", "2017-12-31": "15.10000", "2017-09-30": "179.10000", "2017-06-30": "166.00000", "2017-03-31": "137.90000", "2016-12-31": "130.10000", "2016-09-30": "148.70000", "2016-06-30": "164.90000", "2016-03-31": "165.00000", "2015-12-31": "151.50000", "2015-09-30": "193.30000", "2015-06-30": "205.00000", "2015-03-31": "183.30000", "2014-12-31": "183.40000", "2014-09-30": "181.00000", "2014-06-30": "161.80000", "2014-03-31": "132.60000", "2013-12-31": "150.70000", "2013-09-30": "130.60000", "2013-06-30": "141.30000", "2013-03-31": "101.10000", "2012-12-31": "104.70000", "2012-09-30": "111.80000", "2012-06-30": "149.10000", "2012-03-31": "151.70000", "2011-12-31": "145.00000", "2011-09-30": "113.10000", "2011-06-30": "113.50000", "2011-03-31": "93.00000", "2010-12-31": "69.10000", "2010-09-30": "56.90000", "2010-06-30": "49.00000", "2010-03-31": "27.70000", "2009-12-31": "47.60000", "2009-09-30": "3.80000", "2009-06-30": "1.40000", "2009-03-31": "10.30000", "2008-12-31": "52.70000", "2008-09-30": "129.60000", "2008-06-30": "132.50000", "2008-03-31": "131.30000", "2007-12-31": "110.30000", "2007-09-30": "122.80000", "2007-06-30": "131.80000", "2007-03-31": "172.10000", "2006-12-31": "175.50000", "2006-09-30": "166.80000", "2006-06-30": "178.30000", "2006-03-31": "158.70000", "2005-12-31": "136.90000", "2005-09-30": "150.20000", "2005-06-30": "211.20000", "2005-03-31": "142.10000"}, "Income After Taxes": {"2020-12-31": "405.80000", "2020-09-30": "385.50000", "2020-06-30": "147.70000", "2020-03-31": "359.40000", "2019-12-31": "531.30000", "2019-09-30": "607.90000", "2019-06-30": "619.70000", "2019-03-31": "629.00000", "2018-12-31": "578.10000", "2018-09-30": "545.30000", "2018-06-30": "559.60000", "2018-03-31": "512.10000", "2017-12-31": "589.20010", "2017-09-30": "402.70000", "2017-06-30": "373.00000", "2017-03-31": "310.30000", "2016-12-31": "288.80000", "2016-09-30": "346.20000", "2016-06-30": "481.30000", "2016-03-31": "-594.60000", "2015-12-31": "347.20000", "2015-09-30": "431.20000", "2015-06-30": "447.20000", "2015-03-31": "378.40000", "2014-12-31": "394.30000", "2014-09-30": "371.40000", "2014-06-30": "319.20000", "2014-03-31": "273.90000", "2013-12-31": "334.20000", "2013-09-30": "309.40000", "2013-06-30": "291.60000", "2013-03-31": "236.10000", "2012-12-31": "253.50020", "2012-09-30": "233.60000", "2012-06-30": "297.20000", "2012-03-31": "327.30000", "2011-12-31": "327.70010", "2011-09-30": "281.60000", "2011-06-30": "239.70000", "2011-03-31": "193.30000", "2010-12-31": "169.80000", "2010-09-30": "119.90000", "2010-06-30": "99.60000", "2010-03-31": "68.30000", "2009-12-31": "46.10000", "2009-09-30": "13.00000", "2009-06-30": "26.50000", "2009-03-31": "26.30000", "2008-12-31": "113.10000", "2008-09-30": "299.00000", "2008-06-30": "313.50000", "2008-03-31": "292.30000", "2007-12-31": "261.10010", "2007-09-30": "302.30000", "2007-06-30": "298.30000", "2007-03-31": "365.60000", "2006-12-31": "380.49990", "2006-09-30": "403.60000", "2006-06-30": "369.90000", "2006-03-31": "342.00000", "2005-12-31": "312.90000", "2005-09-30": "304.80000", "2005-06-30": "241.50000", "2005-03-31": "274.00000"}, "Other Income": {"2020-12-31": "", "2020-09-30": "", "2020-06-30": "", "2020-03-31": "", "2019-12-31": "", "2019-09-30": "", "2019-06-30": "", "2019-03-31": "", "2018-12-31": "", "2018-09-30": "", "2018-06-30": "", "2018-03-31": "", "2017-12-31": "", "2017-09-30": "", "2017-06-30": "", "2017-03-31": "", "2016-12-31": "", "2016-09-30": "", "2016-06-30": "", "2016-03-31": "", "2015-12-31": "", "2015-09-30": "", "2015-06-30": "", "2015-03-31": "", "2014-12-31": "", "2014-09-30": "", "2014-06-30": "", "2014-03-31": "", "2013-12-31": "", "2013-09-30": "", "2013-06-30": "", "2013-03-31": "", "2012-12-31": "", "2012-09-30": "", "2012-06-30": "", "2012-03-31": "", "2011-12-31": "", "2011-09-30": "", "2011-06-30": "", "2011-03-31": "", "2010-12-31": "", "2010-09-30": "", "2010-06-30": "", "2010-03-31": "", "2009-12-31": "", "2009-09-30": "", "2009-06-30": "", "2009-03-31": "", "2008-12-31": "", "2008-09-30": "", "2008-06-30": "", "2008-03-31": "", "2007-12-31": "", "2007-09-30": "", "2007-06-30": "", "2007-03-31": "", "2006-12-31": "", "2006-09-30": "", "2006-06-30": "", "2006-03-31": "", "2005-12-31": "", "2005-09-30": "", "2005-06-30": "", "2005-03-31": ""}, "Income From Continuous Operations": {"2020-12-31": "405.80000", "2020-09-30": "385.50000", "2020-06-30": "147.70000", "2020-03-31": "359.40000", "2019-12-31": "531.30000", "2019-09-30": "607.90000", "2019-06-30": "619.70000", "2019-03-31": "629.00000", "2018-12-31": "578.10000", "2018-09-30": "545.30000", "2018-06-30": "559.60000", "2018-03-31": "512.10000", "2017-12-31": "589.20010", "2017-09-30": "402.70000", "2017-06-30": "373.00000", "2017-03-31": "310.30000", "2016-12-31": "288.80000", "2016-09-30": "346.20000", "2016-06-30": "481.30000", "2016-03-31": "-594.60000", "2015-12-31": "347.20000", "2015-09-30": "431.20000", "2015-06-30": "447.20000", "2015-03-31": "378.40000", "2014-12-31": "394.30000", "2014-09-30": "371.40000", "2014-06-30": "319.20000", "2014-03-31": "273.90000", "2013-12-31": "334.20000", "2013-09-30": "309.40000", "2013-06-30": "291.60000", "2013-03-31": "236.10000", "2012-12-31": "253.50020", "2012-09-30": "233.60000", "2012-06-30": "297.20000", "2012-03-31": "327.30000", "2011-12-31": "327.70010", "2011-09-30": "281.60000", "2011-06-30": "239.70000", "2011-03-31": "193.30000", "2010-12-31": "169.80000", "2010-09-30": "119.90000", "2010-06-30": "99.60000", "2010-03-31": "68.30000", "2009-12-31": "46.10000", "2009-09-30": "13.00000", "2009-06-30": "26.50000", "2009-03-31": "26.30000", "2008-12-31": "113.10000", "2008-09-30": "299.00000", "2008-06-30": "313.50000", "2008-03-31": "292.30000", "2007-12-31": "261.10010", "2007-09-30": "302.30000", "2007-06-30": "298.30000", "2007-03-31": "365.60000", "2006-12-31": "380.49990", "2006-09-30": "403.60000", "2006-06-30": "369.90000", "2006-03-31": "342.00000", "2005-12-31": "312.90000", "2005-09-30": "304.80000", "2005-06-30": "241.50000", "2005-03-31": "274.00000"}, "Income From Discontinued Operations": {"2020-12-31": "", "2020-09-30": "", "2020-06-30": "", "2020-03-31": "", "2019-12-31": "", "2019-09-30": "", "2019-06-30": "", "2019-03-31": "", "2018-12-31": "", "2018-09-30": "", "2018-06-30": "", "2018-03-31": "", "2017-12-31": "", "2017-09-30": "", "2017-06-30": "", "2017-03-31": "", "2016-12-31": "", "2016-09-30": "", "2016-06-30": "", "2016-03-31": "", "2015-12-31": "", "2015-09-30": "", "2015-06-30": "", "2015-03-31": "", "2014-12-31": "", "2014-09-30": "", "2014-06-30": "", "2014-03-31": "", "2013-12-31": "", "2013-09-30": "", "2013-06-30": "", "2013-03-31": "", "2012-12-31": "", "2012-09-30": "", "2012-06-30": "", "2012-03-31": "", "2011-12-31": "", "2011-09-30": "", "2011-06-30": "", "2011-03-31": "", "2010-12-31": "", "2010-09-30": "", "2010-06-30": "", "2010-03-31": "", "2009-12-31": "", "2009-09-30": "", "2009-06-30": "", "2009-03-31": "", "2008-12-31": "", "2008-09-30": "", "2008-06-30": "", "2008-03-31": "", "2007-12-31": "", "2007-09-30": "", "2007-06-30": "", "2007-03-31": "", "2006-12-31": "", "2006-09-30": "", "2006-06-30": "", "2006-03-31": "", "2005-12-31": "", "2005-09-30": "", "2005-06-30": "", "2005-03-31": ""}, "Net Income": {"2020-12-31": "405.80000", "2020-09-30": "385.50000", "2020-06-30": "147.70000", "2020-03-31": "359.40000", "2019-12-31": "531.29980", "2019-09-30": "607.90000", "2019-06-30": "619.70000", "2019-03-31": "629.00000", "2018-12-31": "578.10010", "2018-09-30": "545.30000", "2018-06-30": "559.60000", "2018-03-31": "512.10000", "2017-12-31": "589.20000", "2017-09-30": "402.70000", "2017-06-30": "373.00000", "2017-03-31": "310.30000", "2016-12-31": "288.80000", "2016-09-30": "346.20000", "2016-06-30": "481.30000", "2016-03-31": "-594.60000", "2015-12-31": "347.20000", "2015-09-30": "431.20000", "2015-06-30": "447.20000", "2015-03-31": "378.40000", "2014-12-31": "394.30000", "2014-09-30": "371.40000", "2014-06-30": "319.20000", "2014-03-31": "273.90000", "2013-12-31": "334.20000", "2013-09-30": "309.40000", "2013-06-30": "291.60000", "2013-03-31": "236.10000", "2012-12-31": "253.50000", "2012-09-30": "233.60000", "2012-06-30": "297.20000", "2012-03-31": "327.30000", "2011-12-31": "327.70010", "2011-09-30": "281.60000", "2011-06-30": "239.70000", "2011-03-31": "193.30000", "2010-12-31": "169.80000", "2010-09-30": "119.90000", "2010-06-30": "99.60000", "2010-03-31": "68.30000", "2009-12-31": "46.10000", "2009-09-30": "13.00000", "2009-06-30": "26.50000", "2009-03-31": "26.30000", "2008-12-31": "113.10000", "2008-09-30": "299.00000", "2008-06-30": "313.50000", "2008-03-31": "292.30000", "2007-12-31": "261.10010", "2007-09-30": "302.30000", "2007-06-30": "298.30000", "2007-03-31": "365.60000", "2006-12-31": "380.50000", "2006-09-30": "403.60000", "2006-06-30": "369.90000", "2006-03-31": "342.00000", "2005-12-31": "312.90000", "2005-09-30": "304.80000", "2005-06-30": "241.50000", "2005-03-31": "274.00000"}, "EBITDA": {"2020-12-31": "", "2020-09-30": "784.99980", "2020-06-30": "653.19990", "2020-03-31": "577.70020", "2019-12-31": "1003.40000", "2019-09-30": "1082.20000", "2019-06-30": "1285.70000", "2019-03-31": "926.80040", "2018-12-31": "1026.49900", "2018-09-30": "950.89980", "2018-06-30": "1007.20000", "2018-03-31": "961.39990", "2017-12-31": "922.00030", "2017-09-30": "892.10000", "2017-06-30": "831.60010", "2017-03-31": "725.30010", "2016-12-31": "684.30080", "2016-09-30": "775.49980", "2016-06-30": "933.80040", "2016-03-31": "-159.00000", "2015-12-31": "756.70040", "2015-09-30": "885.69980", "2015-06-30": "908.69990", "2015-03-31": "814.00040", "2014-12-31": "562.50110", "2014-09-30": "817.69960", "2014-06-30": "740.00030", "2014-03-31": "662.19990", "2013-12-31": "738.20020", "2013-09-30": "683.90000", "2013-06-30": "666.79990", "2013-03-31": "562.29990", "2012-12-31": "573.20020", "2012-09-30": "557.40000", "2012-06-30": "658.40000", "2012-03-31": "685.80020", "2011-12-31": "688.39930", "2011-09-30": "617.30000", "2011-06-30": "568.50000", "2011-03-31": "501.70000", "2010-12-31": "15.70120", "2010-09-30": "388.60030", "2010-06-30": "371.50010", "2010-03-31": "336.59970", "2009-12-31": "329.40010", "2009-09-30": "283.90000", "2009-06-30": "302.29990", "2009-03-31": "314.99990", "2008-12-31": "328.19930", "2008-09-30": "709.79970", "2008-06-30": "714.10010", "2008-03-31": "771.90000", "2007-12-31": "355.30060", "2007-09-30": "742.39970", "2007-06-30": "726.00010", "2007-03-31": "785.20000", "2006-12-31": "811.69930", "2006-09-30": "817.80010", "2006-06-30": "786.10010", "2006-03-31": "720.20000", "2005-12-31": "663.60030", "2005-09-30": "665.90000", "2005-06-30": "643.50010", "2005-03-31": "599.20000"}, "EBIT": {"2020-12-31": "844.39990", "2020-09-30": "518.79980", "2020-06-30": "209.89990", "2020-03-31": "507.70020", "2019-12-31": "718.50050", "2019-09-30": "810.10010", "2019-06-30": "846.79980", "2019-03-31": "845.40040", "2018-12-31": "766.80030", "2018-09-30": "698.29980", "2018-06-30": "738.90040", "2018-03-31": "687.89990", "2017-12-31": "628.79980", "2017-09-30": "606.00000", "2017-06-30": "562.60010", "2017-03-31": "466.10010", "2016-12-31": "436.80080", "2016-09-30": "525.29980", "2016-06-30": "680.90040", "2016-03-31": "-401.50000", "2015-12-31": "528.89990", "2015-09-30": "654.79980", "2015-06-30": "681.39990", "2015-03-31": "592.90040", "2014-12-31": "607.60060", "2014-09-30": "587.59960", "2014-06-30": "512.30030", "2014-03-31": "442.39990", "2013-12-31": "516.20020", "2013-09-30": "477.50000", "2013-06-30": "469.20000", "2013-03-31": "377.59990", "2012-12-31": "394.70020", "2012-09-30": "381.20000", "2012-06-30": "482.80000", "2012-03-31": "515.20020", "2011-12-31": "520.29960", "2011-09-30": "443.00000", "2011-06-30": "399.50000", "2011-03-31": "339.30000", "2010-12-31": "294.20090", "2010-09-30": "237.00020", "2010-06-30": "220.10010", "2010-03-31": "171.19970", "2009-12-31": "164.90000", "2009-09-30": "110.90000", "2009-06-30": "142.89990", "2009-03-31": "160.20000", "2008-12-31": "157.29960", "2008-09-30": "542.99980", "2008-06-30": "549.60010", "2008-03-31": "621.00000", "2007-12-31": "206.80130", "2007-09-30": "611.69970", "2007-06-30": "596.80000", "2007-03-31": "667.20000", "2006-12-31": "698.50000", "2006-09-30": "704.60010", "2006-06-30": "678.10010", "2006-03-31": "620.00000", "2005-12-31": "567.10060", "2005-09-30": "574.20000", "2005-06-30": "553.10010", "2005-03-31": "507.70000"}, "Basic Shares Outstanding": {"2020-12-31": "347.20000", "2020-09-30": "346.80000", "2020-06-30": "346.40000", "2020-03-31": "346.90000", "2019-12-31": "346.90000", "2019-09-30": "346.60000", "2019-06-30": "347.00000", "2019-03-31": "347.20000", "2018-12-31": "351.00000", "2018-09-30": "350.70000", "2018-06-30": "351.70000", "2018-03-31": "352.50000", "2017-12-31": "351.90000", "2017-09-30": "351.90000", "2017-06-30": "351.80000", "2017-03-31": "351.60000", "2016-12-31": "351.10000", "2016-09-30": "351.00000", "2016-06-30": "350.90000", "2016-03-31": "351.30000", "2015-12-31": "354.60000", "2015-09-30": "355.00000", "2015-06-30": "355.30000", "2015-03-31": "355.10000", "2014-12-31": "355.00000", "2014-09-30": "355.20000", "2014-06-30": "355.10000", "2014-03-31": "354.90000", "2013-12-31": "354.20000", "2013-09-30": "354.40000", "2013-06-30": "354.10000", "2013-03-31": "354.00000", "2012-12-31": "355.10000", "2012-09-30": "353.70000", "2012-06-30": "356.00000", "2012-03-31": "357.00000", "2011-12-31": "363.30000", "2011-09-30": "363.30000", "2011-06-30": "365.90000", "2011-03-31": "365.80000", "2010-12-31": "365.00000", "2010-09-30": "364.90000", "2010-06-30": "364.90000", "2010-03-31": "364.60000", "2009-12-31": "363.80000", "2009-09-30": "363.80000", "2009-06-30": "363.40000", "2009-03-31": "363.10000", "2008-12-31": "364.20000", "2008-09-30": "363.00000", "2008-06-30": "364.50000", "2008-03-31": "366.50000", "2007-12-31": "371.10000", "2007-09-30": "370.40000", "2007-06-30": "373.10000", "2007-03-31": "373.00000", "2006-12-31": "375.10000", "2006-09-30": "373.90000", "2006-06-30": "375.15000", "2006-03-31": "378.45000", "2005-12-31": "386.40000", "2005-09-30": "383.85000", "2005-06-30": "389.25000", "2005-03-31": "391.50000"}, "Shares Outstanding": {"2020-12-31": "348.00000", "2020-09-30": "347.60000", "2020-06-30": "346.80000", "2020-03-31": "347.30000", "2019-12-31": "347.50000", "2019-09-30": "347.20000", "2019-06-30": "347.70000", "2019-03-31": "347.80000", "2018-12-31": "351.80000", "2018-09-30": "351.50000", "2018-06-30": "352.50000", "2018-03-31": "353.50000", "2017-12-31": "352.90000", "2017-09-30": "352.90000", "2017-06-30": "352.70000", "2017-03-31": "352.70000", "2016-12-31": "351.80000", "2016-09-30": "351.80000", "2016-06-30": "351.60000", "2016-03-31": "351.30000", "2015-12-31": "355.60000", "2015-09-30": "355.90000", "2015-06-30": "356.30000", "2015-03-31": "356.10000", "2014-12-31": "356.10000", "2014-09-30": "356.30000", "2014-06-30": "356.30000", "2014-03-31": "356.00000", "2013-12-31": "355.20000", "2013-09-30": "355.40000", "2013-06-30": "355.00000", "2013-03-31": "354.80000", "2012-12-31": "355.80000", "2012-09-30": "354.30000", "2012-06-30": "356.80000", "2012-03-31": "357.80000", "2011-12-31": "364.40000", "2011-09-30": "364.20000", "2011-06-30": "367.20000", "2011-03-31": "367.20000", "2010-12-31": "366.20000", "2010-09-30": "366.10000", "2010-06-30": "366.00000", "2010-03-31": "365.70000", "2009-12-31": "364.90000", "2009-09-30": "365.00000", "2009-06-30": "364.40000", "2009-03-31": "364.00000", "2008-12-31": "365.90000", "2008-09-30": "364.80000", "2008-06-30": "366.50000", "2008-03-31": "368.30000", "2007-12-31": "373.30000", "2007-09-30": "372.60000", "2007-06-30": "375.30000", "2007-03-31": "375.10000", "2006-12-31": "377.20000", "2006-09-30": "375.90000", "2006-06-30": "377.10000", "2006-03-31": "380.55000", "2005-12-31": "388.70000", "2005-09-30": "386.25000", "2005-06-30": "391.72500", "2005-03-31": "393.97500"}, "Basic EPS": {"2020-12-31": "1.17000", "2020-09-30": "1.11000", "2020-06-30": "0.43000", "2020-03-31": "1.04000", "2019-12-31": "1.53000", "2019-09-30": "1.75000", "2019-06-30": "1.79000", "2019-03-31": "1.81000", "2018-12-31": "1.66000", "2018-09-30": "1.55000", "2018-06-30": "1.59000", "2018-03-31": "1.45000", "2017-12-31": "1.68000", "2017-09-30": "1.14000", "2017-06-30": "1.06000", "2017-03-31": "0.88000", "2016-12-31": "0.82000", "2016-09-30": "0.99000", "2016-06-30": "1.37000", "2016-03-31": "-1.69000", "2015-12-31": "0.98000", "2015-09-30": "1.21000", "2015-06-30": "1.26000", "2015-03-31": "1.07000", "2014-12-31": "1.11000", "2014-09-30": "1.05000", "2014-06-30": "0.90000", "2014-03-31": "0.77000", "2013-12-31": "0.95000", "2013-09-30": "0.87000", "2013-06-30": "0.82000", "2013-03-31": "0.67000", "2012-12-31": "0.72000", "2012-09-30": "0.66000", "2012-06-30": "0.83000", "2012-03-31": "0.92000", "2011-12-31": "0.90000", "2011-09-30": "0.78000", "2011-06-30": "0.66000", "2011-03-31": "0.53000", "2010-12-31": "0.46000", "2010-09-30": "0.33000", "2010-06-30": "0.27000", "2010-03-31": "0.19000", "2009-12-31": "0.13000", "2009-09-30": "0.04000", "2009-06-30": "0.07000", "2009-03-31": "0.07000", "2008-12-31": "0.31000", "2008-09-30": "0.82000", "2008-06-30": "0.86000", "2008-03-31": "0.80000", "2007-12-31": "0.71000", "2007-09-30": "0.82000", "2007-06-30": "0.80000", "2007-03-31": "0.98000", "2006-12-31": "1.01670", "2006-09-30": "1.08000", "2006-06-30": "0.98670", "2006-03-31": "0.90670", "2005-12-31": "0.81670", "2005-09-30": "0.79330", "2005-06-30": "0.62220", "2005-03-31": "0.69780"}, "EPS - Earnings Per Share": {"2020-12-31": "1.17000", "2020-09-30": "1.11000", "2020-06-30": "0.43000", "2020-03-31": "1.03000", "2019-12-31": "1.53000", "2019-09-30": "1.75000", "2019-06-30": "1.78000", "2019-03-31": "1.81000", "2018-12-31": "1.65000", "2018-09-30": "1.55000", "2018-06-30": "1.59000", "2018-03-31": "1.45000", "2017-12-31": "1.67000", "2017-09-30": "1.14000", "2017-06-30": "1.06000", "2017-03-31": "0.88000", "2016-12-31": "0.82000", "2016-09-30": "0.98000", "2016-06-30": "1.37000", "2016-03-31": "-1.69000", "2015-12-31": "0.98000", "2015-09-30": "1.21000", "2015-06-30": "1.26000", "2015-03-31": "1.06000", "2014-12-31": "1.11000", "2014-09-30": "1.04000", "2014-06-30": "0.90000", "2014-03-31": "0.77000", "2013-12-31": "0.94000", "2013-09-30": "0.87000", "2013-06-30": "0.82000", "2013-03-31": "0.67000", "2012-12-31": "0.72000", "2012-09-30": "0.66000", "2012-06-30": "0.83000", "2012-03-31": "0.91000", "2011-12-31": "0.91000", "2011-09-30": "0.77000", "2011-06-30": "0.65000", "2011-03-31": "0.53000", "2010-12-31": "0.46000", "2010-09-30": "0.33000", "2010-06-30": "0.27000", "2010-03-31": "0.19000", "2009-12-31": "0.13000", "2009-09-30": "0.04000", "2009-06-30": "0.07000", "2009-03-31": "0.07000", "2008-12-31": "0.31000", "2008-09-30": "0.82000", "2008-06-30": "0.86000", "2008-03-31": "0.79000", "2007-12-31": "0.72000", "2007-09-30": "0.81000", "2007-06-30": "0.79000", "2007-03-31": "0.97000", "2006-12-31": "1.02000", "2006-09-30": "1.07000", "2006-06-30": "0.98000", "2006-03-31": "0.90000", "2005-12-31": "0.82220", "2005-09-30": "0.78670", "2005-06-30": "0.61780", "2005-03-31": "0.69330"}}, "balance sheet": {"Cash On Hand": {"2020-12-31": "4834.00000", "2019-12-31": "5337.20000", "2018-12-31": "4456.30000", "2017-12-31": "3731.80000", "2016-12-31": "3056.60000", "2015-12-31": "3464.50000", "2014-12-31": "3009.60000", "2013-12-31": "3017.60000", "2012-12-31": "2465.10000", "2011-12-31": "3016.80000", "2010-12-31": "2491.30000", "2009-12-31": "2131.50000", "2008-12-31": "2130.60000", "2007-12-31": "2636.60000", "2006-12-31": "2674.20000", "2005-12-31": "2290.30000"}, "Receivables": {"2020-12-31": "1197.50000", "2019-12-31": "13392.10000", "2018-12-31": "12155.20000", "2017-12-31": "10825.00000", "2016-12-31": "9699.60000", "2015-12-31": "10182.60000", "2014-12-31": "10089.70000", "2013-12-31": "9831.70000", "2012-12-31": "9200.40000", "2011-12-31": "8237.50000", "2010-12-31": "6681.30000", "2009-12-31": "7052.40000", "2008-12-31": "8735.10000", "2007-12-31": "9677.40000", "2006-12-31": "9207.70000", "2005-12-31": "7844.70000"}, "Inventory": {"2020-12-31": "1221.90000", "2019-12-31": "1153.20000", "2018-12-31": "1184.70000", "2017-12-31": "928.40000", "2016-12-31": "727.80000", "2015-12-31": "796.50000", "2014-12-31": "925.70000", "2013-12-31": "813.60000", "2012-12-31": "782.40000", "2011-12-31": "710.40000", "2010-12-31": "534.00000", "2009-12-31": "632.10000", "2008-12-31": "658.10000", "2007-12-31": "628.30000", "2006-12-31": "693.70000", "2005-12-31": "495.50000"}, "Pre-Paid Expenses": {"2020-12-31": "", "2019-12-31": "", "2018-12-31": "", "2017-12-31": "", "2016-12-31": "", "2015-12-31": "", "2014-12-31": "", "2013-12-31": "", "2012-12-31": "", "2011-12-31": "", "2010-12-31": "", "2009-12-31": "", "2008-12-31": "", "2007-12-31": "", "2006-12-31": "", "2005-12-31": ""}, "Other Current Assets": {"2020-12-31": "", "2019-12-31": "388.00000", "2018-12-31": "364.70000", "2017-12-31": "404.40000", "2016-12-31": "225.60000", "2015-12-31": "245.70000", "2014-12-31": "290.50000", "2013-12-31": "308.10000", "2012-12-31": "331.70000", "2011-12-31": "249.10000", "2010-12-31": "218.60000", "2009-12-31": "224.30000", "2008-12-31": "", "2007-12-31": "", "2006-12-31": "", "2005-12-31": ""}, "Total Current Assets": {"2020-12-31": "7253.40000", "2019-12-31": "20270.50000", "2018-12-31": "18160.90000", "2017-12-31": "15889.60000", "2016-12-31": "13709.60000", "2015-12-31": "14689.30000", "2014-12-31": "14315.50000", "2013-12-31": "13971.00000", "2012-12-31": "12779.60000", "2011-12-31": "12213.80000", "2010-12-31": "9925.20000", "2009-12-31": "10040.30000", "2008-12-31": "11735.50000", "2007-12-31": "13147.90000", "2006-12-31": "12788.40000", "2005-12-31": "10845.40000"}, "Property, Plant, And Equipment": {"2020-12-31": "3270.40000", "2019-12-31": "2883.80000", "2018-12-31": "2480.90000", "2017-12-31": "2464.40000", "2016-12-31": "2260.00000", "2015-12-31": "2176.40000", "2014-12-31": "2313.30000", "2013-12-31": "2513.30000", "2012-12-31": "2312.90000", "2011-12-31": "1973.30000", "2010-12-31": "1673.70000", "2009-12-31": "1757.70000", "2008-12-31": "1782.80000", "2007-12-31": "1642.60000", "2006-12-31": "1347.20000", "2005-12-31": "1143.00000"}, "Long-Term Investments": {"2020-12-31": "", "2019-12-31": "", "2018-12-31": "", "2017-12-31": "", "2016-12-31": "", "2015-12-31": "", "2014-12-31": "", "2013-12-31": "", "2012-12-31": "", "2011-12-31": "", "2010-12-31": "", "2009-12-31": "", "2008-12-31": "", "2007-12-31": "", "2006-12-31": "", "2005-12-31": ""}, "Goodwill And Intangible Assets": {"2020-12-31": "", "2019-12-31": "", "2018-12-31": "", "2017-12-31": "", "2016-12-31": "", "2015-12-31": "", "2014-12-31": "", "2013-12-31": "", "2012-12-31": "", "2011-12-31": "", "2010-12-31": "", "2009-12-31": "", "2008-12-31": "", "2007-12-31": "", "2006-12-31": "", "2005-12-31": ""}, "Other Long-Term Assets": {"2020-12-31": "1961.50000", "2019-12-31": "5206.80000", "2018-12-31": "4840.60000", "2017-12-31": "5086.20000", "2016-12-31": "4669.30000", "2015-12-31": "4244.10000", "2014-12-31": "3990.00000", "2013-12-31": "4241.20000", "2012-12-31": "3535.30000", "2011-12-31": "2985.60000", "2010-12-31": "2635.20000", "2009-12-31": "2771.00000", "2008-12-31": "2731.50000", "2007-12-31": "2519.70000", "2006-12-31": "1971.80000", "2005-12-31": "1727.00000"}, "Total Long-Term Assets": {"2020-12-31": "21031.70000", "2019-12-31": "8090.60000", "2018-12-31": "7321.50000", "2017-12-31": "7550.60000", "2016-12-31": "6929.30000", "2015-12-31": "6420.50000", "2014-12-31": "6303.30000", "2013-12-31": "6754.50000", "2012-12-31": "5848.20000", "2011-12-31": "4958.90000", "2010-12-31": "4308.90000", "2009-12-31": "4528.70000", "2008-12-31": "4514.30000", "2007-12-31": "4162.30000", "2006-12-31": "3319.00000", "2005-12-31": "2870.00000"}, "Total Assets": {"2020-12-31": "28285.10000", "2019-12-31": "28361.10000", "2018-12-31": "25482.40000", "2017-12-31": "23440.20000", "2016-12-31": "20638.90000", "2015-12-31": "21109.80000", "2014-12-31": "20618.80000", "2013-12-31": "20725.50000", "2012-12-31": "18627.80000", "2011-12-31": "17172.70000", "2010-12-31": "14234.10000", "2009-12-31": "14569.00000", "2008-12-31": "16249.80000", "2007-12-31": "17310.20000", "2006-12-31": "16107.40000", "2005-12-31": "13715.40000"}, "Total Current Liabilities": {"2020-12-31": "5601.10000", "2019-12-31": "8729.90000", "2018-12-31": "7786.80000", "2017-12-31": "6391.70000", "2016-12-31": "5087.00000", "2015-12-31": "5717.70000", "2014-12-31": "5678.00000", "2013-12-31": "5524.40000", "2012-12-31": "5945.40000", "2011-12-31": "6901.00000", "2010-12-31": "4347.60000", "2009-12-31": "4716.40000", "2008-12-31": "5654.00000", "2007-12-31": "6974.00000", "2006-12-31": "7203.30000", "2005-12-31": "5919.70000"}, "Long Term Debt": {"2020-12-31": "", "2019-12-31": "7112.50000", "2018-12-31": "6409.70000", "2017-12-31": "5945.50000", "2016-12-31": "6027.70000", "2015-12-31": "5795.00000", "2014-12-31": "5588.70000", "2013-12-31": "5765.30000", "2012-12-31": "4317.40000", "2011-12-31": "2745.50000", "2010-12-31": "2880.80000", "2009-12-31": "3061.60000", "2008-12-31": "3908.60000", "2007-12-31": "3745.70000", "2006-12-31": "3057.40000", "2005-12-31": "2677.70000"}, "Other Non-Current Liabilities": {"2020-12-31": "12268.90000", "2019-12-31": "1435.10000", "2018-12-31": "1145.70000", "2017-12-31": "939.80000", "2016-12-31": "739.10000", "2015-12-31": "720.20000", "2014-12-31": "718.80000", "2013-12-31": "734.40000", "2012-12-31": "674.60000", "2011-12-31": "507.00000", "2010-12-31": "934.10000", "2009-12-31": "952.50000", "2008-12-31": "470.80000", "2007-12-31": "539.40000", "2006-12-31": "477.50000", "2005-12-31": "410.40000"}, "Total Long Term Liabilities": {"2020-12-31": "12268.90000", "2019-12-31": "9925.10000", "2018-12-31": "9102.70000", "2017-12-31": "8998.00000", "2016-12-31": "8774.30000", "2015-12-31": "8451.70000", "2014-12-31": "8187.60000", "2013-12-31": "8566.80000", "2012-12-31": "6835.50000", "2011-12-31": "4907.30000", "2010-12-31": "4528.70000", "2009-12-31": "4748.90000", "2008-12-31": "5749.10000", "2007-12-31": "5323.10000", "2006-12-31": "4447.90000", "2005-12-31": "3894.60000"}, "Total Liabilities": {"2020-12-31": "17870.00000", "2019-12-31": "18655.00000", "2018-12-31": "16889.50000", "2017-12-31": "15389.70000", "2016-12-31": "13861.30000", "2015-12-31": "14169.40000", "2014-12-31": "13865.60000", "2013-12-31": "14091.20000", "2012-12-31": "12780.90000", "2011-12-31": "11808.30000", "2010-12-31": "8876.30000", "2009-12-31": "9465.30000", "2008-12-31": "11403.10000", "2007-12-31": "12297.10000", "2006-12-31": "11651.20000", "2005-12-31": "9814.30000"}, "Common Stock Net": {"2020-12-31": "", "2019-12-31": "346.30000", "2018-12-31": "346.60000", "2017-12-31": "351.80000", "2016-12-31": "350.70000", "2015-12-31": "351.30000", "2014-12-31": "355.20000", "2013-12-31": "354.30000", "2012-12-31": "353.40000", "2011-12-31": "356.80000", "2010-12-31": "365.30000", "2009-12-31": "364.40000", "2008-12-31": "363.10000", "2007-12-31": "368.40000", "2006-12-31": "248.50000", "2005-12-31": "169.40000"}, "Retained Earnings (Accumulated Deficit)": {"2020-12-31": "", "2019-12-31": "10398.50000", "2018-12-31": "9275.40000", "2017-12-31": "8369.10000", "2016-12-31": "7484.90000", "2015-12-31": "7536.80000", "2014-12-31": "6863.80000", "2013-12-31": "6165.10000", "2012-12-31": "5596.40000", "2011-12-31": "5174.50000", "2010-12-31": "4846.10000", "2009-12-31": "4640.50000", "2008-12-31": "4724.70000", "2007-12-31": "4260.60000", "2006-12-31": "4026.10000", "2005-12-31": "3471.50000"}, "Comprehensive Income": {"2020-12-31": "", "2019-12-31": "-1100.10000", "2018-12-31": "-1098.50000", "2017-12-31": "-793.60000", "2016-12-31": "-1128.10000", "2015-12-31": "-1017.00000", "2014-12-31": "-579.80000", "2013-12-31": "8.70000", "2012-12-31": "-159.50000", "2011-12-31": "-219.00000", "2010-12-31": "41.30000", "2009-12-31": "36.20000", "2008-12-31": "-269.80000", "2007-12-31": "408.10000", "2006-12-31": "156.20000", "2005-12-31": "154.70000"}, "Other Share Holders Equity": {"2020-12-31": "", "2019-12-31": "", "2018-12-31": "", "2017-12-31": "", "2016-12-31": "", "2015-12-31": "", "2014-12-31": "", "2013-12-31": "", "2012-12-31": "", "2011-12-31": "", "2010-12-31": "", "2009-12-31": "", "2008-12-31": "", "2007-12-31": "", "2006-12-31": "", "2005-12-31": ""}, "Share Holder Equity": {"2020-12-31": "10415.10000", "2019-12-31": "9706.10000", "2018-12-31": "8592.90000", "2017-12-31": "8050.50000", "2016-12-31": "6777.60000", "2015-12-31": "6940.40000", "2014-12-31": "6753.20000", "2013-12-31": "6634.30000", "2012-12-31": "5846.90000", "2011-12-31": "5364.40000", "2010-12-31": "5357.80000", "2009-12-31": "5103.70000", "2008-12-31": "4846.70000", "2007-12-31": "5013.10000", "2006-12-31": "4456.20000", "2005-12-31": "3901.10000"}, "Total Liabilities And Share Holders Equity": {"2020-12-31": "28285.10000", "2019-12-31": "28361.10000", "2018-12-31": "25482.40000", "2017-12-31": "23440.20000", "2016-12-31": "20638.90000", "2015-12-31": "21109.80000", "2014-12-31": "20618.80000", "2013-12-31": "20725.50000", "2012-12-31": "18627.80000", "2011-12-31": "17172.70000", "2010-12-31": "14234.10000", "2009-12-31": "14569.00000", "2008-12-31": "16249.80000", "2007-12-31": "17310.20000", "2006-12-31": "16107.40000", "2005-12-31": "13715.40000"}}, "balance sheet, quarterly": {"Cash On Hand": {"2020-12-31": "4834.00000", "2020-09-30": "4538.60000", "2020-06-30": "4275.20000", "2020-03-31": "4420.10000", "2019-12-31": "5337.20000", "2019-09-30": "4777.30000", "2019-06-30": "4336.70000", "2019-03-31": "3924.20000", "2018-12-31": "4456.30000", "2018-09-30": "3914.30000", "2018-06-30": "3540.10000", "2018-03-31": "3550.60000", "2017-12-31": "3731.80000", "2017-09-30": "3529.30000", "2017-06-30": "3124.40000", "2017-03-31": "2970.80000", "2016-12-31": "3056.60000", "2016-09-30": "2866.80000", "2016-06-30": "3491.20000", "2016-03-31": "3313.40000", "2015-12-31": "3464.50000", "2015-09-30": "3524.90000", "2015-06-30": "3360.40000", "2015-03-31": "2791.90000", "2014-12-31": "3009.60000", "2014-09-30": "2969.00000", "2014-06-30": "2715.30000", "2014-03-31": "2540.30000", "2013-12-31": "3017.60000", "2013-09-30": "2911.50000", "2013-06-30": "2623.70000", "2013-03-31": "2439.10000", "2012-12-31": "2465.10000", "2012-09-30": "2706.40000", "2012-06-30": "2648.40000", "2012-03-31": "2870.90000", "2011-12-31": "3016.80000", "2011-09-30": "2795.30000", "2011-06-30": "2925.60000", "2011-03-31": "2691.40000", "2010-12-31": "2491.30000", "2010-09-30": "2412.10000", "2010-06-30": "2193.00000", "2010-03-31": "2101.40000", "2009-12-31": "2131.50000", "2009-09-30": "2039.50000", "2009-06-30": "2034.80000", "2009-03-31": "2102.20000", "2008-12-31": "2130.60000", "2008-09-30": "1946.80000", "2008-06-30": "2275.00000", "2008-03-31": "2385.60000", "2007-12-31": "2636.60000", "2007-09-30": "2422.50000", "2007-06-30": "2480.20000", "2007-03-31": "2393.90000", "2006-12-31": "2674.20000", "2006-09-30": "2434.50000", "2006-06-30": "2169.60000", "2006-03-31": "2154.80000", "2005-12-31": "2290.30000", "2005-09-30": "1749.10000", "2005-06-30": "1854.50000", "2005-03-31": "1866.30000"}, "Receivables": {"2020-12-31": "1197.50000", "2020-09-30": "12689.20000", "2020-06-30": "12381.40000", "2020-03-31": "12976.80000", "2019-12-31": "13392.10000", "2019-09-30": "13400.70000", "2019-06-30": "13315.70000", "2019-03-31": "13091.90000", "2018-12-31": "12155.20000", "2018-09-30": "12187.60000", "2018-06-30": "11732.40000", "2018-03-31": "11572.70000", "2017-12-31": "10825.00000", "2017-09-30": "10872.50000", "2017-06-30": "10509.90000", "2017-03-31": "10116.60000", "2016-12-31": "9699.60000", "2016-09-30": "10104.20000", "2016-06-30": "10124.90000", "2016-03-31": "10345.90000", "2015-12-31": "10182.60000", "2015-09-30": "10425.80000", "2015-06-30": "10541.20000", "2015-03-31": "10277.10000", "2014-12-31": "10089.70000", "2014-09-30": "10166.00000", "2014-06-30": "10111.80000", "2014-03-31": "10050.50000", "2013-12-31": "9831.70000", "2013-09-30": "9788.30000", "2013-06-30": "9322.70000", "2013-03-31": "9345.20000", "2012-12-31": "9200.40000", "2012-09-30": "9136.60000", "2012-06-30": "9038.70000", "2012-03-31": "8930.50000", "2011-12-31": "8237.50000", "2011-09-30": "7668.00000", "2011-06-30": "7498.00000", "2011-03-31": "7108.40000", "2010-12-31": "6681.30000", "2010-09-30": "6549.80000", "2010-06-30": "6416.10000", "2010-03-31": "6771.80000", "2009-12-31": "7052.40000", "2009-09-30": "7466.70000", "2009-06-30": "7667.10000", "2009-03-31": "7885.00000", "2008-12-31": "8735.10000", "2008-09-30": "9643.10000", "2008-06-30": "9988.50000", "2008-03-31": "9828.20000", "2007-12-31": "9677.40000", "2007-09-30": "9898.30000", "2007-06-30": "9669.30000", "2007-03-31": "9505.60000", "2006-12-31": "9207.70000", "2006-09-30": "8979.40000", "2006-06-30": "8646.50000", "2006-03-31": "8269.00000", "2005-12-31": "7844.70000", "2005-09-30": "7642.90000", "2005-06-30": "7275.40000", "2005-03-31": "6940.60000"}, "Inventory": {"2020-12-31": "1221.90000", "2020-09-30": "1124.50000", "2020-06-30": "1136.40000", "2020-03-31": "1270.10000", "2019-12-31": "1153.20000", "2019-09-30": "1292.60000", "2019-06-30": "1336.60000", "2019-03-31": "1272.60000", "2018-12-31": "1184.70000", "2018-09-30": "1292.00000", "2018-06-30": "1258.50000", "2018-03-31": "1068.30000", "2017-12-31": "928.40000", "2017-09-30": "983.00000", "2017-06-30": "885.30000", "2017-03-31": "772.20000", "2016-12-31": "727.80000", "2016-09-30": "824.10000", "2016-06-30": "824.90000", "2016-03-31": "829.10000", "2015-12-31": "796.50000", "2015-09-30": "893.10000", "2015-06-30": "888.20000", "2015-03-31": "865.70000", "2014-12-31": "925.70000", "2014-09-30": "988.10000", "2014-06-30": "969.10000", "2014-03-31": "958.00000", "2013-12-31": "813.60000", "2013-09-30": "893.10000", "2013-06-30": "832.00000", "2013-03-31": "818.20000", "2012-12-31": "782.40000", "2012-09-30": "915.60000", "2012-06-30": "883.20000", "2012-03-31": "818.80000", "2011-12-31": "710.40000", "2011-09-30": "725.10000", "2011-06-30": "742.70000", "2011-03-31": "590.30000", "2010-12-31": "534.00000", "2010-09-30": "512.80000", "2010-06-30": "481.40000", "2010-03-31": "545.50000", "2009-12-31": "632.10000", "2009-09-30": "629.00000", "2009-06-30": "644.60000", "2009-03-31": "602.70000", "2008-12-31": "658.10000", "2008-09-30": "938.10000", "2008-06-30": "892.10000", "2008-03-31": "705.40000", "2007-12-31": "628.30000", "2007-09-30": "659.90000", "2007-06-30": "566.40000", "2007-03-31": "650.90000", "2006-12-31": "693.70000", "2006-09-30": "563.80000", "2006-06-30": "506.00000", "2006-03-31": "502.50000", "2005-12-31": "495.50000", "2005-09-30": "586.50000", "2005-06-30": "525.10000", "2005-03-31": "556.20000"}, "Pre-Paid Expenses": {"2020-12-31": "", "2020-09-30": "", "2020-06-30": "", "2020-03-31": "", "2019-12-31": "", "2019-09-30": "", "2019-06-30": "", "2019-03-31": "", "2018-12-31": "", "2018-09-30": "", "2018-06-30": "", "2018-03-31": "", "2017-12-31": "", "2017-09-30": "", "2017-06-30": "", "2017-03-31": "", "2016-12-31": "", "2016-09-30": "", "2016-06-30": "", "2016-03-31": "", "2015-12-31": "", "2015-09-30": "", "2015-06-30": "", "2015-03-31": "", "2014-12-31": "", "2014-09-30": "", "2014-06-30": "", "2014-03-31": "", "2013-12-31": "", "2013-09-30": "", "2013-06-30": "", "2013-03-31": "", "2012-12-31": "", "2012-09-30": "", "2012-06-30": "", "2012-03-31": "", "2011-12-31": "", "2011-09-30": "", "2011-06-30": "", "2011-03-31": "", "2010-12-31": "", "2010-09-30": "", "2010-06-30": "", "2010-03-31": "", "2009-12-31": "", "2009-09-30": "", "2009-06-30": "", "2009-03-31": "", "2008-12-31": "", "2008-09-30": "", "2008-06-30": "", "2008-03-31": "", "2007-12-31": "", "2007-09-30": "", "2007-06-30": "", "2007-03-31": "", "2006-12-31": "", "2006-09-30": "", "2006-06-30": "", "2006-03-31": "", "2005-12-31": "", "2005-09-30": "", "2005-06-30": "", "2005-03-31": ""}, "Other Current Assets": {"2020-12-31": "", "2020-09-30": "541.50000", "2020-06-30": "492.10000", "2020-03-31": "529.90000", "2019-12-31": "388.00000", "2019-09-30": "387.30000", "2019-06-30": "403.70000", "2019-03-31": "401.70000", "2018-12-31": "364.70000", "2018-09-30": "376.80000", "2018-06-30": "492.90000", "2018-03-31": "396.60000", "2017-12-31": "404.40000", "2017-09-30": "252.40000", "2017-06-30": "269.90000", "2017-03-31": "223.90000", "2016-12-31": "225.60000", "2016-09-30": "218.30000", "2016-06-30": "245.70000", "2016-03-31": "266.30000", "2015-12-31": "245.70000", "2015-09-30": "355.60000", "2015-06-30": "363.40000", "2015-03-31": "340.80000", "2014-12-31": "290.50000", "2014-09-30": "308.30000", "2014-06-30": "301.30000", "2014-03-31": "312.40000", "2013-12-31": "308.10000", "2013-09-30": "370.90000", "2013-06-30": "349.80000", "2013-03-31": "345.60000", "2012-12-31": "331.70000", "2012-09-30": "333.20000", "2012-06-30": "356.40000", "2012-03-31": "350.40000", "2011-12-31": "249.10000", "2011-09-30": "259.30000", "2011-06-30": "266.50000", "2011-03-31": "207.80000", "2010-12-31": "218.60000", "2010-09-30": "214.90000", "2010-06-30": "222.50000", "2010-03-31": "222.20000", "2009-12-31": "224.30000", "2009-09-30": "", "2009-06-30": "", "2009-03-31": "", "2008-12-31": "", "2008-09-30": "", "2008-06-30": "", "2008-03-31": "", "2007-12-31": "", "2007-09-30": "", "2007-06-30": "", "2007-03-31": "", "2006-12-31": "", "2006-09-30": "", "2006-06-30": "", "2006-03-31": "", "2005-12-31": "", "2005-09-30": "", "2005-06-30": "", "2005-03-31": ""}, "Total Current Assets": {"2020-12-31": "7253.40000", "2020-09-30": "18893.80000", "2020-06-30": "18285.10000", "2020-03-31": "19196.90000", "2019-12-31": "20270.50000", "2019-09-30": "19857.90000", "2019-06-30": "19392.70000", "2019-03-31": "18690.40000", "2018-12-31": "18160.90000", "2018-09-30": "17770.70000", "2018-06-30": "17023.90000", "2018-03-31": "16588.20000", "2017-12-31": "15889.60000", "2017-09-30": "15637.20000", "2017-06-30": "14789.50000", "2017-03-31": "14083.50000", "2016-12-31": "13709.60000", "2016-09-30": "14013.40000", "2016-06-30": "14686.70000", "2016-03-31": "14754.70000", "2015-12-31": "14689.30000", "2015-09-30": "15199.40000", "2015-06-30": "15153.20000", "2015-03-31": "14275.50000", "2014-12-31": "14315.50000", "2014-09-30": "14431.40000", "2014-06-30": "14097.50000", "2014-03-31": "13861.20000", "2013-12-31": "13971.00000", "2013-09-30": "13963.80000", "2013-06-30": "13128.20000", "2013-03-31": "12948.10000", "2012-12-31": "12779.60000", "2012-09-30": "13091.80000", "2012-06-30": "12926.70000", "2012-03-31": "12970.60000", "2011-12-31": "12213.80000", "2011-09-30": "11447.70000", "2011-06-30": "11432.80000", "2011-03-31": "10597.90000", "2010-12-31": "9925.20000", "2010-09-30": "9689.60000", "2010-06-30": "9313.00000", "2010-03-31": "9640.89900", "2009-12-31": "10040.30000", "2009-09-30": "10391.70000", "2009-06-30": "10648.20000", "2009-03-31": "10845.50000", "2008-12-31": "11735.50000", "2008-09-30": "12755.90000", "2008-06-30": "13396.50000", "2008-03-31": "13155.10000", "2007-12-31": "13147.90000", "2007-09-30": "13193.60000", "2007-06-30": "12916.20000", "2007-03-31": "12751.30000", "2006-12-31": "12788.40000", "2006-09-30": "12203.30000", "2006-06-30": "11540.90000", "2006-03-31": "11139.40000", "2005-12-31": "10845.40000", "2005-09-30": "10156.60000", "2005-06-30": "9880.30000", "2005-03-31": "9578.20000"}, "Property, Plant, And Equipment": {"2020-12-31": "3270.40000", "2020-09-30": "3137.80000", "2020-06-30": "3025.00000", "2020-03-31": "2925.30000", "2019-12-31": "2883.80000", "2019-09-30": "2690.80000", "2019-06-30": "2624.40000", "2019-03-31": "2521.50000", "2018-12-31": "2480.90000", "2018-09-30": "2443.60000", "2018-06-30": "2397.40000", "2018-03-31": "2454.70000", "2017-12-31": "2464.40000", "2017-09-30": "2389.10000", "2017-06-30": "2325.60000", "2017-03-31": "2270.40000", "2016-12-31": "2260.00000", "2016-09-30": "2251.30000", "2016-06-30": "2210.50000", "2016-03-31": "2207.70000", "2015-12-31": "2176.40000", "2015-09-30": "2140.70000", "2015-06-30": "2162.40000", "2015-03-31": "2157.00000", "2014-12-31": "2313.30000", "2014-09-30": "2383.60000", "2014-06-30": "2499.80000", "2014-03-31": "2508.60000", "2013-12-31": "2513.30000", "2013-09-30": "2460.90000", "2013-06-30": "2390.30000", "2013-03-31": "2333.40000", "2012-12-31": "2312.90000", "2012-09-30": "2182.20000", "2012-06-30": "2096.60000", "2012-03-31": "2062.90000", "2011-12-31": "1973.30000", "2011-09-30": "1867.80000", "2011-06-30": "1818.90000", "2011-03-31": "1724.00000", "2010-12-31": "1673.70000", "2010-09-30": "1677.20000", "2010-06-30": "1592.20000", "2010-03-31": "1696.20000", "2009-12-31": "1757.70000", "2009-09-30": "1761.90000", "2009-06-30": "1733.20000", "2009-03-31": "1703.00000", "2008-12-31": "1782.80000", "2008-09-30": "1780.30000", "2008-06-30": "1786.60000", "2008-03-31": "1730.50000", "2007-12-31": "1642.60000", "2007-09-30": "1483.90000", "2007-06-30": "1392.30000", "2007-03-31": "1342.10000", "2006-12-31": "1347.20000", "2006-09-30": "1253.30000", "2006-06-30": "1216.70000", "2006-03-31": "1162.10000", "2005-12-31": "1143.00000", "2005-09-30": "1093.30000", "2005-06-30": "1036.50000", "2005-03-31": "1043.70000"}, "Long-Term Investments": {"2020-12-31": "", "2020-09-30": "", "2020-06-30": "", "2020-03-31": "", "2019-12-31": "", "2019-09-30": "", "2019-06-30": "", "2019-03-31": "", "2018-12-31": "", "2018-09-30": "", "2018-06-30": "", "2018-03-31": "", "2017-12-31": "", "2017-09-30": "", "2017-06-30": "", "2017-03-31": "", "2016-12-31": "", "2016-09-30": "", "2016-06-30": "", "2016-03-31": "", "2015-12-31": "", "2015-09-30": "", "2015-06-30": "", "2015-03-31": "", "2014-12-31": "", "2014-09-30": "", "2014-06-30": "", "2014-03-31": "", "2013-12-31": "", "2013-09-30": "", "2013-06-30": "", "2013-03-31": "", "2012-12-31": "", "2012-09-30": "", "2012-06-30": "", "2012-03-31": "", "2011-12-31": "", "2011-09-30": "", "2011-06-30": "", "2011-03-31": "", "2010-12-31": "", "2010-09-30": "", "2010-06-30": "", "2010-03-31": "", "2009-12-31": "", "2009-09-30": "", "2009-06-30": "", "2009-03-31": "", "2008-12-31": "", "2008-09-30": "", "2008-06-30": "", "2008-03-31": "", "2007-12-31": "", "2007-09-30": "", "2007-06-30": "", "2007-03-31": "", "2006-12-31": "", "2006-09-30": "", "2006-06-30": "", "2006-03-31": "", "2005-12-31": "", "2005-09-30": "", "2005-06-30": "", "2005-03-31": ""}, "Goodwill And Intangible Assets": {"2020-12-31": "", "2020-09-30": "", "2020-06-30": "", "2020-03-31": "", "2019-12-31": "", "2019-09-30": "", "2019-06-30": "", "2019-03-31": "", "2018-12-31": "", "2018-09-30": "", "2018-06-30": "", "2018-03-31": "", "2017-12-31": "", "2017-09-30": "", "2017-06-30": "", "2017-03-31": "", "2016-12-31": "", "2016-09-30": "", "2016-06-30": "", "2016-03-31": "", "2015-12-31": "", "2015-09-30": "", "2015-06-30": "", "2015-03-31": "", "2014-12-31": "", "2014-09-30": "", "2014-06-30": "", "2014-03-31": "", "2013-12-31": "", "2013-09-30": "", "2013-06-30": "", "2013-03-31": "", "2012-12-31": "", "2012-09-30": "", "2012-06-30": "", "2012-03-31": "", "2011-12-31": "", "2011-09-30": "", "2011-06-30": "", "2011-03-31": "", "2010-12-31": "", "2010-09-30": "", "2010-06-30": "", "2010-03-31": "", "2009-12-31": "", "2009-09-30": "", "2009-06-30": "", "2009-03-31": "", "2008-12-31": "", "2008-09-30": "", "2008-06-30": "", "2008-03-31": "", "2007-12-31": "", "2007-09-30": "", "2007-06-30": "", "2007-03-31": "", "2006-12-31": "", "2006-09-30": "", "2006-06-30": "", "2006-03-31": "", "2005-12-31": "", "2005-09-30": "", "2005-06-30": "", "2005-03-31": ""}, "Other Long-Term Assets": {"2020-12-31": "1961.50000", "2020-09-30": "5202.10000", "2020-06-30": "5096.30000", "2020-03-31": "5172.50000", "2019-12-31": "5206.80000", "2019-09-30": "5219.00000", "2019-06-30": "5151.10000", "2019-03-31": "4945.10000", "2018-12-31": "4840.60000", "2018-09-30": "4889.10000", "2018-06-30": "4734.50000", "2018-03-31": "4738.80000", "2017-12-31": "5086.20000", "2017-09-30": "5077.60000", "2017-06-30": "4938.20000", "2017-03-31": "4685.80000", "2016-12-31": "4669.30000", "2016-09-30": "4704.20000", "2016-06-30": "4530.00000", "2016-03-31": "4394.50000", "2015-12-31": "4244.10000", "2015-09-30": "4179.70000", "2015-06-30": "4099.70000", "2015-03-31": "3894.30000", "2014-12-31": "3990.00000", "2014-09-30": "4211.10000", "2014-06-30": "4310.10000", "2014-03-31": "4227.80000", "2013-12-31": "4241.20000", "2013-09-30": "3886.90000", "2013-06-30": "3683.50000", "2013-03-31": "3552.60000", "2012-12-31": "3535.30000", "2012-09-30": "3418.50000", "2012-06-30": "3221.50000", "2012-03-31": "3124.30000", "2011-12-31": "2985.60000", "2011-09-30": "3038.80000", "2011-06-30": "3049.30000", "2011-03-31": "2811.80000", "2010-12-31": "2635.20000", "2010-09-30": "2616.70000", "2010-06-30": "2517.10000", "2010-03-31": "2652.90000", "2009-12-31": "2771.00000", "2009-09-30": "2643.80000", "2009-06-30": "2541.10000", "2009-03-31": "2519.60000", "2008-12-31": "2731.50000", "2008-09-30": "2695.60000", "2008-06-30": "2827.40000", "2008-03-31": "2693.20000", "2007-12-31": "2519.70000", "2007-09-30": "2337.30000", "2007-06-30": "2155.60000", "2007-03-31": "2016.30000", "2006-12-31": "1971.80000", "2006-09-30": "2001.30000", "2006-06-30": "1984.30000", "2006-03-31": "1840.90000", "2005-12-31": "1727.00000", "2005-09-30": "1793.60000", "2005-06-30": "1739.30000", "2005-03-31": "1726.90000"}, "Total Long-Term Assets": {"2020-12-31": "21031.70000", "2020-09-30": "8339.89900", "2020-06-30": "8121.30000", "2020-03-31": "8097.80000", "2019-12-31": "8090.60000", "2019-09-30": "7909.80000", "2019-06-30": "7775.50000", "2019-03-31": "7466.60000", "2018-12-31": "7321.50000", "2018-09-30": "7332.70000", "2018-06-30": "7131.90000", "2018-03-31": "7193.50000", "2017-12-31": "7550.60000", "2017-09-30": "7466.70000", "2017-06-30": "7263.80000", "2017-03-31": "6956.20000", "2016-12-31": "6929.30000", "2016-09-30": "6955.50000", "2016-06-30": "6740.50000", "2016-03-31": "6602.20000", "2015-12-31": "6420.50000", "2015-09-30": "6320.40000", "2015-06-30": "6262.10000", "2015-03-31": "6051.30000", "2014-12-31": "6303.30000", "2014-09-30": "6594.70000", "2014-06-30": "6809.90000", "2014-03-31": "6736.40000", "2013-12-31": "6754.50000", "2013-09-30": "6347.80000", "2013-06-30": "6073.80000", "2013-03-31": "5886.00000", "2012-12-31": "5848.20000", "2012-09-30": "5600.70000", "2012-06-30": "5318.10000", "2012-03-31": "5187.20000", "2011-12-31": "4958.90000", "2011-09-30": "4906.60000", "2011-06-30": "4868.20000", "2011-03-31": "4535.80000", "2010-12-31": "4308.90000", "2010-09-30": "4293.90000", "2010-06-30": "4109.30000", "2010-03-31": "4349.10000", "2009-12-31": "4528.70000", "2009-09-30": "4405.70000", "2009-06-30": "4274.30000", "2009-03-31": "4222.60000", "2008-12-31": "4514.30000", "2008-09-30": "4475.90000", "2008-06-30": "4614.00000", "2008-03-31": "4423.70000", "2007-12-31": "4162.30000", "2007-09-30": "3821.20000", "2007-06-30": "3547.90000", "2007-03-31": "3358.40000", "2006-12-31": "3319.00000", "2006-09-30": "3254.60000", "2006-06-30": "3201.00000", "2006-03-31": "3003.00000", "2005-12-31": "2870.00000", "2005-09-30": "2886.90000", "2005-06-30": "2775.80000", "2005-03-31": "2770.60000"}, "Total Assets": {"2020-12-31": "28285.10000", "2020-09-30": "27233.70000", "2020-06-30": "26406.40000", "2020-03-31": "27294.70000", "2019-12-31": "28361.10000", "2019-09-30": "27767.70000", "2019-06-30": "27168.20000", "2019-03-31": "26157.00000", "2018-12-31": "25482.40000", "2018-09-30": "25103.40000", "2018-06-30": "24155.80000", "2018-03-31": "23781.70000", "2017-12-31": "23440.20000", "2017-09-30": "23103.90000", "2017-06-30": "22053.30000", "2017-03-31": "21039.70000", "2016-12-31": "20638.90000", "2016-09-30": "20968.90000", "2016-06-30": "21427.20000", "2016-03-31": "21356.90000", "2015-12-31": "21109.80000", "2015-09-30": "21519.80000", "2015-06-30": "21415.30000", "2015-03-31": "20326.80000", "2014-12-31": "20618.80000", "2014-09-30": "21026.10000", "2014-06-30": "20907.40000", "2014-03-31": "20597.60000", "2013-12-31": "20725.50000", "2013-09-30": "20311.60000", "2013-06-30": "19202.00000", "2013-03-31": "18834.10000", "2012-12-31": "18627.80000", "2012-09-30": "18692.50000", "2012-06-30": "18244.80000", "2012-03-31": "18157.80000", "2011-12-31": "17172.70000", "2011-09-30": "16354.30000", "2011-06-30": "16301.00000", "2011-03-31": "15133.70000", "2010-12-31": "14234.10000", "2010-09-30": "13983.50000", "2010-06-30": "13422.30000", "2010-03-31": "13990.00000", "2009-12-31": "14569.00000", "2009-09-30": "14797.40000", "2009-06-30": "14922.50000", "2009-03-31": "15068.10000", "2008-12-31": "16249.80000", "2008-09-30": "17231.80000", "2008-06-30": "18010.50000", "2008-03-31": "17578.80000", "2007-12-31": "17310.20000", "2007-09-30": "17014.80000", "2007-06-30": "16464.10000", "2007-03-31": "16109.70000", "2006-12-31": "16107.40000", "2006-09-30": "15457.90000", "2006-06-30": "14741.90000", "2006-03-31": "14142.40000", "2005-12-31": "13715.40000", "2005-09-30": "13043.50000", "2005-06-30": "12656.10000", "2005-03-31": "12348.80000"}, "Total Current Liabilities": {"2020-12-31": "5601.10000", "2020-09-30": "6015.20000", "2020-06-30": "7379.70000", "2020-03-31": "7715.50000", "2019-12-31": "8100.90000", "2019-09-30": "8317.30000", "2019-06-30": "7973.80000", "2019-03-31": "7502.50000", "2018-12-31": "7786.80000", "2018-09-30": "6766.40000", "2018-06-30": "6743.70000", "2018-03-31": "6764.10000", "2017-12-31": "6391.70000", "2017-09-30": "6099.00000", "2017-06-30": "5905.10000", "2017-03-31": "5293.40000", "2016-12-31": "5087.00000", "2016-09-30": "5186.80000", "2016-06-30": "5976.40000", "2016-03-31": "6434.60000", "2015-12-31": "5717.70000", "2015-09-30": "5389.80000", "2015-06-30": "5699.30000", "2015-03-31": "5061.60000", "2014-12-31": "5678.00000", "2014-09-30": "5903.90000", "2014-06-30": "5396.10000", "2014-03-31": "5631.90000", "2013-12-31": "5524.40000", "2013-09-30": "5657.90000", "2013-06-30": "5681.70000", "2013-03-31": "5809.40000", "2012-12-31": "5945.40000", "2012-09-30": "6240.60000", "2012-06-30": "6324.40000", "2012-03-31": "7189.70000", "2011-12-31": "6901.00000", "2011-09-30": "6220.90000", "2011-06-30": "6244.20000", "2011-03-31": "4975.60000", "2010-12-31": "4347.60000", "2010-09-30": "3923.00000", "2010-06-30": "3819.50000", "2010-03-31": "4315.20000", "2009-12-31": "4716.40000", "2009-09-30": "5020.90000", "2009-06-30": "4721.80000", "2009-03-31": "4306.90000", "2008-12-31": "5654.00000", "2008-09-30": "6247.90000", "2008-06-30": "6499.00000", "2008-03-31": "7148.40000", "2007-12-31": "6974.00000", "2007-09-30": "6932.60000", "2007-06-30": "6732.00000", "2007-03-31": "7041.00000", "2006-12-31": "7203.30000", "2006-09-30": "6208.50000", "2006-06-30": "5878.20000", "2006-03-31": "6090.20000", "2005-12-31": "5919.70000", "2005-09-30": "5480.80000", "2005-06-30": "5251.90000", "2005-03-31": "4803.40000"}, "Long Term Debt": {"2020-12-31": "", "2020-09-30": "7776.50000", "2020-06-30": "7416.80000", "2020-03-31": "7226.00000", "2019-12-31": "7112.50000", "2019-09-30": "6716.00000", "2019-06-30": "6732.10000", "2019-03-31": "6771.60000", "2018-12-31": "6409.70000", "2018-09-30": "6584.70000", "2018-06-30": "6077.10000", "2018-03-31": "5895.80000", "2017-12-31": "5945.50000", "2017-09-30": "5966.90000", "2017-06-30": "5655.20000", "2017-03-31": "5849.40000", "2016-12-31": "6027.70000", "2016-09-30": "6014.30000", "2016-06-30": "6018.10000", "2016-03-31": "5822.60000", "2015-12-31": "5795.00000", "2015-09-30": "6143.70000", "2015-06-30": "5914.20000", "2015-03-31": "6000.00000", "2014-12-31": "5588.70000", "2014-09-30": "5292.40000", "2014-06-30": "5609.40000", "2014-03-31": "5368.00000", "2013-12-31": "5765.30000", "2013-09-30": "5493.60000", "2013-06-30": "4937.50000", "2013-03-31": "4639.70000", "2012-12-31": "4317.40000", "2012-09-30": "4293.00000", "2012-06-30": "4018.80000", "2012-03-31": "3118.70000", "2011-12-31": "2745.50000", "2011-09-30": "2763.90000", "2011-06-30": "2383.50000", "2011-03-31": "2797.30000", "2010-12-31": "2880.80000", "2010-09-30": "3181.10000", "2010-06-30": "3123.60000", "2010-03-31": "3011.30000", "2009-12-31": "3061.60000", "2009-09-30": "3113.80000", "2009-06-30": "3660.50000", "2009-03-31": "4407.30000", "2008-12-31": "3908.60000", "2008-09-30": "4074.50000", "2008-06-30": "4443.10000", "2008-03-31": "3555.30000", "2007-12-31": "3745.70000", "2007-09-30": "3408.00000", "2007-06-30": "3212.20000", "2007-03-31": "2899.70000", "2006-12-31": "3057.40000", "2006-09-30": "3216.40000", "2006-06-30": "3112.80000", "2006-03-31": "2715.80000", "2005-12-31": "2677.70000", "2005-09-30": "2283.90000", "2005-06-30": "2261.40000", "2005-03-31": "2309.70000"}, "Other Non-Current Liabilities": {"2020-12-31": "12268.90000", "2020-09-30": "1384.10000", "2020-06-30": "1327.10000", "2020-03-31": "1392.80000", "2019-12-31": "1435.10000", "2019-09-30": "1372.00000", "2019-06-30": "1336.30000", "2019-03-31": "1272.20000", "2018-12-31": "1145.70000", "2018-09-30": "1053.30000", "2018-06-30": "1115.30000", "2018-03-31": "1137.70000", "2017-12-31": "939.80000", "2017-09-30": "805.30000", "2017-06-30": "770.70000", "2017-03-31": "748.00000", "2016-12-31": "739.10000", "2016-09-30": "737.40000", "2016-06-30": "716.60000", "2016-03-31": "747.70000", "2015-12-31": "720.20000", "2015-09-30": "723.60000", "2015-06-30": "710.20000", "2015-03-31": "729.30000", "2014-12-31": "718.80000", "2014-09-30": "772.80000", "2014-06-30": "768.10000", "2014-03-31": "758.60000", "2013-12-31": "734.40000", "2013-09-30": "671.80000", "2013-06-30": "626.80000", "2013-03-31": "630.30000", "2012-12-31": "674.60000", "2012-09-30": "531.20000", "2012-06-30": "500.00000", "2012-03-31": "493.00000", "2011-12-31": "507.00000", "2011-09-30": "324.90000", "2011-06-30": "339.30000", "2011-03-31": "380.30000", "2010-12-31": "934.10000", "2010-09-30": "360.60000", "2010-06-30": "340.50000", "2010-03-31": "357.70000", "2009-12-31": "952.50000", "2009-09-30": "", "2009-06-30": "", "2009-03-31": "", "2008-12-31": "470.80000", "2008-09-30": "", "2008-06-30": "", "2008-03-31": "", "2007-12-31": "539.40000", "2007-09-30": "", "2007-06-30": "", "2007-03-31": "", "2006-12-31": "477.50000", "2006-09-30": "", "2006-06-30": "", "2006-03-31": "", "2005-12-31": "410.40000", "2005-09-30": "", "2005-06-30": "", "2005-03-31": ""}, "Total Long Term Liabilities": {"2020-12-31": "12268.90000", "2020-09-30": "11034.10000", "2020-06-30": "9249.89900", "2020-03-31": "9941.80000", "2019-12-31": "10554.10000", "2019-09-30": "9487.70000", "2019-06-30": "9559.00000", "2019-03-31": "9549.00100", "2018-12-31": "9102.70000", "2018-09-30": "9166.00000", "2018-06-30": "8632.70000", "2018-03-31": "8450.30000", "2017-12-31": "8998.00000", "2017-09-30": "9069.30000", "2017-06-30": "8647.70000", "2017-03-31": "8667.00000", "2016-12-31": "8774.30000", "2016-09-30": "8803.90000", "2016-06-30": "8741.10000", "2016-03-31": "8579.10000", "2015-12-31": "8451.70000", "2015-09-30": "8786.20000", "2015-06-30": "8497.40000", "2015-03-31": "8533.60100", "2014-12-31": "8187.60000", "2014-09-30": "7959.50000", "2014-06-30": "8352.00000", "2014-03-31": "8102.20000", "2013-12-31": "8566.80000", "2013-09-30": "8172.80000", "2013-06-30": "7408.70000", "2013-03-31": "7076.80000", "2012-12-31": "6835.50000", "2012-09-30": "6589.80000", "2012-06-30": "6208.30000", "2012-03-31": "5249.00000", "2011-12-31": "4907.30000", "2011-09-30": "4539.50000", "2011-06-30": "4142.80000", "2011-03-31": "4509.20000", "2010-12-31": "4528.70000", "2010-09-30": "4744.50000", "2010-06-30": "4608.40000", "2010-03-31": "4582.20000", "2009-12-31": "4748.90000", "2009-09-30": "4743.60000", "2009-06-30": "5284.70000", "2009-03-31": "6029.90000", "2008-12-31": "5749.10000", "2008-09-30": "5644.60000", "2008-06-30": "6094.90000", "2008-03-31": "5229.30000", "2007-12-31": "5323.10000", "2007-09-30": "4886.40000", "2007-06-30": "4639.20000", "2007-03-31": "4311.70000", "2006-12-31": "4447.90000", "2006-09-30": "4535.60000", "2006-06-30": "4442.60000", "2006-03-31": "3976.50000", "2005-12-31": "3894.60000", "2005-09-30": "3534.70000", "2005-06-30": "3522.90000", "2005-03-31": "3614.40000"}, "Total Liabilities": {"2020-12-31": "17870.00000", "2020-09-30": "17049.30000", "2020-06-30": "16629.60000", "2020-03-31": "17657.30000", "2019-12-31": "18655.00000", "2019-09-30": "17805.00000", "2019-06-30": "17532.80000", "2019-03-31": "17051.50000", "2018-12-31": "16889.50000", "2018-09-30": "15932.40000", "2018-06-30": "15376.40000", "2018-03-31": "15214.40000", "2017-12-31": "15389.70000", "2017-09-30": "15168.30000", "2017-06-30": "14552.80000", "2017-03-31": "13960.40000", "2016-12-31": "13861.30000", "2016-09-30": "13990.70000", "2016-06-30": "14717.50000", "2016-03-31": "15013.70000", "2015-12-31": "14169.40000", "2015-09-30": "14176.00000", "2015-06-30": "14196.70000", "2015-03-31": "13595.20000", "2014-12-31": "13865.60000", "2014-09-30": "13863.40000", "2014-06-30": "13748.10000", "2014-03-31": "13734.10000", "2013-12-31": "14091.20000", "2013-09-30": "13830.70000", "2013-06-30": "13090.40000", "2013-03-31": "12886.20000", "2012-12-31": "12780.90000", "2012-09-30": "12830.40000", "2012-06-30": "12532.70000", "2012-03-31": "12438.70000", "2011-12-31": "11808.30000", "2011-09-30": "10760.40000", "2011-06-30": "10387.00000", "2011-03-31": "9484.80000", "2010-12-31": "8876.30000", "2010-09-30": "8667.50000", "2010-06-30": "8427.90000", "2010-03-31": "8897.40000", "2009-12-31": "9465.30000", "2009-09-30": "9764.50000", "2009-06-30": "10006.50000", "2009-03-31": "10336.80000", "2008-12-31": "11403.10000", "2008-09-30": "11892.50000", "2008-06-30": "12593.90000", "2008-03-31": "12377.70000", "2007-12-31": "12297.10000", "2007-09-30": "11819.00000", "2007-06-30": "11371.20000", "2007-03-31": "11352.70000", "2006-12-31": "11651.20000", "2006-09-30": "10744.10000", "2006-06-30": "10320.80000", "2006-03-31": "10066.70000", "2005-12-31": "9814.30000", "2005-09-30": "9015.50000", "2005-06-30": "8774.80000", "2005-03-31": "8417.80000"}, "Common Stock Net": {"2020-12-31": "", "2020-09-30": "347.00000", "2020-06-30": "346.50000", "2020-03-31": "346.40000", "2019-12-31": "346.30000", "2019-09-30": "347.40000", "2019-06-30": "347.20000", "2019-03-31": "347.00000", "2018-12-31": "346.60000", "2018-09-30": "352.20000", "2018-06-30": "352.20000", "2018-03-31": "352.10000", "2017-12-31": "351.80000", "2017-09-30": "351.50000", "2017-06-30": "351.30000", "2017-03-31": "351.30000", "2016-12-31": "350.70000", "2016-09-30": "351.70000", "2016-06-30": "351.60000", "2016-03-31": "351.50000", "2015-12-31": "351.30000", "2015-09-30": "355.00000", "2015-06-30": "354.90000", "2015-03-31": "354.70000", "2014-12-31": "355.20000", "2014-09-30": "354.80000", "2014-06-30": "354.70000", "2014-03-31": "354.70000", "2013-12-31": "354.30000", "2013-09-30": "354.10000", "2013-06-30": "353.80000", "2013-03-31": "353.70000", "2012-12-31": "353.40000", "2012-09-30": "357.20000", "2012-06-30": "357.10000", "2012-03-31": "357.10000", "2011-12-31": "356.80000", "2011-09-30": "365.50000", "2011-06-30": "365.50000", "2011-03-31": "365.40000", "2010-12-31": "365.30000", "2010-09-30": "364.60000", "2010-06-30": "364.50000", "2010-03-31": "364.70000", "2009-12-31": "364.40000", "2009-09-30": "363.90000", "2009-06-30": "363.70000", "2009-03-31": "363.60000", "2008-12-31": "363.10000", "2008-09-30": "363.10000", "2008-06-30": "369.00000", "2008-03-31": "368.90000", "2007-12-31": "368.40000", "2007-09-30": "368.30000", "2007-06-30": "249.30000", "2007-03-31": "249.20000", "2006-12-31": "248.50000", "2006-09-30": "249.40000", "2006-06-30": "170.10000", "2006-03-31": "169.80000", "2005-12-31": "169.40000", "2005-09-30": "174.30000", "2005-06-30": "174.30000", "2005-03-31": "174.20000"}, "Retained Earnings (Accumulated Deficit)": {"2020-12-31": "", "2020-09-30": "10953.60000", "2020-06-30": "10679.10000", "2020-03-31": "10642.20000", "2019-12-31": "10398.50000", "2019-09-30": "10798.70000", "2019-06-30": "10301.80000", "2019-03-31": "9793.10000", "2018-12-31": "9275.40000", "2018-09-30": "9718.40000", "2018-06-30": "9271.30000", "2018-03-31": "8810.10000", "2017-12-31": "8369.10000", "2017-09-30": "8290.70000", "2017-06-30": "7975.90000", "2017-03-31": "7690.90000", "2016-12-31": "7484.90000", "2016-09-30": "7516.70000", "2016-06-30": "7254.80000", "2016-03-31": "6857.70000", "2015-12-31": "7536.80000", "2015-09-30": "7879.00000", "2015-06-30": "7533.10000", "2015-03-31": "7164.00000", "2014-12-31": "6863.80000", "2014-09-30": "6902.40000", "2014-06-30": "6609.20000", "2014-03-31": "6368.10000", "2013-12-31": "6165.10000", "2013-09-30": "6221.50000", "2013-06-30": "5983.00000", "2013-03-31": "5762.30000", "2012-12-31": "5596.40000", "2012-09-30": "5755.80000", "2012-06-30": "5663.50000", "2012-03-31": "5437.60000", "2011-12-31": "5174.50000", "2011-09-30": "5407.60000", "2011-06-30": "5191.50000", "2011-03-31": "4995.60000", "2010-12-31": "4846.10000", "2010-09-30": "4829.90000", "2010-06-30": "4742.80000", "2010-03-31": "4676.00000", "2009-12-31": "4640.50000", "2009-09-30": "4627.20000", "2009-06-30": "4646.80000", "2009-03-31": "4685.90000", "2008-12-31": "4724.70000", "2008-09-30": "4713.30000", "2008-06-30": "4734.60000", "2008-03-31": "4486.80000", "2007-12-31": "4260.60000", "2007-09-30": "4433.50000", "2007-06-30": "4577.90000", "2007-03-31": "4341.90000", "2006-12-31": "4026.10000", "2006-09-30": "4241.10000", "2006-06-30": "4091.10000", "2006-03-31": "3771.40000", "2005-12-31": "3471.50000", "2005-09-30": "3540.20000", "2005-06-30": "3271.30000", "2005-03-31": "3066.10000"}, "Comprehensive Income": {"2020-12-31": "", "2020-09-30": "-1189.00000", "2020-06-30": "-1289.90000", "2020-03-31": "-1383.90000", "2019-12-31": "-1100.10000", "2019-09-30": "-1190.00000", "2019-06-30": "-1062.20000", "2019-03-31": "-1095.50000", "2018-12-31": "-1098.50000", "2018-09-30": "-895.00000", "2018-06-30": "-893.70000", "2018-03-31": "-718.30000", "2017-12-31": "-793.60000", "2017-09-30": "-816.20000", "2017-06-30": "-925.20000", "2017-03-31": "-1058.00000", "2016-12-31": "-1128.10000", "2016-09-30": "-926.70000", "2016-06-30": "-927.10000", "2016-03-31": "-889.20000", "2015-12-31": "-1017.00000", "2015-09-30": "-958.20000", "2015-06-30": "-809.60000", "2015-03-31": "-917.30000", "2014-12-31": "-579.80000", "2014-09-30": "-198.60000", "2014-06-30": "63.50000", "2014-03-31": "14.00000", "2013-12-31": "8.70000", "2013-09-30": "-191.10000", "2013-06-30": "-309.90000", "2013-03-31": "-239.00000", "2012-12-31": "-159.50000", "2012-09-30": "-160.60000", "2012-06-30": "-235.90000", "2012-03-31": "-123.90000", "2011-12-31": "-219.00000", "2011-09-30": "-31.00000", "2011-06-30": "239.40000", "2011-03-31": "173.50000", "2010-12-31": "41.30000", "2010-09-30": "38.40000", "2010-06-30": "-190.90000", "2010-03-31": "-18.10000", "2009-12-31": "36.20000", "2009-09-30": "-7.90000", "2009-06-30": "-136.40000", "2009-03-31": "-356.00000", "2008-12-31": "-269.80000", "2008-09-30": "237.30000", "2008-06-30": "522.40000", "2008-03-31": "470.60000", "2007-12-31": "408.10000", "2007-09-30": "360.50000", "2007-06-30": "252.60000", "2007-03-31": "163.80000", "2006-12-31": "156.20000", "2006-09-30": "254.90000", "2006-06-30": "262.20000", "2006-03-31": "189.10000", "2005-12-31": "154.70000", "2005-09-30": "183.90000", "2005-06-30": "159.70000", "2005-03-31": "252.20000"}, "Other Share Holders Equity": {"2020-12-31": "", "2020-09-30": "", "2020-06-30": "", "2020-03-31": "", "2019-12-31": "", "2019-09-30": "", "2019-06-30": "", "2019-03-31": "", "2018-12-31": "", "2018-09-30": "", "2018-06-30": "", "2018-03-31": "", "2017-12-31": "", "2017-09-30": "", "2017-06-30": "", "2017-03-31": "", "2016-12-31": "", "2016-09-30": "", "2016-06-30": "", "2016-03-31": "", "2015-12-31": "", "2015-09-30": "", "2015-06-30": "", "2015-03-31": "", "2014-12-31": "", "2014-09-30": "", "2014-06-30": "", "2014-03-31": "", "2013-12-31": "", "2013-09-30": "", "2013-06-30": "", "2013-03-31": "", "2012-12-31": "", "2012-09-30": "", "2012-06-30": "", "2012-03-31": "", "2011-12-31": "", "2011-09-30": "", "2011-06-30": "", "2011-03-31": "", "2010-12-31": "", "2010-09-30": "", "2010-06-30": "", "2010-03-31": "", "2009-12-31": "", "2009-09-30": "", "2009-06-30": "", "2009-03-31": "", "2008-12-31": "", "2008-09-30": "", "2008-06-30": "", "2008-03-31": "", "2007-12-31": "", "2007-09-30": "", "2007-06-30": "", "2007-03-31": "", "2006-12-31": "", "2006-09-30": "", "2006-06-30": "", "2006-03-31": "", "2005-12-31": "", "2005-09-30": "", "2005-06-30": "", "2005-03-31": ""}, "Share Holder Equity": {"2020-12-31": "10415.10000", "2020-09-30": "10184.40000", "2020-06-30": "9776.80000", "2020-03-31": "9637.40000", "2019-12-31": "9706.10000", "2019-09-30": "9962.70000", "2019-06-30": "9635.40000", "2019-03-31": "9105.50000", "2018-12-31": "8592.90000", "2018-09-30": "9171.00000", "2018-06-30": "8779.40000", "2018-03-31": "8567.30000", "2017-12-31": "8050.50000", "2017-09-30": "7935.60000", "2017-06-30": "7500.50000", "2017-03-31": "7079.30000", "2016-12-31": "6777.60000", "2016-09-30": "6978.20000", "2016-06-30": "6709.70000", "2016-03-31": "6343.20000", "2015-12-31": "6940.40000", "2015-09-30": "7343.80000", "2015-06-30": "7218.60000", "2015-03-31": "6731.60000", "2014-12-31": "6753.20000", "2014-09-30": "7162.70000", "2014-06-30": "7159.30000", "2014-03-31": "6863.50000", "2013-12-31": "6634.30000", "2013-09-30": "6480.90000", "2013-06-30": "6111.60000", "2013-03-31": "5947.90000", "2012-12-31": "5846.90000", "2012-09-30": "5862.10000", "2012-06-30": "5712.10000", "2012-03-31": "5719.10000", "2011-12-31": "5364.40000", "2011-09-30": "5593.90000", "2011-06-30": "5914.00000", "2011-03-31": "5648.90000", "2010-12-31": "5357.80000", "2010-09-30": "5316.00000", "2010-06-30": "4994.40000", "2010-03-31": "5092.60000", "2009-12-31": "5103.70000", "2009-09-30": "5032.90000", "2009-06-30": "4916.00000", "2009-03-31": "4731.30000", "2008-12-31": "4846.70000", "2008-09-30": "5339.30000", "2008-06-30": "5416.60000", "2008-03-31": "5201.10000", "2007-12-31": "5013.10000", "2007-09-30": "5195.80000", "2007-06-30": "5092.90000", "2007-03-31": "4757.00000", "2006-12-31": "4456.20000", "2006-09-30": "4713.80000", "2006-06-30": "4421.10000", "2006-03-31": "4075.70000", "2005-12-31": "3901.10000", "2005-09-30": "4028.00000", "2005-06-30": "3881.30000", "2005-03-31": "3931.00000"}, "Total Liabilities And Share Holders Equity": {"2020-12-31": "28285.10000", "2020-09-30": "27233.70000", "2020-06-30": "26406.40000", "2020-03-31": "27294.70000", "2019-12-31": "28361.10000", "2019-09-30": "27767.70000", "2019-06-30": "27168.20000", "2019-03-31": "26157.00000", "2018-12-31": "25482.40000", "2018-09-30": "25103.40000", "2018-06-30": "24155.80000", "2018-03-31": "23781.70000", "2017-12-31": "23440.20000", "2017-09-30": "23103.90000", "2017-06-30": "22053.30000", "2017-03-31": "21039.70000", "2016-12-31": "20638.90000", "2016-09-30": "20968.90000", "2016-06-30": "21427.20000", "2016-03-31": "21356.90000", "2015-12-31": "21109.80000", "2015-09-30": "21519.80000", "2015-06-30": "21415.30000", "2015-03-31": "20326.80000", "2014-12-31": "20618.80000", "2014-09-30": "21026.10000", "2014-06-30": "20907.40000", "2014-03-31": "20597.60000", "2013-12-31": "20725.50000", "2013-09-30": "20311.60000", "2013-06-30": "19202.00000", "2013-03-31": "18834.10000", "2012-12-31": "18627.80000", "2012-09-30": "18692.50000", "2012-06-30": "18244.80000", "2012-03-31": "18157.80000", "2011-12-31": "17172.70000", "2011-09-30": "16354.30000", "2011-06-30": "16301.00000", "2011-03-31": "15133.70000", "2010-12-31": "14234.10000", "2010-09-30": "13983.50000", "2010-06-30": "13422.30000", "2010-03-31": "13990.00000", "2009-12-31": "14569.00000", "2009-09-30": "14797.40000", "2009-06-30": "14922.50000", "2009-03-31": "15068.10000", "2008-12-31": "16249.80000", "2008-09-30": "17231.80000", "2008-06-30": "18010.50000", "2008-03-31": "17578.80000", "2007-12-31": "17310.20000", "2007-09-30": "17014.80000", "2007-06-30": "16464.10000", "2007-03-31": "16109.70000", "2006-12-31": "16107.40000", "2006-09-30": "15457.90000", "2006-06-30": "14741.90000", "2006-03-31": "14142.40000", "2005-12-31": "13715.40000", "2005-09-30": "13043.50000", "2005-06-30": "12656.10000", "2005-03-31": "12348.80000"}}, "cash flow statement": {"Net Income/Loss": {"2020-12-31": "1298.40000", "2019-12-31": "2387.90000", "2018-12-31": "2195.10000", "2017-12-31": "1675.20000", "2016-12-31": "521.70000", "2015-12-31": "1604.00000", "2014-12-31": "1358.80000", "2013-12-31": "1171.30000", "2012-12-31": "1111.60000", "2011-12-31": "1042.30000", "2010-12-31": "457.60000", "2009-12-31": "111.90000", "2008-12-31": "1017.90000", "2007-12-31": "1227.30000", "2006-12-31": "1496.00000", "2005-12-31": "1133.20000"}, "Total Depreciation And Amortization - Cash Flow": {"2020-12-31": "1049.00000", "2019-12-31": "1077.30000", "2018-12-31": "1054.10000", "2017-12-31": "1107.50000", "2016-12-31": "993.10000", "2015-12-31": "907.10000", "2014-12-31": "632.50000", "2013-12-31": "810.70000", "2012-12-31": "700.90000", "2011-12-31": "673.80000", "2010-12-31": "189.90000", "2009-12-31": "651.70000", "2008-12-31": "653.10000", "2007-12-31": "526.40000", "2006-12-31": "434.60000", "2005-12-31": "370.10000"}, "Other Non-Cash Items": {"2020-12-31": "", "2019-12-31": "77.10000", "2018-12-31": "-19.80000", "2017-12-31": "-178.60000", "2016-12-31": "-106.10000", "2015-12-31": "-59.10000", "2014-12-31": "161.90000", "2013-12-31": "120.60000", "2012-12-31": "14.90000", "2011-12-31": "208.70000", "2010-12-31": "488.30000", "2009-12-31": "46.00000", "2008-12-31": "161.10000", "2007-12-31": "46.10000", "2006-12-31": "94.70000", "2005-12-31": "20.60000"}, "Total Non-Cash Items": {"2020-12-31": "1049.00000", "2019-12-31": "1154.40000", "2018-12-31": "1034.30000", "2017-12-31": "928.90000", "2016-12-31": "887.00000", "2015-12-31": "848.00000", "2014-12-31": "794.40000", "2013-12-31": "931.30000", "2012-12-31": "715.80000", "2011-12-31": "882.50000", "2010-12-31": "678.20000", "2009-12-31": "697.70000", "2008-12-31": "814.20000", "2007-12-31": "572.50000", "2006-12-31": "529.30000", "2005-12-31": "390.70000"}, "Change In Accounts Receivable": {"2020-12-31": "871.20000", "2019-12-31": "-592.50000", "2018-12-31": "-811.40000", "2017-12-31": "-465.70000", "2016-12-31": "339.80000", "2015-12-31": "-168.10000", "2014-12-31": "-304.10000", "2013-12-31": "-197.50000", "2012-12-31": "68.70000", "2011-12-31": "-959.50000", "2010-12-31": "-43.40000", "2009-12-31": "805.00000", "2008-12-31": "-301.80000", "2007-12-31": "224.90000", "2006-12-31": "-145.10000", "2005-12-31": "-479.00000"}, "Change In Inventories": {"2020-12-31": "", "2019-12-31": "24.60000", "2018-12-31": "-332.70000", "2017-12-31": "-149.90000", "2016-12-31": "64.10000", "2015-12-31": "64.30000", "2014-12-31": "-189.50000", "2013-12-31": "-39.60000", "2012-12-31": "-61.50000", "2011-12-31": "-187.10000", "2010-12-31": "96.60000", "2009-12-31": "53.40000", "2008-12-31": "-85.20000", "2007-12-31": "114.40000", "2006-12-31": "-168.50000", "2005-12-31": "-30.10000"}, "Change In Accounts Payable": {"2020-12-31": "", "2019-12-31": "", "2018-12-31": "", "2017-12-31": "", "2016-12-31": "", "2015-12-31": "", "2014-12-31": "", "2013-12-31": "", "2012-12-31": "", "2011-12-31": "", "2010-12-31": "", "2009-12-31": "", "2008-12-31": "", "2007-12-31": "", "2006-12-31": "", "2005-12-31": ""}, "Change In Assets/Liabilities": {"2020-12-31": "-231.40000", "2019-12-31": "-86.50000", "2018-12-31": "378.10000", "2017-12-31": "393.70000", "2016-12-31": "496.80000", "2015-12-31": "370.40000", "2014-12-31": "211.70000", "2013-12-31": "269.40000", "2012-12-31": "-12.00000", "2011-12-31": "229.40000", "2010-12-31": "141.10000", "2009-12-31": "-22.90000", "2008-12-31": "99.10000", "2007-12-31": "193.90000", "2006-12-31": "-282.30000", "2005-12-31": "-175.10000"}, "Total Change In Assets/Liabilities": {"2020-12-31": "639.80000", "2019-12-31": "-682.00000", "2018-12-31": "-237.10010", "2017-12-31": "111.70000", "2016-12-31": "892.10000", "2015-12-31": "104.00000", "2014-12-31": "-29.60000", "2013-12-31": "273.10000", "2012-12-31": "-308.40000", "2011-12-31": "-332.20000", "2010-12-31": "415.60000", "2009-12-31": "563.70000", "2008-12-31": "-527.20000", "2007-12-31": "255.60000", "2006-12-31": "-172.60000", "2005-12-31": "-537.10000"}, "Cash Flow From Operating Activities": {"2020-12-31": "2987.20000", "2019-12-31": "2860.30000", "2018-12-31": "2992.30000", "2017-12-31": "2715.80000", "2016-12-31": "2300.80000", "2015-12-31": "2556.00000", "2014-12-31": "2123.60000", "2013-12-31": "2375.70000", "2012-12-31": "1519.00000", "2011-12-31": "1592.60000", "2010-12-31": "1551.40000", "2009-12-31": "1373.30000", "2008-12-31": "1304.90000", "2007-12-31": "2055.40000", "2006-12-31": "1852.70000", "2005-12-31": "986.80000"}, "Net Change In Property, Plant, And Equipment": {"2020-12-31": "-1019.20000", "2019-12-31": "-1332.70000", "2018-12-31": "-1298.60000", "2017-12-31": "-1375.90000", "2016-12-31": "-1521.60000", "2015-12-31": "-1301.10000", "2014-12-31": "98.40000", "2013-12-31": "-1526.20000", "2012-12-31": "-1478.90000", "2011-12-31": "-1308.30000", "2010-12-31": "231.90000", "2009-12-31": "395.90000", "2008-12-31": "-58.80000", "2007-12-31": "-1013.60000", "2006-12-31": "-819.60000", "2005-12-31": "-767.90000"}, "Net Change In Intangible Assets": {"2020-12-31": "", "2019-12-31": "", "2018-12-31": "", "2017-12-31": "", "2016-12-31": "", "2015-12-31": "", "2014-12-31": "", "2013-12-31": "", "2012-12-31": "", "2011-12-31": "", "2010-12-31": "", "2009-12-31": "", "2008-12-31": "", "2007-12-31": "", "2006-12-31": "", "2005-12-31": ""}, "Net Acquisitions/Divestitures": {"2020-12-31": "", "2019-12-31": "", "2018-12-31": "", "2017-12-31": "", "2016-12-31": "", "2015-12-31": "", "2014-12-31": "-1239.10000", "2013-12-31": "", "2012-12-31": "", "2011-12-31": "", "2010-12-31": "-715.40000", "2009-12-31": "-843.30000", "2008-12-31": "-1087.20000", "2007-12-31": "", "2006-12-31": "", "2005-12-31": ""}, "Net Change In Short-term Investments": {"2020-12-31": "-244.60000", "2019-12-31": "-135.10000", "2018-12-31": "315.60000", "2017-12-31": "-190.80000", "2016-12-31": "272.90000", "2015-12-31": "-294.30000", "2014-12-31": "-124.60000", "2013-12-31": "-101.20000", "2012-12-31": "-280.60000", "2011-12-31": "-471.80000", "2010-12-31": "-233.70000", "2009-12-31": "-42.80000", "2008-12-31": "572.10000", "2007-12-31": "62.60000", "2006-12-31": "-232.80000", "2005-12-31": "-37.30000"}, "Net Change In Long-Term Investments": {"2020-12-31": "", "2019-12-31": "", "2018-12-31": "", "2017-12-31": "", "2016-12-31": "", "2015-12-31": "", "2014-12-31": "", "2013-12-31": "", "2012-12-31": "", "2011-12-31": "", "2010-12-31": "", "2009-12-31": "", "2008-12-31": "", "2007-12-31": "", "2006-12-31": "", "2005-12-31": ""}, "Net Change In Investments - Total": {"2020-12-31": "-244.60000", "2019-12-31": "-135.10000", "2018-12-31": "315.60000", "2017-12-31": "-190.80000", "2016-12-31": "272.90000", "2015-12-31": "-294.30000", "2014-12-31": "-124.60000", "2013-12-31": "-101.20000", "2012-12-31": "-280.60000", "2011-12-31": "-471.80000", "2010-12-31": "-233.70000", "2009-12-31": "-42.80000", "2008-12-31": "572.10000", "2007-12-31": "62.60000", "2006-12-31": "-232.80000", "2005-12-31": "-37.30000"}, "Investing Activities - Other": {"2020-12-31": "-612.00000", "2019-12-31": "-739.60000", "2018-12-31": "-947.70010", "2017-12-31": "-397.90000", "2016-12-31": "-315.59990", "2015-12-31": "-379.49990", "2014-12-31": "-266.59990", "2013-12-31": "-523.60000", "2012-12-31": "-828.50010", "2011-12-31": "-638.90000", "2010-12-31": "250.10010", "2009-12-31": "800.80000", "2008-12-31": "322.00010", "2007-12-31": "-345.80010", "2006-12-31": "-773.70000", "2005-12-31": "-697.39990"}, "Cash Flow From Investing Activities": {"2020-12-31": "-1875.80000", "2019-12-31": "-2207.40000", "2018-12-31": "-1930.70000", "2017-12-31": "-1964.60000", "2016-12-31": "-1564.30000", "2015-12-31": "-1974.90000", "2014-12-31": "-1531.90000", "2013-12-31": "-2151.00000", "2012-12-31": "-2588.00000", "2011-12-31": "-2419.00000", "2010-12-31": "-467.10000", "2009-12-31": "310.60000", "2008-12-31": "-251.90000", "2007-12-31": "-1296.80000", "2006-12-31": "-1826.10000", "2005-12-31": "-1502.60000"}, "Net Long-Term Debt": {"2020-12-31": "-580.30000", "2019-12-31": "714.30000", "2018-12-31": "584.59990", "2017-12-31": "-226.90000", "2016-12-31": "369.70010", "2015-12-31": "413.10000", "2014-12-31": "-232.20000", "2013-12-31": "1565.20000", "2012-12-31": "1533.00000", "2011-12-31": "-152.40000", "2010-12-31": "-182.60000", "2009-12-31": "-811.89990", "2008-12-31": "462.20000", "2007-12-31": "594.00000", "2006-12-31": "271.20010", "2005-12-31": "424.80000"}, "Net Current Debt": {"2020-12-31": "", "2019-12-31": "557.10000", "2018-12-31": "625.90000", "2017-12-31": "352.10000", "2016-12-31": "-322.80000", "2015-12-31": "250.70000", "2014-12-31": "349.10000", "2013-12-31": "-1039.30000", "2012-12-31": "-365.80000", "2011-12-31": "1642.60000", "2010-12-31": "-548.10000", "2009-12-31": "-789.80000", "2008-12-31": "-482.00000", "2007-12-31": "-366.10000", "2006-12-31": "576.00000", "2005-12-31": "1148.40000"}, "Debt Issuance/Retirement Net - Total": {"2020-12-31": "-580.30000", "2019-12-31": "1271.40000", "2018-12-31": "1210.50000", "2017-12-31": "125.20000", "2016-12-31": "46.90010", "2015-12-31": "663.80000", "2014-12-31": "116.90010", "2013-12-31": "525.90000", "2012-12-31": "1167.20000", "2011-12-31": "1490.20000", "2010-12-31": "-730.70000", "2009-12-31": "-1601.70000", "2008-12-31": "-19.80000", "2007-12-31": "227.90000", "2006-12-31": "847.20010", "2005-12-31": "1573.20000"}, "Net Common Equity Issued/Repurchased": {"2020-12-31": "11.60000", "2019-12-31": "-49.40000", "2018-12-31": "-335.10000", "2017-12-31": "39.30000", "2016-12-31": "-41.10000", "2015-12-31": "-179.80000", "2014-12-31": "-13.60000", "2013-12-31": "31.00000", "2012-12-31": "-148.20000", "2011-12-31": "-326.70000", "2010-12-31": "22.00000", "2009-12-31": "17.60000", "2008-12-31": "-219.10000", "2007-12-31": "-329.70000", "2006-12-31": "-274.30000", "2005-12-31": "-355.30000"}, "Net Total Equity Issued/Repurchased": {"2020-12-31": "11.60000", "2019-12-31": "-49.40000", "2018-12-31": "-335.10000", "2017-12-31": "39.30000", "2016-12-31": "-41.10000", "2015-12-31": "-179.80000", "2014-12-31": "-13.60000", "2013-12-31": "31.00000", "2012-12-31": "-148.20000", "2011-12-31": "-326.70000", "2010-12-31": "22.00000", "2009-12-31": "17.60000", "2008-12-31": "-219.10000", "2007-12-31": "-329.70000", "2006-12-31": "-274.30000", "2005-12-31": "-355.30000"}, "Total Common And Preferred Stock Dividends Paid": {"2020-12-31": "-1239.80000", "2019-12-31": "-1138.60000", "2018-12-31": "-804.30000", "2017-12-31": "-558.30000", "2016-12-31": "-829.30000", "2015-12-31": "-680.50000", "2014-12-31": "-623.80000", "2013-12-31": "-283.10000", "2012-12-31": "-809.50000", "2011-12-31": "-217.40000", "2010-12-31": "-251.70000", "2009-12-31": "-232.10000", "2008-12-31": "-629.20000", "2007-12-31": "-736.70000", "2006-12-31": "-530.40000", "2005-12-31": "-496.90000"}, "Financial Activities - Other": {"2020-12-31": "", "2019-12-31": "", "2018-12-31": "", "2017-12-31": "", "2016-12-31": "", "2015-12-31": "", "2014-12-31": "", "2013-12-31": "", "2012-12-31": "", "2011-12-31": "", "2010-12-31": "", "2009-12-31": "", "2008-12-31": "", "2007-12-31": "", "2006-12-31": "", "2005-12-31": ""}, "Cash Flow From Financial Activities": {"2020-12-31": "-1808.50000", "2019-12-31": "83.40000", "2018-12-31": "71.10000", "2017-12-31": "-393.80000", "2016-12-31": "-823.50000", "2015-12-31": "-196.50000", "2014-12-31": "-520.50000", "2013-12-31": "273.80000", "2012-12-31": "209.50000", "2011-12-31": "946.10000", "2010-12-31": "-960.40000", "2009-12-31": "-1816.20000", "2008-12-31": "-868.10000", "2007-12-31": "-838.50000", "2006-12-31": "42.50000", "2005-12-31": "721.00000"}, "Net Cash Flow": {"2020-12-31": "-635.50000", "2019-12-31": "739.20000", "2018-12-31": "1071.20000", "2017-12-31": "449.00000", "2016-12-31": "-100.70000", "2015-12-31": "278.80000", "2014-12-31": "-12.50000", "2013-12-31": "477.70000", "2012-12-31": "-834.30000", "2011-12-31": "65.90000", "2010-12-31": "128.80000", "2009-12-31": "-43.20000", "2008-12-31": "97.10000", "2007-12-31": "5.60000", "2006-12-31": "153.60000", "2005-12-31": "84.20000"}, "Stock-Based Compensation": {"2020-12-31": "", "2019-12-31": "", "2018-12-31": "", "2017-12-31": "", "2016-12-31": "", "2015-12-31": "", "2014-12-31": "", "2013-12-31": "", "2012-12-31": "", "2011-12-31": "", "2010-12-31": "", "2009-12-31": "", "2008-12-31": "", "2007-12-31": "", "2006-12-31": "", "2005-12-31": ""}, "Common Stock Dividends Paid": {"2020-12-31": "-1239.80000", "2019-12-31": "-1138.60000", "2018-12-31": "-804.30000", "2017-12-31": "-558.30000", "2016-12-31": "-829.30000", "2015-12-31": "-680.50000", "2014-12-31": "-623.80000", "2013-12-31": "-283.10000", "2012-12-31": "-809.50000", "2011-12-31": "-217.40000", "2010-12-31": "-251.70000", "2009-12-31": "-232.10000", "2008-12-31": "-629.20000", "2007-12-31": "-736.70000", "2006-12-31": "-530.40000", "2005-12-31": "-496.90000"}}, "cash flow statement, quarterly": {"Net Income/Loss": {"2020-12-31": 405.8, "2020-09-30": 385.5, "2020-06-30": 147.7, "2020-03-31": "359.40000", "2019-12-31": 531.3, "2019-09-30": 607.9, "2019-06-30": 619.7, "2019-03-31": "629.00000", "2018-12-31": 578.1, "2018-09-30": 545.3, "2018-06-30": 559.6, "2018-03-31": "512.10000", "2017-12-31": 589.2, "2017-09-30": 402.7, "2017-06-30": 373, "2017-03-31": "310.30000", "2016-12-31": 288.8, "2016-09-30": 346.2, "2016-06-30": 481.3, "2016-03-31": "-594.60000", "2015-12-31": 347.2, "2015-09-30": 431.2, "2015-06-30": 447.2, "2015-03-31": "378.40000", "2014-12-31": 394.3, "2014-09-30": 371.4, "2014-06-30": 319.2, "2014-03-31": "273.90000", "2013-12-31": 334.2, "2013-09-30": 309.4, "2013-06-30": 291.6, "2013-03-31": "236.10000", "2012-12-31": 253.5, "2012-09-30": 233.6, "2012-06-30": 297.2, "2012-03-31": "327.30000", "2011-12-31": 327.7, "2011-09-30": 281.6, "2011-06-30": 239.7, "2011-03-31": "193.30000", "2010-12-31": 169.8, "2010-09-30": 119.9, "2010-06-30": 99.6, "2010-03-31": "68.30000", "2009-12-31": 46.1, "2009-09-30": 13, "2009-06-30": 26.5, "2009-03-31": "26.30000", "2008-12-31": 113.1, "2008-09-30": 299, "2008-06-30": 313.5, "2008-03-31": "292.30000", "2007-12-31": 261.1, "2007-09-30": 302.3, "2007-06-30": 298.3, "2007-03-31": "365.60000", "2006-12-31": 380.5, "2006-09-30": 403.6, "2006-06-30": 369.9, "2006-03-31": "342.00000", "2005-12-31": 312.9, "2005-09-30": 304.8, "2005-06-30": 241.5, "2005-03-31": "274.00000"}, "Total Depreciation And Amortization - Cash Flow": {"2020-12-31": 269.5, "2020-09-30": 266.2, "2020-06-30": 443.3, "2020-03-31": "70.00000", "2019-12-31": 284.9, "2019-09-30": 272.1, "2019-06-30": 438.9, "2019-03-31": "81.40000", "2018-12-31": 259.7, "2018-09-30": 252.6, "2018-06-30": 268.3, "2018-03-31": "273.50000", "2017-12-31": 293.2, "2017-09-30": 286.1, "2017-06-30": 269, "2017-03-31": "259.20000", "2016-12-31": 247.5, "2016-09-30": 250.2, "2016-06-30": 252.9, "2016-03-31": "242.50000", "2015-12-31": 227.8, "2015-09-30": 230.9, "2015-06-30": 227.3, "2015-03-31": "221.10000", "2014-12-31": -45.1, "2014-09-30": 230.1, "2014-06-30": 227.7, "2014-03-31": "219.80000", "2013-12-31": 222, "2013-09-30": 206.4, "2013-06-30": 197.6, "2013-03-31": "184.70000", "2012-12-31": 178.5, "2012-09-30": 176.2, "2012-06-30": 175.6, "2012-03-31": "170.60000", "2011-12-31": 168.1, "2011-09-30": 174.3, "2011-06-30": 169, "2011-03-31": "162.40000", "2010-12-31": -278.5, "2010-09-30": 151.6, "2010-06-30": 151.4, "2010-03-31": "165.40000", "2009-12-31": 164.5, "2009-09-30": 173, "2009-06-30": 159.4, "2009-03-31": "154.80000", "2008-12-31": 170.9, "2008-09-30": 166.8, "2008-06-30": 164.5, "2008-03-31": "150.90000", "2007-12-31": 148.5, "2007-09-30": 130.7, "2007-06-30": 129.2, "2007-03-31": "118.00000", "2006-12-31": 113.2, "2006-09-30": 113.2, "2006-06-30": 108, "2006-03-31": "100.20000", "2005-12-31": 96.5, "2005-09-30": 91.7, "2005-06-30": 90.4, "2005-03-31": "91.50000"}, "Other Non-Cash Items": {"2020-12-31": 64.3, "2020-09-30": -66.4, "2020-06-30": -191.9, "2020-03-31": "194.00000", "2019-12-31": 28.8, "2019-09-30": 24.8, "2019-06-30": -141.6, "2019-03-31": "165.10000", "2018-12-31": 40.3, "2018-09-30": 12.8, "2018-06-30": 44.5, "2018-03-31": "-117.40000", "2017-12-31": -175.8, "2017-09-30": 3.7, "2017-06-30": 8.5, "2017-03-31": "-15.00000", "2016-12-31": -57.7, "2016-09-30": -825.6, "2016-06-30": -151.4, "2016-03-31": "928.60000", "2015-12-31": 6.2, "2015-09-30": 29.1, "2015-06-30": -49.9, "2015-03-31": "-44.50000", "2014-12-31": 230.2, "2014-09-30": -34.7, "2014-06-30": -14.2, "2014-03-31": "-19.40000", "2013-12-31": 50.9, "2013-09-30": 44.8, "2013-06-30": 7.5, "2013-03-31": "17.40000", "2012-12-31": 35.3, "2012-09-30": 41.2, "2012-06-30": 24.7, "2012-03-31": "-86.30000", "2011-12-31": 164.6, "2011-09-30": 87.8, "2011-06-30": -59.8, "2011-03-31": "16.10000", "2010-12-31": 463.1, "2010-09-30": 28.5, "2010-06-30": 16.5, "2010-03-31": "-19.80000", "2009-12-31": 293.3, "2009-09-30": 196.1, "2009-06-30": -286.9, "2009-03-31": "-156.50000", "2008-12-31": 246.9, "2008-09-30": 78, "2008-06-30": -181.8, "2008-03-31": "18.00000", "2007-12-31": -54.8, "2007-09-30": 128.6, "2007-06-30": 60.7, "2007-03-31": "-88.40000", "2006-12-31": 70.2, "2006-09-30": -0.7, "2006-06-30": 24.8, "2006-03-31": "0.40000", "2005-12-31": 35.4, "2005-09-30": 14.1, "2005-06-30": -34, "2005-03-31": "5.10000"}, "Total Non-Cash Items": {"2020-12-31": 333.8, "2020-09-30": 199.8, "2020-06-30": 251.4, "2020-03-31": "264.00000", "2019-12-31": 313.7, "2019-09-30": 296.9, "2019-06-30": 297.3, "2019-03-31": "246.50000", "2018-12-31": 300, "2018-09-30": 265.4, "2018-06-30": 312.8, "2018-03-31": "156.10000", "2017-12-31": 117.4, "2017-09-30": 289.8, "2017-06-30": 277.5, "2017-03-31": "244.20000", "2016-12-31": 189.8, "2016-09-30": -575.4, "2016-06-30": 101.5, "2016-03-31": "1171.10000", "2015-12-31": 234, "2015-09-30": 260, "2015-06-30": 177.4, "2015-03-31": "176.60000", "2014-12-31": 185.1, "2014-09-30": 195.4, "2014-06-30": 213.5, "2014-03-31": "200.40000", "2013-12-31": 272.9, "2013-09-30": 251.2, "2013-06-30": 205.1, "2013-03-31": "202.10000", "2012-12-31": 213.8, "2012-09-30": 217.4, "2012-06-30": 200.3, "2012-03-31": "84.30000", "2011-12-31": 332.7, "2011-09-30": 262.1, "2011-06-30": 109.2, "2011-03-31": "178.50000", "2010-12-31": 184.6, "2010-09-30": 180.1, "2010-06-30": 167.9, "2010-03-31": "145.60000", "2009-12-31": 457.8, "2009-09-30": 369.1, "2009-06-30": -127.5, "2009-03-31": "-1.70000", "2008-12-31": 417.8, "2008-09-30": 244.8, "2008-06-30": -17.3, "2008-03-31": "168.90000", "2007-12-31": 93.7, "2007-09-30": 259.3, "2007-06-30": 189.9, "2007-03-31": "29.60000", "2006-12-31": 183.4, "2006-09-30": 112.5, "2006-06-30": 132.8, "2006-03-31": "100.60000", "2005-12-31": 131.9, "2005-09-30": 105.8, "2005-06-30": 56.4, "2005-03-31": "96.60000"}, "Change In Accounts Receivable": {"2020-12-31": 152.7, "2020-09-30": -6.6, "2020-06-30": 712.5, "2020-03-31": "12.60000", "2019-12-31": 383.7, "2019-09-30": -218.6, "2019-06-30": 87.6, "2019-03-31": "-845.20000", "2018-12-31": 152.1, "2018-09-30": -197.4, "2018-06-30": -179.4, "2018-03-31": "-586.70000", "2017-12-31": 312.2, "2017-09-30": -176.7, "2017-06-30": -240, "2017-03-31": "-361.20000", "2016-12-31": 323.4, "2016-09-30": 6.1, "2016-06-30": 152, "2016-03-31": "-141.70000", "2015-12-31": 340.1, "2015-09-30": 61.2, "2015-06-30": -68.2, "2015-03-31": "-501.20000", "2014-12-31": 82, "2014-09-30": -244.4, "2014-06-30": 77.3, "2014-03-31": "-219.00000", "2013-12-31": 195.3, "2013-09-30": -214.4, "2013-06-30": 49.9, "2013-03-31": "-228.30000", "2012-12-31": 273.9, "2012-09-30": 192.7, "2012-06-30": 72.4, "2012-03-31": "-470.30000", "2011-12-31": -111.3, "2011-09-30": -294.2, "2011-06-30": -221.1, "2011-03-31": "-332.90000", "2010-12-31": -61.3, "2010-09-30": 1.9, "2010-06-30": 16.5, "2010-03-31": "-0.50000", "2009-12-31": 310, "2009-09-30": 81, "2009-06-30": 208.8, "2009-03-31": "205.20000", "2008-12-31": 129.3, "2008-09-30": -367.6, "2008-06-30": 31.5, "2008-03-31": "-95.00000", "2007-12-31": 259.1, "2007-09-30": -92.6, "2007-06-30": 65.5, "2007-03-31": "-7.10000", "2006-12-31": -76.9, "2006-09-30": -103, "2006-06-30": 69.3, "2006-03-31": "-34.50000", "2005-12-31": -194.3, "2005-09-30": -74.1, "2005-06-30": -72.1, "2005-03-31": "-138.50000"}, "Change In Inventories": {"2020-12-31": -11.9, "2020-09-30": 27.4, "2020-06-30": 153.5, "2020-03-31": "-169.00000", "2019-12-31": 159.8, "2019-09-30": 13.5, "2019-06-30": -55.9, "2019-03-31": "-92.80000", "2018-12-31": 94.5, "2018-09-30": -38.7, "2018-06-30": -253, "2018-03-31": "-135.50000", "2017-12-31": 57.9, "2017-09-30": -81, "2017-06-30": -92, "2017-03-31": "-34.80000", "2016-12-31": 71.5, "2016-09-30": 4.9, "2016-06-30": -1.9, "2016-03-31": "-10.40000", "2015-12-31": 89.4, "2015-09-30": -26.6, "2015-06-30": -8.5, "2015-03-31": "10.00000", "2014-12-31": 30.1, "2014-09-30": -67.6, "2014-06-30": -8.8, "2014-03-31": "-143.20000", "2013-12-31": 77.7, "2013-09-30": -46.6, "2013-06-30": -22.9, "2013-03-31": "-47.80000", "2012-12-31": 139.5, "2012-09-30": -24, "2012-06-30": -80.8, "2012-03-31": "-96.20000", "2011-12-31": 10.6, "2011-09-30": -20.3, "2011-06-30": -143.4, "2011-03-31": "-34.00000", "2010-12-31": -18.6, "2010-09-30": 2.5, "2010-06-30": 112.7, "2010-03-31": "", "2009-12-31": 53.4, "2009-09-30": 0, "2009-06-30": 0, "2009-03-31": "", "2008-12-31": -85.2, "2008-09-30": 0, "2008-06-30": 0, "2008-03-31": "", "2007-12-31": 114.4, "2007-09-30": 0, "2007-06-30": 0, "2007-03-31": "", "2006-12-31": -168.5, "2006-09-30": 0, "2006-06-30": 0, "2006-03-31": "", "2005-12-31": -30.1, "2005-09-30": 0, "2005-06-30": 0, "2005-03-31": ""}, "Change In Accounts Payable": {"2020-12-31": 0, "2020-09-30": 0, "2020-06-30": 0, "2020-03-31": "", "2019-12-31": 0, "2019-09-30": 0, "2019-06-30": 0, "2019-03-31": "", "2018-12-31": 0, "2018-09-30": 0, "2018-06-30": 0, "2018-03-31": "", "2017-12-31": 0, "2017-09-30": 0, "2017-06-30": 0, "2017-03-31": "", "2016-12-31": 0, "2016-09-30": 0, "2016-06-30": 0, "2016-03-31": "", "2015-12-31": 0, "2015-09-30": 0, "2015-06-30": 0, "2015-03-31": "", "2014-12-31": 0, "2014-09-30": 0, "2014-06-30": 0, "2014-03-31": "", "2013-12-31": 0, "2013-09-30": 0, "2013-06-30": 0, "2013-03-31": "", "2012-12-31": 0, "2012-09-30": 0, "2012-06-30": 0, "2012-03-31": "", "2011-12-31": 0, "2011-09-30": 0, "2011-06-30": 0, "2011-03-31": "", "2010-12-31": 0, "2010-09-30": 0, "2010-06-30": 0, "2010-03-31": "", "2009-12-31": 0, "2009-09-30": 0, "2009-06-30": 0, "2009-03-31": "", "2008-12-31": 0, "2008-09-30": 0, "2008-06-30": 0, "2008-03-31": "", "2007-12-31": 0, "2007-09-30": 0, "2007-06-30": 0, "2007-03-31": "", "2006-12-31": 0, "2006-09-30": 0, "2006-06-30": 0, "2006-03-31": "", "2005-12-31": 0, "2005-09-30": 0, "2005-06-30": 0, "2005-03-31": ""}, "Change In Assets/Liabilities": {"2020-12-31": -231.4, "2020-09-30": 0, "2020-06-30": 0, "2020-03-31": "", "2019-12-31": -86.5, "2019-09-30": 0, "2019-06-30": 0, "2019-03-31": "", "2018-12-31": 378.1, "2018-09-30": 0, "2018-06-30": 0, "2018-03-31": "", "2017-12-31": 295.6, "2017-09-30": -7.7, "2017-06-30": 46.4, "2017-03-31": "59.40000", "2016-12-31": 391.1, "2016-09-30": 19.9, "2016-06-30": 36.6, "2016-03-31": "49.20000", "2015-12-31": 349.2, "2015-09-30": -12, "2015-06-30": -2.1, "2015-03-31": "35.30000", "2014-12-31": 249.2, "2014-09-30": -31.2, "2014-06-30": -27.8, "2014-03-31": "21.50000", "2013-12-31": 288.4, "2013-09-30": -24.7, "2013-06-30": -9.2, "2013-03-31": "14.90000", "2012-12-31": 39.2, "2012-09-30": 14.5, "2012-06-30": -49.3, "2012-03-31": "-16.40000", "2011-12-31": 248, "2011-09-30": -38.3, "2011-06-30": -12.7, "2011-03-31": "32.40000", "2010-12-31": 39.9, "2010-09-30": 12.9, "2010-06-30": 16.3, "2010-03-31": "72.00000", "2009-12-31": -86.2, "2009-09-30": -9.1, "2009-06-30": 211.4, "2009-03-31": "-139.00000", "2008-12-31": 9.7, "2008-09-30": 29.7, "2008-06-30": 58.9, "2008-03-31": "0.80000", "2007-12-31": 145.5, "2007-09-30": 7.6, "2007-06-30": 16.1, "2007-03-31": "24.70000", "2006-12-31": -190.2, "2006-09-30": -47.5, "2006-06-30": -115.9, "2006-03-31": "71.30000", "2005-12-31": -59.1, "2005-09-30": -175.6, "2005-06-30": 107.6, "2005-03-31": "-48.00000"}, "Total Change In Assets/Liabilities": {"2020-12-31": 55.1, "2020-09-30": 246.4, "2020-06-30": 535.8, "2020-03-31": "-197.50000", "2019-12-31": 98.7001, "2019-09-30": -177.7001, "2019-06-30": -90.5, "2019-03-31": "-512.50000", "2018-12-31": 186.9998, "2018-09-30": -82, "2018-06-30": -199.1999, "2018-03-31": "-142.90000", "2017-12-31": 186.7, "2017-09-30": -55.2, "2017-06-30": -75.8, "2017-03-31": "56.00000", "2016-12-31": 331.7, "2016-09-30": 70.3, "2016-06-30": 270.8, "2016-03-31": "219.30000", "2015-12-31": 123.6, "2015-09-30": -27.1, "2015-06-30": 86.3, "2015-03-31": "-78.80000", "2014-12-31": -57.4001, "2014-09-30": 194.0001, "2014-06-30": 22.4, "2014-03-31": "-188.60000", "2013-12-31": 68.3, "2013-09-30": -12.9, "2013-06-30": 271.9, "2013-03-31": "-54.20000", "2012-12-31": 135.1, "2012-09-30": 21.6, "2012-06-30": -179.8, "2012-03-31": "-285.30000", "2011-12-31": -219.1, "2011-09-30": -184.4, "2011-06-30": -16.2, "2011-03-31": "87.50000", "2010-12-31": 34.2, "2010-09-30": 63.3, "2010-06-30": 246.6, "2010-03-31": "71.50000", "2009-12-31": 5.4, "2009-09-30": 71.9, "2009-06-30": 420.2, "2009-03-31": "66.20000", "2008-12-31": -185.5, "2008-09-30": -337.9, "2008-06-30": 90.4, "2008-03-31": "-94.20000", "2007-12-31": 241.4, "2007-09-30": -85, "2007-06-30": 81.6, "2007-03-31": "17.60000", "2006-12-31": -12.3, "2006-09-30": -150.5, "2006-06-30": -46.6, "2006-03-31": "36.80000", "2005-12-31": -136.4, "2005-09-30": -249.7, "2005-06-30": 35.5, "2005-03-31": "-186.50000"}, "Cash Flow From Operating Activities": {"2020-12-31": 794.7, "2020-09-30": 831.7, "2020-06-30": 934.9, "2020-03-31": "425.90000", "2019-12-31": 943.7, "2019-09-30": 727.1, "2019-06-30": 826.5, "2019-03-31": "363.00000", "2018-12-31": 1065.1, "2018-09-30": 728.7, "2018-06-30": 673.2, "2018-03-31": "525.30000", "2017-12-31": 893.3, "2017-09-30": 637.3, "2017-06-30": 574.7, "2017-03-31": "610.50000", "2016-12-31": 810.3, "2016-09-30": -158.9, "2016-06-30": 853.6, "2016-03-31": "795.80000", "2015-12-31": 704.8, "2015-09-30": 664.1, "2015-06-30": 710.9, "2015-03-31": "476.20000", "2014-12-31": 522, "2014-09-30": 760.8, "2014-06-30": 555.1, "2014-03-31": "285.70000", "2013-12-31": 675.4, "2013-09-30": 547.7, "2013-06-30": 768.6, "2013-03-31": "384.00000", "2012-12-31": 602.4, "2012-09-30": 472.6, "2012-06-30": 317.7, "2012-03-31": "126.30000", "2011-12-31": 441.3, "2011-09-30": 359.3, "2011-06-30": 332.7, "2011-03-31": "459.30000", "2010-12-31": 388.6, "2010-09-30": 363.3, "2010-06-30": 514.1, "2010-03-31": "285.40000", "2009-12-31": 509.3, "2009-09-30": 454, "2009-06-30": 319.2, "2009-03-31": "90.80000", "2008-12-31": 345.4, "2008-09-30": 205.9, "2008-06-30": 386.6, "2008-03-31": "367.00000", "2007-12-31": 596.2, "2007-09-30": 476.6, "2007-06-30": 569.8, "2007-03-31": "412.80000", "2006-12-31": 551.6, "2006-09-30": 365.6, "2006-06-30": 456.1, "2006-03-31": "479.40000", "2005-12-31": 308.4, "2005-09-30": 160.9, "2005-06-30": 333.4, "2005-03-31": "184.10000"}, "Net Change In Property, Plant, And Equipment": {"2020-12-31": -327.9999, "2020-09-30": -173.9001, "2020-06-30": -424.9, "2020-03-31": "-92.40000", "2019-12-31": -354.8, "2019-09-30": -352.7, "2019-06-30": -691.2, "2019-03-31": "66.00000", "2018-12-31": -371.1, "2018-09-30": -332.5, "2018-06-30": -371.7, "2018-03-31": "-223.30000", "2017-12-31": -405.5, "2017-09-30": -299.9, "2017-06-30": -363.2, "2017-03-31": "-307.30000", "2016-12-31": -403.6, "2016-09-30": -431.2, "2016-06-30": -392, "2016-03-31": "-294.80000", "2015-12-31": -341.1001, "2015-09-30": -356.5999, "2015-06-30": -329.1, "2015-03-31": "-274.30000", "2014-12-31": 909.4, "2014-09-30": -311.5, "2014-06-30": -312.9, "2014-03-31": "-186.60000", "2013-12-31": -389.6, "2013-09-30": -433.5, "2013-06-30": -406.3, "2013-03-31": "-296.80000", "2012-12-31": -1395.5, "2012-09-30": -50.1, "2012-06-30": -48.1, "2012-03-31": "14.80000", "2011-12-31": -1341.2, "2011-09-30": -24.6, "2011-06-30": 33.9, "2011-03-31": "23.60000", "2010-12-31": 71.7, "2010-09-30": 332.9, "2010-06-30": -226.4, "2010-03-31": "53.70000", "2009-12-31": 239.8, "2009-09-30": -27.6, "2009-06-30": 108.8, "2009-03-31": "74.90000", "2008-12-31": 118.4, "2008-09-30": -60.8, "2008-06-30": -77.9, "2008-03-31": "-38.50000", "2007-12-31": -956.8, "2007-09-30": -44.4, "2007-06-30": -36.9, "2007-03-31": "24.50000", "2006-12-31": -749.4, "2006-09-30": -43.4, "2006-06-30": -28.4, "2006-03-31": "1.60000", "2005-12-31": -629.5, "2005-09-30": -63.4, "2005-06-30": -43.3, "2005-03-31": "-31.70000"}, "Net Change In Intangible Assets": {"2020-12-31": 0, "2020-09-30": 0, "2020-06-30": 0, "2020-03-31": "", "2019-12-31": 0, "2019-09-30": 0, "2019-06-30": 0, "2019-03-31": "", "2018-12-31": 0, "2018-09-30": 0, "2018-06-30": 0, "2018-03-31": "", "2017-12-31": 0, "2017-09-30": 0, "2017-06-30": 0, "2017-03-31": "", "2016-12-31": 0, "2016-09-30": 0, "2016-06-30": 0, "2016-03-31": "", "2015-12-31": 0, "2015-09-30": 0, "2015-06-30": 0, "2015-03-31": "", "2014-12-31": 0, "2014-09-30": 0, "2014-06-30": 0, "2014-03-31": "", "2013-12-31": 0, "2013-09-30": 0, "2013-06-30": 0, "2013-03-31": "", "2012-12-31": 0, "2012-09-30": 0, "2012-06-30": 0, "2012-03-31": "", "2011-12-31": 0, "2011-09-30": 0, "2011-06-30": 0, "2011-03-31": "", "2010-12-31": 0, "2010-09-30": 0, "2010-06-30": 0, "2010-03-31": "", "2009-12-31": 0, "2009-09-30": 0, "2009-06-30": 0, "2009-03-31": "", "2008-12-31": 0, "2008-09-30": 0, "2008-06-30": 0, "2008-03-31": "", "2007-12-31": 0, "2007-09-30": 0, "2007-06-30": 0, "2007-03-31": "", "2006-12-31": 0, "2006-09-30": 0, "2006-06-30": 0, "2006-03-31": "", "2005-12-31": 0, "2005-09-30": 0, "2005-06-30": 0, "2005-03-31": ""}, "Net Acquisitions/Divestitures": {"2020-12-31": 0, "2020-09-30": 0, "2020-06-30": 280.1, "2020-03-31": "-280.10000", "2019-12-31": 0, "2019-09-30": 0, "2019-06-30": 287.4, "2019-03-31": "-287.40000", "2018-12-31": 0, "2018-09-30": 0, "2018-06-30": 0, "2018-03-31": "", "2017-12-31": 0, "2017-09-30": 0, "2017-06-30": 0, "2017-03-31": "", "2016-12-31": 0, "2016-09-30": 0, "2016-06-30": 0, "2016-03-31": "", "2015-12-31": 0, "2015-09-30": 0, "2015-06-30": 0, "2015-03-31": "", "2014-12-31": -1239.1, "2014-09-30": 0, "2014-06-30": 0, "2014-03-31": "", "2013-12-31": 0, "2013-09-30": 0, "2013-06-30": 0, "2013-03-31": "", "2012-12-31": 962.7, "2012-09-30": -334.7, "2012-06-30": -398.7, "2012-03-31": "-229.30000", "2011-12-31": 1013.6, "2011-09-30": -295.6, "2011-06-30": -422.7, "2011-03-31": "-295.30000", "2010-12-31": -237, "2010-09-30": -478.4, "2010-06-30": 163, "2010-03-31": "-163.00000", "2009-12-31": -307.1, "2009-09-30": -237.4, "2009-06-30": -202.4, "2009-03-31": "-96.40000", "2008-12-31": -297.7, "2008-09-30": -308, "2008-06-30": -269.9, "2008-03-31": "-211.60000", "2007-12-31": 556.6, "2007-09-30": -235.5, "2007-06-30": -183.1, "2007-03-31": "-138.00000", "2006-12-31": 428.5, "2006-09-30": -168.3, "2006-06-30": -142.2, "2006-03-31": "-118.00000", "2005-12-31": 394.2, "2005-09-30": -156.3, "2005-06-30": -145, "2005-03-31": "-92.90000"}, "Net Change In Short-term Investments": {"2020-12-31": -219.1, "2020-09-30": -37.2, "2020-06-30": -28.8, "2020-03-31": "40.50000", "2019-12-31": -44.5, "2019-09-30": -2.8, "2019-06-30": -31.8, "2019-03-31": "-56.00000", "2018-12-31": -27.6, "2018-09-30": 26.3, "2018-06-30": -3.2, "2018-03-31": "320.10000", "2017-12-31": -156, "2017-09-30": 41.5, "2017-06-30": -16, "2017-03-31": "-60.30000", "2016-12-31": -97.8, "2016-09-30": 342.2, "2016-06-30": 14.5, "2016-03-31": "14.00000", "2015-12-31": -78.2, "2015-09-30": -21.7, "2015-06-30": -148.6, "2015-03-31": "-45.80000", "2014-12-31": 3.3, "2014-09-30": -58.1, "2014-06-30": -82.6, "2014-03-31": "12.80000", "2013-12-31": -71.2, "2013-09-30": 13.1, "2013-06-30": -24.1, "2013-03-31": "-19.00000", "2012-12-31": -227.9, "2012-09-30": -21.8, "2012-06-30": -4.6, "2012-03-31": "-26.30000", "2011-12-31": 1.3, "2011-09-30": 92.8, "2011-06-30": -40.1, "2011-03-31": "-525.80000", "2010-12-31": -96.2, "2010-09-30": -60.1, "2010-06-30": -50.5, "2010-03-31": "-26.90000", "2009-12-31": 21.4, "2009-09-30": -74.3, "2009-06-30": 12.3, "2009-03-31": "-2.20000", "2008-12-31": 362.5, "2008-09-30": 19.3, "2008-06-30": 41.7, "2008-03-31": "148.60000", "2007-12-31": 53.1, "2007-09-30": 253.8, "2007-06-30": -49.8, "2007-03-31": "-194.50000", "2006-12-31": 1.2, "2006-09-30": -12.1, "2006-06-30": -48.5, "2006-03-31": "-173.40000", "2005-12-31": -21.4, "2005-09-30": 42.9, "2005-06-30": -212, "2005-03-31": "153.20000"}, "Net Change In Long-Term Investments": {"2020-12-31": 0, "2020-09-30": 0, "2020-06-30": 0, "2020-03-31": "", "2019-12-31": 0, "2019-09-30": 0, "2019-06-30": 0, "2019-03-31": "", "2018-12-31": 0, "2018-09-30": 0, "2018-06-30": 0, "2018-03-31": "", "2017-12-31": 0, "2017-09-30": 0, "2017-06-30": 0, "2017-03-31": "", "2016-12-31": 0, "2016-09-30": 0, "2016-06-30": 0, "2016-03-31": "", "2015-12-31": 0, "2015-09-30": 0, "2015-06-30": 0, "2015-03-31": "", "2014-12-31": 0, "2014-09-30": 0, "2014-06-30": 0, "2014-03-31": "", "2013-12-31": 0, "2013-09-30": 0, "2013-06-30": 0, "2013-03-31": "", "2012-12-31": 0, "2012-09-30": 0, "2012-06-30": 0, "2012-03-31": "", "2011-12-31": 0, "2011-09-30": 0, "2011-06-30": 0, "2011-03-31": "", "2010-12-31": 0, "2010-09-30": 0, "2010-06-30": 0, "2010-03-31": "", "2009-12-31": 0, "2009-09-30": 0, "2009-06-30": 0, "2009-03-31": "", "2008-12-31": 0, "2008-09-30": 0, "2008-06-30": 0, "2008-03-31": "", "2007-12-31": 0, "2007-09-30": 0, "2007-06-30": 0, "2007-03-31": "", "2006-12-31": 0, "2006-09-30": 0, "2006-06-30": 0, "2006-03-31": "", "2005-12-31": 0, "2005-09-30": 0, "2005-06-30": 0, "2005-03-31": ""}, "Net Change In Investments - Total": {"2020-12-31": -219.1, "2020-09-30": -37.2, "2020-06-30": -28.8, "2020-03-31": "40.50000", "2019-12-31": -44.5, "2019-09-30": -2.8, "2019-06-30": -31.8, "2019-03-31": "-56.00000", "2018-12-31": -27.6, "2018-09-30": 26.3, "2018-06-30": -3.2, "2018-03-31": "320.10000", "2017-12-31": -156, "2017-09-30": 41.5, "2017-06-30": -16, "2017-03-31": "-60.30000", "2016-12-31": -97.8, "2016-09-30": 342.2, "2016-06-30": 14.5, "2016-03-31": "14.00000", "2015-12-31": -78.2, "2015-09-30": -21.7, "2015-06-30": -148.6, "2015-03-31": "-45.80000", "2014-12-31": 3.3, "2014-09-30": -58.1, "2014-06-30": -82.6, "2014-03-31": "12.80000", "2013-12-31": -71.2, "2013-09-30": 13.1, "2013-06-30": -24.1, "2013-03-31": "-19.00000", "2012-12-31": -227.9, "2012-09-30": -21.8, "2012-06-30": -4.6, "2012-03-31": "-26.30000", "2011-12-31": 1.3, "2011-09-30": 92.8, "2011-06-30": -40.1, "2011-03-31": "-525.80000", "2010-12-31": -96.2, "2010-09-30": -60.1, "2010-06-30": -50.5, "2010-03-31": "-26.90000", "2009-12-31": 21.4, "2009-09-30": -74.3, "2009-06-30": 12.3, "2009-03-31": "-2.20000", "2008-12-31": 362.5, "2008-09-30": 19.3, "2008-06-30": 41.7, "2008-03-31": "148.60000", "2007-12-31": 53.1, "2007-09-30": 253.8, "2007-06-30": -49.8, "2007-03-31": "-194.50000", "2006-12-31": 1.2, "2006-09-30": -12.1, "2006-06-30": -48.5, "2006-03-31": "-173.40000", "2005-12-31": -21.4, "2005-09-30": 42.9, "2005-06-30": -212, "2005-03-31": "153.20000"}, "Investing Activities - Other": {"2020-12-31": -294.3999, "2020-09-30": -229.1001, "2020-06-30": -40.7, "2020-03-31": "-47.80000", "2019-12-31": -251.6, "2019-09-30": -75.5999, "2019-06-30": -289.1001, "2019-03-31": "-123.30000", "2018-12-31": -255.5, "2018-09-30": -225.1001, "2018-06-30": -314.2, "2018-03-31": "-152.90000", "2017-12-31": -263.6, "2017-09-30": -110.8, "2017-06-30": -54.1, "2017-03-31": "30.60000", "2016-12-31": -141.4999, "2016-09-30": -46.3, "2016-06-30": -116.4, "2016-03-31": "-11.40000", "2015-12-31": -153.8998, "2015-09-30": -108.7001, "2015-06-30": -104.8, "2015-03-31": "-12.10000", "2014-12-31": -123.1998, "2014-09-30": -59.5001, "2014-06-30": -82.1, "2014-03-31": "-1.80000", "2013-12-31": -226.1, "2013-09-30": -105.7, "2013-06-30": -166.1, "2013-03-31": "-25.70000", "2012-12-31": -265.1001, "2012-09-30": -175.2, "2012-06-30": -263.9, "2012-03-31": "-124.30000", "2011-12-31": -307.4, "2011-09-30": -156, "2011-06-30": -122.3, "2011-03-31": "-53.20000", "2010-12-31": -48.7999, "2010-09-30": 61.8, "2010-06-30": 60.4, "2010-03-31": "176.70000", "2009-12-31": -38.1, "2009-09-30": 244.1, "2009-06-30": 219, "2009-03-31": "375.80000", "2008-12-31": 111.9001, "2008-09-30": 138.3, "2008-06-30": -76.7, "2008-03-31": "148.50000", "2007-12-31": 13.5999, "2007-09-30": -35.1, "2007-06-30": -167.8, "2007-03-31": "-156.50000", "2006-12-31": -285.1, "2006-09-30": -120.7, "2006-06-30": -241, "2006-03-31": "-126.90000", "2005-12-31": -132.9999, "2005-09-30": -138.3, "2005-06-30": -260.5, "2005-03-31": "-165.60000"}, "Cash Flow From Investing Activities": {"2020-12-31": -841.5, "2020-09-30": -440.2, "2020-06-30": -214.3, "2020-03-31": "-379.80000", "2019-12-31": -650.9, "2019-09-30": -431.1, "2019-06-30": -724.7, "2019-03-31": "-400.70000", "2018-12-31": -654.2, "2018-09-30": -531.3, "2018-06-30": -689.1, "2018-03-31": "-56.10000", "2017-12-31": -825.1, "2017-09-30": -369.2, "2017-06-30": -433.3, "2017-03-31": "-337.00000", "2016-12-31": -642.9, "2016-09-30": -135.3, "2016-06-30": -493.9, "2016-03-31": "-292.20000", "2015-12-31": -573.2, "2015-09-30": -487, "2015-06-30": -582.5, "2015-03-31": "-332.20000", "2014-12-31": -449.6, "2014-09-30": -429.1, "2014-06-30": -477.6, "2014-03-31": "-175.60000", "2013-12-31": -686.9, "2013-09-30": -526.1, "2013-06-30": -596.5, "2013-03-31": "-341.50000", "2012-12-31": -925.8, "2012-09-30": -581.8, "2012-06-30": -715.3, "2012-03-31": "-365.10000", "2011-12-31": -633.7, "2011-09-30": -383.4, "2011-06-30": -551.2, "2011-03-31": "-850.70000", "2010-12-31": -310.3, "2010-09-30": -143.8, "2010-06-30": -53.5, "2010-03-31": "40.50000", "2009-12-31": -84, "2009-09-30": -95.2, "2009-06-30": 137.7, "2009-03-31": "352.10000", "2008-12-31": 295.1, "2008-09-30": -211.2, "2008-06-30": -382.8, "2008-03-31": "47.00000", "2007-12-31": -333.5, "2007-09-30": -61.2, "2007-06-30": -437.6, "2007-03-31": "-464.50000", "2006-12-31": -604.8, "2006-09-30": -344.5, "2006-06-30": -460.1, "2006-03-31": "-416.70000", "2005-12-31": -389.7, "2005-09-30": -315.1, "2005-06-30": -660.8, "2005-03-31": "-137.00000"}, "Net Long-Term Debt": {"2020-12-31": -1192.5001, "2020-09-30": 149.8001, "2020-06-30": 220, "2020-03-31": "242.40000", "2019-12-31": 335.3, "2019-09-30": 42, "2019-06-30": -49.7, "2019-03-31": "386.70000", "2018-12-31": -98.4001, "2018-09-30": 499.9, "2018-06-30": 292.6, "2018-03-31": "-109.50000", "2017-12-31": -37.9, "2017-09-30": 292.0001, "2017-06-30": -293.4001, "2017-03-31": "-187.60000", "2016-12-31": 127.9001, "2016-09-30": -15.5, "2016-06-30": 231.7, "2016-03-31": "25.60000", "2015-12-31": -254.6, "2015-09-30": 270.9, "2015-06-30": -137.3, "2015-03-31": "534.10000", "2014-12-31": 384, "2014-09-30": -261.3, "2014-06-30": 183.8, "2014-03-31": "-538.70000", "2013-12-31": 246.6, "2013-09-30": 539, "2013-06-30": 295, "2013-03-31": "484.60000", "2012-12-31": -15.5, "2012-09-30": 256.6, "2012-06-30": 918.5, "2012-03-31": "373.40000", "2011-12-31": -73.8, "2011-09-30": 483.1, "2011-06-30": -447.1, "2011-03-31": "-114.60000", "2010-12-31": -284.1, "2010-09-30": -0.2, "2010-06-30": 91.7, "2010-03-31": "10.00000", "2009-12-31": -18.6, "2009-09-30": -570.5999, "2009-06-30": -810.9, "2009-03-31": "588.20000", "2008-12-31": 39.1, "2008-09-30": -219.9, "2008-06-30": 930.2, "2008-03-31": "-287.20000", "2007-12-31": 336.9, "2007-09-30": 138.4, "2007-06-30": 284.6, "2007-03-31": "-165.90000", "2006-12-31": -201, "2006-09-30": 100.5001, "2006-06-30": 355, "2006-03-31": "16.70000", "2005-12-31": 402.3999, "2005-09-30": 23.1001, "2005-06-30": -13.1, "2005-03-31": "12.40000"}, "Net Current Debt": {"2020-12-31": 1471, "2020-09-30": -278.5, "2020-06-30": -1059, "2020-03-31": "-133.50000", "2019-12-31": -79.4, "2019-09-30": 305.9, "2019-06-30": 444.5, "2019-03-31": "-113.90000", "2018-12-31": 526, "2018-09-30": -130.2, "2018-06-30": -54.2, "2018-03-31": "284.30000", "2017-12-31": 90.2, "2017-09-30": -75, "2017-06-30": 318.1, "2017-03-31": "18.80000", "2016-12-31": -39.2, "2016-09-30": 105.6, "2016-06-30": -271.3, "2016-03-31": "-117.90000", "2015-12-31": 243.3, "2015-09-30": -98.9, "2015-06-30": 454.2, "2015-03-31": "-347.90000", "2014-12-31": -246.2, "2014-09-30": 351.6, "2014-06-30": -105, "2014-03-31": "348.70000", "2013-12-31": -127.2, "2013-09-30": -254.4, "2013-06-30": -198.8, "2013-03-31": "-458.90000", "2012-12-31": 192.1, "2012-09-30": -49.7, "2012-06-30": -482.3, "2012-03-31": "-25.90000", "2011-12-31": 652.8, "2011-09-30": -17.9, "2011-06-30": 861.3, "2011-03-31": "146.40000", "2010-12-31": 326.2, "2010-09-30": -156.2, "2010-06-30": -386.5, "2010-03-31": "-331.60000", "2009-12-31": -267.4, "2009-09-30": 107.7, "2009-06-30": 274.2, "2009-03-31": "-904.30000", "2008-12-31": -3.8, "2008-09-30": 146.8, "2008-06-30": -845.3, "2008-03-31": "220.30000", "2007-12-31": -218.7, "2007-09-30": -116.5, "2007-06-30": -338.9, "2007-03-31": "308.00000", "2006-12-31": 500.8, "2006-09-30": 232.3, "2006-06-30": -307.6, "2006-03-31": "150.50000", "2005-12-31": 290.3, "2005-09-30": 264.9, "2005-06-30": 398, "2005-03-31": "195.20000"}, "Debt Issuance/Retirement Net - Total": {"2020-12-31": 278.4999, "2020-09-30": -128.6999, "2020-06-30": -839, "2020-03-31": "108.90000", "2019-12-31": 255.9, "2019-09-30": 347.9, "2019-06-30": 394.8, "2019-03-31": "272.80000", "2018-12-31": 427.6, "2018-09-30": 369.7, "2018-06-30": 238.4, "2018-03-31": "174.80000", "2017-12-31": 52.3, "2017-09-30": 217.0001, "2017-06-30": 24.6999, "2017-03-31": "-168.80000", "2016-12-31": 88.7001, "2016-09-30": 90.1, "2016-06-30": -39.6, "2016-03-31": "-92.30000", "2015-12-31": -11.3, "2015-09-30": 172, "2015-06-30": 316.9, "2015-03-31": "186.20000", "2014-12-31": 137.8001, "2014-09-30": 90.3, "2014-06-30": 78.8, "2014-03-31": "-190.00000", "2013-12-31": 119.4, "2013-09-30": 284.6, "2013-06-30": 96.2, "2013-03-31": "25.70000", "2012-12-31": 176.6, "2012-09-30": 206.9, "2012-06-30": 436.2, "2012-03-31": "347.50000", "2011-12-31": 579, "2011-09-30": 465.1999, "2011-06-30": 414.2001, "2011-03-31": "31.80000", "2010-12-31": 42.1, "2010-09-30": -156.4, "2010-06-30": -294.8, "2010-03-31": "-321.60000", "2009-12-31": -286, "2009-09-30": -462.9001, "2009-06-30": -536.6999, "2009-03-31": "-316.10000", "2008-12-31": 35.3, "2008-09-30": -73.1, "2008-06-30": 84.9, "2008-03-31": "-66.90000", "2007-12-31": 118.2, "2007-09-30": 21.9, "2007-06-30": -54.3, "2007-03-31": "142.10000", "2006-12-31": 299.8, "2006-09-30": 332.8001, "2006-06-30": 47.4, "2006-03-31": "167.20000", "2005-12-31": 692.6999, "2005-09-30": 288.0001, "2005-06-30": 384.9, "2005-03-31": "207.60000"}, "Net Common Equity Issued/Repurchased": {"2020-12-31": 11.9, "2020-09-30": 30, "2020-06-30": 4.9, "2020-03-31": "-35.20000", "2019-12-31": 27, "2019-09-30": -43.8, "2019-06-30": -15.6, "2019-03-31": "-17.00000", "2018-12-31": -195.1, "2018-09-30": -56.7, "2018-06-30": -79.3, "2018-03-31": "-4.00000", "2017-12-31": 11.1, "2017-09-30": 9.4, "2017-06-30": 1, "2017-03-31": "17.80000", "2016-12-31": 3.9, "2016-09-30": 3.9, "2016-06-30": 4.8, "2016-03-31": "-53.70000", "2015-12-31": -125.3, "2015-09-30": -67.2, "2015-06-30": 6.4, "2015-03-31": "6.30000", "2014-12-31": -4.5, "2014-09-30": -22.4, "2014-06-30": 1.7, "2014-03-31": "11.60000", "2013-12-31": 5.3, "2013-09-30": 8.2, "2013-06-30": 9.9, "2013-03-31": "7.60000", "2012-12-31": 6.5, "2012-09-30": -20.9, "2012-06-30": -123.1, "2012-03-31": "-10.70000", "2011-12-31": -80.9, "2011-09-30": -250.2, "2011-06-30": 2.8, "2011-03-31": "1.60000", "2010-12-31": 12.2, "2010-09-30": 2.2, "2010-06-30": 4, "2010-03-31": "3.60000", "2009-12-31": 6.3, "2009-09-30": 5.6, "2009-06-30": -1.3, "2009-03-31": "7.00000", "2008-12-31": 0.2, "2008-09-30": -35.9, "2008-06-30": -86.1, "2008-03-31": "-97.30000", "2007-12-31": -61, "2007-09-30": -248.8, "2007-06-30": 8, "2007-03-31": "-27.90000", "2006-12-31": 4.8, "2006-09-30": -56.7, "2006-06-30": -50.9, "2006-03-31": "-171.50000", "2005-12-31": -21.5, "2005-09-30": -156.3, "2005-06-30": -164.5, "2005-03-31": "-13.00000"}, "Net Total Equity Issued/Repurchased": {"2020-12-31": 11.9, "2020-09-30": 30, "2020-06-30": 4.9, "2020-03-31": "-35.20000", "2019-12-31": 27, "2019-09-30": -43.8, "2019-06-30": -15.6, "2019-03-31": "-17.00000", "2018-12-31": -195.1, "2018-09-30": -56.7, "2018-06-30": -79.3, "2018-03-31": "-4.00000", "2017-12-31": 11.1, "2017-09-30": 9.4, "2017-06-30": 1, "2017-03-31": "17.80000", "2016-12-31": 3.9, "2016-09-30": 3.9, "2016-06-30": 4.8, "2016-03-31": "-53.70000", "2015-12-31": -125.3, "2015-09-30": -67.2, "2015-06-30": 6.4, "2015-03-31": "6.30000", "2014-12-31": -4.5, "2014-09-30": -22.4, "2014-06-30": 1.7, "2014-03-31": "11.60000", "2013-12-31": 5.3, "2013-09-30": 8.2, "2013-06-30": 9.9, "2013-03-31": "7.60000", "2012-12-31": 6.5, "2012-09-30": -20.9, "2012-06-30": -123.1, "2012-03-31": "-10.70000", "2011-12-31": -80.9, "2011-09-30": -250.2, "2011-06-30": 2.8, "2011-03-31": "1.60000", "2010-12-31": 12.2, "2010-09-30": 2.2, "2010-06-30": 4, "2010-03-31": "3.60000", "2009-12-31": 6.3, "2009-09-30": 5.6, "2009-06-30": -1.3, "2009-03-31": "7.00000", "2008-12-31": 0.2, "2008-09-30": -35.9, "2008-06-30": -86.1, "2008-03-31": "-97.30000", "2007-12-31": -61, "2007-09-30": -248.8, "2007-06-30": 8, "2007-03-31": "-27.90000", "2006-12-31": 4.8, "2006-09-30": -56.7, "2006-06-30": -50.9, "2006-03-31": "-171.50000", "2005-12-31": -21.5, "2005-09-30": -156.3, "2005-06-30": -164.5, "2005-03-31": "-13.00000"}, "Total Common And Preferred Stock Dividends Paid": {"2020-12-31": -110.9, "2020-09-30": -110.9, "2020-06-30": -110.6, "2020-03-31": "-907.40000", "2019-12-31": -110.8, "2019-09-30": -110.8, "2019-06-30": -110.9, "2019-03-31": "-806.10000", "2018-12-31": -97.7, "2018-09-30": -98.1, "2018-06-30": -98.4, "2018-03-31": "-510.10000", "2017-12-31": -87.9, "2017-09-30": -87.9, "2017-06-30": -87.8, "2017-03-31": "-294.70000", "2016-12-31": -84.1, "2016-09-30": -84.2, "2016-06-30": -84.1, "2016-03-31": "-576.90000", "2015-12-31": -84.8, "2015-09-30": -85.2, "2015-06-30": -78.1, "2015-03-31": "-432.40000", "2014-12-31": -78, "2014-09-30": -78, "2014-06-30": -78.1, "2014-03-31": "-389.70000", "2013-12-31": -70.8, "2013-09-30": -70.9, "2013-06-30": -70.7, "2013-03-31": "-70.70000", "2012-12-31": -353.6, "2012-09-30": -70.2, "2012-06-30": -71.3, "2012-03-31": "-314.40000", "2011-12-31": -64.3, "2011-09-30": -65.4, "2011-06-30": -43.9, "2011-03-31": "-43.80000", "2010-12-31": -153.4, "2010-09-30": -32.8, "2010-06-30": -32.7, "2010-03-31": "-32.80000", "2009-12-31": -32.7, "2009-09-30": -32.7, "2009-06-30": -65.4, "2009-03-31": "-101.30000", "2008-12-31": -65.3, "2008-09-30": -65.3, "2008-06-30": -65.6, "2008-03-31": "-433.00000", "2007-12-31": -66.3, "2007-09-30": -61.5, "2007-06-30": -62.2, "2007-03-31": "-546.70000", "2006-12-31": -49.7, "2006-09-30": -49.9, "2006-06-30": -50, "2006-03-31": "-380.80000", "2005-12-31": -42.3, "2005-09-30": -36, "2005-06-30": -36, "2005-03-31": "-382.60000"}, "Financial Activities - Other": {"2020-12-31": 0, "2020-09-30": 0, "2020-06-30": 0, "2020-03-31": "", "2019-12-31": 0, "2019-09-30": 0, "2019-06-30": 0, "2019-03-31": "", "2018-12-31": 0, "2018-09-30": 0, "2018-06-30": 0, "2018-03-31": "", "2017-12-31": 0, "2017-09-30": 0, "2017-06-30": 0, "2017-03-31": "", "2016-12-31": 0, "2016-09-30": 0, "2016-06-30": 0, "2016-03-31": "", "2015-12-31": 0, "2015-09-30": 0, "2015-06-30": 0, "2015-03-31": "", "2014-12-31": 0, "2014-09-30": 0, "2014-06-30": 0, "2014-03-31": "", "2013-12-31": 0, "2013-09-30": 0, "2013-06-30": 0, "2013-03-31": "", "2012-12-31": 0, "2012-09-30": 0, "2012-06-30": 0, "2012-03-31": "", "2011-12-31": 0, "2011-09-30": 0, "2011-06-30": 0, "2011-03-31": "", "2010-12-31": 0, "2010-09-30": 0, "2010-06-30": 0, "2010-03-31": "", "2009-12-31": 0, "2009-09-30": 0, "2009-06-30": 0, "2009-03-31": "", "2008-12-31": 0, "2008-09-30": 0, "2008-06-30": 0, "2008-03-31": "", "2007-12-31": 0, "2007-09-30": 0, "2007-06-30": 0, "2007-03-31": "", "2006-12-31": 0, "2006-09-30": 0, "2006-06-30": 0, "2006-03-31": "", "2005-12-31": 0, "2005-09-30": 0, "2005-06-30": 0, "2005-03-31": ""}, "Cash Flow From Financial Activities": {"2020-12-31": 179.5, "2020-09-30": -209.6, "2020-06-30": -944.7, "2020-03-31": "-833.70000", "2019-12-31": 172.1, "2019-09-30": 193.3, "2019-06-30": 268.3, "2019-03-31": "-550.30000", "2018-12-31": 134.8, "2018-09-30": 214.9, "2018-06-30": 60.7, "2018-03-31": "-339.30000", "2017-12-31": -24.5, "2017-09-30": 138.5, "2017-06-30": -62.1, "2017-03-31": "-445.70000", "2016-12-31": 8.5, "2016-09-30": 9.8, "2016-06-30": -118.9, "2016-03-31": "-722.90000", "2015-12-31": -221.4, "2015-09-30": 19.6, "2015-06-30": 245.2, "2015-03-31": "-239.90000", "2014-12-31": 55.3, "2014-09-30": -10.1, "2014-06-30": 2.4, "2014-03-31": "-568.10000", "2013-12-31": 53.9, "2013-09-30": 221.9, "2013-06-30": 35.4, "2013-03-31": "-37.40000", "2012-12-31": -170.5, "2012-09-30": 115.8, "2012-06-30": 241.8, "2012-03-31": "22.40000", "2011-12-31": 433.8, "2011-09-30": 149.6, "2011-06-30": 373.1, "2011-03-31": "-10.40000", "2010-12-31": -99.1, "2010-09-30": -187, "2010-06-30": -323.5, "2010-03-31": "-350.80000", "2009-12-31": -312.4, "2009-09-30": -490, "2009-06-30": -603.4, "2009-03-31": "-410.40000", "2008-12-31": -29.8, "2008-09-30": -174.3, "2008-06-30": -66.8, "2008-03-31": "-597.20000", "2007-12-31": -9.1, "2007-09-30": -288.4, "2007-06-30": -108.5, "2007-03-31": "-432.50000", "2006-12-31": 254.9, "2006-09-30": 226.2, "2006-06-30": -53.5, "2006-03-31": "-385.10000", "2005-12-31": 628.9, "2005-09-30": 95.7, "2005-06-30": 184.4, "2005-03-31": "-188.00000"}, "Net Cash Flow": {"2020-12-31": 195.3, "2020-09-30": 216.3, "2020-06-30": -195.1, "2020-03-31": "-852.00000", "2019-12-31": 505.6, "2019-09-30": 450.1, "2019-06-30": 376.8, "2019-03-31": "-593.30000", "2018-12-31": 521.9, "2018-09-30": 407.2, "2018-06-30": 2.7, "2018-03-31": "139.40000", "2017-12-31": 51.4, "2017-09-30": 433.5, "2017-06-30": 115.4, "2017-03-31": "-151.30000", "2016-12-31": 127.8, "2016-09-30": -277, "2016-06-30": 217.6, "2016-03-31": "-169.10000", "2015-12-31": -109.7, "2015-09-30": 163, "2015-06-30": 398.4, "2015-03-31": "-172.90000", "2014-12-31": 89.2, "2014-09-30": 268.1, "2014-06-30": 90.4, "2014-03-31": "-460.20000", "2013-12-31": 39.7, "2013-09-30": 268.5, "2013-06-30": 180.5, "2013-03-31": "-11.00000", "2012-12-31": -478.1, "2012-09-30": 30.6, "2012-06-30": -203.2, "2012-03-31": "-183.60000", "2011-12-31": 227.1, "2011-09-30": 7, "2011-06-30": 182.9, "2011-03-31": "-351.10000", "2010-12-31": -16.4, "2010-09-30": 159.1, "2010-06-30": 43.4, "2010-03-31": "-57.30000", "2009-12-31": 112.8, "2009-09-30": -70.5, "2009-06-30": -55.2, "2009-03-31": "-30.30000", "2008-12-31": 559.5, "2008-09-30": -292.3, "2008-06-30": -51.6, "2008-03-31": "-118.50000", "2007-12-31": 259.5, "2007-09-30": 184.4, "2007-06-30": 39, "2007-03-31": "-477.30000", "2006-12-31": 243.6, "2006-09-30": 250.2, "2006-06-30": -31.5, "2006-03-31": "-308.70000", "2005-12-31": 539.1, "2005-09-30": -63.4, "2005-06-30": -206.2, "2005-03-31": "-185.30000"}, "Stock-Based Compensation": {"2020-12-31": 0, "2020-09-30": 0, "2020-06-30": 0, "2020-03-31": "", "2019-12-31": 0, "2019-09-30": 0, "2019-06-30": 0, "2019-03-31": "", "2018-12-31": 0, "2018-09-30": 0, "2018-06-30": 0, "2018-03-31": "", "2017-12-31": 0, "2017-09-30": 0, "2017-06-30": 0, "2017-03-31": "", "2016-12-31": 0, "2016-09-30": 0, "2016-06-30": 0, "2016-03-31": "", "2015-12-31": 0, "2015-09-30": 0, "2015-06-30": 0, "2015-03-31": "", "2014-12-31": 0, "2014-09-30": 0, "2014-06-30": 0, "2014-03-31": "", "2013-12-31": 0, "2013-09-30": 0, "2013-06-30": 0, "2013-03-31": "", "2012-12-31": 0, "2012-09-30": 0, "2012-06-30": 0, "2012-03-31": "", "2011-12-31": 0, "2011-09-30": 0, "2011-06-30": 0, "2011-03-31": "", "2010-12-31": 0, "2010-09-30": 0, "2010-06-30": 0, "2010-03-31": "", "2009-12-31": 0, "2009-09-30": 0, "2009-06-30": 0, "2009-03-31": "", "2008-12-31": 0, "2008-09-30": 0, "2008-06-30": 0, "2008-03-31": "", "2007-12-31": 0, "2007-09-30": 0, "2007-06-30": 0, "2007-03-31": "", "2006-12-31": 0, "2006-09-30": 0, "2006-06-30": 0, "2006-03-31": "", "2005-12-31": 0, "2005-09-30": 0, "2005-06-30": 0, "2005-03-31": ""}, "Common Stock Dividends Paid": {"2020-12-31": -110.9, "2020-09-30": -110.9, "2020-06-30": -110.6, "2020-03-31": "-907.40000", "2019-12-31": -110.8, "2019-09-30": -110.8, "2019-06-30": -110.9, "2019-03-31": "-806.10000", "2018-12-31": -97.7, "2018-09-30": -98.1, "2018-06-30": -98.4, "2018-03-31": "-510.10000", "2017-12-31": -87.9, "2017-09-30": -87.9, "2017-06-30": -87.8, "2017-03-31": "-294.70000", "2016-12-31": -84.1, "2016-09-30": -84.2, "2016-06-30": -84.1, "2016-03-31": "-576.90000", "2015-12-31": -84.8, "2015-09-30": -85.2, "2015-06-30": -78.1, "2015-03-31": "-432.40000", "2014-12-31": -78, "2014-09-30": -78, "2014-06-30": -78.1, "2014-03-31": "-389.70000", "2013-12-31": -70.8, "2013-09-30": -70.9, "2013-06-30": -70.7, "2013-03-31": "-70.70000", "2012-12-31": -353.6, "2012-09-30": -70.2, "2012-06-30": -71.3, "2012-03-31": "-314.40000", "2011-12-31": -64.3, "2011-09-30": -65.4, "2011-06-30": -43.9, "2011-03-31": "-43.80000", "2010-12-31": -153.4, "2010-09-30": -32.8, "2010-06-30": -32.7, "2010-03-31": "-32.80000", "2009-12-31": -32.7, "2009-09-30": -32.7, "2009-06-30": -65.4, "2009-03-31": "-101.30000", "2008-12-31": -65.3, "2008-09-30": -65.3, "2008-06-30": -65.6, "2008-03-31": "-433.00000", "2007-12-31": -66.3, "2007-09-30": -61.5, "2007-06-30": -62.2, "2007-03-31": "-546.70000", "2006-12-31": -49.7, "2006-09-30": -49.9, "2006-06-30": -50, "2006-03-31": "-380.80000", "2005-12-31": -42.3, "2005-09-30": -36, "2005-06-30": -36, "2005-03-31": "-382.60000"}}, "financial ratios": {"Current Ratio": {"2019-12-31": "2.32200", "2018-12-31": "2.33230", "2017-12-31": "2.48600", "2016-12-31": "2.69500", "2015-12-31": "2.56910", "2014-12-31": "2.52120", "2013-12-31": "2.52900", "2012-12-31": "2.14950", "2011-12-31": "1.76990", "2010-12-31": "2.28290", "2009-12-31": "2.12880", "2008-12-31": "2.07560", "2007-12-31": "1.88530", "2006-12-31": "1.77540", "2005-12-31": "1.83210"}, "Long-term Debt / Capital": {"2019-12-31": "0.42290", "2018-12-31": "0.42720", "2017-12-31": "0.42480", "2016-12-31": "0.47070", "2015-12-31": "0.45500", "2014-12-31": "0.45280", "2013-12-31": "0.46500", "2012-12-31": "0.42480", "2011-12-31": "0.33850", "2010-12-31": "0.34970", "2009-12-31": "0.37500", "2008-12-31": "0.44640", "2007-12-31": "0.42760", "2006-12-31": "0.40690", "2005-12-31": "0.40700"}, "Debt/Equity Ratio": {"2019-12-31": "1.15630", "2018-12-31": "1.15800", "2017-12-31": "1.10300", "2016-12-31": "1.25050", "2015-12-31": "1.23790", "2014-12-31": "1.21880", "2013-12-31": "1.26980", "2012-12-31": "1.34770", "2011-12-31": "1.24070", "2010-12-31": "0.98470", "2009-12-31": "1.18990", "2008-12-31": "1.54430", "2007-12-31": "1.57100", "2006-12-31": "1.63370", "2005-12-31": "1.60340"}, "Gross Margin": {"2019-12-31": "19.70380", "2018-12-31": "19.45330", "2017-12-31": "19.67220", "2016-12-31": "20.54620", "2015-12-31": "19.99990", "2014-12-31": "18.50500", "2013-12-31": "18.82230", "2012-12-31": "18.42880", "2011-12-31": "18.42470", "2010-12-31": "20.34510", "2009-12-31": "19.82440", "2008-12-31": "21.61030", "2007-12-31": "21.70850", "2006-12-31": "20.76990", "2005-12-31": "20.16520"}, "Operating Margin": {"2019-12-31": "12.58140", "2018-12-31": "12.30820", "2017-12-31": "11.63370", "2016-12-31": "7.28870", "2015-12-31": "12.85890", "2014-12-31": "11.31710", "2013-12-31": "10.74820", "2012-12-31": "10.40380", "2011-12-31": "10.40710", "2010-12-31": "8.96250", "2009-12-31": "7.15880", "2008-12-31": "12.49560", "2007-12-31": "13.68110", "2006-12-31": "16.41660", "2005-12-31": "15.66510"}, "EBIT Margin": {"2019-12-31": "12.58140", "2018-12-31": "12.30820", "2017-12-31": "11.63370", "2016-12-31": "7.28870", "2015-12-31": "12.85890", "2014-12-31": "11.31710", "2013-12-31": "10.74820", "2012-12-31": "10.40380", "2011-12-31": "10.40710", "2010-12-31": "8.96250", "2009-12-31": "7.15880", "2008-12-31": "12.49560", "2007-12-31": "13.68110", "2006-12-31": "16.41660", "2005-12-31": "15.66510"}, "EBITDA Margin": {"2019-12-31": "16.78970", "2018-12-31": "16.79460", "2017-12-31": "17.32590", "2016-12-31": "13.11900", "2015-12-31": "17.60440", "2014-12-31": "14.64650", "2013-12-31": "15.48250", "2012-12-31": "14.51450", "2011-12-31": "14.52690", "2010-12-31": "10.80750", "2009-12-31": "15.21800", "2008-12-31": "16.85760", "2007-12-31": "17.13940", "2006-12-31": "19.05790", "2005-12-31": "18.29780"}, "Pre-Tax Profit Margin": {"2019-12-31": "12.10640", "2018-12-31": "11.96050", "2017-12-31": "11.17010", "2016-12-31": "6.63640", "2015-12-31": "12.22650", "2014-12-31": "10.62060", "2013-12-31": "9.89850", "2012-12-31": "9.55340", "2011-12-31": "9.21360", "2010-12-31": "6.41510", "2009-12-31": "2.16410", "2008-12-31": "9.77790", "2007-12-31": "11.59070", "2006-12-31": "13.22040", "2005-12-31": "12.61680"}, "Net Profit Margin": {"2019-12-31": "9.32780", "2018-12-31": "9.34260", "2017-12-31": "8.61000", "2016-12-31": "3.06280", "2015-12-31": "8.39130", "2014-12-31": "7.15270", "2013-12-31": "6.84020", "2012-12-31": "6.51950", "2011-12-31": "6.37290", "2010-12-31": "4.44580", "2009-12-31": "1.38380", "2008-12-31": "6.79850", "2007-12-31": "8.06280", "2006-12-31": "9.09200", "2005-12-31": "8.06120"}, "Asset Turnover": {"2019-12-31": "0.90260", "2018-12-31": "0.92200", "2017-12-31": "0.83000", "2016-12-31": "0.82530", "2015-12-31": "0.90550", "2014-12-31": "0.92130", "2013-12-31": "0.82620", "2012-12-31": "0.91530", "2011-12-31": "0.95240", "2010-12-31": "0.72310", "2009-12-31": "0.55500", "2008-12-31": "0.92140", "2007-12-31": "0.87930", "2006-12-31": "1.02150", "2005-12-31": "1.02490"}, "Inventory Turnover Ratio": {"2019-12-31": "17.82480", "2018-12-31": "15.97450", "2017-12-31": "16.83420", "2016-12-31": "18.59520", "2015-12-31": "19.19910", "2014-12-31": "16.72420", "2013-12-31": "17.08540", "2012-12-31": "17.77650", "2011-12-31": "18.78070", "2010-12-31": "15.35360", "2009-12-31": "10.25690", "2008-12-31": "17.83450", "2007-12-31": "18.96750", "2006-12-31": "18.79290", "2005-12-31": "22.64920"}, "Receiveable Turnover": {"2019-12-31": "1.91160", "2018-12-31": "1.93300", "2017-12-31": "1.79740", "2016-12-31": "1.75610", "2015-12-31": "1.87720", "2014-12-31": "1.88280", "2013-12-31": "1.74170", "2012-12-31": "1.85320", "2011-12-31": "1.98550", "2010-12-31": "1.54060", "2009-12-31": "1.14660", "2008-12-31": "1.71410", "2007-12-31": "1.57290", "2006-12-31": "1.78700", "2005-12-31": "1.79200"}, "Days Sales In Receivables": {"2019-12-31": "190.94430", "2018-12-31": "188.82810", "2017-12-31": "203.07590", "2016-12-31": "207.84900", "2015-12-31": "194.43520", "2014-12-31": "193.85910", "2013-12-31": "209.56620", "2012-12-31": "196.95290", "2011-12-31": "183.83680", "2010-12-31": "236.92780", "2009-12-31": "318.32390", "2008-12-31": "212.94450", "2007-12-31": "232.05360", "2006-12-31": "204.25370", "2005-12-31": "203.68740"}, "ROE - Return On Equity": {"2019-12-31": "24.60210", "2018-12-31": "25.54550", "2017-12-31": "20.80870", "2016-12-31": "7.69740", "2015-12-31": "23.11110", "2014-12-31": "20.12080", "2013-12-31": "17.65520", "2012-12-31": "19.01180", "2011-12-31": "19.43000", "2010-12-31": "8.54080", "2009-12-31": "2.19250", "2008-12-31": "21.00190", "2007-12-31": "24.48190", "2006-12-31": "33.57120", "2005-12-31": "29.04820"}, "Return On Tangible Equity": {"2019-12-31": "24.60210", "2018-12-31": "25.54550", "2017-12-31": "20.80870", "2016-12-31": "7.69740", "2015-12-31": "23.11110", "2014-12-31": "20.12080", "2013-12-31": "17.65520", "2012-12-31": "19.01180", "2011-12-31": "19.43000", "2010-12-31": "8.54080", "2009-12-31": "2.19250", "2008-12-31": "21.00190", "2007-12-31": "24.48190", "2006-12-31": "33.57120", "2005-12-31": "29.04820"}, "ROA - Return On Assets": {"2019-12-31": "8.41960", "2018-12-31": "8.61420", "2017-12-31": "7.14670", "2016-12-31": "2.52780", "2015-12-31": "7.59840", "2014-12-31": "6.59010", "2013-12-31": "5.65150", "2012-12-31": "5.96740", "2011-12-31": "6.06950", "2010-12-31": "3.21480", "2009-12-31": "0.76810", "2008-12-31": "6.26410", "2007-12-31": "7.09000", "2006-12-31": "9.28770", "2005-12-31": "8.26220"}, "ROI - Return On Investment": {"2019-12-31": "14.19800", "2018-12-31": "14.63150", "2017-12-31": "11.96910", "2016-12-31": "4.07410", "2015-12-31": "12.59480", "2014-12-31": "11.00970", "2013-12-31": "9.44630", "2012-12-31": "10.93630", "2011-12-31": "12.85220", "2010-12-31": "5.55430", "2009-12-31": "1.37040", "2008-12-31": "11.62610", "2007-12-31": "14.01220", "2006-12-31": "19.91060", "2005-12-31": "17.22500"}, "Book Value Per Share": {"2019-12-31": "28.02800", "2018-12-31": "24.79200", "2017-12-31": "22.88370", "2016-12-31": "19.32590", "2015-12-31": "19.75630", "2014-12-31": "19.04990", "2013-12-31": "18.72510", "2012-12-31": "16.54470", "2011-12-31": "15.03480", "2010-12-31": "14.66690", "2009-12-31": "14.02120", "2008-12-31": "13.34810", "2007-12-31": "13.60780", "2006-12-31": "17.93240", "2005-12-31": "15.35260"}, "Operating Cash Flow Per Share": {"2019-12-31": -0.2746, "2018-12-31": 0.81, "2017-12-31": 1.1556, "2016-12-31": -0.6478, "2015-12-31": 1.2244, "2014-12-31": -0.7248, "2013-12-31": 2.419, "2012-12-31": -0.1012, "2011-12-31": 0.134, "2010-12-31": 0.473, "2009-12-31": 0.1972, "2008-12-31": -1.9397, "2007-12-31": 0.5943, "2006-12-31": 2.373, "2005-12-31": 2.5387}, "Free Cash Flow Per Share": {"2019-12-31": -0.4184, "2018-12-31": 1.0176, "2017-12-31": 1.5819, "2016-12-31": -1.3141, "2015-12-31": -2.7108, "2014-12-31": 3.8482, "2013-12-31": 2.2789, "2012-12-31": -0.6675, "2011-12-31": -4.0895, "2010-12-31": 0.0212, "2009-12-31": 1.4429, "2008-12-31": 0.6148, "2007-12-31": 0.0519, "2006-12-31": 2.1757, "2005-12-31": 0.5632}}, "financial ratios, quarterly": {"Current Ratio": {"2020-09-30": "3.14100", "2020-06-30": "2.47780", "2020-03-31": "2.48810", "2019-12-31": "2.50230", "2019-09-30": "2.38750", "2019-06-30": "2.43210", "2019-03-31": "2.49120", "2018-12-31": "2.33230", "2018-09-30": "2.62630", "2018-06-30": "2.52440", "2018-03-31": "2.45240", "2017-12-31": "2.48600", "2017-09-30": "2.56390", "2017-06-30": "2.50450", "2017-03-31": "2.66060", "2016-12-31": "2.69500", "2016-09-30": "2.70170", "2016-06-30": "2.45740", "2016-03-31": "2.29300", "2015-12-31": "2.56910", "2015-09-30": "2.82000", "2015-06-30": "2.65880", "2015-03-31": "2.82040", "2014-12-31": "2.52120", "2014-09-30": "2.44440", "2014-06-30": "2.61250", "2014-03-31": "2.46120", "2013-12-31": "2.52900", "2013-09-30": "2.46800", "2013-06-30": "2.31060", "2013-03-31": "2.22880", "2012-12-31": "2.14950", "2012-09-30": "2.09780", "2012-06-30": "2.04390", "2012-03-31": "1.80410", "2011-12-31": "1.76990", "2011-09-30": "1.84020", "2011-06-30": "1.83090", "2011-03-31": "2.13000", "2010-12-31": "2.28290", "2010-09-30": "2.46990", "2010-06-30": "2.43830", "2010-03-31": "2.23420", "2009-12-31": "2.12880", "2009-09-30": "2.06970", "2009-06-30": "2.25510", "2009-03-31": "2.51820", "2008-12-31": "2.07560", "2008-09-30": "2.04160", "2008-06-30": "2.06130", "2008-03-31": "1.84030", "2007-12-31": "1.88530", "2007-09-30": "1.90310", "2007-06-30": "1.91860", "2007-03-31": "1.81100", "2006-12-31": "1.77540", "2006-09-30": "1.96560", "2006-06-30": "1.96330", "2006-03-31": "1.82910", "2005-12-31": "1.83210", "2005-09-30": "1.85310", "2005-06-30": "1.88130", "2005-03-31": "1.99400"}, "Long-term Debt / Capital": {"2020-09-30": "0.43300", "2020-06-30": "0.43140", "2020-03-31": "0.42850", "2019-12-31": "0.42290", "2019-09-30": "0.40270", "2019-06-30": "0.41130", "2019-03-31": "0.42650", "2018-12-31": "0.42720", "2018-09-30": "0.41790", "2018-06-30": "0.40910", "2018-03-31": "0.40760", "2017-12-31": "0.42480", "2017-09-30": "0.42920", "2017-06-30": "0.42990", "2017-03-31": "0.45240", "2016-12-31": "0.47070", "2016-09-30": "0.46290", "2016-06-30": "0.47280", "2016-03-31": "0.47860", "2015-12-31": "0.45500", "2015-09-30": "0.45550", "2015-06-30": "0.45030", "2015-03-31": "0.47130", "2014-12-31": "0.45280", "2014-09-30": "0.42490", "2014-06-30": "0.43930", "2014-03-31": "0.43890", "2013-12-31": "0.46500", "2013-09-30": "0.45880", "2013-06-30": "0.44690", "2013-03-31": "0.43820", "2012-12-31": "0.42480", "2012-09-30": "0.42270", "2012-06-30": "0.41300", "2012-03-31": "0.35290", "2011-12-31": "0.33850", "2011-09-30": "0.33070", "2011-06-30": "0.28730", "2011-03-31": "0.33120", "2010-12-31": "0.34970", "2010-09-30": "0.37440", "2010-06-30": "0.38480", "2010-03-31": "0.37160", "2009-12-31": "0.37500", "2009-09-30": "0.38220", "2009-06-30": "0.42680", "2009-03-31": "0.48230", "2008-12-31": "0.44640", "2008-09-30": "0.43280", "2008-06-30": "0.45060", "2008-03-31": "0.40600", "2007-12-31": "0.42760", "2007-09-30": "0.39610", "2007-06-30": "0.38680", "2007-03-31": "0.37870", "2006-12-31": "0.40690", "2006-09-30": "0.40560", "2006-06-30": "0.41320", "2006-03-31": "0.39990", "2005-12-31": "0.40700", "2005-09-30": "0.36180", "2005-06-30": "0.36810", "2005-03-31": "0.37010"}, "Debt/Equity Ratio": {"2020-09-30": "1.02040", "2020-06-30": "1.06340", "2020-03-31": "1.15580", "2019-12-31": "1.15630", "2019-09-30": "1.08970", "2019-06-30": "1.10340", "2019-03-31": "1.11980", "2018-12-31": "1.15800", "2018-09-30": "1.04530", "2018-06-30": "1.04880", "2018-03-31": "1.06570", "2017-12-31": "1.10300", "2017-09-30": "1.11300", "2017-06-30": "1.13910", "2017-03-31": "1.18170", "2016-12-31": "1.25050", "2016-09-30": "1.22240", "2016-06-30": "1.25850", "2016-03-31": "1.35220", "2015-12-31": "1.23790", "2015-09-30": "1.18200", "2015-06-30": "1.18730", "2015-03-31": "1.21440", "2014-12-31": "1.21880", "2014-09-30": "1.14740", "2014-06-30": "1.16210", "2014-03-31": "1.20050", "2013-12-31": "1.26980", "2013-09-30": "1.27860", "2013-06-30": "1.29440", "2013-03-31": "1.32120", "2012-12-31": "1.34770", "2012-09-30": "1.30740", "2012-06-30": "1.29550", "2012-03-31": "1.23860", "2011-12-31": "1.24070", "2011-09-30": "1.09540", "2011-06-30": "0.99480", "2011-03-31": "0.95810", "2010-12-31": "0.98470", "2010-09-30": "0.98610", "2010-06-30": "1.04060", "2010-03-31": "1.11670", "2009-12-31": "1.18990", "2009-09-30": "1.26570", "2009-06-30": "1.35920", "2009-03-31": "1.48560", "2008-12-31": "1.54430", "2008-09-30": "1.42460", "2008-06-30": "1.48860", "2008-03-31": "1.53470", "2007-12-31": "1.57100", "2007-09-30": "1.48650", "2007-06-30": "1.47680", "2007-03-31": "1.56620", "2006-12-31": "1.63370", "2006-09-30": "1.47150", "2006-06-30": "1.49410", "2006-03-31": "1.58260", "2005-12-31": "1.60340", "2005-09-30": "1.38960", "2005-06-30": "1.36000", "2005-03-31": "1.26730"}, "Gross Margin": {"2020-09-30": "19.80750", "2020-06-30": "20.26970", "2020-03-31": "18.83290", "2019-12-31": "20.06150", "2019-09-30": "19.79270", "2019-06-30": "19.40580", "2019-03-31": "19.58350", "2018-12-31": "18.96750", "2018-09-30": "19.16340", "2018-06-30": "19.94590", "2018-03-31": "19.78250", "2017-12-31": "18.99680", "2017-09-30": "19.84510", "2017-06-30": "19.98640", "2017-03-31": "19.98630", "2016-12-31": "19.93760", "2016-09-30": "20.65940", "2016-06-30": "20.93270", "2016-03-31": "20.61400", "2015-12-31": "20.34070", "2015-09-30": "20.54590", "2015-06-30": "20.05350", "2015-03-31": "19.08870", "2014-12-31": "18.72790", "2014-09-30": "18.70990", "2014-06-30": "18.60560", "2014-03-31": "17.90910", "2013-12-31": "18.98720", "2013-09-30": "18.81350", "2013-06-30": "18.73970", "2013-03-31": "18.72950", "2012-12-31": "18.75410", "2012-09-30": "18.62990", "2012-06-30": "18.50270", "2012-03-31": "17.92680", "2011-12-31": "17.70570", "2011-09-30": "18.16030", "2011-06-30": "18.42100", "2011-03-31": "19.83490", "2010-12-31": "19.59360", "2010-09-30": "20.58210", "2010-06-30": "20.66480", "2010-03-31": "20.75130", "2009-12-31": "20.41600", "2009-09-30": "18.12530", "2009-06-30": "19.26010", "2009-03-31": "21.40270", "2008-12-31": "19.70720", "2008-09-30": "22.25770", "2008-06-30": "22.13500", "2008-03-31": "21.81340", "2007-12-31": "21.82320", "2007-09-30": "22.09370", "2007-06-30": "21.62690", "2007-03-31": "21.31260", "2006-12-31": "23.88510", "2006-09-30": "19.98620", "2006-06-30": "19.53220", "2006-03-31": "19.54460", "2005-12-31": "22.58320", "2005-09-30": "19.72610", "2005-06-30": "19.09770", "2005-03-31": "19.13110"}, "Operating Margin": {"2020-09-30": "10.51050", "2020-06-30": "6.85450", "2020-03-31": "9.83590", "2019-12-31": "11.74560", "2019-09-30": "12.72340", "2019-06-30": "12.77630", "2019-03-31": "13.03100", "2018-12-31": "12.21080", "2018-09-30": "12.13000", "2018-06-30": "12.72830", "2018-03-31": "12.16660", "2017-12-31": "11.52790", "2017-09-30": "11.97700", "2017-06-30": "11.95950", "2017-03-31": "10.99840", "2016-12-31": "10.73040", "2016-09-30": "12.36170", "2016-06-30": "15.42870", "2016-03-31": "-9.33720", "2015-12-31": "12.14380", "2015-09-30": "13.50880", "2015-06-30": "13.41370", "2015-03-31": "12.26850", "2014-12-31": "11.86930", "2014-09-30": "11.92270", "2014-06-30": "11.21110", "2014-03-31": "10.10070", "2013-12-31": "11.22440", "2013-09-30": "11.10440", "2013-06-30": "10.91040", "2013-03-31": "9.62210", "2012-12-31": "9.87490", "2012-09-30": "9.97850", "2012-06-30": "10.83190", "2012-03-31": "10.78710", "2011-12-31": "10.71940", "2011-09-30": "10.40620", "2011-06-30": "10.08660", "2011-03-31": "10.33320", "2010-12-31": "9.62830", "2010-09-30": "9.32150", "2010-06-30": "8.93230", "2010-03-31": "7.67470", "2009-12-31": "7.36030", "2009-09-30": "5.51470", "2009-06-30": "7.72890", "2009-03-31": "8.06570", "2008-12-31": "5.39310", "2008-09-30": "13.55840", "2008-06-30": "13.36410", "2008-03-31": "15.76780", "2007-12-31": "5.50100", "2007-09-30": "16.26130", "2007-06-30": "16.05940", "2007-03-31": "16.74490", "2006-12-31": "16.51690", "2006-09-30": "16.75470", "2006-06-30": "16.26920", "2006-03-31": "16.09680", "2005-12-31": "15.60110", "2005-09-30": "16.21580", "2005-06-30": "15.55660", "2005-03-31": "15.26460"}, "EBIT Margin": {"2020-09-30": "10.51050", "2020-06-30": "6.85450", "2020-03-31": "9.83590", "2019-12-31": "11.74560", "2019-09-30": "12.72340", "2019-06-30": "12.77630", "2019-03-31": "13.03100", "2018-12-31": "12.21080", "2018-09-30": "12.13000", "2018-06-30": "12.72830", "2018-03-31": "12.16660", "2017-12-31": "11.52790", "2017-09-30": "11.97700", "2017-06-30": "11.95950", "2017-03-31": "10.99840", "2016-12-31": "10.73040", "2016-09-30": "12.36170", "2016-06-30": "15.42870", "2016-03-31": "-9.33720", "2015-12-31": "12.14380", "2015-09-30": "13.50880", "2015-06-30": "13.41370", "2015-03-31": "12.26850", "2014-12-31": "11.86930", "2014-09-30": "11.92270", "2014-06-30": "11.21110", "2014-03-31": "10.10070", "2013-12-31": "11.22440", "2013-09-30": "11.10440", "2013-06-30": "10.91040", "2013-03-31": "9.62210", "2012-12-31": "9.87490", "2012-09-30": "9.97850", "2012-06-30": "10.83190", "2012-03-31": "10.78710", "2011-12-31": "10.71940", "2011-09-30": "10.40620", "2011-06-30": "10.08660", "2011-03-31": "10.33320", "2010-12-31": "9.62830", "2010-09-30": "9.32150", "2010-06-30": "8.93230", "2010-03-31": "7.67470", "2009-12-31": "7.36030", "2009-09-30": "5.51470", "2009-06-30": "7.72890", "2009-03-31": "8.06570", "2008-12-31": "5.39310", "2008-09-30": "13.55840", "2008-06-30": "13.36410", "2008-03-31": "15.76780", "2007-12-31": "5.50110", "2007-09-30": "16.26130", "2007-06-30": "16.05940", "2007-03-31": "16.74490", "2006-12-31": "16.51690", "2006-09-30": "16.75470", "2006-06-30": "16.26920", "2006-03-31": "16.09680", "2005-12-31": "15.60110", "2005-09-30": "16.21580", "2005-06-30": "15.55660", "2005-03-31": "15.26460"}, "EBITDA Margin": {"2020-09-30": "", "2020-06-30": "", "2020-03-31": "", "2019-12-31": "", "2019-09-30": "", "2019-06-30": "", "2019-03-31": "", "2018-12-31": "", "2018-09-30": "", "2018-06-30": "", "2018-03-31": "", "2017-12-31": "", "2017-09-30": "", "2017-06-30": "", "2017-03-31": "", "2016-12-31": "", "2016-09-30": "", "2016-06-30": "", "2016-03-31": "", "2015-12-31": "", "2015-09-30": "", "2015-06-30": "", "2015-03-31": "", "2014-12-31": "", "2014-09-30": "", "2014-06-30": "", "2014-03-31": "", "2013-12-31": "", "2013-09-30": "", "2013-06-30": "", "2013-03-31": "", "2012-12-31": "", "2012-09-30": "", "2012-06-30": "", "2012-03-31": "", "2011-12-31": "", "2011-09-30": "", "2011-06-30": "", "2011-03-31": "", "2010-12-31": "", "2010-09-30": "", "2010-06-30": "", "2010-03-31": "", "2009-12-31": "", "2009-09-30": "", "2009-06-30": "", "2009-03-31": "", "2008-12-31": "", "2008-09-30": "", "2008-06-30": "", "2008-03-31": "", "2007-12-31": "", "2007-09-30": "", "2007-06-30": "", "2007-03-31": "", "2006-12-31": "", "2006-09-30": "", "2006-06-30": "", "2006-03-31": "", "2005-12-31": "", "2005-09-30": "", "2005-06-30": "", "2005-03-31": ""}, "Pre-Tax Profit Margin": {"2020-09-30": "9.92500", "2020-06-30": "6.00880", "2020-03-31": "8.95440", "2019-12-31": "11.24370", "2019-09-30": "12.21300", "2019-06-30": "12.28750", "2019-03-31": "12.63030", "2018-12-31": "11.98150", "2018-09-30": "11.61760", "2018-06-30": "12.39580", "2018-03-31": "11.83940", "2017-12-31": "11.07870", "2017-09-30": "11.49870", "2017-06-30": "11.45790", "2017-03-31": "10.57600", "2016-12-31": "10.29060", "2016-09-30": "11.64640", "2016-06-30": "14.64240", "2016-03-31": "-9.99070", "2015-12-31": "11.45040", "2015-09-30": "12.88370", "2015-06-30": "12.83880", "2015-03-31": "11.62290", "2014-12-31": "11.28520", "2014-09-30": "11.20850", "2014-06-30": "10.52610", "2014-03-31": "9.28100", "2013-12-31": "10.54380", "2013-09-30": "10.23230", "2013-06-30": "10.06630", "2013-03-31": "8.59260", "2012-12-31": "8.96170", "2012-09-30": "9.04140", "2012-06-30": "10.01300", "2012-03-31": "10.02910", "2011-12-31": "9.73880", "2011-09-30": "9.27160", "2011-06-30": "8.91760", "2011-03-31": "8.71910", "2010-12-31": "7.81840", "2010-09-30": "6.95380", "2010-06-30": "6.03060", "2010-03-31": "4.30360", "2009-12-31": "4.18230", "2009-09-30": "0.83540", "2009-06-30": "1.50900", "2009-03-31": "1.84270", "2008-12-31": "5.68450", "2008-09-30": "10.70190", "2008-06-30": "10.84500", "2008-03-31": "10.75560", "2007-12-31": "9.87950", "2007-09-30": "11.30070", "2007-06-30": "11.57370", "2007-03-31": "13.49480", "2006-12-31": "13.14730", "2006-09-30": "13.56350", "2006-06-30": "13.15260", "2006-03-31": "12.99950", "2005-12-31": "12.37410", "2005-09-30": "12.84950", "2005-06-30": "12.73280", "2005-03-31": "12.51050"}, "Net Profit Margin": {"2020-09-30": "7.81000", "2020-06-30": "4.82330", "2020-03-31": "6.96280", "2019-12-31": "8.68530", "2019-09-30": "9.54770", "2019-06-30": "9.34990", "2019-03-31": "9.69540", "2018-12-31": "9.20590", "2018-09-30": "9.47230", "2018-06-30": "9.63960", "2018-03-31": "9.05730", "2017-12-31": "10.80190", "2017-09-30": "7.95900", "2017-06-30": "7.92910", "2017-03-31": "7.32200", "2016-12-31": "7.09460", "2016-09-30": "8.14700", "2016-06-30": "10.90590", "2016-03-31": "-13.82790", "2015-12-31": "7.97190", "2015-09-30": "8.89590", "2015-06-30": "8.80330", "2015-03-31": "7.83000", "2014-12-31": "7.70250", "2014-09-30": "7.53590", "2014-06-30": "6.98530", "2014-03-31": "6.25360", "2013-12-31": "7.26700", "2013-09-30": "7.19520", "2013-06-30": "6.78060", "2013-03-31": "6.01640", "2012-12-31": "6.34230", "2012-09-30": "6.11490", "2012-06-30": "6.66790", "2012-03-31": "6.85290", "2011-12-31": "6.75140", "2011-09-30": "6.61480", "2011-06-30": "6.05200", "2011-03-31": "5.88680", "2010-12-31": "5.55700", "2010-09-30": "4.71580", "2010-06-30": "4.04200", "2010-03-31": "3.06180", "2009-12-31": "2.05770", "2009-09-30": "0.64640", "2009-06-30": "1.43330", "2009-03-31": "1.32410", "2008-12-31": "3.87770", "2008-09-30": "7.46590", "2008-06-30": "7.62310", "2008-03-31": "7.42180", "2007-12-31": "6.94540", "2007-09-30": "8.03630", "2007-06-30": "8.02700", "2007-03-31": "9.17560", "2006-12-31": "8.99740", "2006-09-30": "9.59720", "2006-06-30": "8.87480", "2006-03-31": "8.87920", "2005-12-31": "8.60800", "2005-09-30": "8.60770", "2005-06-30": "6.79250", "2005-03-31": "8.23810"}, "Asset Turnover": {"2020-09-30": "0.18120", "2020-06-30": "0.11600", "2020-03-31": "0.18910", "2019-12-31": "0.21570", "2019-09-30": "0.22930", "2019-06-30": "0.24400", "2019-03-31": "0.24800", "2018-12-31": "0.24640", "2018-09-30": "0.22930", "2018-06-30": "0.24030", "2018-03-31": "0.23770", "2017-12-31": "0.23270", "2017-09-30": "0.21900", "2017-06-30": "0.21330", "2017-03-31": "0.20140", "2016-12-31": "0.19720", "2016-09-30": "0.20270", "2016-06-30": "0.20600", "2016-03-31": "0.20130", "2015-12-31": "0.20630", "2015-09-30": "0.22520", "2015-06-30": "0.23720", "2015-03-31": "0.23780", "2014-12-31": "0.24830", "2014-09-30": "0.23440", "2014-06-30": "0.21860", "2014-03-31": "0.21260", "2013-12-31": "0.22190", "2013-09-30": "0.21170", "2013-06-30": "0.22400", "2013-03-31": "0.20840", "2012-12-31": "0.21460", "2012-09-30": "0.20440", "2012-06-30": "0.24430", "2012-03-31": "0.26300", "2011-12-31": "0.28260", "2011-09-30": "0.26030", "2011-06-30": "0.24300", "2011-03-31": "0.21700", "2010-12-31": "0.21470", "2010-09-30": "0.18180", "2010-06-30": "0.18360", "2010-03-31": "0.15940", "2009-12-31": "0.15380", "2009-09-30": "0.13590", "2009-06-30": "0.12390", "2009-03-31": "0.13180", "2008-12-31": "0.17950", "2008-09-30": "0.23240", "2008-06-30": "0.22830", "2008-03-31": "0.22400", "2007-12-31": "0.21720", "2007-09-30": "0.22110", "2007-06-30": "0.22570", "2007-03-31": "0.24730", "2006-12-31": "0.26260", "2006-09-30": "0.27210", "2006-06-30": "0.28270", "2006-03-31": "0.27240", "2005-12-31": "0.26500", "2005-09-30": "0.27150", "2005-06-30": "0.28090", "2005-03-31": "0.26930"}, "Inventory Turnover Ratio": {"2020-09-30": "3.52010", "2020-06-30": "2.14850", "2020-03-31": "3.29860", "2019-12-31": "4.24040", "2019-09-30": "3.95080", "2019-06-30": "3.99650", "2019-03-31": "4.09960", "2018-12-31": "4.29530", "2018-09-30": "3.60190", "2018-06-30": "3.69270", "2018-03-31": "4.24550", "2017-12-31": "4.75920", "2017-09-30": "4.12570", "2017-06-30": "4.25170", "2017-03-31": "4.39120", "2016-12-31": "4.47800", "2016-09-30": "4.09110", "2016-06-30": "4.23010", "2016-03-31": "4.11720", "2015-12-31": "4.35580", "2015-09-30": "4.31230", "2015-06-30": "4.57240", "2015-03-31": "4.51680", "2014-12-31": "4.49430", "2014-09-30": "4.05450", "2014-06-30": "3.83800", "2014-03-31": "3.75310", "2013-12-31": "4.57930", "2013-09-30": "3.90900", "2013-06-30": "4.20020", "2013-03-31": "3.89790", "2012-12-31": "4.15060", "2012-09-30": "3.39500", "2012-06-30": "4.11290", "2012-03-31": "4.78740", "2011-12-31": "5.62270", "2011-09-30": "4.80490", "2011-06-30": "4.35050", "2011-03-31": "4.45930", "2010-12-31": "4.60090", "2010-09-30": "3.93760", "2010-06-30": "4.06090", "2010-03-31": "3.24070", "2009-12-31": "2.82080", "2009-09-30": "2.61760", "2009-06-30": "2.31590", "2009-03-31": "2.59020", "2008-12-31": "3.55860", "2008-09-30": "3.31890", "2008-06-30": "3.58950", "2008-03-31": "4.36530", "2007-12-31": "4.67750", "2007-09-30": "4.44100", "2007-06-30": "5.14210", "2007-03-31": "4.81690", "2006-12-31": "4.64020", "2006-09-30": "5.96830", "2006-06-30": "6.62830", "2006-03-31": "6.16700", "2005-12-31": "5.67930", "2005-09-30": "4.84650", "2005-06-30": "5.47780", "2005-03-31": "4.83590"}, "Receiveable Turnover": {"2020-09-30": "0.38900", "2020-06-30": "0.24730", "2020-03-31": "0.39780", "2019-12-31": "0.45680", "2019-09-30": "0.47510", "2019-06-30": "0.49780", "2019-03-31": "0.49550", "2018-12-31": "0.51660", "2018-09-30": "0.47230", "2018-06-30": "0.49480", "2018-03-31": "0.48860", "2017-12-31": "0.50390", "2017-09-30": "0.46540", "2017-06-30": "0.44760", "2017-03-31": "0.41890", "2016-12-31": "0.41970", "2016-09-30": "0.42060", "2016-06-30": "0.43590", "2016-03-31": "0.41560", "2015-12-31": "0.42770", "2015-09-30": "0.46490", "2015-06-30": "0.48190", "2015-03-31": "0.47020", "2014-12-31": "0.50740", "2014-09-30": "0.48480", "2014-06-30": "0.45190", "2014-03-31": "0.43580", "2013-12-31": "0.46780", "2013-09-30": "0.43930", "2013-06-30": "0.46130", "2013-03-31": "0.41990", "2012-12-31": "0.43440", "2012-09-30": "0.41810", "2012-06-30": "0.49310", "2012-03-31": "0.53480", "2011-12-31": "0.58920", "2011-09-30": "0.55520", "2011-06-30": "0.52820", "2011-03-31": "0.46190", "2010-12-31": "0.45730", "2010-09-30": "0.38820", "2010-06-30": "0.38400", "2010-03-31": "0.32940", "2009-12-31": "0.31770", "2009-09-30": "0.26930", "2009-06-30": "0.24110", "2009-03-31": "0.25190", "2008-12-31": "0.33390", "2008-09-30": "0.41530", "2008-06-30": "0.41170", "2008-03-31": "0.40070", "2007-12-31": "0.38850", "2007-09-30": "0.38000", "2007-06-30": "0.38430", "2007-03-31": "0.41920", "2006-12-31": "0.45930", "2006-09-30": "0.46830", "2006-06-30": "0.48200", "2006-03-31": "0.46580", "2005-12-31": "0.46340", "2005-09-30": "0.46330", "2005-06-30": "0.48870", "2005-03-31": "0.47920"}, "Days Sales In Receivables": {"2020-09-30": "231.36710", "2020-06-30": "363.89720", "2020-03-31": "226.26500", "2019-12-31": "197.03280", "2019-09-30": "189.42410", "2019-06-30": "180.81340", "2019-03-31": "181.61890", "2018-12-31": "174.20710", "2018-09-30": "190.53710", "2018-06-30": "181.89140", "2018-03-31": "184.21350", "2017-12-31": "178.61070", "2017-09-30": "193.39580", "2017-06-30": "201.07370", "2017-03-31": "214.84560", "2016-12-31": "214.45060", "2016-09-30": "214.00150", "2016-06-30": "206.48080", "2016-03-31": "216.54210", "2015-12-31": "210.41810", "2015-09-30": "193.58020", "2015-06-30": "186.75720", "2015-03-31": "191.39180", "2014-12-31": "177.38920", "2014-09-30": "185.64650", "2014-06-30": "199.15570", "2014-03-31": "206.52180", "2013-12-31": "192.40530", "2013-09-30": "204.86660", "2013-06-30": "195.10360", "2013-03-31": "214.32310", "2012-12-31": "207.16440", "2012-09-30": "215.24890", "2012-06-30": "182.50990", "2012-03-31": "168.28480", "2011-12-31": "152.74120", "2011-09-30": "162.11040", "2011-06-30": "170.37900", "2011-03-31": "194.83370", "2010-12-31": "196.79180", "2010-09-30": "231.85130", "2010-06-30": "234.34480", "2010-03-31": "273.21560", "2009-12-31": "283.30470", "2009-09-30": "334.16360", "2009-06-30": "373.21600", "2009-03-31": "357.29030", "2008-12-31": "269.53720", "2008-09-30": "216.70430", "2008-06-30": "218.59330", "2008-03-31": "224.59320", "2007-12-31": "231.68300", "2007-09-30": "236.82030", "2007-06-30": "234.17390", "2007-03-31": "214.70800", "2006-12-31": "195.95490", "2006-09-30": "192.16870", "2006-06-30": "186.70470", "2006-03-31": "193.21600", "2005-12-31": "194.22910", "2005-09-30": "194.25610", "2005-06-30": "184.16660", "2005-03-31": "187.80940"}, "ROE - Return On Equity": {"2020-09-30": "3.78520", "2020-06-30": "1.51070", "2020-03-31": "3.72920", "2019-12-31": "5.47390", "2019-09-30": "6.10180", "2019-06-30": "6.43150", "2019-03-31": "6.90790", "2018-12-31": "6.72760", "2018-09-30": "5.94590", "2018-06-30": "6.37400", "2018-03-31": "5.97740", "2017-12-31": "7.31880", "2017-09-30": "5.07460", "2017-06-30": "4.97300", "2017-03-31": "4.38320", "2016-12-31": "4.26110", "2016-09-30": "4.96120", "2016-06-30": "7.17320", "2016-03-31": "-9.37380", "2015-12-31": "5.00260", "2015-09-30": "5.87160", "2015-06-30": "6.19510", "2015-03-31": "5.62120", "2014-12-31": "5.83870", "2014-09-30": "5.18520", "2014-06-30": "4.45850", "2014-03-31": "3.99070", "2013-12-31": "5.03750", "2013-09-30": "4.77400", "2013-06-30": "4.77130", "2013-03-31": "3.96950", "2012-12-31": "4.33560", "2012-09-30": "3.98490", "2012-06-30": "5.20300", "2012-03-31": "5.72290", "2011-12-31": "6.10880", "2011-09-30": "5.03410", "2011-06-30": "4.05310", "2011-03-31": "3.42190", "2010-12-31": "3.16920", "2010-09-30": "2.25550", "2010-06-30": "1.99420", "2010-03-31": "1.34120", "2009-12-31": "0.90330", "2009-09-30": "0.25830", "2009-06-30": "0.53910", "2009-03-31": "0.55590", "2008-12-31": "2.33350", "2008-09-30": "5.60000", "2008-06-30": "5.78780", "2008-03-31": "5.62000", "2007-12-31": "5.20840", "2007-09-30": "5.81820", "2007-06-30": "5.85720", "2007-03-31": "7.68550", "2006-12-31": "8.53870", "2006-09-30": "8.56210", "2006-06-30": "8.36670", "2006-03-31": "8.39120", "2005-12-31": "8.02080", "2005-09-30": "7.56700", "2005-06-30": "6.22210", "2005-03-31": "6.97020"}, "Return On Tangible Equity": {"2020-09-30": "3.78520", "2020-06-30": "1.51070", "2020-03-31": "3.72920", "2019-12-31": "5.47390", "2019-09-30": "6.10180", "2019-06-30": "6.43150", "2019-03-31": "6.90790", "2018-12-31": "6.72760", "2018-09-30": "5.94590", "2018-06-30": "6.37400", "2018-03-31": "5.97740", "2017-12-31": "7.31880", "2017-09-30": "5.07460", "2017-06-30": "4.97300", "2017-03-31": "4.38320", "2016-12-31": "4.26110", "2016-09-30": "4.96120", "2016-06-30": "7.17320", "2016-03-31": "-9.37380", "2015-12-31": "5.00260", "2015-09-30": "5.87160", "2015-06-30": "6.19510", "2015-03-31": "5.62120", "2014-12-31": "5.83870", "2014-09-30": "5.18520", "2014-06-30": "4.45850", "2014-03-31": "3.99070", "2013-12-31": "5.03750", "2013-09-30": "4.77400", "2013-06-30": "4.77130", "2013-03-31": "3.96950", "2012-12-31": "4.33560", "2012-09-30": "3.98490", "2012-06-30": "5.20300", "2012-03-31": "5.72290", "2011-12-31": "6.10880", "2011-09-30": "5.03410", "2011-06-30": "4.05310", "2011-03-31": "3.42190", "2010-12-31": "3.16920", "2010-09-30": "2.25550", "2010-06-30": "1.99420", "2010-03-31": "1.34120", "2009-12-31": "0.90330", "2009-09-30": "0.25830", "2009-06-30": "0.53910", "2009-03-31": "0.55590", "2008-12-31": "2.33350", "2008-09-30": "5.60000", "2008-06-30": "5.78780", "2008-03-31": "5.62000", "2007-12-31": "5.20840", "2007-09-30": "5.81820", "2007-06-30": "5.85720", "2007-03-31": "7.68550", "2006-12-31": "8.53870", "2006-09-30": "8.56210", "2006-06-30": "8.36670", "2006-03-31": "8.39120", "2005-12-31": "8.02080", "2005-09-30": "7.56700", "2005-06-30": "6.22210", "2005-03-31": "6.97020"}, "ROA - Return On Assets": {"2020-09-30": "1.41550", "2020-06-30": "0.55930", "2020-03-31": "1.31670", "2019-12-31": "1.87330", "2019-09-30": "2.18920", "2019-06-30": "2.28100", "2019-03-31": "2.40470", "2018-12-31": "2.26860", "2018-09-30": "2.17220", "2018-06-30": "2.31660", "2018-03-31": "2.15330", "2017-12-31": "2.51360", "2017-09-30": "1.74300", "2017-06-30": "1.69140", "2017-03-31": "1.47480", "2016-12-31": "1.39930", "2016-09-30": "1.65100", "2016-06-30": "2.24620", "2016-03-31": "-2.78410", "2015-12-31": "1.64470", "2015-09-30": "2.00370", "2015-06-30": "2.08820", "2015-03-31": "1.86160", "2014-12-31": "1.91230", "2014-09-30": "1.76640", "2014-06-30": "1.52670", "2014-03-31": "1.32980", "2013-12-31": "1.61250", "2013-09-30": "1.52330", "2013-06-30": "1.51860", "2013-03-31": "1.25360", "2012-12-31": "1.36090", "2012-09-30": "1.24970", "2012-06-30": "1.62900", "2012-03-31": "1.80250", "2011-12-31": "1.90830", "2011-09-30": "1.72190", "2011-06-30": "1.47050", "2011-03-31": "1.27730", "2010-12-31": "1.19290", "2010-09-30": "0.85740", "2010-06-30": "0.74200", "2010-03-31": "0.48820", "2009-12-31": "0.31640", "2009-09-30": "0.08790", "2009-06-30": "0.17760", "2009-03-31": "0.17450", "2008-12-31": "0.69600", "2008-09-30": "1.73520", "2008-06-30": "1.74070", "2008-03-31": "1.66280", "2007-12-31": "1.50840", "2007-09-30": "1.77670", "2007-06-30": "1.81180", "2007-03-31": "2.26940", "2006-12-31": "2.36230", "2006-09-30": "2.61100", "2006-06-30": "2.50920", "2006-03-31": "2.41830", "2005-12-31": "2.28140", "2005-09-30": "2.33680", "2005-06-30": "1.90820", "2005-03-31": "2.21880"}, "ROI - Return On Investment": {"2020-09-30": "2.14630", "2020-06-30": "0.85900", "2020-03-31": "2.13120", "2019-12-31": "3.15900", "2019-09-30": "3.64480", "2019-06-30": "3.78620", "2019-03-31": "3.96170", "2018-12-31": "3.85330", "2018-09-30": "3.46100", "2018-06-30": "3.76670", "2018-03-31": "3.54070", "2017-12-31": "4.20980", "2017-09-30": "2.89660", "2017-06-30": "2.83530", "2017-03-31": "2.40010", "2016-12-31": "2.25530", "2016-09-30": "2.66460", "2016-06-30": "3.78150", "2016-03-31": "-4.88750", "2015-12-31": "2.72630", "2015-09-30": "3.19700", "2015-06-30": "3.40520", "2015-03-31": "2.97210", "2014-12-31": "3.19480", "2014-09-30": "2.98190", "2014-06-30": "2.49990", "2014-03-31": "2.23930", "2013-12-31": "2.69520", "2013-09-30": "2.58380", "2013-06-30": "2.63910", "2013-03-31": "2.23000", "2012-12-31": "2.49400", "2012-09-30": "2.30030", "2012-06-30": "3.05420", "2012-03-31": "3.70340", "2011-12-31": "4.04070", "2011-09-30": "3.36930", "2011-06-30": "2.88880", "2011-03-31": "2.28860", "2010-12-31": "2.06100", "2010-09-30": "1.41110", "2010-06-30": "1.22690", "2010-03-31": "0.84280", "2009-12-31": "0.56460", "2009-09-30": "0.15960", "2009-06-30": "0.30900", "2009-03-31": "0.28780", "2008-12-31": "1.29180", "2008-09-30": "3.17620", "2008-06-30": "3.17960", "2008-03-31": "3.33810", "2007-12-31": "2.98100", "2007-09-30": "3.51360", "2007-06-30": "3.59180", "2007-03-31": "4.77490", "2006-12-31": "5.06410", "2006-09-30": "5.08940", "2006-06-30": "4.90980", "2006-03-31": "5.03570", "2005-12-31": "4.75620", "2005-09-30": "4.82900", "2005-06-30": "3.93150", "2005-03-31": "4.39050"}, "Book Value Per Share": {"2020-09-30": "29.40920", "2020-06-30": "28.27300", "2020-03-31": "27.87790", "2019-12-31": "28.02800", "2019-09-30": "28.81890", "2019-06-30": "27.75170", "2019-03-31": "26.27850", "2018-12-31": "24.79200", "2018-09-30": "26.21780", "2018-06-30": "25.03390", "2018-03-31": "24.35280", "2017-12-31": "22.88370", "2017-09-30": "22.57640", "2017-06-30": "21.35070", "2017-03-31": "20.15170", "2016-12-31": "19.32590", "2016-09-30": "19.90360", "2016-06-30": "19.14320", "2016-03-31": "18.04610", "2015-12-31": "19.75630", "2015-09-30": "20.76870", "2015-06-30": "20.33980", "2015-03-31": "18.97830", "2014-12-31": "19.04990", "2014-09-30": "20.22220", "2014-06-30": "20.18410", "2014-03-31": "19.35020", "2013-12-31": "18.72510", "2013-09-30": "18.30250", "2013-06-30": "17.27420", "2013-03-31": "16.81620", "2012-12-31": "16.54470", "2012-09-30": "16.60650", "2012-06-30": "16.15870", "2012-03-31": "16.03340", "2011-12-31": "15.03480", "2011-09-30": "15.62110", "2011-06-30": "16.18500", "2011-03-31": "15.45950", "2010-12-31": "14.66690", "2010-09-30": "14.58040", "2010-06-30": "13.70210", "2010-03-31": "13.97950", "2009-12-31": "14.02120", "2009-09-30": "13.84610", "2009-06-30": "13.53190", "2009-03-31": "13.02710", "2008-12-31": "13.34810", "2008-09-30": "14.72140", "2008-06-30": "14.90620", "2008-03-31": "14.24180", "2007-12-31": "13.60780", "2007-09-30": "14.10750", "2007-06-30": "13.66040", "2007-03-31": "12.76460", "2006-12-31": "17.93240", "2006-09-30": "12.65620", "2006-06-30": "11.82270", "2006-03-31": "10.85990", "2005-12-31": "15.35260", "2005-09-30": "10.57430", "2005-06-30": "10.05840", "2005-03-31": "10.05240"}, "Operating Cash Flow Per Share": {"2020-09-30": 2.3836, "2020-06-30": 2.6976, "2020-03-31": "1.22630", "2019-12-31": 2.7109, "2019-09-30": 2.0991, "2019-06-30": 2.3774, "2019-03-31": "1.04370", "2018-12-31": 3.0229, "2018-09-30": 2.0828, "2018-06-30": 1.914, "2018-03-31": "1.48600", "2017-12-31": 2.5313, "2017-09-30": 1.804, "2017-06-30": 1.6295, "2017-03-31": "1.73090", "2016-12-31": 2.3033, "2016-09-30": -0.4543, "2016-06-30": 2.4258, "2016-03-31": "2.26530", "2015-12-31": 1.9864, "2015-09-30": 1.8698, "2015-06-30": 1.9944, "2015-03-31": "1.33730", "2014-12-31": 1.4684, "2014-09-30": 2.1353, "2014-06-30": 1.5573, "2014-03-31": "0.80250", "2013-12-31": 1.9041, "2013-09-30": 1.5374, "2013-06-30": 2.1645, "2013-03-31": "1.08230", "2012-12-31": 1.6822, "2012-09-30": 1.3427, "2012-06-30": 0.8914, "2012-03-31": "0.35300", "2011-12-31": 1.2093, "2011-09-30": 1.0043, "2011-06-30": 0.9061, "2011-03-31": "1.25080", "2010-12-31": 1.0603, "2010-09-30": 0.9918, "2010-06-30": 1.404, "2010-03-31": "0.78040", "2009-12-31": 1.3964, "2009-09-30": 1.242, "2009-06-30": 0.8756, "2009-03-31": "0.24950", "2008-12-31": 0.9361, "2008-09-30": 0.574, "2008-06-30": 1.0597, "2008-03-31": "0.99650", "2007-12-31": 1.5897, "2007-09-30": 1.2981, "2007-06-30": 1.5177, "2007-03-31": "1.10050", "2006-12-31": 1.4504, "2006-09-30": 0.9805, "2006-06-30": 1.221, "2006-03-31": "1.25980", "2005-12-31": 0.7823, "2005-09-30": 0.4353, "2005-06-30": 0.8538, "2005-03-31": "0.46730"}, "Free Cash Flow Per Share": {"2020-09-30": 1.8868, "2020-06-30": 1.4719, "2020-03-31": "0.96030", "2019-12-31": 1.6924, "2019-09-30": 1.0806, "2019-06-30": 0.3895, "2019-03-31": "1.23350", "2018-12-31": 1.9703, "2018-09-30": 1.132, "2018-06-30": 0.8578, "2018-03-31": "0.85430", "2017-12-31": 1.3822, "2017-09-30": 0.9553, "2017-06-30": 0.5996, "2017-03-31": "0.85970", "2016-12-31": 1.1561, "2016-09-30": -1.679, "2016-06-30": 1.3117, "2016-03-31": "1.42610", "2015-12-31": 1.0249, "2015-09-30": 0.8659, "2015-06-30": 1.0712, "2015-03-31": "0.56700", "2014-12-31": 4.0209, "2014-09-30": 1.261, "2014-06-30": 0.6795, "2014-03-31": "0.27840", "2013-12-31": 0.8055, "2013-09-30": 0.3199, "2013-06-30": 1.0204, "2013-03-31": "0.24580", "2012-12-31": -2.239, "2012-09-30": 1.2006, "2012-06-30": 0.7567, "2012-03-31": "0.39440", "2011-12-31": -2.4713, "2011-09-30": 0.938, "2011-06-30": 0.9984, "2011-03-31": "1.31510", "2010-12-31": 1.2559, "2010-09-30": 1.9012, "2010-06-30": 0.7853, "2010-03-31": "0.92730", "2009-12-31": 2.0537, "2009-09-30": 1.1655, "2009-06-30": 1.1741, "2009-03-31": "0.45520", "2008-12-31": 1.2611, "2008-09-30": 0.4059, "2008-06-30": 0.8467, "2008-03-31": "0.89190", "2007-12-31": -0.973, "2007-09-30": 1.1787, "2007-06-30": 1.4193, "2007-03-31": "1.16580", "2006-12-31": -0.5356, "2006-09-30": 0.8648, "2006-06-30": 1.1457, "2006-03-31": "1.26400", "2005-12-31": -0.8349, "2005-09-30": 0.2685, "2005-06-30": 0.7428, "2005-03-31": "0.38680"}}, "revenue": {"PACCAR Annual Revenue (Millions of US $)": {"2020": "$18,729", "2019": "$25,600", "2018": "$23,496", "2017": "$19,456", "2016": "$17,033", "2015": "$19,115", "2014": "$18,997", "2013": "$17,124", "2012": "$17,051", "2011": "$16,355", "2010": "$10,293", "2009": "$8,087", "2008": "$14,973", "2007": "$15,222", "2006": "$16,454", "2005": "$14,057"}, "PACCAR Quarterly Revenue (Millions of US $)": {"2020-12-31": "$5,569", "2020-09-30": "$4,936", "2020-06-30": "$3,062", "2020-03-31": "$5,162", "2019-12-31": "$6,117", "2019-09-30": "$6,367", "2019-06-30": "$6,628", "2019-03-31": "$6,488", "2018-12-31": "$6,280", "2018-09-30": "$5,757", "2018-06-30": "$5,805", "2018-03-31": "$5,654", "2017-12-31": "$5,455", "2017-09-30": "$5,060", "2017-06-30": "$4,704", "2017-03-31": "$4,238", "2016-12-31": "$4,071", "2016-09-30": "$4,249", "2016-06-30": "$4,413", "2016-03-31": "$4,300", "2015-12-31": "$4,355", "2015-09-30": "$4,847", "2015-06-30": "$5,080", "2015-03-31": "$4,833", "2014-12-31": "$5,119", "2014-09-30": "$4,928", "2014-06-30": "$4,570", "2014-03-31": "$4,380", "2013-12-31": "$4,599", "2013-09-30": "$4,300", "2013-06-30": "$4,301", "2013-03-31": "$3,924", "2012-12-31": "$3,997", "2012-09-30": "$3,820", "2012-06-30": "$4,457", "2012-03-31": "$4,776", "2011-12-31": "$4,854", "2011-09-30": "$4,257", "2011-06-30": "$3,961", "2011-03-31": "$3,284", "2010-12-31": "$3,056", "2010-09-30": "$2,543", "2010-06-30": "$2,464", "2010-03-31": "$2,231", "2009-12-31": "$2,240", "2009-09-30": "$2,011", "2009-06-30": "$1,849", "2009-03-31": "$1,986", "2008-12-31": "$2,917", "2008-09-30": "$4,005", "2008-06-30": "$4,113", "2008-03-31": "$3,938", "2007-12-31": "$3,759", "2007-09-30": "$3,762", "2007-06-30": "$3,716", "2007-03-31": "$3,985", "2006-12-31": "$4,229", "2006-09-30": "$4,205", "2006-06-30": "$4,168", "2006-03-31": "$3,852", "2005-12-31": "$3,635", "2005-09-30": "$3,541", "2005-06-30": "$3,555", "2005-03-31": "$3,326"}}, "gross-profit": {"PACCAR Annual Gross Profit (Millions of US $)": {"2020": "$3,652", "2019": "$5,044", "2018": "$4,571", "2017": "$3,828", "2016": "$3,500", "2015": "$3,823", "2014": "$3,515", "2013": "$3,223", "2012": "$3,142", "2011": "$3,013", "2010": "$2,094", "2009": "$1,603", "2008": "$3,236", "2007": "$3,304", "2006": "$3,418", "2005": "$2,835"}, "PACCAR Quarterly Gross Profit (Millions of US $)": {"2020-12-31": "$1,082", "2020-09-30": "$978", "2020-06-30": "$621", "2020-03-31": "$972", "2019-12-31": "$1,227", "2019-09-30": "$1,260", "2019-06-30": "$1,286", "2019-03-31": "$1,271", "2018-12-31": "$1,191", "2018-09-30": "$1,103", "2018-06-30": "$1,158", "2018-03-31": "$1,119", "2017-12-31": "$1,036", "2017-09-30": "$1,004", "2017-06-30": "$940", "2017-03-31": "$847", "2016-12-31": "$812", "2016-09-30": "$878", "2016-06-30": "$924", "2016-03-31": "$886", "2015-12-31": "$886", "2015-09-30": "$996", "2015-06-30": "$1,019", "2015-03-31": "$923", "2014-12-31": "$959", "2014-09-30": "$922", "2014-06-30": "$850", "2014-03-31": "$784", "2013-12-31": "$873", "2013-09-30": "$809", "2013-06-30": "$806", "2013-03-31": "$735", "2012-12-31": "$750", "2012-09-30": "$712", "2012-06-30": "$825", "2012-03-31": "$856", "2011-12-31": "$859", "2011-09-30": "$773", "2011-06-30": "$730", "2011-03-31": "$651", "2010-12-31": "$599", "2010-09-30": "$523", "2010-06-30": "$509", "2010-03-31": "$463", "2009-12-31": "$457", "2009-09-30": "$365", "2009-06-30": "$356", "2009-03-31": "$425", "2008-12-31": "$575", "2008-09-30": "$891", "2008-06-30": "$910", "2008-03-31": "$859", "2007-12-31": "$820", "2007-09-30": "$831", "2007-06-30": "$804", "2007-03-31": "$849", "2006-12-31": "$1,010", "2006-09-30": "$841", "2006-06-30": "$814", "2006-03-31": "$753", "2005-12-31": "$821", "2005-09-30": "$699", "2005-06-30": "$679", "2005-03-31": "$636"}}, "operating-income": {"PACCAR Annual Operating Income (Millions of US $)": {"2020": "$2,797", "2019": "$3,221", "2018": "$2,892", "2017": "$2,264", "2016": "$1,242", "2015": "$2,458", "2014": "$2,150", "2013": "$1,841", "2012": "$1,774", "2011": "$1,702", "2010": "$923", "2009": "$579", "2008": "$1,871", "2007": "$2,083", "2006": "$2,701", "2005": "$2,202"}, "PACCAR Quarterly Operating Income (Millions of US $)": {"2020-12-31": "$844", "2020-09-30": "$519", "2020-06-30": "$210", "2020-03-31": "$508", "2019-12-31": "$719", "2019-09-30": "$810", "2019-06-30": "$847", "2019-03-31": "$845", "2018-12-31": "$767", "2018-09-30": "$698", "2018-06-30": "$739", "2018-03-31": "$688", "2017-12-31": "$629", "2017-09-30": "$606", "2017-06-30": "$563", "2017-03-31": "$466", "2016-12-31": "$437", "2016-09-30": "$525", "2016-06-30": "$681", "2016-03-31": "$-402", "2015-12-31": "$529", "2015-09-30": "$655", "2015-06-30": "$681", "2015-03-31": "$593", "2014-12-31": "$608", "2014-09-30": "$588", "2014-06-30": "$512", "2014-03-31": "$442", "2013-12-31": "$516", "2013-09-30": "$478", "2013-06-30": "$469", "2013-03-31": "$378", "2012-12-31": "$395", "2012-09-30": "$381", "2012-06-30": "$483", "2012-03-31": "$515", "2011-12-31": "$520", "2011-09-30": "$443", "2011-06-30": "$400", "2011-03-31": "$339", "2010-12-31": "$294", "2010-09-30": "$237", "2010-06-30": "$220", "2010-03-31": "$171", "2009-12-31": "$165", "2009-09-30": "$111", "2009-06-30": "$143", "2009-03-31": "$160", "2008-12-31": "$157", "2008-09-30": "$543", "2008-06-30": "$550", "2008-03-31": "$621", "2007-12-31": "$207", "2007-09-30": "$612", "2007-06-30": "$597", "2007-03-31": "$667", "2006-12-31": "$698", "2006-09-30": "$705", "2006-06-30": "$678", "2006-03-31": "$620", "2005-12-31": "$567", "2005-09-30": "$574", "2005-06-30": "$553", "2005-03-31": "$508"}}, "ebitda": {"PACCAR Annual EBITDA (Millions of US $)": {"2019": "$4,298", "2018": "$3,946", "2017": "$3,371", "2016": "$2,235", "2015": "$3,365", "2014": "$2,782", "2013": "$2,651", "2012": "$2,475", "2011": "$2,376", "2010": "$1,112", "2009": "$1,231", "2008": "$2,524", "2007": "$2,609", "2006": "$3,136", "2005": "$2,572"}, "PACCAR Quarterly EBITDA (Millions of US $)": {"2020-09-30": "$785", "2020-06-30": "$653", "2020-03-31": "$578", "2019-12-31": "$1,003", "2019-09-30": "$1,082", "2019-06-30": "$1,286", "2019-03-31": "$927", "2018-12-31": "$1,026", "2018-09-30": "$951", "2018-06-30": "$1,007", "2018-03-31": "$961", "2017-12-31": "$922", "2017-09-30": "$892", "2017-06-30": "$832", "2017-03-31": "$725", "2016-12-31": "$684", "2016-09-30": "$776", "2016-06-30": "$934", "2016-03-31": "$-159", "2015-12-31": "$757", "2015-09-30": "$886", "2015-06-30": "$909", "2015-03-31": "$814", "2014-12-31": "$563", "2014-09-30": "$818", "2014-06-30": "$740", "2014-03-31": "$662", "2013-12-31": "$738", "2013-09-30": "$684", "2013-06-30": "$667", "2013-03-31": "$562", "2012-12-31": "$573", "2012-09-30": "$557", "2012-06-30": "$658", "2012-03-31": "$686", "2011-12-31": "$688", "2011-09-30": "$617", "2011-06-30": "$569", "2011-03-31": "$502", "2010-12-31": "$16", "2010-09-30": "$389", "2010-06-30": "$372", "2010-03-31": "$337", "2009-12-31": "$329", "2009-09-30": "$284", "2009-06-30": "$302", "2009-03-31": "$315", "2008-12-31": "$328", "2008-09-30": "$710", "2008-06-30": "$714", "2008-03-31": "$772", "2007-12-31": "$355", "2007-09-30": "$742", "2007-06-30": "$726", "2007-03-31": "$785", "2006-12-31": "$812", "2006-09-30": "$818", "2006-06-30": "$786", "2006-03-31": "$720", "2005-12-31": "$664", "2005-09-30": "$666", "2005-06-30": "$644", "2005-03-31": "$599"}}, "net-income": {"PACCAR Annual Net Income (Millions of US $)": {"2020": "$1,298", "2019": "$2,388", "2018": "$2,195", "2017": "$1,675", "2016": "$522", "2015": "$1,604", "2014": "$1,359", "2013": "$1,171", "2012": "$1,112", "2011": "$1,042", "2010": "$458", "2009": "$112", "2008": "$1,018", "2007": "$1,227", "2006": "$1,496", "2005": "$1,133"}, "PACCAR Quarterly Net Income (Millions of US $)": {"2020-12-31": "$406", "2020-09-30": "$386", "2020-06-30": "$148", "2020-03-31": "$359", "2019-12-31": "$531", "2019-09-30": "$608", "2019-06-30": "$620", "2019-03-31": "$629", "2018-12-31": "$578", "2018-09-30": "$545", "2018-06-30": "$560", "2018-03-31": "$512", "2017-12-31": "$589", "2017-09-30": "$403", "2017-06-30": "$373", "2017-03-31": "$310", "2016-12-31": "$289", "2016-09-30": "$346", "2016-06-30": "$481", "2016-03-31": "$-595", "2015-12-31": "$347", "2015-09-30": "$431", "2015-06-30": "$447", "2015-03-31": "$378", "2014-12-31": "$394", "2014-09-30": "$371", "2014-06-30": "$319", "2014-03-31": "$274", "2013-12-31": "$334", "2013-09-30": "$309", "2013-06-30": "$292", "2013-03-31": "$236", "2012-12-31": "$254", "2012-09-30": "$234", "2012-06-30": "$297", "2012-03-31": "$327", "2011-12-31": "$328", "2011-09-30": "$282", "2011-06-30": "$240", "2011-03-31": "$193", "2010-12-31": "$170", "2010-09-30": "$120", "2010-06-30": "$100", "2010-03-31": "$68", "2009-12-31": "$46", "2009-09-30": "$13", "2009-06-30": "$27", "2009-03-31": "$26", "2008-12-31": "$113", "2008-09-30": "$299", "2008-06-30": "$314", "2008-03-31": "$292", "2007-12-31": "$261", "2007-09-30": "$302", "2007-06-30": "$298", "2007-03-31": "$366", "2006-12-31": "$381", "2006-09-30": "$404", "2006-06-30": "$370", "2006-03-31": "$342", "2005-12-31": "$313", "2005-09-30": "$305", "2005-06-30": "$242", "2005-03-31": "$274"}}, "eps-earnings-per-share-diluted": {"PACCAR Annual EPS": {"2020": "$3.74", "2019": "$6.87", "2018": "$6.24", "2017": "$4.75", "2016": "$1.48", "2015": "$4.51", "2014": "$3.82", "2013": "$3.30", "2012": "$3.12", "2011": "$2.86", "2010": "$1.25", "2009": "$0.31", "2008": "$2.78", "2007": "$3.29", "2006": "$3.97", "2005": "$2.92"}, "PACCAR Quarterly EPS": {"2020-12-31": "$1.17", "2020-09-30": "$1.11", "2020-06-30": "$0.43", "2020-03-31": "$1.03", "2019-12-31": "$1.53", "2019-09-30": "$1.75", "2019-06-30": "$1.78", "2019-03-31": "$1.81", "2018-12-31": "$1.65", "2018-09-30": "$1.55", "2018-06-30": "$1.59", "2018-03-31": "$1.45", "2017-12-31": "$1.67", "2017-09-30": "$1.14", "2017-06-30": "$1.06", "2017-03-31": "$0.88", "2016-12-31": "$0.82", "2016-09-30": "$0.98", "2016-06-30": "$1.37", "2016-03-31": "$-1.69", "2015-12-31": "$0.98", "2015-09-30": "$1.21", "2015-06-30": "$1.26", "2015-03-31": "$1.06", "2014-12-31": "$1.11", "2014-09-30": "$1.04", "2014-06-30": "$0.90", "2014-03-31": "$0.77", "2013-12-31": "$0.94", "2013-09-30": "$0.87", "2013-06-30": "$0.82", "2013-03-31": "$0.67", "2012-12-31": "$0.72", "2012-09-30": "$0.66", "2012-06-30": "$0.83", "2012-03-31": "$0.91", "2011-12-31": "$0.91", "2011-09-30": "$0.77", "2011-06-30": "$0.65", "2011-03-31": "$0.53", "2010-12-31": "$0.46", "2010-09-30": "$0.33", "2010-06-30": "$0.27", "2010-03-31": "$0.19", "2009-12-31": "$0.13", "2009-09-30": "$0.04", "2009-06-30": "$0.07", "2009-03-31": "$0.07", "2008-12-31": "$0.31", "2008-09-30": "$0.82", "2008-06-30": "$0.86", "2008-03-31": "$0.79", "2007-12-31": "$0.72", "2007-09-30": "$0.81", "2007-06-30": "$0.79", "2007-03-31": "$0.97", "2006-12-31": "$1.02", "2006-09-30": "$1.07", "2006-06-30": "$0.98", "2006-03-31": "$0.90", "2005-12-31": "$0.82", "2005-09-30": "$0.79", "2005-06-30": "$0.62", "2005-03-31": "$0.69"}}, "shares-outstanding": {"PACCAR Annual Shares Outstanding (Millions of Shares)": {"2020": "347", "2019": "348", "2018": "352", "2017": "353", "2016": "352", "2015": "356", "2014": "356", "2013": "355", "2012": "356", "2011": "364", "2010": "366", "2009": "365", "2008": "366", "2007": "373", "2006": "377", "2005": "389"}, "PACCAR Quarterly Shares Outstanding (Millions of Shares)": {"2020-12-31": "348", "2020-09-30": "348", "2020-06-30": "347", "2020-03-31": "347", "2019-12-31": "348", "2019-09-30": "347", "2019-06-30": "348", "2019-03-31": "348", "2018-12-31": "352", "2018-09-30": "352", "2018-06-30": "353", "2018-03-31": "354", "2017-12-31": "353", "2017-09-30": "353", "2017-06-30": "353", "2017-03-31": "353", "2016-12-31": "352", "2016-09-30": "352", "2016-06-30": "352", "2016-03-31": "351", "2015-12-31": "356", "2015-09-30": "356", "2015-06-30": "356", "2015-03-31": "356", "2014-12-31": "356", "2014-09-30": "356", "2014-06-30": "356", "2014-03-31": "356", "2013-12-31": "355", "2013-09-30": "355", "2013-06-30": "355", "2013-03-31": "355", "2012-12-31": "356", "2012-09-30": "354", "2012-06-30": "357", "2012-03-31": "358", "2011-12-31": "364", "2011-09-30": "364", "2011-06-30": "367", "2011-03-31": "367", "2010-12-31": "366", "2010-09-30": "366", "2010-06-30": "366", "2010-03-31": "366", "2009-12-31": "365", "2009-09-30": "365", "2009-06-30": "364", "2009-03-31": "364", "2008-12-31": "366", "2008-09-30": "365", "2008-06-30": "367", "2008-03-31": "368", "2007-12-31": "373", "2007-09-30": "373", "2007-06-30": "375", "2007-03-31": "375", "2006-12-31": "377", "2006-09-30": "376", "2006-06-30": "377", "2006-03-31": "381", "2005-12-31": "389", "2005-09-30": "386", "2005-06-30": "392", "2005-03-31": "394"}}, "total-assets": {"PACCAR Annual Total Assets (Millions of US $)": {"2019": "$28,361", "2018": "$25,482", "2017": "$23,440", "2016": "$20,639", "2015": "$21,110", "2014": "$20,619", "2013": "$20,726", "2012": "$18,628", "2011": "$17,173", "2010": "$14,234", "2009": "$14,569", "2008": "$16,250", "2007": "$17,310", "2006": "$16,107", "2005": "$13,715"}, "PACCAR Quarterly Total Assets (Millions of US $)": {"2020-09-30": "$27,234", "2020-06-30": "$26,406", "2020-03-31": "$27,295", "2019-12-31": "$28,361", "2019-09-30": "$27,768", "2019-06-30": "$27,168", "2019-03-31": "$26,157", "2018-12-31": "$25,482", "2018-09-30": "$25,103", "2018-06-30": "$24,156", "2018-03-31": "$23,782", "2017-12-31": "$23,440", "2017-09-30": "$23,104", "2017-06-30": "$22,053", "2017-03-31": "$21,040", "2016-12-31": "$20,639", "2016-09-30": "$20,969", "2016-06-30": "$21,427", "2016-03-31": "$21,357", "2015-12-31": "$21,110", "2015-09-30": "$21,520", "2015-06-30": "$21,415", "2015-03-31": "$20,327", "2014-12-31": "$20,619", "2014-09-30": "$21,026", "2014-06-30": "$20,907", "2014-03-31": "$20,598", "2013-12-31": "$20,726", "2013-09-30": "$20,312", "2013-06-30": "$19,202", "2013-03-31": "$18,834", "2012-12-31": "$18,628", "2012-09-30": "$18,693", "2012-06-30": "$18,245", "2012-03-31": "$18,158", "2011-12-31": "$17,173", "2011-09-30": "$16,354", "2011-06-30": "$16,301", "2011-03-31": "$15,134", "2010-12-31": "$14,234", "2010-09-30": "$13,984", "2010-06-30": "$13,422", "2010-03-31": "$13,990", "2009-12-31": "$14,569", "2009-09-30": "$14,797", "2009-06-30": "$14,923", "2009-03-31": "$15,068", "2008-12-31": "$16,250", "2008-09-30": "$17,232", "2008-06-30": "$18,011", "2008-03-31": "$17,579", "2007-12-31": "$17,310", "2007-09-30": "$17,015", "2007-06-30": "$16,464", "2007-03-31": "$16,110", "2006-12-31": "$16,107", "2006-09-30": "$15,458", "2006-06-30": "$14,742", "2006-03-31": "$14,142", "2005-12-31": "$13,715", "2005-09-30": "$13,044", "2005-06-30": "$12,656", "2005-03-31": "$12,349"}}, "cash-on-hand": {"PACCAR Annual Cash on Hand (Millions of US $)": {"2019": "$5,337", "2018": "$4,456", "2017": "$3,732", "2016": "$3,057", "2015": "$3,465", "2014": "$3,010", "2013": "$3,018", "2012": "$2,465", "2011": "$3,017", "2010": "$2,491", "2009": "$2,132", "2008": "$2,131", "2007": "$2,637", "2006": "$2,674", "2005": "$2,290"}, "PACCAR Quarterly Cash on Hand (Millions of US $)": {"2020-09-30": "$4,539", "2020-06-30": "$4,275", "2020-03-31": "$4,420", "2019-12-31": "$5,337", "2019-09-30": "$4,777", "2019-06-30": "$4,337", "2019-03-31": "$3,924", "2018-12-31": "$4,456", "2018-09-30": "$3,914", "2018-06-30": "$3,540", "2018-03-31": "$3,551", "2017-12-31": "$3,732", "2017-09-30": "$3,529", "2017-06-30": "$3,124", "2017-03-31": "$2,971", "2016-12-31": "$3,057", "2016-09-30": "$2,867", "2016-06-30": "$3,491", "2016-03-31": "$3,313", "2015-12-31": "$3,465", "2015-09-30": "$3,525", "2015-06-30": "$3,360", "2015-03-31": "$2,792", "2014-12-31": "$3,010", "2014-09-30": "$2,969", "2014-06-30": "$2,715", "2014-03-31": "$2,540", "2013-12-31": "$3,018", "2013-09-30": "$2,912", "2013-06-30": "$2,624", "2013-03-31": "$2,439", "2012-12-31": "$2,465", "2012-09-30": "$2,706", "2012-06-30": "$2,648", "2012-03-31": "$2,871", "2011-12-31": "$3,017", "2011-09-30": "$2,795", "2011-06-30": "$2,926", "2011-03-31": "$2,691", "2010-12-31": "$2,491", "2010-09-30": "$2,412", "2010-06-30": "$2,193", "2010-03-31": "$2,101", "2009-12-31": "$2,132", "2009-09-30": "$2,040", "2009-06-30": "$2,035", "2009-03-31": "$2,102", "2008-12-31": "$2,131", "2008-09-30": "$1,947", "2008-06-30": "$2,275", "2008-03-31": "$2,386", "2007-12-31": "$2,637", "2007-09-30": "$2,423", "2007-06-30": "$2,480", "2007-03-31": "$2,394", "2006-12-31": "$2,674", "2006-09-30": "$2,435", "2006-06-30": "$2,170", "2006-03-31": "$2,155", "2005-12-31": "$2,290", "2005-09-30": "$1,749", "2005-06-30": "$1,855", "2005-03-31": "$1,866"}}, "long-term-debt": {"PACCAR Annual Long Term Debt (Millions of US $)": {"2019": "$7,113", "2018": "$6,410", "2017": "$5,946", "2016": "$6,028", "2015": "$5,795", "2014": "$5,589", "2013": "$5,765", "2012": "$4,317", "2011": "$2,746", "2010": "$2,881", "2009": "$3,062", "2008": "$3,909", "2007": "$3,746", "2006": "$3,057", "2005": "$2,678"}, "PACCAR Quarterly Long Term Debt (Millions of US $)": {"2020-09-30": "$7,777", "2020-06-30": "$7,417", "2020-03-31": "$7,226", "2019-12-31": "$7,113", "2019-09-30": "$6,716", "2019-06-30": "$6,732", "2019-03-31": "$6,772", "2018-12-31": "$6,410", "2018-09-30": "$6,585", "2018-06-30": "$6,077", "2018-03-31": "$5,896", "2017-12-31": "$5,946", "2017-09-30": "$5,967", "2017-06-30": "$5,655", "2017-03-31": "$5,849", "2016-12-31": "$6,028", "2016-09-30": "$6,014", "2016-06-30": "$6,018", "2016-03-31": "$5,823", "2015-12-31": "$5,795", "2015-09-30": "$6,144", "2015-06-30": "$5,914", "2015-03-31": "$6,000", "2014-12-31": "$5,589", "2014-09-30": "$5,292", "2014-06-30": "$5,609", "2014-03-31": "$5,368", "2013-12-31": "$5,765", "2013-09-30": "$5,494", "2013-06-30": "$4,938", "2013-03-31": "$4,640", "2012-12-31": "$4,317", "2012-09-30": "$4,293", "2012-06-30": "$4,019", "2012-03-31": "$3,119", "2011-12-31": "$2,746", "2011-09-30": "$2,764", "2011-06-30": "$2,384", "2011-03-31": "$2,797", "2010-12-31": "$2,881", "2010-09-30": "$3,181", "2010-06-30": "$3,124", "2010-03-31": "$3,011", "2009-12-31": "$3,062", "2009-09-30": "$3,114", "2009-06-30": "$3,661", "2009-03-31": "$4,407", "2008-12-31": "$3,909", "2008-09-30": "$4,075", "2008-06-30": "$4,443", "2008-03-31": "$3,555", "2007-12-31": "$3,746", "2007-09-30": "$3,408", "2007-06-30": "$3,212", "2007-03-31": "$2,900", "2006-12-31": "$3,057", "2006-09-30": "$3,216", "2006-06-30": "$3,113", "2006-03-31": "$2,716", "2005-12-31": "$2,678", "2005-09-30": "$2,284", "2005-06-30": "$2,261", "2005-03-31": "$2,310"}}, "total-liabilities": {"PACCAR Annual Total Liabilities (Millions of US $)": {"2019": "$18,655", "2018": "$16,890", "2017": "$15,390", "2016": "$13,861", "2015": "$14,169", "2014": "$13,866", "2013": "$14,091", "2012": "$12,781", "2011": "$11,808", "2010": "$8,876", "2009": "$9,465", "2008": "$11,403", "2007": "$12,297", "2006": "$11,651", "2005": "$9,814"}, "PACCAR Quarterly Total Liabilities (Millions of US $)": {"2020-09-30": "$17,049", "2020-06-30": "$16,630", "2020-03-31": "$17,657", "2019-12-31": "$18,655", "2019-09-30": "$17,805", "2019-06-30": "$17,533", "2019-03-31": "$17,052", "2018-12-31": "$16,890", "2018-09-30": "$15,932", "2018-06-30": "$15,376", "2018-03-31": "$15,214", "2017-12-31": "$15,390", "2017-09-30": "$15,168", "2017-06-30": "$14,553", "2017-03-31": "$13,960", "2016-12-31": "$13,861", "2016-09-30": "$13,991", "2016-06-30": "$14,718", "2016-03-31": "$15,014", "2015-12-31": "$14,169", "2015-09-30": "$14,176", "2015-06-30": "$14,197", "2015-03-31": "$13,595", "2014-12-31": "$13,866", "2014-09-30": "$13,863", "2014-06-30": "$13,748", "2014-03-31": "$13,734", "2013-12-31": "$14,091", "2013-09-30": "$13,831", "2013-06-30": "$13,090", "2013-03-31": "$12,886", "2012-12-31": "$12,781", "2012-09-30": "$12,830", "2012-06-30": "$12,533", "2012-03-31": "$12,439", "2011-12-31": "$11,808", "2011-09-30": "$10,760", "2011-06-30": "$10,387", "2011-03-31": "$9,485", "2010-12-31": "$8,876", "2010-09-30": "$8,668", "2010-06-30": "$8,428", "2010-03-31": "$8,897", "2009-12-31": "$9,465", "2009-09-30": "$9,765", "2009-06-30": "$10,007", "2009-03-31": "$10,337", "2008-12-31": "$11,403", "2008-09-30": "$11,893", "2008-06-30": "$12,594", "2008-03-31": "$12,378", "2007-12-31": "$12,297", "2007-09-30": "$11,819", "2007-06-30": "$11,371", "2007-03-31": "$11,353", "2006-12-31": "$11,651", "2006-09-30": "$10,744", "2006-06-30": "$10,321", "2006-03-31": "$10,067", "2005-12-31": "$9,814", "2005-09-30": "$9,016", "2005-06-30": "$8,775", "2005-03-31": "$8,418"}}, "total-share-holder-equity": {"PACCAR Annual Share Holder Equity (Millions of US $)": {"2019": "$9,706", "2018": "$8,593", "2017": "$8,051", "2016": "$6,778", "2015": "$6,940", "2014": "$6,753", "2013": "$6,634", "2012": "$5,847", "2011": "$5,364", "2010": "$5,358", "2009": "$5,104", "2008": "$4,847", "2007": "$5,013", "2006": "$4,456", "2005": "$3,901"}, "PACCAR Quarterly Share Holder Equity (Millions of US $)": {"2020-09-30": "$10,184", "2020-06-30": "$9,777", "2020-03-31": "$9,637", "2019-12-31": "$9,706", "2019-09-30": "$9,963", "2019-06-30": "$9,635", "2019-03-31": "$9,106", "2018-12-31": "$8,593", "2018-09-30": "$9,171", "2018-06-30": "$8,779", "2018-03-31": "$8,567", "2017-12-31": "$8,051", "2017-09-30": "$7,936", "2017-06-30": "$7,501", "2017-03-31": "$7,079", "2016-12-31": "$6,778", "2016-09-30": "$6,978", "2016-06-30": "$6,710", "2016-03-31": "$6,343", "2015-12-31": "$6,940", "2015-09-30": "$7,344", "2015-06-30": "$7,219", "2015-03-31": "$6,732", "2014-12-31": "$6,753", "2014-09-30": "$7,163", "2014-06-30": "$7,159", "2014-03-31": "$6,864", "2013-12-31": "$6,634", "2013-09-30": "$6,481", "2013-06-30": "$6,112", "2013-03-31": "$5,948", "2012-12-31": "$5,847", "2012-09-30": "$5,862", "2012-06-30": "$5,712", "2012-03-31": "$5,719", "2011-12-31": "$5,364", "2011-09-30": "$5,594", "2011-06-30": "$5,914", "2011-03-31": "$5,649", "2010-12-31": "$5,358", "2010-09-30": "$5,316", "2010-06-30": "$4,994", "2010-03-31": "$5,093", "2009-12-31": "$5,104", "2009-09-30": "$5,033", "2009-06-30": "$4,916", "2009-03-31": "$4,731", "2008-12-31": "$4,847", "2008-09-30": "$5,339", "2008-06-30": "$5,417", "2008-03-31": "$5,201", "2007-12-31": "$5,013", "2007-09-30": "$5,196", "2007-06-30": "$5,093", "2007-03-31": "$4,757", "2006-12-31": "$4,456", "2006-09-30": "$4,714", "2006-06-30": "$4,421", "2006-03-31": "$4,076", "2005-12-31": "$3,901", "2005-09-30": "$4,028", "2005-06-30": "$3,881", "2005-03-31": "$3,931"}}, "profit-margins": {"current": "6.93%"}, "gross margin": {"2020-12-31": "19.50%", "2020-09-30": "19.70%", "2020-06-30": "19.70%", "2020-03-31": "19.55%", "2019-12-31": "19.70%", "2019-09-30": "19.44%", "2019-06-30": "19.29%", "2019-03-31": "19.41%", "2018-12-31": "19.45%", "2018-09-30": "19.48%", "2018-06-30": "19.65%", "2018-03-31": "19.64%", "2017-12-31": "19.67%", "2017-09-30": "19.94%", "2017-06-30": "20.14%", "2017-03-31": "20.39%", "2016-12-31": "20.55%", "2016-09-30": "20.64%", "2016-06-30": "20.61%", "2016-03-31": "20.38%", "2015-12-31": "20.01%", "2015-09-30": "19.60%", "2015-06-30": "19.15%", "2015-03-31": "18.79%", "2014-12-31": "18.50%", "2014-09-30": "18.56%", "2014-06-30": "18.58%", "2014-03-31": "18.61%", "2013-12-31": "18.82%", "2013-09-30": "18.76%", "2013-06-30": "18.72%", "2013-03-31": "18.66%", "2012-12-31": "18.43%", "2012-09-30": "18.16%", "2012-06-30": "18.06%", "2012-03-31": "18.03%", "2011-12-31": "18.42%", "2011-09-30": "18.91%", "2011-06-30": "19.49%", "2011-03-31": "20.11%", "2010-12-31": "20.34%", "2010-09-30": "20.60%", "2010-06-30": "20.05%", "2010-03-31": "19.70%", "2009-12-31": "19.82%", "2009-09-30": "19.64%", "2009-06-30": "20.89%", "2009-03-31": "21.51%", "2008-12-31": "21.61%", "2008-09-30": "22.00%", "2008-06-30": "21.96%", "2008-03-31": "21.84%", "2007-12-31": "21.71%", "2007-09-30": "22.27%", "2007-06-30": "21.72%", "2007-03-31": "21.19%", "2006-12-31": "20.77%", "2006-09-30": "20.36%", "2006-06-30": "20.31%", "2006-03-31": "20.24%", "2005-12-31": "20.17%"}, "operating margin": {"2020-12-31": "11.11%", "2020-09-30": "10.15%", "2020-06-30": "10.85%", "2020-03-31": "11.88%", "2019-12-31": "12.58%", "2019-09-30": "12.69%", "2019-06-30": "12.55%", "2019-03-31": "12.53%", "2018-12-31": "12.31%", "2018-09-30": "12.15%", "2018-06-30": "12.11%", "2018-03-31": "11.91%", "2017-12-31": "11.64%", "2017-09-30": "11.46%", "2017-06-30": "11.53%", "2017-03-31": "12.43%", "2016-12-31": "7.29%", "2016-09-30": "7.70%", "2016-06-30": "8.17%", "2016-03-31": "7.87%", "2015-12-31": "12.86%", "2015-09-30": "12.76%", "2015-06-30": "12.37%", "2015-03-31": "11.83%", "2014-12-31": "11.32%", "2014-09-30": "11.14%", "2014-06-30": "10.91%", "2014-03-31": "10.84%", "2013-12-31": "10.75%", "2013-09-30": "10.41%", "2013-06-30": "10.12%", "2013-03-31": "10.11%", "2012-12-31": "10.40%", "2012-09-30": "10.60%", "2012-06-30": "10.69%", "2012-03-31": "10.52%", "2011-12-31": "10.41%", "2011-09-30": "10.14%", "2011-06-30": "9.89%", "2011-03-31": "9.61%", "2010-12-31": "8.96%", "2010-09-30": "8.37%", "2010-06-30": "7.46%", "2010-03-31": "7.08%", "2009-12-31": "7.16%", "2009-09-30": "6.52%", "2009-06-30": "9.32%", "2009-03-31": "10.83%", "2008-12-31": "12.50%", "2008-09-30": "12.15%", "2008-06-30": "12.78%", "2008-03-31": "13.42%", "2007-12-31": "13.68%", "2007-09-30": "16.40%", "2007-06-30": "16.53%", "2007-03-31": "16.57%", "2006-12-31": "16.42%", "2006-09-30": "16.20%", "2006-06-30": "16.05%", "2006-03-31": "15.87%", "2005-12-31": "15.66%"}, "ebitda margin": {"2020-09-30": "15.66%", "2020-06-30": "16.01%", "2020-03-31": "16.27%", "2019-12-31": "16.79%", "2019-09-30": "16.77%", "2019-06-30": "16.66%", "2019-03-31": "16.07%", "2018-12-31": "16.79%", "2018-09-30": "16.94%", "2018-06-30": "17.21%", "2018-03-31": "17.28%", "2017-12-31": "17.33%", "2017-09-30": "17.34%", "2017-06-30": "17.47%", "2017-03-31": "18.37%", "2016-12-31": "13.12%", "2016-09-30": "13.32%", "2016-06-30": "13.50%", "2016-03-31": "12.88%", "2015-12-31": "17.61%", "2015-09-30": "15.96%", "2015-06-30": "15.55%", "2015-03-31": "15.09%", "2014-12-31": "14.65%", "2014-09-30": "16.01%", "2014-06-30": "15.82%", "2014-03-31": "15.65%", "2013-12-31": "15.48%", "2013-09-30": "15.05%", "2013-06-30": "14.71%", "2013-03-31": "14.51%", "2012-12-31": "14.51%", "2012-09-30": "14.46%", "2012-06-30": "14.44%", "2012-03-31": "14.34%", "2011-12-31": "14.53%", "2011-09-30": "11.70%", "2011-06-30": "11.49%", "2011-03-31": "11.27%", "2010-12-31": "10.82%", "2010-09-30": "15.06%", "2010-06-30": "14.78%", "2010-03-31": "15.03%", "2009-12-31": "15.21%", "2009-09-30": "14.02%", "2009-06-30": "15.39%", "2009-03-31": "15.87%", "2008-12-31": "16.86%", "2008-09-30": "16.13%", "2008-06-30": "16.59%", "2008-03-31": "17.10%", "2007-12-31": "17.13%", "2007-09-30": "19.53%", "2007-06-30": "19.47%", "2007-03-31": "19.30%", "2006-12-31": "19.06%", "2006-09-30": "18.84%", "2006-06-30": "18.66%", "2006-03-31": "18.47%", "2005-12-31": "18.30%"}, "pre tax profit margin": {"2020-12-31": "8.85%", "2020-09-30": "9.46%", "2020-06-30": "10.20%", "2020-03-31": "11.30%", "2019-12-31": "12.11%", "2019-09-30": "12.28%", "2019-06-30": "12.14%", "2019-03-31": "12.17%", "2018-12-31": "11.96%", "2018-09-30": "11.74%", "2018-06-30": "11.72%", "2018-03-31": "11.47%", "2017-12-31": "11.17%", "2017-09-30": "11.00%", "2017-06-30": "11.01%", "2017-03-31": "11.83%", "2016-12-31": "6.63%", "2016-09-30": "6.99%", "2016-06-30": "7.48%", "2016-03-31": "7.24%", "2015-12-31": "12.23%", "2015-09-30": "12.16%", "2015-06-30": "11.74%", "2015-03-31": "11.17%", "2014-12-31": "10.62%", "2014-09-30": "10.42%", "2014-06-30": "10.16%", "2014-03-31": "10.04%", "2013-12-31": "9.90%", "2013-09-30": "9.49%", "2013-06-30": "9.18%", "2013-03-31": "9.17%", "2012-12-31": "9.55%", "2012-09-30": "9.73%", "2012-06-30": "9.77%", "2012-03-31": "9.52%", "2011-12-31": "9.21%", "2011-09-30": "8.74%", "2011-06-30": "8.21%", "2011-03-31": "7.50%", "2010-12-31": "6.42%", "2010-09-30": "5.44%", "2010-06-30": "3.98%", "2010-03-31": "2.82%", "2009-12-31": "2.18%", "2009-09-30": "2.83%", "2009-06-30": "6.14%", "2009-03-31": "8.28%", "2008-12-31": "9.78%", "2008-09-30": "10.56%", "2008-06-30": "10.70%", "2008-03-31": "10.87%", "2007-12-31": "11.59%", "2007-09-30": "12.42%", "2007-06-30": "12.98%", "2007-03-31": "13.34%", "2006-12-31": "13.22%", "2006-09-30": "13.05%", "2006-06-30": "12.86%", "2006-03-31": "12.75%", "2005-12-31": "12.62%"}, "net profit margin": {"2020-12-31": "6.94%", "2020-09-30": "7.39%", "2020-06-30": "7.95%", "2020-03-31": "8.73%", "2019-12-31": "9.33%", "2019-09-30": "9.45%", "2019-06-30": "9.43%", "2019-03-31": "9.50%", "2018-12-31": "9.34%", "2018-09-30": "9.73%", "2018-06-30": "9.39%", "2018-03-31": "8.99%", "2017-12-31": "8.61%", "2017-09-30": "7.61%", "2017-06-30": "7.64%", "2017-03-31": "8.40%", "2016-12-31": "3.06%", "2016-09-30": "3.34%", "2016-06-30": "3.71%", "2016-03-31": "3.39%", "2015-12-31": "8.39%", "2015-09-30": "8.30%", "2015-06-30": "7.97%", "2015-03-31": "7.52%", "2014-12-31": "7.15%", "2014-09-30": "7.02%", "2014-06-30": "6.92%", "2014-03-31": "6.88%", "2013-12-31": "6.84%", "2013-09-30": "6.60%", "2013-06-30": "6.33%", "2013-03-31": "6.30%", "2012-12-31": "6.52%", "2012-09-30": "6.62%", "2012-06-30": "6.73%", "2012-03-31": "6.59%", "2011-12-31": "6.38%", "2011-09-30": "6.08%", "2011-06-30": "5.63%", "2011-03-31": "5.14%", "2010-12-31": "4.45%", "2010-09-30": "3.52%", "2010-06-30": "2.54%", "2010-03-31": "1.85%", "2009-12-31": "1.39%", "2009-09-30": "2.04%", "2009-06-30": "4.32%", "2009-03-31": "5.78%", "2008-12-31": "6.80%", "2008-09-30": "7.37%", "2008-06-30": "7.51%", "2008-03-31": "7.60%", "2007-12-31": "8.06%", "2007-09-30": "8.58%", "2007-06-30": "8.98%", "2007-03-31": "9.17%", "2006-12-31": "9.10%", "2006-09-30": "9.01%", "2006-06-30": "8.75%", "2006-03-31": "8.24%", "2005-12-31": "8.07%"}, "pe ratio": {"current": "26.58", "2021-02-11": "38.37", "2020-12-31": "33.46", "2020-09-30": "20.49", "2020-06-30": "15.50", "2020-03-31": "9.81", "2019-12-31": "11.20", "2019-09-30": "9.43", "2019-06-30": "9.89", "2019-03-31": "9.63", "2018-12-31": "8.50", "2018-09-30": "9.73", "2018-06-30": "9.42", "2018-03-31": "11.01", "2017-12-31": "13.20", "2017-09-30": "16.02", "2017-06-30": "15.20", "2017-03-31": "14.22", "2016-12-31": "36.88", "2016-09-30": "30.22", "2016-06-30": "23.29", "2016-03-31": "25.98", "2015-12-31": "8.74", "2015-09-30": "9.04", "2015-06-30": "11.43", "2015-03-31": "12.26", "2014-12-31": "14.16", "2014-09-30": "12.41", "2014-06-30": "14.35", "2014-03-31": "15.71", "2013-12-31": "14.16", "2013-09-30": "13.71", "2013-06-30": "14.13", "2013-03-31": "13.22", "2012-12-31": "10.87", "2012-09-30": "8.87", "2012-06-30": "8.36", "2012-03-31": "10.49", "2011-12-31": "9.47", "2011-09-30": "9.91", "2011-06-30": "18.23", "2011-03-31": "23.09", "2010-12-31": "32.09", "2010-09-30": "36.34", "2010-06-30": "43.85", "2010-03-31": "69.70", "2009-12-31": "80.71", "2009-09-30": "52.96", "2009-06-30": "17.53", "2009-03-31": "8.53", "2008-12-31": "6.97", "2008-09-30": "8.06", "2008-06-30": "8.82", "2008-03-31": "9.67", "2007-12-31": "11.01", "2007-09-30": "10.28", "2007-06-30": "9.75", "2007-03-31": "7.81", "2006-12-31": "7.01"}, "price sales": {"2021-02-11": "1.83", "2020-12-31": "1.60", "2020-09-30": "1.51", "2020-06-30": "1.23", "2020-03-31": "0.85", "2019-12-31": "1.04", "2019-09-30": "0.89", "2019-06-30": "0.93", "2019-03-31": "0.92", "2018-12-31": "0.80", "2018-09-30": "0.95", "2018-06-30": "0.88", "2018-03-31": "0.99", "2017-12-31": "1.14", "2017-09-30": "1.22", "2017-06-30": "1.16", "2017-03-31": "1.19", "2016-12-31": "1.13", "2016-09-30": "1.01", "2016-06-30": "0.86", "2016-03-31": "0.87", "2015-12-31": "0.73", "2015-09-30": "0.75", "2015-06-30": "0.91", "2015-03-31": "0.92", "2014-12-31": "1.01", "2014-09-30": "0.86", "2014-06-30": "0.98", "2014-03-31": "1.06", "2013-12-31": "0.95", "2013-09-30": "0.91", "2013-06-30": "0.90", "2013-03-31": "0.84", "2012-12-31": "0.71", "2012-09-30": "0.59", "2012-06-30": "0.56", "2012-03-31": "0.69", "2011-12-31": "0.61", "2011-09-30": "0.60", "2011-06-30": "1.03", "2011-03-31": "1.19", "2010-12-31": "1.43", "2010-09-30": "1.29", "2010-06-30": "1.13", "2010-03-31": "1.31", "2009-12-31": "1.13", "2009-09-30": "1.08", "2009-06-30": "0.76", "2009-03-31": "0.49", "2008-12-31": "0.47", "2008-09-30": "0.60", "2008-06-30": "0.66", "2008-03-31": "0.74", "2007-12-31": "0.89", "2007-09-30": "0.88", "2007-06-30": "0.87", "2007-03-31": "0.72", "2006-12-31": "0.64"}, "price book": {"current": "3.31", "2021-02-11": "3.35", "2020-09-30": "2.86", "2020-06-30": "2.60", "2020-03-31": "2.14", "2019-12-31": "2.75", "2019-09-30": "2.29", "2019-06-30": "2.42", "2019-03-31": "2.42", "2018-12-31": "2.14", "2018-09-30": "2.32", "2018-06-30": "2.20", "2018-03-31": "2.40", "2017-12-31": "2.74", "2017-09-30": "2.77", "2017-06-30": "2.66", "2017-03-31": "2.86", "2016-12-31": "2.82", "2016-09-30": "2.49", "2016-06-30": "2.27", "2016-03-31": "2.53", "2015-12-31": "2.00", "2015-09-30": "2.02", "2015-06-30": "2.51", "2015-03-31": "2.66", "2014-12-31": "2.84", "2014-09-30": "2.20", "2014-06-30": "2.42", "2014-03-31": "2.70", "2013-12-31": "2.44", "2013-09-30": "2.31", "2013-06-30": "2.35", "2013-03-31": "2.26", "2012-12-31": "2.05", "2012-09-30": "1.77", "2012-06-30": "1.77", "2012-03-31": "2.12", "2011-12-31": "1.80", "2011-09-30": "1.53", "2011-06-30": "2.22", "2011-03-31": "2.38", "2010-12-31": "2.74", "2010-09-30": "2.29", "2010-06-30": "2.02", "2010-03-31": "2.14", "2009-12-31": "1.78", "2009-09-30": "1.87", "2009-06-30": "1.65", "2009-03-31": "1.35", "2008-12-31": "1.45", "2008-09-30": "1.74", "2008-06-30": "1.88", "2008-03-31": "2.10", "2007-12-31": "2.65", "2007-09-30": "2.61", "2007-06-30": "2.75", "2007-03-31": "2.47", "2006-12-31": "1.55", "2006-09-30": "1.87", "2006-06-30": "1.92", "2006-03-31": "1.78"}, "price fcf": {"2021-02-11": "", "2020-09-30": "$6.01", "2020-06-30": "$5.21", "2020-03-31": "$4.12", "2019-12-31": "$4.40", "2019-09-30": "$4.67", "2019-06-30": "$4.73", "2019-03-31": "$5.19", "2018-12-31": "$4.81", "2018-09-30": "$4.23", "2018-06-30": "$4.05", "2018-03-31": "$3.79", "2017-12-31": "$3.80", "2017-09-30": "$3.57", "2017-06-30": "$0.94", "2017-03-31": "$1.65", "2016-12-31": "$2.21", "2016-09-30": "$2.08", "2016-06-30": "$4.63", "2016-03-31": "$4.39", "2015-12-31": "$3.53", "2015-09-30": "$6.53", "2015-06-30": "$6.92", "2015-03-31": "$6.53", "2014-12-31": "$6.24", "2014-09-30": "$3.02", "2014-06-30": "$2.08", "2014-03-31": "$2.42", "2013-12-31": "$2.39", "2013-09-30": "$-0.65", "2013-06-30": "$0.23", "2013-03-31": "$-0.04", "2012-12-31": "$0.11", "2012-09-30": "$-0.12", "2012-06-30": "$-0.38", "2012-03-31": "$-0.14", "2011-12-31": "$0.78", "2011-09-30": "$4.51", "2011-06-30": "$5.47", "2011-03-31": "$5.26", "2010-12-31": "$4.87", "2010-09-30": "$5.67", "2010-06-30": "$4.93", "2010-03-31": "$5.32", "2009-12-31": "$4.85", "2009-09-30": "$4.06", "2009-06-30": "$3.30", "2009-03-31": "$2.97", "2008-12-31": "$3.41", "2008-09-30": "$1.17", "2008-06-30": "$1.94", "2008-03-31": "$2.52", "2007-12-31": "$2.79", "2007-09-30": "$3.23", "2007-06-30": "$2.91", "2007-03-31": "$2.64", "2006-12-31": "$2.74"}, "net worth": {"value": "$34.44B"}, "current ratio": {"2020-12-31": "1.30", "2020-09-30": "3.14", "2020-06-30": "2.48", "2020-03-31": "2.49", "2019-12-31": "2.50", "2019-09-30": "2.39", "2019-06-30": "2.43", "2019-03-31": "2.49", "2018-12-31": "2.33", "2018-09-30": "2.63", "2018-06-30": "2.52", "2018-03-31": "2.45", "2017-12-31": "2.49", "2017-09-30": "2.56", "2017-06-30": "2.51", "2017-03-31": "2.66", "2016-12-31": "2.70", "2016-09-30": "2.70", "2016-06-30": "2.46", "2016-03-31": "2.29", "2015-12-31": "2.57", "2015-09-30": "2.82", "2015-06-30": "2.66", "2015-03-31": "2.82", "2014-12-31": "2.52", "2014-09-30": "2.44", "2014-06-30": "2.61", "2014-03-31": "2.46", "2013-12-31": "2.53", "2013-09-30": "2.47", "2013-06-30": "2.31", "2013-03-31": "2.23", "2012-12-31": "2.15", "2012-09-30": "2.10", "2012-06-30": "2.04", "2012-03-31": "1.80", "2011-12-31": "1.77", "2011-09-30": "1.84", "2011-06-30": "1.83", "2011-03-31": "2.13", "2010-12-31": "2.28", "2010-09-30": "2.47", "2010-06-30": "2.44", "2010-03-31": "2.23", "2009-12-31": "2.13", "2009-09-30": "2.07", "2009-06-30": "2.26", "2009-03-31": "2.52", "2008-12-31": "2.08", "2008-09-30": "2.04", "2008-06-30": "2.06", "2008-03-31": "1.84", "2007-12-31": "1.89", "2007-09-30": "1.90", "2007-06-30": "1.92", "2007-03-31": "1.81", "2006-12-31": "1.78", "2006-09-30": "1.97", "2006-06-30": "1.96", "2006-03-31": "1.83", "2005-12-31": "1.83", "2005-09-30": "1.85", "2005-06-30": "1.88", "2005-03-31": "1.99"}, "quick ratio": {"2020-12-31": "1.08", "2020-09-30": "2.95", "2020-06-30": "2.32", "2020-03-31": "2.32", "2019-12-31": "2.36", "2019-09-30": "2.23", "2019-06-30": "2.26", "2019-03-31": "2.32", "2018-12-31": "2.18", "2018-09-30": "2.44", "2018-06-30": "2.34", "2018-03-31": "2.29", "2017-12-31": "2.34", "2017-09-30": "2.40", "2017-06-30": "2.36", "2017-03-31": "2.52", "2016-12-31": "2.55", "2016-09-30": "2.54", "2016-06-30": "2.32", "2016-03-31": "2.16", "2015-12-31": "2.43", "2015-09-30": "2.65", "2015-06-30": "2.50", "2015-03-31": "2.65", "2014-12-31": "2.36", "2014-09-30": "2.28", "2014-06-30": "2.43", "2014-03-31": "2.29", "2013-12-31": "2.38", "2013-09-30": "2.31", "2013-06-30": "2.16", "2013-03-31": "2.09", "2012-12-31": "2.02", "2012-09-30": "1.95", "2012-06-30": "1.90", "2012-03-31": "1.69", "2011-12-31": "1.67", "2011-09-30": "1.72", "2011-06-30": "1.71", "2011-03-31": "2.01", "2010-12-31": "2.16", "2010-09-30": "2.34", "2010-06-30": "2.31", "2010-03-31": "2.11", "2009-12-31": "2.00", "2009-09-30": "1.94", "2009-06-30": "2.12", "2009-03-31": "2.38", "2008-12-31": "1.96", "2008-09-30": "1.89", "2008-06-30": "1.92", "2008-03-31": "1.74", "2007-12-31": "1.80", "2007-09-30": "1.81", "2007-06-30": "1.83", "2007-03-31": "1.72", "2006-12-31": "1.68", "2006-09-30": "1.88", "2006-06-30": "1.88", "2006-03-31": "1.75", "2005-12-31": "1.75", "2005-09-30": "1.75", "2005-06-30": "1.78", "2005-03-31": "1.88"}, "debt equity ratio": {"current": "0.76", "2020-12-31": "1.72", "2020-09-30": "1.67", "2020-06-30": "1.70", "2020-03-31": "1.83", "2019-12-31": "1.92", "2019-09-30": "1.79", "2019-06-30": "1.82", "2019-03-31": "1.87", "2018-12-31": "1.97", "2018-09-30": "1.74", "2018-06-30": "1.75", "2018-03-31": "1.78", "2017-12-31": "1.91", "2017-09-30": "1.91", "2017-06-30": "1.94", "2017-03-31": "1.97", "2016-12-31": "2.05", "2016-09-30": "2.01", "2016-06-30": "2.19", "2016-03-31": "2.37", "2015-12-31": "2.04", "2015-09-30": "1.93", "2015-06-30": "1.97", "2015-03-31": "2.02", "2014-12-31": "2.05", "2014-09-30": "1.94", "2014-06-30": "1.92", "2014-03-31": "2.00", "2013-12-31": "2.12", "2013-09-30": "2.13", "2013-06-30": "2.14", "2013-03-31": "2.17", "2012-12-31": "2.19", "2012-09-30": "2.19", "2012-06-30": "2.19", "2012-03-31": "2.18", "2011-12-31": "2.20", "2011-09-30": "1.92", "2011-06-30": "1.76", "2011-03-31": "1.68", "2010-12-31": "1.66", "2010-09-30": "1.63", "2010-06-30": "1.69", "2010-03-31": "1.75", "2009-12-31": "1.86", "2009-09-30": "1.94", "2009-06-30": "2.04", "2009-03-31": "2.19", "2008-12-31": "2.35", "2008-09-30": "2.23", "2008-06-30": "2.33", "2008-03-31": "2.38", "2007-12-31": "2.45", "2007-09-30": "2.28", "2007-06-30": "2.23", "2007-03-31": "2.39", "2006-12-31": "2.62", "2006-09-30": "2.28", "2006-06-30": "2.33", "2006-03-31": "2.47", "2005-12-31": "2.52", "2005-09-30": "2.24", "2005-06-30": "2.26", "2005-03-31": "2.14"}, "return on equity": {"2020-12-31": "12.99%", "2020-09-30": "14.49%", "2020-06-30": "16.85%", "2020-03-31": "21.76%", "2019-12-31": "24.87%", "2019-09-30": "26.11%", "2019-06-30": "25.99%", "2019-03-31": "25.94%", "2018-12-31": "25.01%", "2018-09-30": "25.53%", "2018-06-30": "24.77%", "2018-03-31": "23.42%", "2017-12-31": "21.92%", "2017-09-30": "18.78%", "2017-06-30": "18.61%", "2017-03-31": "20.71%", "2016-12-31": "7.77%", "2016-09-30": "8.59%", "2016-06-30": "9.72%", "2016-03-31": "9.05%", "2015-12-31": "22.71%", "2015-09-30": "23.53%", "2015-06-30": "22.82%", "2015-03-31": "21.03%", "2014-12-31": "19.44%", "2014-09-30": "18.66%", "2014-06-30": "18.22%", "2014-03-31": "18.54%", "2013-12-31": "18.61%", "2013-09-30": "17.89%", "2013-06-30": "17.10%", "2013-03-31": "17.48%", "2012-12-31": "19.22%", "2012-09-30": "20.94%", "2012-06-30": "22.05%", "2012-03-31": "20.84%", "2011-12-31": "18.52%", "2011-09-30": "15.72%", "2011-06-30": "13.01%", "2011-03-31": "10.94%", "2010-12-31": "8.82%", "2010-09-30": "6.51%", "2010-06-30": "4.49%", "2010-03-31": "3.06%", "2009-12-31": "2.26%", "2009-09-30": "3.67%", "2009-06-30": "9.38%", "2009-03-31": "14.79%", "2008-12-31": "19.57%", "2008-09-30": "22.24%", "2008-06-30": "22.45%", "2008-03-31": "22.49%", "2007-12-31": "24.47%", "2007-09-30": "27.63%", "2007-06-30": "30.47%", "2007-03-31": "33.16%", "2006-12-31": "33.89%", "2006-09-30": "33.40%", "2006-06-30": "32.39%", "2006-03-31": "30.27%", "2005-12-31": "28.82%"}, "return on assets": {"2020-12-31": "4.76%", "2020-09-30": "5.21%", "2020-06-30": "5.99%", "2020-03-31": "7.66%", "2019-12-31": "8.73%", "2019-09-30": "9.14%", "2019-06-30": "9.13%", "2019-03-31": "9.17%", "2018-12-31": "8.91%", "2018-09-30": "9.15%", "2018-06-30": "8.74%", "2018-03-31": "8.13%", "2017-12-31": "7.47%", "2017-09-30": "6.33%", "2017-06-30": "6.22%", "2017-03-31": "6.78%", "2016-12-31": "2.47%", "2016-09-30": "2.73%", "2016-06-30": "3.11%", "2016-03-31": "2.95%", "2015-12-31": "7.60%", "2015-09-30": "7.87%", "2015-06-30": "7.63%", "2015-03-31": "7.06%", "2014-12-31": "6.53%", "2014-09-30": "6.24%", "2014-06-30": "5.99%", "2014-03-31": "5.98%", "2013-12-31": "5.92%", "2013-09-30": "5.67%", "2013-06-30": "5.39%", "2013-03-31": "5.49%", "2012-12-31": "6.03%", "2012-09-30": "6.56%", "2012-06-30": "7.06%", "2012-03-31": "6.92%", "2011-12-31": "6.42%", "2011-09-30": "5.71%", "2011-06-30": "4.85%", "2011-03-31": "4.11%", "2010-12-31": "3.29%", "2010-09-30": "2.39%", "2010-06-30": "1.60%", "2010-03-31": "1.06%", "2009-12-31": "0.75%", "2009-09-30": "1.17%", "2009-06-30": "2.93%", "2009-03-31": "4.52%", "2008-12-31": "5.90%", "2008-09-30": "6.65%", "2008-06-30": "6.69%", "2008-03-31": "6.75%", "2007-12-31": "7.34%", "2007-09-30": "8.20%", "2007-06-30": "9.04%", "2007-03-31": "9.75%", "2006-12-31": "9.91%", "2006-09-30": "9.85%", "2006-06-30": "9.56%", "2006-03-31": "8.98%", "2005-12-31": "8.76%"}, "return on investments": {"2020-12-31": "16.00%", "2020-09-30": "11.37%", "2020-06-30": "13.30%", "2020-03-31": "17.29%", "2019-12-31": "19.60%", "2019-09-30": "20.45%", "2019-06-30": "20.04%", "2019-03-31": "19.83%", "2018-12-31": "19.25%", "2018-09-30": "18.65%", "2018-06-30": "18.61%", "2018-03-31": "17.91%", "2017-12-31": "16.78%", "2017-09-30": "15.70%", "2017-06-30": "15.35%", "2017-03-31": "16.39%", "2016-12-31": "9.79%", "2016-09-30": "10.53%", "2016-06-30": "11.45%", "2016-03-31": "11.36%", "2015-12-31": "18.88%", "2015-09-30": "19.63%", "2015-06-30": "19.50%", "2015-03-31": "18.30%", "2014-12-31": "17.27%", "2014-09-30": "16.51%", "2014-06-30": "15.78%", "2014-03-31": "15.99%", "2013-12-31": "16.00%", "2013-09-30": "15.72%", "2013-06-30": "15.47%", "2013-03-31": "16.11%", "2012-12-31": "18.25%", "2012-09-30": "20.62%", "2012-06-30": "22.39%", "2012-03-31": "22.35%", "2011-12-31": "20.50%", "2011-09-30": "17.71%", "2011-06-30": "15.17%", "2011-03-31": "13.09%", "2010-12-31": "11.19%", "2010-09-30": "9.65%", "2010-06-30": "8.20%", "2010-03-31": "7.15%", "2009-12-31": "6.81%", "2009-09-30": "6.60%", "2009-06-30": "11.18%", "2009-03-31": "15.17%", "2008-12-31": "20.35%", "2008-09-30": "20.89%", "2008-06-30": "22.12%", "2008-03-31": "23.67%", "2007-12-31": "25.00%", "2007-09-30": "32.09%", "2007-06-30": "33.97%", "2007-03-31": "35.88%", "2006-12-31": "36.29%", "2006-09-30": "35.65%", "2006-06-30": "35.85%", "2006-03-31": "35.84%", "2005-12-31": "34.85%"}, "return on tangible equity": {"2020-09-30": "14.49%", "2020-06-30": "16.85%", "2020-03-31": "21.76%", "2019-12-31": "24.87%", "2019-09-30": "26.11%", "2019-06-30": "25.99%", "2019-03-31": "25.94%", "2018-12-31": "25.01%", "2018-09-30": "25.53%", "2018-06-30": "24.77%", "2018-03-31": "23.42%", "2017-12-31": "21.92%", "2017-09-30": "18.78%", "2017-06-30": "18.61%", "2017-03-31": "20.71%", "2016-12-31": "7.77%", "2016-09-30": "8.59%", "2016-06-30": "9.72%", "2016-03-31": "9.05%", "2015-12-31": "22.71%", "2015-09-30": "23.53%", "2015-06-30": "22.82%", "2015-03-31": "21.03%", "2014-12-31": "19.44%", "2014-09-30": "18.66%", "2014-06-30": "18.22%", "2014-03-31": "18.54%", "2013-12-31": "18.61%", "2013-09-30": "17.89%", "2013-06-30": "17.10%", "2013-03-31": "17.48%", "2012-12-31": "19.22%", "2012-09-30": "20.94%", "2012-06-30": "22.05%", "2012-03-31": "20.84%", "2011-12-31": "18.52%", "2011-09-30": "15.72%", "2011-06-30": "13.01%", "2011-03-31": "10.94%", "2010-12-31": "8.82%", "2010-09-30": "6.51%", "2010-06-30": "4.49%", "2010-03-31": "3.06%", "2009-12-31": "2.26%", "2009-09-30": "3.67%", "2009-06-30": "9.38%", "2009-03-31": "14.79%", "2008-12-31": "19.57%", "2008-09-30": "22.24%", "2008-06-30": "22.45%", "2008-03-31": "22.49%", "2007-12-31": "24.47%", "2007-09-30": "27.63%", "2007-06-30": "30.47%", "2007-03-31": "33.16%", "2006-12-31": "33.89%", "2006-09-30": "33.40%", "2006-06-30": "32.39%", "2006-03-31": "30.27%", "2005-12-31": "28.82%"}, "dividend yield history": {"last payout": "$1.28", "last yield": "1.29%"}}