{"ticker": "PEGA", "price": {"title": "Pegasystems Historical Annual Stock Price Data", "value": 139.98, "historical": {"2021": {"Average Stock Price": "135.2733", "Year Open": "131.6700", "Year High": "143.3400", "Year Low": "127.4500", "Year Close": "139.9800", "Annual % Change": "5.04%"}, "2020": {"Average Stock Price": "103.5077", "Year Open": "81.5800", "Year High": "139.8200", "Year Low": "61.0000", "Year Close": "133.2600", "Annual % Change": "67.31%"}, "2019": {"Average Stock Price": "69.6590", "Year Open": "47.6500", "Year High": "79.6500", "Year Low": "46.7300", "Year Close": "79.6500", "Annual % Change": "66.53%"}, "2018": {"Average Stock Price": "57.1086", "Year Open": "48.0000", "Year High": "66.7000", "Year Low": "44.1300", "Year Close": "47.8300", "Annual % Change": "1.44%"}, "2017": {"Average Stock Price": "51.2468", "Year Open": "36.0000", "Year High": "63.6500", "Year Low": "35.5000", "Year Close": "47.1500", "Annual % Change": "30.97%"}, "2016": {"Average Stock Price": "27.7461", "Year Open": "27.0600", "Year High": "36.6500", "Year Low": "20.6200", "Year Close": "36.0000", "Annual % Change": "30.91%"}, "2015": {"Average Stock Price": "23.8441", "Year Open": "20.3500", "Year High": "29.9300", "Year Low": "19.4200", "Year Close": "27.5000", "Annual % Change": "32.40%"}, "2014": {"Average Stock Price": "20.6896", "Year Open": "24.4900", "Year High": "24.6150", "Year Low": "15.8900", "Year Close": "20.7700", "Annual % Change": "-15.53%"}, "2013": {"Average Stock Price": "17.0174", "Year Open": "11.7350", "Year High": "25.3800", "Year Low": "11.6100", "Year Close": "24.5900", "Annual % Change": "116.84%"}, "2012": {"Average Stock Price": "14.6206", "Year Open": "14.7600", "Year High": "19.5500", "Year Low": "9.6500", "Year Close": "11.3400", "Annual % Change": "-22.86%"}, "2011": {"Average Stock Price": "18.2240", "Year Open": "18.4150", "Year High": "23.4650", "Year Low": "13.4850", "Year Close": "14.7000", "Annual % Change": "-19.74%"}, "2010": {"Average Stock Price": "15.8392", "Year Open": "17.4750", "Year High": "19.6500", "Year Low": "10.4350", "Year Close": "18.3150", "Annual % Change": "7.74%"}, "2009": {"Average Stock Price": "12.4120", "Year Open": "6.3800", "Year High": "17.9300", "Year Low": "5.9800", "Year Close": "17.0000", "Annual % Change": "175.08%"}, "2008": {"Average Stock Price": "5.8984", "Year Open": "5.5600", "Year High": "7.5150", "Year Low": "4.5150", "Year Close": "6.1800", "Annual % Change": "3.60%"}, "2007": {"Average Stock Price": "5.3206", "Year Open": "5.0050", "Year High": "6.4800", "Year Low": "4.0350", "Year Close": "5.9650", "Annual % Change": "20.87%"}, "2006": {"Average Stock Price": "4.0366", "Year Open": "3.7500", "Year High": "5.2750", "Year Low": "3.1550", "Year Close": "4.9350", "Annual % Change": "35.02%"}, "2005": {"Average Stock Price": "3.1046", "Year Open": "4.2650", "Year High": "4.2650", "Year Low": "2.4750", "Year Close": "3.6550", "Annual % Change": "-14.30%"}, "2004": {"Average Stock Price": "4.0543", "Year Open": "4.3250", "Year High": "5.8500", "Year Low": "2.9750", "Year Close": "4.2650", "Annual % Change": "-1.27%"}, "2003": {"Average Stock Price": "3.2843", "Year Open": "2.5500", "Year High": "4.4750", "Year Low": "1.5500", "Year Close": "4.3200", "Annual % Change": "69.08%"}, "2002": {"Average Stock Price": "3.5880", "Year Open": "2.1400", "Year High": "5.9750", "Year Low": "2.1400", "Year Close": "2.5550", "Annual % Change": "17.47%"}, "2001": {"Average Stock Price": "1.8667", "Year Open": "1.3750", "Year High": "3.1875", "Year Low": "1.0350", "Year Close": "2.1750", "Annual % Change": "88.07%"}, "2000": {"Average Stock Price": "4.2300", "Year Open": "5.4700", "Year High": "12.9400", "Year Low": "1.0150", "Year Close": "1.1565", "Annual % Change": "-79.44%"}, "1999": {"Average Stock Price": "3.6326", "Year Open": "2.3450", "Year High": "5.9700", "Year Low": "2.0000", "Year Close": "5.6250", "Annual % Change": "170.43%"}, "1998": {"Average Stock Price": "9.3070", "Year Open": "9.5800", "Year High": "15.0000", "Year Low": "2.0600", "Year Close": "2.0800", "Annual % Change": "-79.40%"}, "1997": {"Average Stock Price": "13.5325", "Year Open": "14.1250", "Year High": "19.5650", "Year Low": "7.5650", "Year Close": "10.0950", "Annual % Change": "-32.97%"}}}, "market cap": {"value": "$11.3B"}, "income statement": {"Revenue": {"2019-12-31": "911.38300", "2018-12-31": "891.58100", "2017-12-31": "888.46700", "2016-12-31": "762.22900", "2015-12-31": "682.69500", "2014-12-31": "590.00400", "2013-12-31": "508.95400", "2012-12-31": "461.71000", "2011-12-31": "416.67500", "2010-12-31": "336.59900", "2009-12-31": "264.01300", "2008-12-31": "211.64700", "2007-12-31": "161.94900", "2006-12-31": "126.02300", "2005-12-31": "100.20900"}, "Cost Of Goods Sold": {"2019-12-31": "310.02200", "2018-12-31": "301.76500", "2017-12-31": "279.67300", "2016-12-31": "239.25600", "2015-12-31": "213.44600", "2014-12-31": "185.09400", "2013-12-31": "157.40600", "2012-12-31": "157.38000", "2011-12-31": "164.79800", "2010-12-31": "128.73400", "2009-12-31": "90.93700", "2008-12-31": "81.75700", "2007-12-31": "65.20200", "2006-12-31": "53.76300", "2005-12-31": "33.34100"}, "Gross Profit": {"2019-12-31": "601.36100", "2018-12-31": "589.81600", "2017-12-31": "608.79390", "2016-12-31": "522.97300", "2015-12-31": "469.24900", "2014-12-31": "404.91000", "2013-12-31": "351.54800", "2012-12-31": "304.33000", "2011-12-31": "251.87700", "2010-12-31": "207.86500", "2009-12-31": "173.07600", "2008-12-31": "129.89000", "2007-12-31": "96.74700", "2006-12-31": "72.26000", "2005-12-31": "66.86800"}, "Research And Development Expenses": {"2019-12-31": "205.21000", "2018-12-31": "181.71000", "2017-12-31": "162.88600", "2016-12-31": "145.54800", "2015-12-31": "126.37400", "2014-12-31": "108.59100", "2013-12-31": "79.72600", "2012-12-31": "76.72600", "2011-12-31": "65.30800", "2010-12-31": "55.19300", "2009-12-31": "38.86200", "2008-12-31": "31.47200", "2007-12-31": "26.19800", "2006-12-31": "22.70700", "2005-12-31": "19.45700"}, "SG&A Expenses": {"2019-12-31": "531.02900", "2018-12-31": "425.13800", "2017-12-31": "352.73100", "2016-12-31": "323.87800", "2015-12-31": "278.12500", "2014-12-31": "244.10000", "2013-12-31": "210.68800", "2012-12-31": "196.17800", "2011-12-31": "175.65500", "2010-12-31": "141.26400", "2009-12-31": "92.39500", "2008-12-31": "83.93900", "2007-12-31": "68.59800", "2006-12-31": "56.66700", "2005-12-31": "46.19300"}, "Other Operating Income Or Expenses": {"2019-12-31": "", "2018-12-31": "", "2017-12-31": "", "2016-12-31": "", "2015-12-31": "", "2014-12-31": "", "2013-12-31": "", "2012-12-31": "", "2011-12-31": "", "2010-12-31": "", "2009-12-31": "", "2008-12-31": "", "2007-12-31": "", "2006-12-31": "", "2005-12-31": ""}, "Operating Expenses": {"2019-12-31": "1046.26100", "2018-12-31": "908.61300", "2017-12-31": "795.29000", "2016-12-31": "711.58500", "2015-12-31": "618.03400", "2014-12-31": "538.46500", "2013-12-31": "450.85700", "2012-12-31": "430.28400", "2011-12-31": "406.18100", "2010-12-31": "339.17900", "2009-12-31": "222.19400", "2008-12-31": "197.16800", "2007-12-31": "159.99800", "2006-12-31": "133.13700", "2005-12-31": "98.99100"}, "Operating Income": {"2019-12-31": "-134.87800", "2018-12-31": "-17.03200", "2017-12-31": "93.17690", "2016-12-31": "50.64400", "2015-12-31": "64.66100", "2014-12-31": "51.53900", "2013-12-31": "58.09700", "2012-12-31": "31.42600", "2011-12-31": "10.49400", "2010-12-31": "-2.58000", "2009-12-31": "41.81900", "2008-12-31": "14.47900", "2007-12-31": "1.95100", "2006-12-31": "-7.11400", "2005-12-31": "1.21800"}, "Total Non-Operating Income/Expense": {"2019-12-31": "0.03200", "2018-12-31": "5.48900", "2017-12-31": "-6.94200", "2016-12-31": "4.69100", "2015-12-31": "-4.15600", "2014-12-31": "-3.54500", "2013-12-31": "-1.70400", "2012-12-31": "-0.48100", "2011-12-31": "0.31900", "2010-12-31": "-3.61700", "2009-12-31": "5.59600", "2008-12-31": "1.19300", "2007-12-31": "7.99100", "2006-12-31": "8.30100", "2005-12-31": "4.10100"}, "Pre-Tax Income": {"2019-12-31": "-134.84600", "2018-12-31": "-11.54300", "2017-12-31": "86.23500", "2016-12-31": "55.33500", "2015-12-31": "60.50500", "2014-12-31": "47.99400", "2013-12-31": "56.39300", "2012-12-31": "30.94500", "2011-12-31": "10.81300", "2010-12-31": "-6.19700", "2009-12-31": "47.41500", "2008-12-31": "15.67200", "2007-12-31": "9.94200", "2006-12-31": "1.18700", "2005-12-31": "5.31900"}, "Income Taxes": {"2019-12-31": "-44.41300", "2018-12-31": "-22.16000", "2017-12-31": "-12.31300", "2016-12-31": "10.32000", "2015-12-31": "24.18300", "2014-12-31": "14.73900", "2013-12-31": "18.35000", "2012-12-31": "9.07700", "2011-12-31": "0.70500", "2010-12-31": "-0.30600", "2009-12-31": "15.20300", "2008-12-31": "4.69500", "2007-12-31": "3.34700", "2006-12-31": "-0.65500", "2005-12-31": "0.12700"}, "Income After Taxes": {"2019-12-31": "-90.43300", "2018-12-31": "10.61700", "2017-12-31": "98.54800", "2016-12-31": "45.01500", "2015-12-31": "36.32200", "2014-12-31": "33.25500", "2013-12-31": "38.04300", "2012-12-31": "21.86800", "2011-12-31": "10.10800", "2010-12-31": "-5.89100", "2009-12-31": "32.21200", "2008-12-31": "10.97700", "2007-12-31": "6.59500", "2006-12-31": "1.84200", "2005-12-31": "5.19200"}, "Other Income": {"2019-12-31": "", "2018-12-31": "", "2017-12-31": "", "2016-12-31": "", "2015-12-31": "", "2014-12-31": "", "2013-12-31": "", "2012-12-31": "", "2011-12-31": "", "2010-12-31": "", "2009-12-31": "", "2008-12-31": "", "2007-12-31": "", "2006-12-31": "", "2005-12-31": ""}, "Income From Continuous Operations": {"2019-12-31": "-90.43300", "2018-12-31": "10.61700", "2017-12-31": "98.54800", "2016-12-31": "45.01500", "2015-12-31": "36.32200", "2014-12-31": "33.25500", "2013-12-31": "38.04300", "2012-12-31": "21.86800", "2011-12-31": "10.10800", "2010-12-31": "-5.89100", "2009-12-31": "32.21200", "2008-12-31": "10.97700", "2007-12-31": "6.59500", "2006-12-31": "1.84200", "2005-12-31": "5.19200"}, "Income From Discontinued Operations": {"2019-12-31": "", "2018-12-31": "", "2017-12-31": "", "2016-12-31": "", "2015-12-31": "", "2014-12-31": "", "2013-12-31": "", "2012-12-31": "", "2011-12-31": "", "2010-12-31": "", "2009-12-31": "", "2008-12-31": "", "2007-12-31": "", "2006-12-31": "", "2005-12-31": ""}, "Net Income": {"2019-12-31": "-90.43300", "2018-12-31": "10.61700", "2017-12-31": "98.54800", "2016-12-31": "45.01500", "2015-12-31": "36.32200", "2014-12-31": "33.25500", "2013-12-31": "38.04300", "2012-12-31": "21.86800", "2011-12-31": "10.10800", "2010-12-31": "-5.89100", "2009-12-31": "32.21200", "2008-12-31": "10.97700", "2007-12-31": "6.59500", "2006-12-31": "1.84200", "2005-12-31": "5.19200"}, "EBITDA": {"2019-12-31": "-83.53000", "2018-12-31": "27.13000", "2017-12-31": "131.37690", "2016-12-31": "88.21700", "2015-12-31": "89.99200", "2014-12-31": "76.80700", "2013-12-31": "79.90800", "2012-12-31": "51.41100", "2011-12-31": "28.80500", "2010-12-31": "10.40200", "2009-12-31": "48.53000", "2008-12-31": "18.74000", "2007-12-31": "4.14300", "2006-12-31": "-4.99400", "2005-12-31": "2.92500"}, "EBIT": {"2019-12-31": "-134.87800", "2018-12-31": "-17.03200", "2017-12-31": "93.17690", "2016-12-31": "50.64400", "2015-12-31": "64.66100", "2014-12-31": "51.53900", "2013-12-31": "58.09700", "2012-12-31": "31.42600", "2011-12-31": "10.49400", "2010-12-31": "-2.58000", "2009-12-31": "41.81900", "2008-12-31": "14.47900", "2007-12-31": "1.95100", "2006-12-31": "-7.11400", "2005-12-31": "1.21800"}, "Basic Shares Outstanding": {"2019-12-31": "79.05500", "2018-12-31": "78.56400", "2017-12-31": "77.43100", "2016-12-31": "76.34300", "2015-12-31": "76.50700", "2014-12-31": "76.32700", "2013-12-31": "75.94600", "2012-12-31": "75.70600", "2011-12-31": "74.99200", "2010-12-31": "74.06200", "2009-12-31": "72.41600", "2008-12-31": "72.29200", "2007-12-31": "71.75000", "2006-12-31": "70.45800", "2005-12-31": "71.54800"}, "Shares Outstanding": {"2019-12-31": "79.05500", "2018-12-31": "83.06400", "2017-12-31": "82.83200", "2016-12-31": "79.73200", "2015-12-31": "79.04300", "2014-12-31": "78.53100", "2013-12-31": "77.97400", "2012-12-31": "77.71800", "2011-12-31": "78.80800", "2010-12-31": "74.06200", "2009-12-31": "76.22600", "2008-12-31": "75.21000", "2007-12-31": "74.86600", "2006-12-31": "74.26800", "2005-12-31": "72.92400"}, "Basic EPS": {"2019-12-31": "-1.14000", "2018-12-31": "0.14000", "2017-12-31": "1.27000", "2016-12-31": "0.59000", "2015-12-31": "0.47000", "2014-12-31": "0.44000", "2013-12-31": "0.50000", "2012-12-31": "0.29000", "2011-12-31": "0.13500", "2010-12-31": "-0.08000", "2009-12-31": "0.44500", "2008-12-31": "0.15000", "2007-12-31": "0.09000", "2006-12-31": "0.02500", "2005-12-31": "0.07500"}, "EPS - Earnings Per Share": {"2019-12-31": "-1.14000", "2018-12-31": "0.13000", "2017-12-31": "1.19000", "2016-12-31": "0.56000", "2015-12-31": "0.46000", "2014-12-31": "0.42000", "2013-12-31": "0.49000", "2012-12-31": "0.28000", "2011-12-31": "0.13000", "2010-12-31": "-0.08000", "2009-12-31": "0.42500", "2008-12-31": "0.14500", "2007-12-31": "0.09000", "2006-12-31": "0.02500", "2005-12-31": "0.07000"}}, "income statement, quarterly": {"Revenue": {"2020-09-30": "225.95100", "2020-06-30": "227.37500", "2020-03-31": "265.59100", "2019-12-31": "276.54200", "2019-09-30": "216.70300", "2019-06-30": "205.59200", "2019-03-31": "212.54600", "2018-12-31": "256.35700", "2018-09-30": "203.26300", "2018-06-30": "196.77900", "2018-03-31": "235.18200", "2017-12-31": "254.60500", "2017-09-30": "190.95700", "2017-06-30": "186.59600", "2017-03-31": "256.30900", "2016-12-31": "211.57300", "2016-09-30": "182.80200", "2016-06-30": "188.99600", "2016-03-31": "178.85800", "2015-12-31": "204.35500", "2015-09-30": "162.40300", "2015-06-30": "162.01900", "2015-03-31": "153.91800", "2014-12-31": "168.92410", "2014-09-30": "137.63100", "2014-06-30": "142.98500", "2014-03-31": "140.46400", "2013-12-31": "153.38200", "2013-09-30": "122.01100", "2013-06-30": "117.31500", "2013-03-31": "116.24600", "2012-12-31": "143.83000", "2012-09-30": "101.65700", "2012-06-30": "105.05600", "2012-03-31": "111.16700", "2011-12-31": "115.29400", "2011-09-30": "95.50300", "2011-06-30": "103.51800", "2011-03-31": "102.36000", "2010-12-31": "89.25300", "2010-09-30": "90.01600", "2010-06-30": "82.24600", "2010-03-31": "75.08400", "2009-12-31": "72.94700", "2009-09-30": "64.82100", "2009-06-30": "63.87800", "2009-03-31": "62.36700", "2008-12-31": "59.35200", "2008-09-30": "52.69800", "2008-06-30": "51.11900", "2008-03-31": "48.47800", "2007-12-31": "46.75600", "2007-09-30": "42.04100", "2007-06-30": "35.66300", "2007-03-31": "37.48900", "2006-12-31": "35.96900", "2006-09-30": "33.52400", "2006-06-30": "27.33100", "2006-03-31": "29.19900", "2005-12-31": "25.03500", "2005-09-30": "27.15600", "2005-06-30": "23.78800", "2005-03-31": "24.23000"}, "Cost Of Goods Sold": {"2020-09-30": "77.79900", "2020-06-30": "76.69100", "2020-03-31": "79.52800", "2019-12-31": "77.60700", "2019-09-30": "80.89800", "2019-06-30": "77.08000", "2019-03-31": "74.43700", "2018-12-31": "77.91100", "2018-09-30": "74.42300", "2018-06-30": "73.81700", "2018-03-31": "75.61400", "2017-12-31": "73.97700", "2017-09-30": "69.73100", "2017-06-30": "67.87500", "2017-03-31": "68.09000", "2016-12-31": "62.20900", "2016-09-30": "60.43700", "2016-06-30": "60.10000", "2016-03-31": "56.51000", "2015-12-31": "53.16500", "2015-09-30": "55.44100", "2015-06-30": "54.78100", "2015-03-31": "50.05900", "2014-12-31": "46.10800", "2014-09-30": "46.38200", "2014-06-30": "46.69100", "2014-03-31": "45.91300", "2013-12-31": "43.77700", "2013-09-30": "38.09800", "2013-06-30": "37.87800", "2013-03-31": "37.65300", "2012-12-31": "38.19400", "2012-09-30": "37.66500", "2012-06-30": "39.98700", "2012-03-31": "41.53400", "2011-12-31": "42.57400", "2011-09-30": "41.81100", "2011-06-30": "40.39700", "2011-03-31": "40.01600", "2010-12-31": "36.04800", "2010-09-30": "34.99000", "2010-06-30": "31.26000", "2010-03-31": "26.43600", "2009-12-31": "24.75400", "2009-09-30": "24.06000", "2009-06-30": "21.59200", "2009-03-31": "20.53100", "2008-12-31": "20.87600", "2008-09-30": "20.55600", "2008-06-30": "20.77300", "2008-03-31": "19.55200", "2007-12-31": "19.59700", "2007-09-30": "15.72100", "2007-06-30": "14.32000", "2007-03-31": "15.56400", "2006-12-31": "13.42900", "2006-09-30": "15.16700", "2006-06-30": "11.04900", "2006-03-31": "14.11800", "2005-12-31": "8.23700", "2005-09-30": "9.33700", "2005-06-30": "8.13200", "2005-03-31": "7.63500"}, "Gross Profit": {"2020-09-30": "148.15200", "2020-06-30": "150.68400", "2020-03-31": "186.06300", "2019-12-31": "198.93500", "2019-09-30": "135.80500", "2019-06-30": "128.51200", "2019-03-31": "138.10900", "2018-12-31": "178.44600", "2018-09-30": "128.84000", "2018-06-30": "122.96200", "2018-03-31": "159.56800", "2017-12-31": "180.62800", "2017-09-30": "121.22600", "2017-06-30": "118.72100", "2017-03-31": "188.21900", "2016-12-31": "149.36400", "2016-09-30": "122.36500", "2016-06-30": "128.89600", "2016-03-31": "122.34800", "2015-12-31": "151.19000", "2015-09-30": "106.96200", "2015-06-30": "107.23800", "2015-03-31": "103.85900", "2014-12-31": "122.81600", "2014-09-30": "91.24900", "2014-06-30": "96.29400", "2014-03-31": "94.55100", "2013-12-31": "109.60500", "2013-09-30": "83.91300", "2013-06-30": "79.43700", "2013-03-31": "78.59300", "2012-12-31": "105.63600", "2012-09-30": "63.99200", "2012-06-30": "65.06900", "2012-03-31": "69.63300", "2011-12-31": "72.72000", "2011-09-30": "53.69200", "2011-06-30": "63.12100", "2011-03-31": "62.34400", "2010-12-31": "53.20500", "2010-09-30": "55.02600", "2010-06-30": "50.98600", "2010-03-31": "48.64800", "2009-12-31": "48.19300", "2009-09-30": "40.76100", "2009-06-30": "42.28600", "2009-03-31": "41.83600", "2008-12-31": "38.47600", "2008-09-30": "32.14200", "2008-06-30": "30.34600", "2008-03-31": "28.92600", "2007-12-31": "27.15900", "2007-09-30": "26.32000", "2007-06-30": "21.34300", "2007-03-31": "21.92500", "2006-12-31": "22.54000", "2006-09-30": "18.35700", "2006-06-30": "16.28200", "2006-03-31": "15.08100", "2005-12-31": "16.79800", "2005-09-30": "17.81900", "2005-06-30": "15.65600", "2005-03-31": "16.59500"}, "Research And Development Expenses": {"2020-09-30": "60.02400", "2020-06-30": "58.86900", "2020-03-31": "58.72700", "2019-12-31": "52.40800", "2019-09-30": "52.49200", "2019-06-30": "49.71400", "2019-03-31": "50.59600", "2018-12-31": "46.44900", "2018-09-30": "46.50400", "2018-06-30": "41.97200", "2018-03-31": "46.78500", "2017-12-31": "41.79700", "2017-09-30": "41.03100", "2017-06-30": "39.76200", "2017-03-31": "40.29600", "2016-12-31": "37.01800", "2016-09-30": "38.03600", "2016-06-30": "35.57400", "2016-03-31": "34.92000", "2015-12-31": "32.12600", "2015-09-30": "33.03200", "2015-06-30": "31.37200", "2015-03-31": "29.84400", "2014-12-31": "28.10100", "2014-09-30": "28.55800", "2014-06-30": "27.32300", "2014-03-31": "24.60900", "2013-12-31": "20.60300", "2013-09-30": "19.78600", "2013-06-30": "19.76100", "2013-03-31": "19.57600", "2012-12-31": "19.31500", "2012-09-30": "19.50600", "2012-06-30": "18.90100", "2012-03-31": "19.00400", "2011-12-31": "18.26100", "2011-09-30": "16.21800", "2011-06-30": "15.69600", "2011-03-31": "15.13300", "2010-12-31": "14.63300", "2010-09-30": "14.92400", "2010-06-30": "14.01000", "2010-03-31": "11.62600", "2009-12-31": "10.66400", "2009-09-30": "9.93000", "2009-06-30": "9.14900", "2009-03-31": "9.11900", "2008-12-31": "8.64000", "2008-09-30": "7.93600", "2008-06-30": "7.87400", "2008-03-31": "7.02200", "2007-12-31": "6.86500", "2007-09-30": "6.76800", "2007-06-30": "6.38000", "2007-03-31": "6.18500", "2006-12-31": "6.01400", "2006-09-30": "5.61000", "2006-06-30": "5.68100", "2006-03-31": "5.40200", "2005-12-31": "4.60500", "2005-09-30": "4.95100", "2005-06-30": "4.87600", "2005-03-31": "5.02500"}, "SG&A Expenses": {"2020-09-30": "149.96000", "2020-06-30": "143.26200", "2020-03-31": "151.65400", "2019-12-31": "148.27200", "2019-09-30": "130.08000", "2019-06-30": "131.13600", "2019-03-31": "121.54100", "2018-12-31": "116.54400", "2018-09-30": "99.59400", "2018-06-30": "104.15300", "2018-03-31": "104.84700", "2017-12-31": "100.31300", "2017-09-30": "82.49600", "2017-06-30": "87.90600", "2017-03-31": "82.01600", "2016-12-31": "87.68500", "2016-09-30": "78.75700", "2016-06-30": "85.31000", "2016-03-31": "72.12600", "2015-12-31": "82.22300", "2015-09-30": "63.21900", "2015-06-30": "70.60300", "2015-03-31": "62.08000", "2014-12-31": "64.95100", "2014-09-30": "57.44800", "2014-06-30": "66.59200", "2014-03-31": "55.10900", "2013-12-31": "62.20600", "2013-09-30": "49.79300", "2013-06-30": "52.62300", "2013-03-31": "46.06600", "2012-12-31": "58.53100", "2012-09-30": "44.08500", "2012-06-30": "48.85200", "2012-03-31": "44.71000", "2011-12-31": "50.75500", "2011-09-30": "39.68500", "2011-06-30": "44.04700", "2011-03-31": "41.16800", "2010-12-31": "40.03000", "2010-09-30": "37.64100", "2010-06-30": "36.64100", "2010-03-31": "26.95200", "2009-12-31": "27.34000", "2009-09-30": "23.36600", "2009-06-30": "21.30700", "2009-03-31": "20.38200", "2008-12-31": "23.54800", "2008-09-30": "20.76500", "2008-06-30": "19.88800", "2008-03-31": "19.73800", "2007-12-31": "20.11700", "2007-09-30": "16.59500", "2007-06-30": "15.90200", "2007-03-31": "15.98400", "2006-12-31": "15.85500", "2006-09-30": "14.80600", "2006-06-30": "13.55900", "2006-03-31": "12.44700", "2005-12-31": "12.17100", "2005-09-30": "10.84200", "2005-06-30": "10.91000", "2005-03-31": "12.27000"}, "Other Operating Income Or Expenses": {"2020-09-30": "", "2020-06-30": "", "2020-03-31": "", "2019-12-31": "", "2019-09-30": "", "2019-06-30": "", "2019-03-31": "", "2018-12-31": "", "2018-09-30": "", "2018-06-30": "", "2018-03-31": "", "2017-12-31": "", "2017-09-30": "", "2017-06-30": "", "2017-03-31": "", "2016-12-31": "", "2016-09-30": "", "2016-06-30": "", "2016-03-31": "", "2015-12-31": "", "2015-09-30": "", "2015-06-30": "", "2015-03-31": "", "2014-12-31": "", "2014-09-30": "", "2014-06-30": "", "2014-03-31": "", "2013-12-31": "", "2013-09-30": "", "2013-06-30": "", "2013-03-31": "", "2012-12-31": "", "2012-09-30": "", "2012-06-30": "", "2012-03-31": "", "2011-12-31": "", "2011-09-30": "", "2011-06-30": "", "2011-03-31": "", "2010-12-31": "", "2010-09-30": "", "2010-06-30": "", "2010-03-31": "", "2009-12-31": "", "2009-09-30": "", "2009-06-30": "", "2009-03-31": "", "2008-12-31": "", "2008-09-30": "", "2008-06-30": "", "2008-03-31": "", "2007-12-31": "", "2007-09-30": "", "2007-06-30": "", "2007-03-31": "", "2006-12-31": "", "2006-09-30": "", "2006-06-30": "", "2006-03-31": "", "2005-12-31": "", "2005-09-30": "", "2005-06-30": "", "2005-03-31": ""}, "Operating Expenses": {"2020-09-30": "287.78300", "2020-06-30": "278.82200", "2020-03-31": "289.90900", "2019-12-31": "278.28700", "2019-09-30": "263.47000", "2019-06-30": "257.93000", "2019-03-31": "246.57400", "2018-12-31": "240.90400", "2018-09-30": "220.52100", "2018-06-30": "219.94200", "2018-03-31": "227.24600", "2017-12-31": "216.08700", "2017-09-30": "193.25800", "2017-06-30": "195.54300", "2017-03-31": "190.40200", "2016-12-31": "186.91200", "2016-09-30": "177.30400", "2016-06-30": "182.63600", "2016-03-31": "164.73300", "2015-12-31": "167.56400", "2015-09-30": "151.69200", "2015-06-30": "156.76900", "2015-03-31": "142.00900", "2014-12-31": "139.23100", "2014-09-30": "132.63400", "2014-06-30": "140.76300", "2014-03-31": "125.83700", "2013-12-31": "129.07800", "2013-09-30": "108.22200", "2013-06-30": "110.26200", "2013-03-31": "103.29500", "2012-12-31": "116.04000", "2012-09-30": "101.25600", "2012-06-30": "107.74000", "2012-03-31": "105.24800", "2011-12-31": "111.59000", "2011-09-30": "97.51100", "2011-06-30": "100.28400", "2011-03-31": "96.79600", "2010-12-31": "93.19800", "2010-09-30": "88.07300", "2010-06-30": "91.38600", "2010-03-31": "66.52200", "2009-12-31": "62.75800", "2009-09-30": "57.35600", "2009-06-30": "52.04800", "2009-03-31": "50.03200", "2008-12-31": "53.06400", "2008-09-30": "49.25700", "2008-06-30": "48.53500", "2008-03-31": "46.31200", "2007-12-31": "46.57900", "2007-09-30": "39.08400", "2007-06-30": "36.60200", "2007-03-31": "37.73300", "2006-12-31": "35.29800", "2006-09-30": "35.58300", "2006-06-30": "30.28900", "2006-03-31": "31.96700", "2005-12-31": "25.01300", "2005-09-30": "25.13000", "2005-06-30": "23.91800", "2005-03-31": "24.93000"}, "Operating Income": {"2020-09-30": "-61.83200", "2020-06-30": "-51.44700", "2020-03-31": "-24.31800", "2019-12-31": "-1.74500", "2019-09-30": "-46.76700", "2019-06-30": "-52.33800", "2019-03-31": "-34.02800", "2018-12-31": "15.45300", "2018-09-30": "-17.25800", "2018-06-30": "-23.16300", "2018-03-31": "7.93600", "2017-12-31": "38.51800", "2017-09-30": "-2.30100", "2017-06-30": "-8.94700", "2017-03-31": "65.90700", "2016-12-31": "24.66100", "2016-09-30": "5.49800", "2016-06-30": "6.36000", "2016-03-31": "14.12500", "2015-12-31": "36.79100", "2015-09-30": "10.71100", "2015-06-30": "5.25000", "2015-03-31": "11.90900", "2014-12-31": "29.69300", "2014-09-30": "4.99700", "2014-06-30": "2.22200", "2014-03-31": "14.62700", "2013-12-31": "24.30400", "2013-09-30": "13.78900", "2013-06-30": "7.05300", "2013-03-31": "12.95100", "2012-12-31": "27.79000", "2012-09-30": "0.40100", "2012-06-30": "-2.68400", "2012-03-31": "5.91900", "2011-12-31": "3.70400", "2011-09-30": "-2.00800", "2011-06-30": "3.23400", "2011-03-31": "5.56400", "2010-12-31": "-3.94500", "2010-09-30": "1.94300", "2010-06-30": "-9.14000", "2010-03-31": "8.56200", "2009-12-31": "10.18900", "2009-09-30": "7.46500", "2009-06-30": "11.83000", "2009-03-31": "12.33500", "2008-12-31": "6.28800", "2008-09-30": "3.44100", "2008-06-30": "2.58400", "2008-03-31": "2.16600", "2007-12-31": "0.17700", "2007-09-30": "2.95700", "2007-06-30": "-0.93900", "2007-03-31": "-0.24400", "2006-12-31": "0.67100", "2006-09-30": "-2.05900", "2006-06-30": "-2.95800", "2006-03-31": "-2.76800", "2005-12-31": "0.02200", "2005-09-30": "2.02600", "2005-06-30": "-0.13000", "2005-03-31": "-0.70000"}, "Total Non-Operating Income/Expense": {"2020-09-30": "17.51200", "2020-06-30": "18.38800", "2020-03-31": "-24.86400", "2019-12-31": "1.40800", "2019-09-30": "-1.09100", "2019-06-30": "2.70400", "2019-03-31": "-2.98900", "2018-12-31": "2.49200", "2018-09-30": "1.08200", "2018-06-30": "1.87300", "2018-03-31": "0.04200", "2017-12-31": "-1.22700", "2017-09-30": "-4.91200", "2017-06-30": "-1.47400", "2017-03-31": "0.67100", "2016-12-31": "6.16800", "2016-09-30": "0.01700", "2016-06-30": "-0.86200", "2016-03-31": "-0.63200", "2015-12-31": "-0.29300", "2015-09-30": "-0.46500", "2015-06-30": "-0.74900", "2015-03-31": "-2.64900", "2014-12-31": "-0.97900", "2014-09-30": "-2.64500", "2014-06-30": "0.16500", "2014-03-31": "-0.08600", "2013-12-31": "0.00400", "2013-09-30": "-0.37900", "2013-06-30": "-0.39600", "2013-03-31": "-0.93300", "2012-12-31": "0.36000", "2012-09-30": "-0.36900", "2012-06-30": "-0.48400", "2012-03-31": "0.01200", "2011-12-31": "-0.46500", "2011-09-30": "-0.44300", "2011-06-30": "0.09700", "2011-03-31": "1.13000", "2010-12-31": "-1.24400", "2010-09-30": "2.26500", "2010-06-30": "-2.37000", "2010-03-31": "-2.26800", "2009-12-31": "0.57400", "2009-09-30": "1.06100", "2009-06-30": "3.88600", "2009-03-31": "0.07500", "2008-12-31": "-1.53900", "2008-09-30": "-0.72400", "2008-06-30": "1.44500", "2008-03-31": "2.01100", "2007-12-31": "1.97400", "2007-09-30": "2.19700", "2007-06-30": "2.01900", "2007-03-31": "1.80100", "2006-12-31": "2.08500", "2006-09-30": "2.06900", "2006-06-30": "2.34000", "2006-03-31": "1.80700", "2005-12-31": "1.30700", "2005-09-30": "1.31000", "2005-06-30": "0.61100", "2005-03-31": "0.87300"}, "Pre-Tax Income": {"2020-09-30": "-44.32000", "2020-06-30": "-33.05900", "2020-03-31": "-49.18200", "2019-12-31": "-0.33700", "2019-09-30": "-47.85800", "2019-06-30": "-49.63400", "2019-03-31": "-37.01700", "2018-12-31": "17.94500", "2018-09-30": "-16.17600", "2018-06-30": "-21.29000", "2018-03-31": "7.97800", "2017-12-31": "37.29100", "2017-09-30": "-7.21300", "2017-06-30": "-10.42100", "2017-03-31": "66.57800", "2016-12-31": "30.82900", "2016-09-30": "5.51500", "2016-06-30": "5.49800", "2016-03-31": "13.49300", "2015-12-31": "36.49800", "2015-09-30": "10.24600", "2015-06-30": "4.50100", "2015-03-31": "9.26000", "2014-12-31": "28.71400", "2014-09-30": "2.35200", "2014-06-30": "2.38700", "2014-03-31": "14.54100", "2013-12-31": "24.30800", "2013-09-30": "13.41000", "2013-06-30": "6.65700", "2013-03-31": "12.01800", "2012-12-31": "28.15000", "2012-09-30": "0.03200", "2012-06-30": "-3.16800", "2012-03-31": "5.93100", "2011-12-31": "3.23900", "2011-09-30": "-2.45100", "2011-06-30": "3.33100", "2011-03-31": "6.69400", "2010-12-31": "-5.18900", "2010-09-30": "4.20800", "2010-06-30": "-11.51000", "2010-03-31": "6.29400", "2009-12-31": "10.76300", "2009-09-30": "8.52600", "2009-06-30": "15.71600", "2009-03-31": "12.41000", "2008-12-31": "4.74900", "2008-09-30": "2.71700", "2008-06-30": "4.02900", "2008-03-31": "4.17700", "2007-12-31": "2.15100", "2007-09-30": "5.15400", "2007-06-30": "1.08000", "2007-03-31": "1.55700", "2006-12-31": "2.75600", "2006-09-30": "0.01000", "2006-06-30": "-0.61800", "2006-03-31": "-0.96100", "2005-12-31": "1.32900", "2005-09-30": "3.33600", "2005-06-30": "0.48100", "2005-03-31": "0.17300"}, "Income Taxes": {"2020-09-30": "-25.05300", "2020-06-30": "-12.31900", "2020-03-31": "-23.81000", "2019-12-31": "-1.25500", "2019-09-30": "-17.52000", "2019-06-30": "-17.33800", "2019-03-31": "-8.30000", "2018-12-31": "1.53200", "2018-09-30": "-8.58900", "2018-06-30": "-10.88100", "2018-03-31": "-4.22200", "2017-12-31": "-3.30400", "2017-09-30": "-8.50100", "2017-06-30": "-14.12300", "2017-03-31": "13.61500", "2016-12-31": "4.05100", "2016-09-30": "2.21400", "2016-06-30": "0.96200", "2016-03-31": "3.09300", "2015-12-31": "15.54000", "2015-09-30": "3.92100", "2015-06-30": "1.39700", "2015-03-31": "3.32500", "2014-12-31": "8.61000", "2014-09-30": "0.47000", "2014-06-30": "0.88300", "2014-03-31": "4.77600", "2013-12-31": "8.74700", "2013-09-30": "4.70000", "2013-06-30": "1.95400", "2013-03-31": "2.94900", "2012-12-31": "7.74100", "2012-09-30": "0.36300", "2012-06-30": "-0.90100", "2012-03-31": "1.87400", "2011-12-31": "5.09400", "2011-09-30": "-7.41000", "2011-06-30": "1.05800", "2011-03-31": "1.96300", "2010-12-31": "-0.49600", "2010-09-30": "1.06900", "2010-06-30": "-3.32200", "2010-03-31": "2.44300", "2009-12-31": "4.43500", "2009-09-30": "2.52500", "2009-06-30": "4.47500", "2009-03-31": "3.76800", "2008-12-31": "1.91900", "2008-09-30": "0.36600", "2008-06-30": "1.17700", "2008-03-31": "1.23300", "2007-12-31": "0.73300", "2007-09-30": "1.64400", "2007-06-30": "0.43300", "2007-03-31": "0.53700", "2006-12-31": "-0.66600", "2006-09-30": "0.42000", "2006-06-30": "-0.35900", "2006-03-31": "-0.05000", "2005-12-31": "-1.18600", "2005-09-30": "1.08800", "2005-06-30": "0.12500", "2005-03-31": "0.10000"}, "Income After Taxes": {"2020-09-30": "-19.26700", "2020-06-30": "-20.74000", "2020-03-31": "-25.37200", "2019-12-31": "0.91800", "2019-09-30": "-30.33800", "2019-06-30": "-32.29600", "2019-03-31": "-28.71700", "2018-12-31": "16.41300", "2018-09-30": "-7.58700", "2018-06-30": "-10.40900", "2018-03-31": "12.20000", "2017-12-31": "40.59500", "2017-09-30": "1.28800", "2017-06-30": "3.70200", "2017-03-31": "52.96300", "2016-12-31": "26.77800", "2016-09-30": "3.30100", "2016-06-30": "4.53600", "2016-03-31": "10.40000", "2015-12-31": "20.95800", "2015-09-30": "6.32500", "2015-06-30": "3.10400", "2015-03-31": "5.93500", "2014-12-31": "20.10400", "2014-09-30": "1.88200", "2014-06-30": "1.50400", "2014-03-31": "9.76500", "2013-12-31": "15.56100", "2013-09-30": "8.71000", "2013-06-30": "4.70300", "2013-03-31": "9.06900", "2012-12-31": "20.40900", "2012-09-30": "-0.33100", "2012-06-30": "-2.26700", "2012-03-31": "4.05700", "2011-12-31": "-1.85500", "2011-09-30": "4.95900", "2011-06-30": "2.27300", "2011-03-31": "4.73100", "2010-12-31": "-4.69300", "2010-09-30": "3.13900", "2010-06-30": "-8.18800", "2010-03-31": "3.85100", "2009-12-31": "6.32800", "2009-09-30": "6.00100", "2009-06-30": "11.24100", "2009-03-31": "8.64200", "2008-12-31": "2.83000", "2008-09-30": "2.35100", "2008-06-30": "2.85200", "2008-03-31": "2.94400", "2007-12-31": "1.41800", "2007-09-30": "3.51000", "2007-06-30": "0.64700", "2007-03-31": "1.02000", "2006-12-31": "3.42200", "2006-09-30": "-0.41000", "2006-06-30": "-0.25900", "2006-03-31": "-0.91100", "2005-12-31": "2.51500", "2005-09-30": "2.24800", "2005-06-30": "0.35600", "2005-03-31": "0.07300"}, "Other Income": {"2020-09-30": "", "2020-06-30": "", "2020-03-31": "", "2019-12-31": "", "2019-09-30": "", "2019-06-30": "", "2019-03-31": "", "2018-12-31": "", "2018-09-30": "", "2018-06-30": "", "2018-03-31": "", "2017-12-31": "", "2017-09-30": "", "2017-06-30": "", "2017-03-31": "", "2016-12-31": "", "2016-09-30": "", "2016-06-30": "", "2016-03-31": "", "2015-12-31": "", "2015-09-30": "", "2015-06-30": "", "2015-03-31": "", "2014-12-31": "", "2014-09-30": "", "2014-06-30": "", "2014-03-31": "", "2013-12-31": "", "2013-09-30": "", "2013-06-30": "", "2013-03-31": "", "2012-12-31": "", "2012-09-30": "", "2012-06-30": "", "2012-03-31": "", "2011-12-31": "", "2011-09-30": "", "2011-06-30": "", "2011-03-31": "", "2010-12-31": "", "2010-09-30": "", "2010-06-30": "", "2010-03-31": "", "2009-12-31": "", "2009-09-30": "", "2009-06-30": "", "2009-03-31": "", "2008-12-31": "", "2008-09-30": "", "2008-06-30": "", "2008-03-31": "", "2007-12-31": "", "2007-09-30": "", "2007-06-30": "", "2007-03-31": "", "2006-12-31": "", "2006-09-30": "", "2006-06-30": "", "2006-03-31": "", "2005-12-31": "", "2005-09-30": "", "2005-06-30": "", "2005-03-31": ""}, "Income From Continuous Operations": {"2020-09-30": "-19.26700", "2020-06-30": "-20.74000", "2020-03-31": "-25.37200", "2019-12-31": "0.91800", "2019-09-30": "-30.33800", "2019-06-30": "-32.29600", "2019-03-31": "-28.71700", "2018-12-31": "16.41300", "2018-09-30": "-7.58700", "2018-06-30": "-10.40900", "2018-03-31": "12.20000", "2017-12-31": "40.59500", "2017-09-30": "1.28800", "2017-06-30": "3.70200", "2017-03-31": "52.96300", "2016-12-31": "26.77800", "2016-09-30": "3.30100", "2016-06-30": "4.53600", "2016-03-31": "10.40000", "2015-12-31": "20.95800", "2015-09-30": "6.32500", "2015-06-30": "3.10400", "2015-03-31": "5.93500", "2014-12-31": "20.10400", "2014-09-30": "1.88200", "2014-06-30": "1.50400", "2014-03-31": "9.76500", "2013-12-31": "15.56100", "2013-09-30": "8.71000", "2013-06-30": "4.70300", "2013-03-31": "9.06900", "2012-12-31": "20.40900", "2012-09-30": "-0.33100", "2012-06-30": "-2.26700", "2012-03-31": "4.05700", "2011-12-31": "-1.85500", "2011-09-30": "4.95900", "2011-06-30": "2.27300", "2011-03-31": "4.73100", "2010-12-31": "-4.69300", "2010-09-30": "3.13900", "2010-06-30": "-8.18800", "2010-03-31": "3.85100", "2009-12-31": "6.32800", "2009-09-30": "6.00100", "2009-06-30": "11.24100", "2009-03-31": "8.64200", "2008-12-31": "2.83000", "2008-09-30": "2.35100", "2008-06-30": "2.85200", "2008-03-31": "2.94400", "2007-12-31": "1.41800", "2007-09-30": "3.51000", "2007-06-30": "0.64700", "2007-03-31": "1.02000", "2006-12-31": "3.42200", "2006-09-30": "-0.41000", "2006-06-30": "-0.25900", "2006-03-31": "-0.91100", "2005-12-31": "2.51500", "2005-09-30": "2.24800", "2005-06-30": "0.35600", "2005-03-31": "0.07300"}, "Income From Discontinued Operations": {"2020-09-30": "", "2020-06-30": "", "2020-03-31": "", "2019-12-31": "", "2019-09-30": "", "2019-06-30": "", "2019-03-31": "", "2018-12-31": "", "2018-09-30": "", "2018-06-30": "", "2018-03-31": "", "2017-12-31": "", "2017-09-30": "", "2017-06-30": "", "2017-03-31": "", "2016-12-31": "", "2016-09-30": "", "2016-06-30": "", "2016-03-31": "", "2015-12-31": "", "2015-09-30": "", "2015-06-30": "", "2015-03-31": "", "2014-12-31": "", "2014-09-30": "", "2014-06-30": "", "2014-03-31": "", "2013-12-31": "", "2013-09-30": "", "2013-06-30": "", "2013-03-31": "", "2012-12-31": "", "2012-09-30": "", "2012-06-30": "", "2012-03-31": "", "2011-12-31": "", "2011-09-30": "", "2011-06-30": "", "2011-03-31": "", "2010-12-31": "", "2010-09-30": "", "2010-06-30": "", "2010-03-31": "", "2009-12-31": "", "2009-09-30": "", "2009-06-30": "", "2009-03-31": "", "2008-12-31": "", "2008-09-30": "", "2008-06-30": "", "2008-03-31": "", "2007-12-31": "", "2007-09-30": "", "2007-06-30": "", "2007-03-31": "", "2006-12-31": "", "2006-09-30": "", "2006-06-30": "", "2006-03-31": "", "2005-12-31": "", "2005-09-30": "", "2005-06-30": "", "2005-03-31": ""}, "Net Income": {"2020-09-30": "-19.26700", "2020-06-30": "-20.74000", "2020-03-31": "-25.37200", "2019-12-31": "0.91800", "2019-09-30": "-30.33800", "2019-06-30": "-32.29600", "2019-03-31": "-28.71700", "2018-12-31": "16.41300", "2018-09-30": "-7.58700", "2018-06-30": "-10.40900", "2018-03-31": "12.20000", "2017-12-31": "40.59500", "2017-09-30": "1.28800", "2017-06-30": "3.70200", "2017-03-31": "52.96300", "2016-12-31": "26.77800", "2016-09-30": "3.30100", "2016-06-30": "4.53600", "2016-03-31": "10.40000", "2015-12-31": "20.95800", "2015-09-30": "6.32500", "2015-06-30": "3.10400", "2015-03-31": "5.93500", "2014-12-31": "20.10400", "2014-09-30": "1.88200", "2014-06-30": "1.50400", "2014-03-31": "9.76500", "2013-12-31": "15.56100", "2013-09-30": "8.71000", "2013-06-30": "4.70300", "2013-03-31": "9.06900", "2012-12-31": "20.40900", "2012-09-30": "-0.33100", "2012-06-30": "-2.26700", "2012-03-31": "4.05700", "2011-12-31": "-1.85500", "2011-09-30": "4.95900", "2011-06-30": "2.27300", "2011-03-31": "4.73100", "2010-12-31": "-4.69300", "2010-09-30": "3.13900", "2010-06-30": "-8.18800", "2010-03-31": "3.85100", "2009-12-31": "6.32800", "2009-09-30": "6.00100", "2009-06-30": "11.24100", "2009-03-31": "8.64200", "2008-12-31": "2.83000", "2008-09-30": "2.35100", "2008-06-30": "2.85200", "2008-03-31": "2.94400", "2007-12-31": "1.41800", "2007-09-30": "3.51000", "2007-06-30": "0.64700", "2007-03-31": "1.02000", "2006-12-31": "3.42200", "2006-09-30": "-0.41000", "2006-06-30": "-0.25900", "2006-03-31": "-0.91100", "2005-12-31": "2.51500", "2005-09-30": "2.24800", "2005-06-30": "0.35600", "2005-03-31": "0.07300"}, "EBITDA": {"2020-09-30": "-42.80400", "2020-06-30": "-34.35400", "2020-03-31": "-9.18300", "2019-12-31": "9.43500", "2019-09-30": "-33.66900", "2019-06-30": "-40.63900", "2019-03-31": "-18.65700", "2018-12-31": "27.87300", "2018-09-30": "-6.43700", "2018-06-30": "-12.56400", "2018-03-31": "18.25800", "2017-12-31": "58.01500", "2017-09-30": "4.04600", "2017-06-30": "-2.67900", "2017-03-31": "71.99500", "2016-12-31": "44.33800", "2016-09-30": "11.71900", "2016-06-30": "12.56900", "2016-03-31": "19.59100", "2015-12-31": "44.55200", "2015-09-30": "17.02300", "2015-06-30": "10.88400", "2015-03-31": "17.53300", "2014-12-31": "37.79400", "2014-09-30": "10.75200", "2014-06-30": "7.78800", "2014-03-31": "20.47300", "2013-12-31": "31.94200", "2013-09-30": "18.54300", "2013-06-30": "11.74500", "2013-03-31": "17.67800", "2012-12-31": "33.78900", "2012-09-30": "5.41100", "2012-06-30": "1.60600", "2012-03-31": "10.60500", "2011-12-31": "9.36700", "2011-09-30": "2.41200", "2011-06-30": "7.45100", "2011-03-31": "9.57500", "2010-12-31": "2.06900", "2010-09-30": "5.22500", "2010-06-30": "-7.19800", "2010-03-31": "10.30600", "2009-12-31": "11.91600", "2009-09-30": "9.27200", "2009-06-30": "13.45500", "2009-03-31": "13.88700", "2008-12-31": "7.88100", "2008-09-30": "4.68000", "2008-06-30": "3.46600", "2008-03-31": "2.71300", "2007-12-31": "0.48300", "2007-09-30": "3.65100", "2007-06-30": "-0.30000", "2007-03-31": "0.30900", "2006-12-31": "1.23500", "2006-09-30": "-1.57600", "2006-06-30": "-2.49600", "2006-03-31": "-2.15700", "2005-12-31": "0.60000", "2005-09-30": "2.31800", "2005-06-30": "0.31100", "2005-03-31": "-0.30400"}, "EBIT": {"2020-09-30": "-61.83200", "2020-06-30": "-51.44700", "2020-03-31": "-24.31800", "2019-12-31": "-1.74500", "2019-09-30": "-46.76700", "2019-06-30": "-52.33800", "2019-03-31": "-34.02800", "2018-12-31": "15.45290", "2018-09-30": "-17.25800", "2018-06-30": "-23.16300", "2018-03-31": "7.93600", "2017-12-31": "38.51800", "2017-09-30": "-2.30100", "2017-06-30": "-8.94700", "2017-03-31": "65.90700", "2016-12-31": "24.66100", "2016-09-30": "5.49800", "2016-06-30": "6.36000", "2016-03-31": "14.12500", "2015-12-31": "36.79100", "2015-09-30": "10.71100", "2015-06-30": "5.25000", "2015-03-31": "11.90900", "2014-12-31": "29.69300", "2014-09-30": "4.99700", "2014-06-30": "2.22200", "2014-03-31": "14.62700", "2013-12-31": "24.30400", "2013-09-30": "13.78900", "2013-06-30": "7.05300", "2013-03-31": "12.95100", "2012-12-31": "27.79000", "2012-09-30": "0.40100", "2012-06-30": "-2.68400", "2012-03-31": "5.91900", "2011-12-31": "3.70400", "2011-09-30": "-2.00800", "2011-06-30": "3.23400", "2011-03-31": "5.56400", "2010-12-31": "-3.94500", "2010-09-30": "1.94300", "2010-06-30": "-9.14000", "2010-03-31": "8.56200", "2009-12-31": "10.18900", "2009-09-30": "7.46500", "2009-06-30": "11.83000", "2009-03-31": "12.33500", "2008-12-31": "6.28800", "2008-09-30": "3.44100", "2008-06-30": "2.58400", "2008-03-31": "2.16600", "2007-12-31": "0.17700", "2007-09-30": "2.95700", "2007-06-30": "-0.93900", "2007-03-31": "-0.24400", "2006-12-31": "0.67100", "2006-09-30": "-2.05900", "2006-06-30": "-2.95800", "2006-03-31": "-2.76800", "2005-12-31": "0.02200", "2005-09-30": "2.02600", "2005-06-30": "-0.13000", "2005-03-31": "-0.70000"}, "Basic Shares Outstanding": {"2020-09-30": "80.53700", "2020-06-30": "80.22400", "2020-03-31": "79.80800", "2019-12-31": "79.05500", "2019-09-30": "79.20000", "2019-06-30": "78.98700", "2019-03-31": "78.58400", "2018-12-31": "78.56400", "2018-09-30": "78.70000", "2018-06-30": "78.63500", "2018-03-31": "78.23600", "2017-12-31": "77.43100", "2017-09-30": "77.69100", "2017-06-30": "77.31300", "2017-03-31": "76.76100", "2016-12-31": "76.34300", "2016-09-30": "76.27800", "2016-06-30": "76.31800", "2016-03-31": "76.37500", "2015-12-31": "76.50700", "2015-09-30": "76.53400", "2015-06-30": "76.62600", "2015-03-31": "76.40100", "2014-12-31": "76.32700", "2014-09-30": "76.35100", "2014-06-30": "76.28600", "2014-03-31": "76.29800", "2013-12-31": "75.94600", "2013-09-30": "75.91000", "2013-06-30": "75.89800", "2013-03-31": "75.89400", "2012-12-31": "75.70600", "2012-09-30": "75.76200", "2012-06-30": "75.73000", "2012-03-31": "75.51200", "2011-12-31": "74.99200", "2011-09-30": "75.17600", "2011-06-30": "74.81000", "2011-03-31": "74.55200", "2010-12-31": "74.06200", "2010-09-30": "73.99200", "2010-06-30": "74.10800", "2010-03-31": "73.74600", "2009-12-31": "72.41600", "2009-09-30": "72.92400", "2009-06-30": "71.93000", "2009-03-31": "71.34000", "2008-12-31": "72.29200", "2008-09-30": "72.83800", "2008-06-30": "72.52800", "2008-03-31": "72.19600", "2007-12-31": "71.75000", "2007-09-30": "72.45000", "2007-06-30": "71.34000", "2007-03-31": "70.69800", "2006-12-31": "70.45800", "2006-09-30": "70.49800", "2006-06-30": "71.12200", "2006-03-31": "71.14400", "2005-12-31": "71.54800", "2005-09-30": "71.35000", "2005-06-30": "71.76200", "2005-03-31": "72.08800"}, "Shares Outstanding": {"2020-09-30": "80.53700", "2020-06-30": "80.22400", "2020-03-31": "79.80800", "2019-12-31": "79.05500", "2019-09-30": "79.20000", "2019-06-30": "78.98700", "2019-03-31": "78.58400", "2018-12-31": "83.06400", "2018-09-30": "78.70000", "2018-06-30": "78.63500", "2018-03-31": "83.10200", "2017-12-31": "82.83200", "2017-09-30": "83.32300", "2017-06-30": "82.94500", "2017-03-31": "81.87500", "2016-12-31": "79.73200", "2016-09-30": "79.54800", "2016-06-30": "79.42200", "2016-03-31": "79.23500", "2015-12-31": "79.04300", "2015-09-30": "79.17400", "2015-06-30": "78.95000", "2015-03-31": "78.59200", "2014-12-31": "78.53100", "2014-09-30": "78.65300", "2014-06-30": "78.28000", "2014-03-31": "78.66100", "2013-12-31": "77.97400", "2013-09-30": "78.15800", "2013-06-30": "77.49800", "2013-03-31": "77.57600", "2012-12-31": "77.71800", "2012-09-30": "75.76200", "2012-06-30": "75.73000", "2012-03-31": "77.77800", "2011-12-31": "78.80800", "2011-09-30": "77.86000", "2011-06-30": "77.70200", "2011-03-31": "77.60600", "2010-12-31": "74.06200", "2010-09-30": "77.06800", "2010-06-30": "74.10800", "2010-03-31": "77.40400", "2009-12-31": "76.22600", "2009-09-30": "76.88200", "2009-06-30": "75.99000", "2009-03-31": "74.84200", "2008-12-31": "75.21000", "2008-09-30": "76.42400", "2008-06-30": "75.60200", "2008-03-31": "74.62200", "2007-12-31": "74.86600", "2007-09-30": "77.08400", "2007-06-30": "76.03400", "2007-03-31": "75.22800", "2006-12-31": "74.26800", "2006-09-30": "70.49800", "2006-06-30": "71.12200", "2006-03-31": "71.14400", "2005-12-31": "72.92400", "2005-09-30": "72.72400", "2005-06-30": "72.91000", "2005-03-31": "73.65800"}, "Basic EPS": {"2020-09-30": "-0.24000", "2020-06-30": "-0.26000", "2020-03-31": "-0.32000", "2019-12-31": "0.02000", "2019-09-30": "-0.38000", "2019-06-30": "-0.41000", "2019-03-31": "-0.37000", "2018-12-31": "0.21000", "2018-09-30": "-0.10000", "2018-06-30": "-0.13000", "2018-03-31": "0.16000", "2017-12-31": "0.52000", "2017-09-30": "0.01000", "2017-06-30": "0.05000", "2017-03-31": "0.69000", "2016-12-31": "0.35000", "2016-09-30": "0.04000", "2016-06-30": "0.06000", "2016-03-31": "0.14000", "2015-12-31": "0.27000", "2015-09-30": "0.08000", "2015-06-30": "0.04000", "2015-03-31": "0.08000", "2014-12-31": "0.27000", "2014-09-30": "0.02000", "2014-06-30": "0.02000", "2014-03-31": "0.13000", "2013-12-31": "0.21000", "2013-09-30": "0.11000", "2013-06-30": "0.06000", "2013-03-31": "0.12000", "2012-12-31": "0.27000", "2012-09-30": "-0.00500", "2012-06-30": "-0.03000", "2012-03-31": "0.05500", "2011-12-31": "-0.02500", "2011-09-30": "0.06500", "2011-06-30": "0.03000", "2011-03-31": "0.06500", "2010-12-31": "-0.06000", "2010-09-30": "0.04000", "2010-06-30": "-0.11000", "2010-03-31": "0.05000", "2009-12-31": "0.09000", "2009-09-30": "0.08000", "2009-06-30": "0.15500", "2009-03-31": "0.12000", "2008-12-31": "0.04000", "2008-09-30": "0.03000", "2008-06-30": "0.04000", "2008-03-31": "0.04000", "2007-12-31": "0.01500", "2007-09-30": "0.05000", "2007-06-30": "0.01000", "2007-03-31": "0.01500", "2006-12-31": "0.05000", "2006-09-30": "-0.00500", "2006-06-30": "-0.00500", "2006-03-31": "-0.01500", "2005-12-31": "0.04000", "2005-09-30": "0.03000", "2005-06-30": "0.00500", "2005-03-31": "0.00000"}, "EPS - Earnings Per Share": {"2020-09-30": "-0.24000", "2020-06-30": "-0.26000", "2020-03-31": "-0.32000", "2019-12-31": "0.02000", "2019-09-30": "-0.38000", "2019-06-30": "-0.41000", "2019-03-31": "-0.37000", "2018-12-31": "0.21000", "2018-09-30": "-0.10000", "2018-06-30": "-0.13000", "2018-03-31": "0.15000", "2017-12-31": "0.49000", "2017-09-30": "0.01000", "2017-06-30": "0.04000", "2017-03-31": "0.65000", "2016-12-31": "0.33000", "2016-09-30": "0.04000", "2016-06-30": "0.06000", "2016-03-31": "0.13000", "2015-12-31": "0.26000", "2015-09-30": "0.08000", "2015-06-30": "0.04000", "2015-03-31": "0.08000", "2014-12-31": "0.26000", "2014-09-30": "0.02000", "2014-06-30": "0.02000", "2014-03-31": "0.12000", "2013-12-31": "0.20000", "2013-09-30": "0.11000", "2013-06-30": "0.06000", "2013-03-31": "0.12000", "2012-12-31": "0.26500", "2012-09-30": "-0.00500", "2012-06-30": "-0.03000", "2012-03-31": "0.05000", "2011-12-31": "-0.02500", "2011-09-30": "0.06500", "2011-06-30": "0.03000", "2011-03-31": "0.06000", "2010-12-31": "-0.06000", "2010-09-30": "0.04000", "2010-06-30": "-0.11000", "2010-03-31": "0.05000", "2009-12-31": "0.08000", "2009-09-30": "0.08000", "2009-06-30": "0.15000", "2009-03-31": "0.11500", "2008-12-31": "0.03500", "2008-09-30": "0.03000", "2008-06-30": "0.04000", "2008-03-31": "0.04000", "2007-12-31": "0.02000", "2007-09-30": "0.04500", "2007-06-30": "0.01000", "2007-03-31": "0.01500", "2006-12-31": "0.05000", "2006-09-30": "-0.00500", "2006-06-30": "-0.00500", "2006-03-31": "-0.01500", "2005-12-31": "0.03500", "2005-09-30": "0.03000", "2005-06-30": "0.00500", "2005-03-31": "0.00000"}}, "balance sheet": {"Cash On Hand": {"2019-12-31": "68.36300", "2018-12-31": "207.42300", "2017-12-31": "223.74800", "2016-12-31": "133.76100", "2015-12-31": "219.07800", "2014-12-31": "211.21600", "2013-12-31": "156.69200", "2012-12-31": "122.98500", "2011-12-31": "111.43200", "2010-12-31": "87.25100", "2009-12-31": "202.65300", "2008-12-31": "167.22900", "2007-12-31": "149.98100", "2006-12-31": "127.75800", "2005-12-31": "114.73500"}, "Receivables": {"2019-12-31": "379.93900", "2018-12-31": "353.52800", "2017-12-31": "382.81900", "2016-12-31": "279.18300", "2015-12-31": "216.61600", "2014-12-31": "159.34600", "2013-12-31": "170.03300", "2012-12-31": "140.32700", "2011-12-31": "105.83800", "2010-12-31": "89.16200", "2009-12-31": "47.27100", "2008-12-31": "48.76000", "2007-12-31": "65.10500", "2006-12-31": "53.77500", "2005-12-31": "53.51500"}, "Inventory": {"2019-12-31": "", "2018-12-31": "", "2017-12-31": "", "2016-12-31": "", "2015-12-31": "", "2014-12-31": "", "2013-12-31": "", "2012-12-31": "", "2011-12-31": "", "2010-12-31": "", "2009-12-31": "", "2008-12-31": "", "2007-12-31": "", "2006-12-31": "", "2005-12-31": ""}, "Pre-Paid Expenses": {"2019-12-31": "", "2018-12-31": "", "2017-12-31": "", "2016-12-31": "", "2015-12-31": "", "2014-12-31": "", "2013-12-31": "", "2012-12-31": "", "2011-12-31": "", "2010-12-31": "", "2009-12-31": "", "2008-12-31": "", "2007-12-31": "", "2006-12-31": "", "2005-12-31": ""}, "Other Current Assets": {"2019-12-31": "57.30800", "2018-12-31": "49.68400", "2017-12-31": "41.13500", "2016-12-31": "12.18800", "2015-12-31": "10.79100", "2014-12-31": "9.54400", "2013-12-31": "9.14800", "2012-12-31": "5.49600", "2011-12-31": "4.86500", "2010-12-31": "7.47300", "2009-12-31": "3.79400", "2008-12-31": "3.63700", "2007-12-31": "5.09200", "2006-12-31": "9.06500", "2005-12-31": "4.75200"}, "Total Current Assets": {"2019-12-31": "505.61000", "2018-12-31": "610.63500", "2017-12-31": "647.70200", "2016-12-31": "425.13200", "2015-12-31": "446.48500", "2014-12-31": "393.08000", "2013-12-31": "348.20900", "2012-12-31": "279.01000", "2011-12-31": "231.96100", "2010-12-31": "188.65600", "2009-12-31": "256.24100", "2008-12-31": "223.97700", "2007-12-31": "222.32600", "2006-12-31": "190.59800", "2005-12-31": "173.00200"}, "Property, Plant, And Equipment": {"2019-12-31": "", "2018-12-31": "", "2017-12-31": "", "2016-12-31": "38.28100", "2015-12-31": "31.31900", "2014-12-31": "30.15600", "2013-12-31": "28.95700", "2012-12-31": "30.82700", "2011-12-31": "14.45800", "2010-12-31": "11.01000", "2009-12-31": "8.93100", "2008-12-31": "5.72300", "2007-12-31": "4.18200", "2006-12-31": "2.45300", "2005-12-31": "1.94700"}, "Long-Term Investments": {"2019-12-31": "", "2018-12-31": "", "2017-12-31": "", "2016-12-31": "", "2015-12-31": "", "2014-12-31": "", "2013-12-31": "", "2012-12-31": "", "2011-12-31": "", "2010-12-31": "", "2009-12-31": "", "2008-12-31": "", "2007-12-31": "", "2006-12-31": "", "2005-12-31": ""}, "Goodwill And Intangible Assets": {"2019-12-31": "79.03900", "2018-12-31": "72.85800", "2017-12-31": "72.95200", "2016-12-31": "117.35500", "2015-12-31": "80.19400", "2014-12-31": "92.52400", "2013-12-31": "100.04300", "2012-12-31": "78.68300", "2011-12-31": "89.82000", "2010-12-31": "101.13500", "2009-12-31": "2.72700", "2008-12-31": "2.62000", "2007-12-31": "1.93300", "2006-12-31": "3.40000", "2005-12-31": "3.19100"}, "Other Long-Term Assets": {"2019-12-31": "278.42700", "2018-12-31": "147.82300", "2017-12-31": "131.39100", "2016-12-31": "3.99000", "2015-12-31": "4.03000", "2014-12-31": "2.78300", "2013-12-31": "2.52600", "2012-12-31": "1.68000", "2011-12-31": "2.18600", "2010-12-31": "2.90500", "2009-12-31": "1.19500", "2008-12-31": "", "2007-12-31": "", "2006-12-31": "0.09900", "2005-12-31": "0.14300"}, "Total Long-Term Assets": {"2019-12-31": "479.20200", "2018-12-31": "371.91800", "2017-12-31": "365.05100", "2016-12-31": "229.52400", "2015-12-31": "181.27300", "2014-12-31": "194.72100", "2013-12-31": "188.27100", "2012-12-31": "160.48200", "2011-12-31": "149.75000", "2010-12-31": "148.81900", "2009-12-31": "23.34400", "2008-12-31": "21.87300", "2007-12-31": "20.98100", "2006-12-31": "23.41000", "2005-12-31": "36.65200"}, "Total Assets": {"2019-12-31": "984.81200", "2018-12-31": "982.55300", "2017-12-31": "1012.75300", "2016-12-31": "654.65600", "2015-12-31": "627.75800", "2014-12-31": "587.80100", "2013-12-31": "536.48000", "2012-12-31": "439.49200", "2011-12-31": "381.71100", "2010-12-31": "337.47500", "2009-12-31": "279.58500", "2008-12-31": "245.85000", "2007-12-31": "243.30700", "2006-12-31": "214.00800", "2005-12-31": "209.65400"}, "Total Current Liabilities": {"2019-12-31": "377.95500", "2018-12-31": "331.80900", "2017-12-31": "294.76800", "2016-12-31": "287.47200", "2015-12-31": "267.18800", "2014-12-31": "229.63200", "2013-12-31": "190.38600", "2012-12-31": "155.12500", "2011-12-31": "142.24500", "2010-12-31": "115.05000", "2009-12-31": "67.68900", "2008-12-31": "64.89700", "2007-12-31": "62.77900", "2006-12-31": "43.36900", "2005-12-31": "39.56200"}, "Long Term Debt": {"2019-12-31": "", "2018-12-31": "", "2017-12-31": "", "2016-12-31": "", "2015-12-31": "", "2014-12-31": "", "2013-12-31": "", "2012-12-31": "", "2011-12-31": "", "2010-12-31": "", "2009-12-31": "", "2008-12-31": "", "2007-12-31": "", "2006-12-31": "", "2005-12-31": "0.06300"}, "Other Non-Current Liabilities": {"2019-12-31": "15.23700", "2018-12-31": "29.21300", "2017-12-31": "62.11500", "2016-12-31": "20.30600", "2015-12-31": "21.90600", "2014-12-31": "42.60500", "2013-12-31": "40.11000", "2012-12-31": "29.16900", "2011-12-31": "15.34300", "2010-12-31": "9.00400", "2009-12-31": "6.67700", "2008-12-31": "7.83900", "2007-12-31": "7.58400", "2006-12-31": "2.13700", "2005-12-31": "1.17100"}, "Total Long Term Liabilities": {"2019-12-31": "67.84700", "2018-12-31": "29.21300", "2017-12-31": "62.11500", "2016-12-31": "31.29500", "2015-12-31": "37.71100", "2014-12-31": "63.46400", "2013-12-31": "74.30600", "2012-12-31": "47.88800", "2011-12-31": "30.71000", "2010-12-31": "26.75500", "2009-12-31": "6.67700", "2008-12-31": "7.83900", "2007-12-31": "7.58400", "2006-12-31": "4.48100", "2005-12-31": "2.41000"}, "Total Liabilities": {"2019-12-31": "445.80200", "2018-12-31": "361.02200", "2017-12-31": "356.88300", "2016-12-31": "318.76700", "2015-12-31": "304.89900", "2014-12-31": "293.09600", "2013-12-31": "264.69200", "2012-12-31": "203.01300", "2011-12-31": "172.95500", "2010-12-31": "141.80500", "2009-12-31": "74.36600", "2008-12-31": "72.73600", "2007-12-31": "70.36300", "2006-12-31": "47.85000", "2005-12-31": "41.97200"}, "Common Stock Net": {"2019-12-31": "0.79600", "2018-12-31": "0.78500", "2017-12-31": "0.78100", "2016-12-31": "0.76600", "2015-12-31": "0.76500", "2014-12-31": "0.76400", "2013-12-31": "0.76400", "2012-12-31": "0.37900", "2011-12-31": "0.37700", "2010-12-31": "0.37200", "2009-12-31": "0.36800", "2008-12-31": "0.35800", "2007-12-31": "0.36200", "2006-12-31": "0.35300", "2005-12-31": "0.35600"}, "Retained Earnings (Accumulated Deficit)": {"2019-12-31": "410.91900", "2018-12-31": "510.86300", "2017-12-31": "509.69700", "2016-12-31": "198.31500", "2015-12-31": "180.18300", "2014-12-31": "153.05800", "2013-12-31": "127.82600", "2012-12-31": "94.34900", "2011-12-31": "77.02900", "2010-12-31": "71.43100", "2009-12-31": "81.77600", "2008-12-31": "53.93500", "2007-12-31": "47.32100", "2006-12-31": "46.54900", "2005-12-31": "47.88800"}, "Comprehensive Income": {"2019-12-31": "-13.22800", "2018-12-31": "-13.32200", "2017-12-31": "-6.70500", "2016-12-31": "-7.09500", "2015-12-31": "-3.50700", "2014-12-31": "-0.61200", "2013-12-31": "3.63300", "2012-12-31": "3.17500", "2011-12-31": "1.64900", "2010-12-31": "1.26000", "2009-12-31": "1.68600", "2008-12-31": "0.89500", "2007-12-31": "1.86000", "2006-12-31": "1.13500", "2005-12-31": "0.36300"}, "Other Share Holders Equity": {"2019-12-31": "", "2018-12-31": "", "2017-12-31": "", "2016-12-31": "", "2015-12-31": "", "2014-12-31": "", "2013-12-31": "", "2012-12-31": "", "2011-12-31": "", "2010-12-31": "", "2009-12-31": "", "2008-12-31": "", "2007-12-31": "", "2006-12-31": "0.09400", "2005-12-31": "0.10700"}, "Share Holder Equity": {"2019-12-31": "539.01000", "2018-12-31": "621.53100", "2017-12-31": "655.87000", "2016-12-31": "335.88900", "2015-12-31": "322.85900", "2014-12-31": "294.70500", "2013-12-31": "271.78800", "2012-12-31": "236.47900", "2011-12-31": "208.75600", "2010-12-31": "195.67000", "2009-12-31": "205.21900", "2008-12-31": "173.11400", "2007-12-31": "172.94400", "2006-12-31": "166.15800", "2005-12-31": "167.68200"}, "Total Liabilities And Share Holders Equity": {"2019-12-31": "984.81200", "2018-12-31": "982.55300", "2017-12-31": "1012.75300", "2016-12-31": "654.65600", "2015-12-31": "627.75800", "2014-12-31": "587.80100", "2013-12-31": "536.48000", "2012-12-31": "439.49200", "2011-12-31": "381.71100", "2010-12-31": "337.47500", "2009-12-31": "279.58500", "2008-12-31": "245.85000", "2007-12-31": "243.30700", "2006-12-31": "214.00800", "2005-12-31": "209.65400"}}, "balance sheet, quarterly": {"Cash On Hand": {"2020-09-30": "468.02800", "2020-06-30": "512.11100", "2020-03-31": "538.14200", "2019-12-31": "68.36300", "2019-09-30": "112.56900", "2019-06-30": "155.04900", "2019-03-31": "202.17100", "2018-12-31": "207.42300", "2018-09-30": "205.97700", "2018-06-30": "243.58300", "2018-03-31": "254.83700", "2017-12-31": "223.74800", "2017-09-30": "194.38000", "2017-06-30": "180.04000", "2017-03-31": "147.78600", "2016-12-31": "133.76100", "2016-09-30": "129.73000", "2016-06-30": "137.56900", "2016-03-31": "193.91300", "2015-12-31": "219.07800", "2015-09-30": "224.01600", "2015-06-30": "226.93200", "2015-03-31": "225.35700", "2014-12-31": "211.21600", "2014-09-30": "228.57100", "2014-06-30": "216.21300", "2014-03-31": "220.96400", "2013-12-31": "156.69200", "2013-09-30": "188.44500", "2013-06-30": "173.81100", "2013-03-31": "180.85500", "2012-12-31": "122.98500", "2012-09-30": "111.32900", "2012-06-30": "102.86400", "2012-03-31": "88.06000", "2011-12-31": "111.43200", "2011-09-30": "98.27400", "2011-06-30": "99.61700", "2011-03-31": "76.81500", "2010-12-31": "87.25100", "2010-09-30": "68.85300", "2010-06-30": "74.04100", "2010-03-31": "202.06500", "2009-12-31": "202.65300", "2009-09-30": "198.35500", "2009-06-30": "190.06200", "2009-03-31": "173.03100", "2008-12-31": "167.22900", "2008-09-30": "171.42100", "2008-06-30": "176.84300", "2008-03-31": "160.86300", "2007-12-31": "149.98100", "2007-09-30": "145.21500", "2007-06-30": "141.13100", "2007-03-31": "132.76400", "2006-12-31": "127.75800", "2006-09-30": "128.85300", "2006-06-30": "126.07100", "2006-03-31": "116.97300", "2005-12-31": "114.73500", "2005-09-30": "108.62900", "2005-06-30": "109.78000", "2005-03-31": "107.37700"}, "Receivables": {"2020-09-30": "346.77600", "2020-06-30": "379.93900", "2020-03-31": "373.93200", "2019-12-31": "379.93900", "2019-09-30": "295.35800", "2019-06-30": "304.51900", "2019-03-31": "296.83200", "2018-12-31": "353.52800", "2018-09-30": "306.69700", "2018-06-30": "292.73800", "2018-03-31": "318.63800", "2017-12-31": "382.81900", "2017-09-30": "226.02500", "2017-06-30": "239.10100", "2017-03-31": "274.13700", "2016-12-31": "279.18300", "2016-09-30": "222.20100", "2016-06-30": "212.36100", "2016-03-31": "207.29700", "2015-12-31": "216.61600", "2015-09-30": "143.94000", "2015-06-30": "144.01400", "2015-03-31": "156.52500", "2014-12-31": "159.34600", "2014-09-30": "115.38800", "2014-06-30": "126.33200", "2014-03-31": "113.44600", "2013-12-31": "170.03300", "2013-09-30": "94.78200", "2013-06-30": "102.25300", "2013-03-31": "75.28700", "2012-12-31": "140.32700", "2012-09-30": "91.62500", "2012-06-30": "102.57700", "2012-03-31": "115.12200", "2011-12-31": "105.83800", "2011-09-30": "100.39300", "2011-06-30": "109.46800", "2011-03-31": "118.57900", "2010-12-31": "89.16200", "2010-09-30": "95.40900", "2010-06-30": "84.54800", "2010-03-31": "54.85200", "2009-12-31": "47.27100", "2009-09-30": "41.38800", "2009-06-30": "43.73500", "2009-03-31": "51.50400", "2008-12-31": "48.76000", "2008-09-30": "39.34100", "2008-06-30": "41.26700", "2008-03-31": "56.42600", "2007-12-31": "65.10500", "2007-09-30": "49.89700", "2007-06-30": "50.33000", "2007-03-31": "51.76500", "2006-12-31": "53.77500", "2006-09-30": "48.35500", "2006-06-30": "48.94800", "2006-03-31": "59.11900", "2005-12-31": "53.51500", "2005-09-30": "51.78700", "2005-06-30": "46.19100", "2005-03-31": "47.55200"}, "Inventory": {"2020-09-30": "", "2020-06-30": "", "2020-03-31": "", "2019-12-31": "", "2019-09-30": "", "2019-06-30": "", "2019-03-31": "", "2018-12-31": "", "2018-09-30": "", "2018-06-30": "", "2018-03-31": "", "2017-12-31": "", "2017-09-30": "", "2017-06-30": "", "2017-03-31": "", "2016-12-31": "", "2016-09-30": "", "2016-06-30": "", "2016-03-31": "", "2015-12-31": "", "2015-09-30": "", "2015-06-30": "", "2015-03-31": "", "2014-12-31": "", "2014-09-30": "", "2014-06-30": "", "2014-03-31": "", "2013-12-31": "", "2013-09-30": "", "2013-06-30": "", "2013-03-31": "", "2012-12-31": "", "2012-09-30": "", "2012-06-30": "", "2012-03-31": "", "2011-12-31": "", "2011-09-30": "", "2011-06-30": "", "2011-03-31": "", "2010-12-31": "", "2010-09-30": "", "2010-06-30": "", "2010-03-31": "", "2009-12-31": "", "2009-09-30": "", "2009-06-30": "", "2009-03-31": "", "2008-12-31": "", "2008-09-30": "", "2008-06-30": "", "2008-03-31": "", "2007-12-31": "", "2007-09-30": "", "2007-06-30": "", "2007-03-31": "", "2006-12-31": "", "2006-09-30": "", "2006-06-30": "", "2006-03-31": "", "2005-12-31": "", "2005-09-30": "", "2005-06-30": "", "2005-03-31": ""}, "Pre-Paid Expenses": {"2020-09-30": "", "2020-06-30": "", "2020-03-31": "", "2019-12-31": "", "2019-09-30": "", "2019-06-30": "", "2019-03-31": "", "2018-12-31": "", "2018-09-30": "", "2018-06-30": "", "2018-03-31": "", "2017-12-31": "", "2017-09-30": "", "2017-06-30": "", "2017-03-31": "", "2016-12-31": "", "2016-09-30": "", "2016-06-30": "", "2016-03-31": "", "2015-12-31": "", "2015-09-30": "", "2015-06-30": "", "2015-03-31": "", "2014-12-31": "", "2014-09-30": "", "2014-06-30": "", "2014-03-31": "", "2013-12-31": "", "2013-09-30": "", "2013-06-30": "", "2013-03-31": "", "2012-12-31": "", "2012-09-30": "", "2012-06-30": "", "2012-03-31": "", "2011-12-31": "", "2011-09-30": "", "2011-06-30": "", "2011-03-31": "", "2010-12-31": "", "2010-09-30": "", "2010-06-30": "", "2010-03-31": "", "2009-12-31": "", "2009-09-30": "", "2009-06-30": "", "2009-03-31": "", "2008-12-31": "", "2008-09-30": "", "2008-06-30": "", "2008-03-31": "", "2007-12-31": "", "2007-09-30": "", "2007-06-30": "", "2007-03-31": "", "2006-12-31": "", "2006-09-30": "4.70100", "2006-06-30": "3.27400", "2006-03-31": "2.87100", "2005-12-31": "", "2005-09-30": "1.88100", "2005-06-30": "1.46800", "2005-03-31": "1.51700"}, "Other Current Assets": {"2020-09-30": "89.40600", "2020-06-30": "77.88900", "2020-03-31": "72.00000", "2019-12-31": "57.30800", "2019-09-30": "58.20400", "2019-06-30": "77.29000", "2019-03-31": "63.73100", "2018-12-31": "49.68400", "2018-09-30": "73.46400", "2018-06-30": "63.86400", "2018-03-31": "50.69200", "2017-12-31": "41.13500", "2017-09-30": "17.67900", "2017-06-30": "18.50500", "2017-03-31": "19.65200", "2016-12-31": "12.18800", "2016-09-30": "14.31900", "2016-06-30": "22.16100", "2016-03-31": "23.19900", "2015-12-31": "10.79100", "2015-09-30": "12.31000", "2015-06-30": "12.53600", "2015-03-31": "13.27700", "2014-12-31": "9.54400", "2014-09-30": "10.09600", "2014-06-30": "8.98200", "2014-03-31": "8.53700", "2013-12-31": "9.14800", "2013-09-30": "6.92900", "2013-06-30": "6.20400", "2013-03-31": "5.73500", "2012-12-31": "5.49600", "2012-09-30": "6.27600", "2012-06-30": "5.51200", "2012-03-31": "5.98900", "2011-12-31": "4.86500", "2011-09-30": "7.68000", "2011-06-30": "6.30200", "2011-03-31": "8.44800", "2010-12-31": "7.47300", "2010-09-30": "", "2010-06-30": "", "2010-03-31": "", "2009-12-31": "3.79400", "2009-09-30": "", "2009-06-30": "", "2009-03-31": "3.93600", "2008-12-31": "3.63700", "2008-09-30": "8.58000", "2008-06-30": "8.01600", "2008-03-31": "7.40500", "2007-12-31": "5.09200", "2007-09-30": "8.60100", "2007-06-30": "8.36100", "2007-03-31": "7.28500", "2006-12-31": "9.06500", "2006-09-30": "", "2006-06-30": "", "2006-03-31": "", "2005-12-31": "4.75200", "2005-09-30": "", "2005-06-30": "", "2005-03-31": ""}, "Total Current Assets": {"2020-09-30": "904.21000", "2020-06-30": "969.93900", "2020-03-31": "984.07400", "2019-12-31": "505.61000", "2019-09-30": "466.13100", "2019-06-30": "536.85800", "2019-03-31": "562.73400", "2018-12-31": "610.63500", "2018-09-30": "586.13800", "2018-06-30": "600.18500", "2018-03-31": "624.16700", "2017-12-31": "647.70200", "2017-09-30": "438.08400", "2017-06-30": "437.64600", "2017-03-31": "441.57500", "2016-12-31": "425.13200", "2016-09-30": "378.65900", "2016-06-30": "384.46600", "2016-03-31": "436.82300", "2015-12-31": "446.48500", "2015-09-30": "393.16900", "2015-06-30": "396.43000", "2015-03-31": "408.10900", "2014-12-31": "393.08000", "2014-09-30": "366.38300", "2014-06-30": "363.57900", "2014-03-31": "354.07900", "2013-12-31": "348.20900", "2013-09-30": "300.30800", "2013-06-30": "292.42000", "2013-03-31": "272.12900", "2012-12-31": "279.01000", "2012-09-30": "219.05300", "2012-06-30": "220.78000", "2012-03-31": "219.00000", "2011-12-31": "231.96100", "2011-09-30": "211.16700", "2011-06-30": "220.19800", "2011-03-31": "208.65200", "2010-12-31": "188.65600", "2010-09-30": "170.77800", "2010-06-30": "163.10300", "2010-03-31": "259.39800", "2009-12-31": "256.24100", "2009-09-30": "244.08100", "2009-06-30": "238.13200", "2009-03-31": "232.82500", "2008-12-31": "223.97700", "2008-09-30": "219.34200", "2008-06-30": "226.12600", "2008-03-31": "224.69400", "2007-12-31": "222.32600", "2007-09-30": "203.71300", "2007-06-30": "199.82200", "2007-03-31": "191.81400", "2006-12-31": "190.59800", "2006-09-30": "181.90900", "2006-06-30": "178.29300", "2006-03-31": "178.96300", "2005-12-31": "173.00200", "2005-09-30": "162.29700", "2005-06-30": "157.43900", "2005-03-31": "156.44600"}, "Property, Plant, And Equipment": {"2020-09-30": "", "2020-06-30": "", "2020-03-31": "", "2019-12-31": "", "2019-09-30": "", "2019-06-30": "", "2019-03-31": "", "2018-12-31": "", "2018-09-30": "", "2018-06-30": "", "2018-03-31": "", "2017-12-31": "", "2017-09-30": "39.84900", "2017-06-30": "38.88100", "2017-03-31": "39.94700", "2016-12-31": "38.28100", "2016-09-30": "39.34300", "2016-06-30": "37.73600", "2016-03-31": "35.94000", "2015-12-31": "31.31900", "2015-09-30": "31.83000", "2015-06-30": "33.85500", "2015-03-31": "31.13500", "2014-12-31": "30.15600", "2014-09-30": "28.88100", "2014-06-30": "27.22300", "2014-03-31": "27.83800", "2013-12-31": "28.95700", "2013-09-30": "28.97700", "2013-06-30": "29.26200", "2013-03-31": "29.74700", "2012-12-31": "30.82700", "2012-09-30": "31.28500", "2012-06-30": "28.17500", "2012-03-31": "18.85200", "2011-12-31": "14.45800", "2011-09-30": "11.60100", "2011-06-30": "11.84500", "2011-03-31": "10.87900", "2010-12-31": "11.01000", "2010-09-30": "10.76900", "2010-06-30": "11.26500", "2010-03-31": "10.01300", "2009-12-31": "8.93100", "2009-09-30": "7.48700", "2009-06-30": "6.31800", "2009-03-31": "6.23400", "2008-12-31": "5.72300", "2008-09-30": "5.15200", "2008-06-30": "4.14300", "2008-03-31": "4.15300", "2007-12-31": "4.18200", "2007-09-30": "3.68300", "2007-06-30": "3.23800", "2007-03-31": "2.88400", "2006-12-31": "2.45300", "2006-09-30": "2.11900", "2006-06-30": "2.01900", "2006-03-31": "2.09800", "2005-12-31": "1.94700", "2005-09-30": "2.11800", "2005-06-30": "1.87800", "2005-03-31": "1.67600"}, "Long-Term Investments": {"2020-09-30": "", "2020-06-30": "", "2020-03-31": "", "2019-12-31": "", "2019-09-30": "", "2019-06-30": "", "2019-03-31": "", "2018-12-31": "", "2018-09-30": "", "2018-06-30": "", "2018-03-31": "", "2017-12-31": "", "2017-09-30": "", "2017-06-30": "", "2017-03-31": "", "2016-12-31": "", "2016-09-30": "", "2016-06-30": "", "2016-03-31": "", "2015-12-31": "", "2015-09-30": "", "2015-06-30": "", "2015-03-31": "", "2014-12-31": "", "2014-09-30": "", "2014-06-30": "", "2014-03-31": "", "2013-12-31": "", "2013-09-30": "", "2013-06-30": "", "2013-03-31": "", "2012-12-31": "", "2012-09-30": "", "2012-06-30": "", "2012-03-31": "", "2011-12-31": "", "2011-09-30": "", "2011-06-30": "", "2011-03-31": "", "2010-12-31": "", "2010-09-30": "", "2010-06-30": "", "2010-03-31": "", "2009-12-31": "", "2009-09-30": "", "2009-06-30": "", "2009-03-31": "", "2008-12-31": "", "2008-09-30": "", "2008-06-30": "", "2008-03-31": "", "2007-12-31": "", "2007-09-30": "", "2007-06-30": "", "2007-03-31": "", "2006-12-31": "", "2006-09-30": "", "2006-06-30": "", "2006-03-31": "", "2005-12-31": "", "2005-09-30": "", "2005-06-30": "", "2005-03-31": ""}, "Goodwill And Intangible Assets": {"2020-09-30": "78.86400", "2020-06-30": "78.67500", "2020-03-31": "78.49800", "2019-12-31": "79.03900", "2019-09-30": "78.86200", "2019-06-30": "79.03700", "2019-03-31": "72.89800", "2018-12-31": "72.85800", "2018-09-30": "72.89700", "2018-06-30": "72.91100", "2018-03-31": "73.01700", "2017-12-31": "72.95200", "2017-09-30": "107.69600", "2017-06-30": "110.73400", "2017-03-31": "113.82600", "2016-12-31": "117.35500", "2016-09-30": "121.33300", "2016-06-30": "125.46500", "2016-03-31": "77.15500", "2015-12-31": "80.19400", "2015-09-30": "83.22800", "2015-06-30": "86.30100", "2015-03-31": "89.26400", "2014-12-31": "92.52400", "2014-09-30": "92.88900", "2014-06-30": "90.52300", "2014-03-31": "89.68700", "2013-12-31": "100.04300", "2013-09-30": "70.36100", "2013-06-30": "73.13300", "2013-03-31": "75.90600", "2012-12-31": "78.68300", "2012-09-30": "81.46000", "2012-06-30": "84.23800", "2012-03-31": "87.01500", "2011-12-31": "89.82000", "2011-09-30": "92.62800", "2011-06-30": "95.43600", "2011-03-31": "98.26500", "2010-12-31": "101.13500", "2010-09-30": "105.16700", "2010-06-30": "139.70400", "2010-03-31": "2.69200", "2009-12-31": "2.72700", "2009-09-30": "2.76300", "2009-06-30": "2.54900", "2009-03-31": "2.58400", "2008-12-31": "2.62000", "2008-09-30": "2.14100", "2008-06-30": "2.14100", "2008-03-31": "2.18200", "2007-12-31": "1.93300", "2007-09-30": "3.04800", "2007-06-30": "3.16900", "2007-03-31": "3.27000", "2006-12-31": "3.40000", "2006-09-30": "3.51600", "2006-06-30": "3.60100", "2006-03-31": "3.38100", "2005-12-31": "3.19100", "2005-09-30": "2.46300", "2005-06-30": "2.55000", "2005-03-31": "2.63800"}, "Other Long-Term Assets": {"2020-09-30": "395.79700", "2020-06-30": "338.36300", "2020-03-31": "301.42800", "2019-12-31": "278.42700", "2019-09-30": "248.06900", "2019-06-30": "206.83300", "2019-03-31": "190.43300", "2018-12-31": "147.82300", "2018-09-30": "134.67900", "2018-06-30": "130.61400", "2018-03-31": "128.69400", "2017-12-31": "131.39100", "2017-09-30": "5.98200", "2017-06-30": "4.61500", "2017-03-31": "4.44500", "2016-12-31": "3.99000", "2016-09-30": "3.75500", "2016-06-30": "3.64700", "2016-03-31": "3.72800", "2015-12-31": "4.03000", "2015-09-30": "3.71500", "2015-06-30": "3.01600", "2015-03-31": "3.08700", "2014-12-31": "2.78300", "2014-09-30": "2.88200", "2014-06-30": "2.99800", "2014-03-31": "3.16900", "2013-12-31": "2.52600", "2013-09-30": "1.65700", "2013-06-30": "1.71200", "2013-03-31": "1.61800", "2012-12-31": "1.68000", "2012-09-30": "1.76700", "2012-06-30": "1.78200", "2012-03-31": "2.67600", "2011-12-31": "2.18600", "2011-09-30": "1.99100", "2011-06-30": "2.85000", "2011-03-31": "2.86100", "2010-12-31": "2.90500", "2010-09-30": "2.48900", "2010-06-30": "", "2010-03-31": "", "2009-12-31": "1.19500", "2009-09-30": "", "2009-06-30": "", "2009-03-31": "", "2008-12-31": "", "2008-09-30": "", "2008-06-30": "", "2008-03-31": "", "2007-12-31": "", "2007-09-30": "", "2007-06-30": "", "2007-03-31": "", "2006-12-31": "0.09900", "2006-09-30": "0.09800", "2006-06-30": "0.33300", "2006-03-31": "0.11300", "2005-12-31": "0.14300", "2005-09-30": "0.11200", "2005-06-30": "0.11600", "2005-03-31": "0.11700"}, "Total Long-Term Assets": {"2020-09-30": "583.11700", "2020-06-30": "526.34600", "2020-03-31": "490.31900", "2019-12-31": "479.20200", "2019-09-30": "450.89300", "2019-06-30": "403.75900", "2019-03-31": "393.82500", "2018-12-31": "371.91800", "2018-09-30": "376.50500", "2018-06-30": "372.85500", "2018-03-31": "381.78800", "2017-12-31": "365.05100", "2017-09-30": "226.98600", "2017-06-30": "225.32600", "2017-03-31": "228.06400", "2016-12-31": "229.52400", "2016-09-30": "218.33600", "2016-06-30": "218.88900", "2016-03-31": "169.35900", "2015-12-31": "181.27300", "2015-09-30": "190.77100", "2015-06-30": "193.93700", "2015-03-31": "192.69400", "2014-12-31": "194.72100", "2014-09-30": "182.78100", "2014-06-30": "182.00800", "2014-03-31": "181.63200", "2013-12-31": "188.27100", "2013-09-30": "150.68800", "2013-06-30": "153.59900", "2013-03-31": "156.43400", "2012-12-31": "160.48200", "2012-09-30": "158.34700", "2012-06-30": "157.77600", "2012-03-31": "151.64300", "2011-12-31": "149.75000", "2011-09-30": "138.89300", "2011-06-30": "143.99900", "2011-03-31": "145.69200", "2010-12-31": "148.81900", "2010-09-30": "150.32900", "2010-06-30": "155.49200", "2010-03-31": "24.05700", "2009-12-31": "23.34400", "2009-09-30": "22.10700", "2009-06-30": "21.98000", "2009-03-31": "22.21000", "2008-12-31": "21.87300", "2008-09-30": "21.40900", "2008-06-30": "21.55500", "2008-03-31": "21.72600", "2007-12-31": "20.98100", "2007-09-30": "22.04600", "2007-06-30": "24.59100", "2007-03-31": "25.93100", "2006-12-31": "23.41000", "2006-09-30": "24.66200", "2006-06-30": "28.25000", "2006-03-31": "27.87300", "2005-12-31": "36.65200", "2005-09-30": "36.54400", "2005-06-30": "37.07800", "2005-03-31": "40.39100"}, "Total Assets": {"2020-09-30": "1487.32700", "2020-06-30": "1496.28500", "2020-03-31": "1474.39300", "2019-12-31": "984.81200", "2019-09-30": "917.02400", "2019-06-30": "940.61700", "2019-03-31": "956.55900", "2018-12-31": "982.55300", "2018-09-30": "962.64300", "2018-06-30": "973.04000", "2018-03-31": "1005.95500", "2017-12-31": "1012.75300", "2017-09-30": "665.07000", "2017-06-30": "662.97200", "2017-03-31": "669.63900", "2016-12-31": "654.65600", "2016-09-30": "596.99500", "2016-06-30": "603.35500", "2016-03-31": "606.18200", "2015-12-31": "627.75800", "2015-09-30": "583.94000", "2015-06-30": "590.36700", "2015-03-31": "600.80300", "2014-12-31": "587.80100", "2014-09-30": "549.16400", "2014-06-30": "545.58700", "2014-03-31": "535.71100", "2013-12-31": "536.48000", "2013-09-30": "450.99600", "2013-06-30": "446.01900", "2013-03-31": "428.56300", "2012-12-31": "439.49200", "2012-09-30": "377.40000", "2012-06-30": "378.55600", "2012-03-31": "370.64300", "2011-12-31": "381.71100", "2011-09-30": "350.06000", "2011-06-30": "364.19700", "2011-03-31": "354.34400", "2010-12-31": "337.47500", "2010-09-30": "321.10700", "2010-06-30": "318.59500", "2010-03-31": "283.45500", "2009-12-31": "279.58500", "2009-09-30": "266.18800", "2009-06-30": "260.11200", "2009-03-31": "255.03500", "2008-12-31": "245.85000", "2008-09-30": "240.75100", "2008-06-30": "247.68100", "2008-03-31": "246.42000", "2007-12-31": "243.30700", "2007-09-30": "225.75900", "2007-06-30": "224.41300", "2007-03-31": "217.74500", "2006-12-31": "214.00800", "2006-09-30": "206.57100", "2006-06-30": "206.54300", "2006-03-31": "206.83600", "2005-12-31": "209.65400", "2005-09-30": "198.84100", "2005-06-30": "194.51700", "2005-03-31": "196.83700"}, "Total Current Liabilities": {"2020-09-30": "356.32200", "2020-06-30": "356.09700", "2020-03-31": "339.49100", "2019-12-31": "377.95500", "2019-09-30": "320.89500", "2019-06-30": "311.42300", "2019-03-31": "302.14700", "2018-12-31": "331.80900", "2018-09-30": "282.25100", "2018-06-30": "271.50900", "2018-03-31": "280.13200", "2017-12-31": "294.76800", "2017-09-30": "267.01600", "2017-06-30": "265.95000", "2017-03-31": "279.56400", "2016-12-31": "287.47200", "2016-09-30": "237.72200", "2016-06-30": "243.04000", "2016-03-31": "248.69300", "2015-12-31": "267.18800", "2015-09-30": "224.12700", "2015-06-30": "228.90600", "2015-03-31": "242.66200", "2014-12-31": "229.63200", "2014-09-30": "211.82000", "2014-06-30": "201.33400", "2014-03-31": "188.01900", "2013-12-31": "190.38600", "2013-09-30": "146.77100", "2013-06-30": "150.26000", "2013-03-31": "140.95600", "2012-12-31": "155.12500", "2012-09-30": "123.42200", "2012-06-30": "134.60000", "2012-03-31": "125.54200", "2011-12-31": "142.24500", "2011-09-30": "116.51900", "2011-06-30": "131.47300", "2011-03-31": "127.20800", "2010-12-31": "115.05000", "2010-09-30": "104.38100", "2010-06-30": "101.42100", "2010-03-31": "68.64900", "2009-12-31": "67.68900", "2009-09-30": "57.87900", "2009-06-30": "59.74900", "2009-03-31": "70.09400", "2008-12-31": "64.89700", "2008-09-30": "57.04100", "2008-06-30": "61.55000", "2008-03-31": "64.14500", "2007-12-31": "62.77900", "2007-09-30": "40.86100", "2007-06-30": "41.45200", "2007-03-31": "40.99000", "2006-12-31": "43.36900", "2006-09-30": "42.31400", "2006-06-30": "42.25300", "2006-03-31": "40.51300", "2005-12-31": "39.56200", "2005-09-30": "33.10800", "2005-06-30": "28.54200", "2005-03-31": "30.32500"}, "Long Term Debt": {"2020-09-30": "513.79400", "2020-06-30": "509.42300", "2020-03-31": "505.10800", "2019-12-31": "", "2019-09-30": "", "2019-06-30": "", "2019-03-31": "", "2018-12-31": "", "2018-09-30": "", "2018-06-30": "", "2018-03-31": "", "2017-12-31": "", "2017-09-30": "", "2017-06-30": "", "2017-03-31": "", "2016-12-31": "", "2016-09-30": "", "2016-06-30": "", "2016-03-31": "", "2015-12-31": "", "2015-09-30": "", "2015-06-30": "", "2015-03-31": "", "2014-12-31": "", "2014-09-30": "", "2014-06-30": "", "2014-03-31": "", "2013-12-31": "", "2013-09-30": "", "2013-06-30": "", "2013-03-31": "", "2012-12-31": "", "2012-09-30": "", "2012-06-30": "", "2012-03-31": "", "2011-12-31": "", "2011-09-30": "", "2011-06-30": "", "2011-03-31": "", "2010-12-31": "", "2010-09-30": "", "2010-06-30": "", "2010-03-31": "", "2009-12-31": "", "2009-09-30": "", "2009-06-30": "", "2009-03-31": "", "2008-12-31": "", "2008-09-30": "", "2008-06-30": "", "2008-03-31": "", "2007-12-31": "", "2007-09-30": "", "2007-06-30": "", "2007-03-31": "", "2006-12-31": "", "2006-09-30": "", "2006-06-30": "0.00900", "2006-03-31": "0.03600", "2005-12-31": "0.06300", "2005-09-30": "0.08900", "2005-06-30": "0.11500", "2005-03-31": "0.14000"}, "Other Non-Current Liabilities": {"2020-09-30": "25.34500", "2020-06-30": "21.42600", "2020-03-31": "15.26400", "2019-12-31": "15.23700", "2019-09-30": "10.39300", "2019-06-30": "10.69700", "2019-03-31": "12.33900", "2018-12-31": "29.21300", "2018-09-30": "23.37100", "2018-06-30": "24.15100", "2018-03-31": "23.76800", "2017-12-31": "62.11500", "2017-09-30": "20.22300", "2017-06-30": "19.95600", "2017-03-31": "20.04000", "2016-12-31": "20.30600", "2016-09-30": "21.62500", "2016-06-30": "22.19500", "2016-03-31": "21.52700", "2015-12-31": "21.90600", "2015-09-30": "40.91000", "2015-06-30": "41.67000", "2015-03-31": "41.82500", "2014-12-31": "42.60500", "2014-09-30": "38.42400", "2014-06-30": "39.16200", "2014-03-31": "39.45500", "2013-12-31": "40.11000", "2013-09-30": "31.21400", "2013-06-30": "31.02400", "2013-03-31": "30.18900", "2012-12-31": "29.16900", "2012-09-30": "23.50700", "2012-06-30": "20.44600", "2012-03-31": "16.60300", "2011-12-31": "15.34300", "2011-09-30": "6.05400", "2011-06-30": "8.64800", "2011-03-31": "8.79200", "2010-12-31": "9.00400", "2010-09-30": "11.32600", "2010-06-30": "14.24000", "2010-03-31": "6.70600", "2009-12-31": "6.67700", "2009-09-30": "7.18300", "2009-06-30": "7.85300", "2009-03-31": "7.88800", "2008-12-31": "7.83900", "2008-09-30": "7.60800", "2008-06-30": "7.84000", "2008-03-31": "7.80000", "2007-12-31": "7.58400", "2007-09-30": "11.25200", "2007-06-30": "11.43200", "2007-03-31": "11.16500", "2006-12-31": "2.13700", "2006-09-30": "1.77000", "2006-06-30": "1.54300", "2006-03-31": "1.48400", "2005-12-31": "1.17100", "2005-09-30": "1.09900", "2005-06-30": "1.00200", "2005-03-31": "0.91400"}, "Total Long Term Liabilities": {"2020-09-30": "601.68300", "2020-06-30": "583.90600", "2020-03-31": "568.29100", "2019-12-31": "67.84700", "2019-09-30": "67.29700", "2019-06-30": "71.90700", "2019-03-31": "65.98300", "2018-12-31": "29.21300", "2018-09-30": "59.53700", "2018-06-30": "62.35900", "2018-03-31": "63.70000", "2017-12-31": "62.11500", "2017-09-30": "26.35300", "2017-06-30": "28.38700", "2017-03-31": "29.99800", "2016-12-31": "31.29500", "2016-09-30": "31.85300", "2016-06-30": "35.52100", "2016-03-31": "34.98500", "2015-12-31": "37.71100", "2015-09-30": "54.76700", "2015-06-30": "57.88400", "2015-03-31": "60.32400", "2014-12-31": "63.46400", "2014-09-30": "59.06900", "2014-06-30": "63.69700", "2014-03-31": "68.85100", "2013-12-31": "74.30600", "2013-09-30": "49.16800", "2013-06-30": "51.40700", "2013-03-31": "46.21800", "2012-12-31": "47.88800", "2012-09-30": "40.93000", "2012-06-30": "32.34400", "2012-03-31": "30.21200", "2011-12-31": "30.71000", "2011-09-30": "21.77600", "2011-06-30": "26.05500", "2011-03-31": "25.16500", "2010-12-31": "26.75500", "2010-09-30": "11.32600", "2010-06-30": "14.24000", "2010-03-31": "6.70600", "2009-12-31": "6.67700", "2009-09-30": "7.18300", "2009-06-30": "7.85300", "2009-03-31": "7.88800", "2008-12-31": "7.83900", "2008-09-30": "7.60800", "2008-06-30": "7.84000", "2008-03-31": "7.80000", "2007-12-31": "7.58400", "2007-09-30": "11.25200", "2007-06-30": "11.43200", "2007-03-31": "11.16500", "2006-12-31": "4.48100", "2006-09-30": "2.24900", "2006-06-30": "1.55200", "2006-03-31": "1.52000", "2005-12-31": "2.41000", "2005-09-30": "3.37800", "2005-06-30": "2.61000", "2005-03-31": "2.53400"}, "Total Liabilities": {"2020-09-30": "958.00500", "2020-06-30": "940.00300", "2020-03-31": "907.78200", "2019-12-31": "445.80200", "2019-09-30": "388.19200", "2019-06-30": "383.33000", "2019-03-31": "368.13000", "2018-12-31": "361.02200", "2018-09-30": "341.78800", "2018-06-30": "333.86800", "2018-03-31": "343.83200", "2017-12-31": "356.88300", "2017-09-30": "293.36900", "2017-06-30": "294.33700", "2017-03-31": "309.56200", "2016-12-31": "318.76700", "2016-09-30": "269.57500", "2016-06-30": "278.56100", "2016-03-31": "283.67800", "2015-12-31": "304.89900", "2015-09-30": "278.89400", "2015-06-30": "286.79000", "2015-03-31": "302.98600", "2014-12-31": "293.09600", "2014-09-30": "270.88900", "2014-06-30": "265.03100", "2014-03-31": "256.87000", "2013-12-31": "264.69200", "2013-09-30": "195.93900", "2013-06-30": "201.66700", "2013-03-31": "187.17400", "2012-12-31": "203.01300", "2012-09-30": "164.35200", "2012-06-30": "166.94400", "2012-03-31": "155.75400", "2011-12-31": "172.95500", "2011-09-30": "138.29500", "2011-06-30": "157.52800", "2011-03-31": "152.37300", "2010-12-31": "141.80500", "2010-09-30": "115.70700", "2010-06-30": "115.66100", "2010-03-31": "75.35500", "2009-12-31": "74.36600", "2009-09-30": "65.06200", "2009-06-30": "67.60200", "2009-03-31": "77.98200", "2008-12-31": "72.73600", "2008-09-30": "64.64900", "2008-06-30": "69.39000", "2008-03-31": "71.94500", "2007-12-31": "70.36300", "2007-09-30": "52.11300", "2007-06-30": "52.88400", "2007-03-31": "52.15500", "2006-12-31": "47.85000", "2006-09-30": "44.56300", "2006-06-30": "43.80500", "2006-03-31": "42.03300", "2005-12-31": "41.97200", "2005-09-30": "36.48600", "2005-06-30": "31.15200", "2005-03-31": "32.85900"}, "Common Stock Net": {"2020-09-30": "0.80700", "2020-06-30": "0.80400", "2020-03-31": "0.80100", "2019-12-31": "0.79600", "2019-09-30": "0.79300", "2019-06-30": "0.79100", "2019-03-31": "0.78900", "2018-12-31": "0.78500", "2018-09-30": "0.78800", "2018-06-30": "0.78700", "2018-03-31": "0.78500", "2017-12-31": "0.78100", "2017-09-30": "0.77800", "2017-06-30": "0.77600", "2017-03-31": "0.77100", "2016-12-31": "0.76600", "2016-09-30": "0.76300", "2016-06-30": "0.76300", "2016-03-31": "0.76400", "2015-12-31": "0.76500", "2015-09-30": "0.76500", "2015-06-30": "0.76600", "2015-03-31": "0.76600", "2014-12-31": "0.76400", "2014-09-30": "0.76400", "2014-06-30": "0.76300", "2014-03-31": "0.76300", "2013-12-31": "0.76400", "2013-09-30": "0.38000", "2013-06-30": "0.38000", "2013-03-31": "0.38000", "2012-12-31": "0.37900", "2012-09-30": "0.37900", "2012-06-30": "0.37900", "2012-03-31": "0.37900", "2011-12-31": "0.37700", "2011-09-30": "0.37700", "2011-06-30": "0.37500", "2011-03-31": "0.37300", "2010-12-31": "0.37200", "2010-09-30": "126.68500", "2010-06-30": "128.02200", "2010-03-31": "122.76900", "2009-12-31": "0.36800", "2009-09-30": "122.75700", "2009-06-30": "0.36300", "2009-03-31": "0.35700", "2008-12-31": "0.35800", "2008-09-30": "0.36200", "2008-06-30": "0.36300", "2008-03-31": "0.36000", "2007-12-31": "0.36200", "2007-09-30": "0.36200", "2007-06-30": "0.36200", "2007-03-31": "0.35400", "2006-12-31": "0.35300", "2006-09-30": "0.35200", "2006-06-30": "0.35400", "2006-03-31": "0.35600", "2005-12-31": "0.35600", "2005-09-30": "0.35500", "2005-06-30": "0.35800", "2005-03-31": "0.35900"}, "Retained Earnings (Accumulated Deficit)": {"2020-09-30": "338.30000", "2020-06-30": "359.98900", "2020-03-31": "383.14200", "2019-12-31": "410.91900", "2019-09-30": "412.38900", "2019-06-30": "445.10800", "2019-03-31": "479.77900", "2018-12-31": "510.86300", "2018-09-30": "496.81500", "2018-06-30": "506.76900", "2018-03-31": "517.89300", "2017-12-31": "509.69700", "2017-09-30": "227.95300", "2017-06-30": "232.10000", "2017-03-31": "223.02100", "2016-12-31": "198.31500", "2016-09-30": "188.37600", "2016-06-30": "188.24900", "2016-03-31": "186.89300", "2015-12-31": "180.18300", "2015-09-30": "161.52200", "2015-06-30": "157.49500", "2015-03-31": "156.69200", "2014-12-31": "153.05800", "2014-09-30": "135.24600", "2014-06-30": "135.65800", "2014-03-31": "136.44600", "2013-12-31": "127.82600", "2013-09-30": "113.41000", "2013-06-30": "105.84000", "2013-03-31": "102.27600", "2012-12-31": "94.34900", "2012-09-30": "75.07800", "2012-06-30": "76.54700", "2012-03-31": "79.95100", "2011-12-31": "77.02900", "2011-09-30": "80.01600", "2011-06-30": "76.18800", "2011-03-31": "75.04200", "2010-12-31": "71.43100", "2010-09-30": "78.71500", "2010-06-30": "74.91200", "2010-03-31": "85.33100", "2009-12-31": "81.77600", "2009-09-30": "78.36900", "2009-06-30": "71.65300", "2009-03-31": "61.50200", "2008-12-31": "53.93500", "2008-09-30": "52.18500", "2008-06-30": "50.92900", "2008-03-31": "49.17600", "2007-12-31": "47.32100", "2007-09-30": "46.98900", "2007-06-30": "44.57700", "2007-03-31": "45.01800", "2006-12-31": "46.54900", "2006-09-30": "44.18700", "2006-06-30": "44.02400", "2006-03-31": "44.66100", "2005-12-31": "47.88800", "2005-09-30": "43.08800", "2005-06-30": "41.71800", "2005-03-31": "41.36200"}, "Comprehensive Income": {"2020-09-30": "-11.66700", "2020-06-30": "-11.61400", "2020-03-31": "-13.64200", "2019-12-31": "-13.22800", "2019-09-30": "-13.90900", "2019-06-30": "-11.49200", "2019-03-31": "-11.32100", "2018-12-31": "-13.32200", "2018-09-30": "-11.88000", "2018-06-30": "-9.78400", "2018-03-31": "-2.51700", "2017-12-31": "-6.70500", "2017-09-30": "-3.75800", "2017-06-30": "-4.32900", "2017-03-31": "-6.18700", "2016-12-31": "-7.09500", "2016-09-30": "-4.73900", "2016-06-30": "-4.39600", "2016-03-31": "-3.22800", "2015-12-31": "-3.50700", "2015-09-30": "-2.70700", "2015-06-30": "-1.94100", "2015-03-31": "-3.61700", "2014-12-31": "-0.61200", "2014-09-30": "1.80100", "2014-06-30": "4.93700", "2014-03-31": "4.04900", "2013-12-31": "3.63300", "2013-09-30": "2.99600", "2013-06-30": "0.54300", "2013-03-31": "1.14200", "2012-12-31": "3.17500", "2012-09-30": "2.97700", "2012-06-30": "1.62900", "2012-03-31": "2.99500", "2011-12-31": "1.64900", "2011-09-30": "2.32200", "2011-06-30": "3.05000", "2011-03-31": "2.53200", "2010-12-31": "1.26000", "2010-09-30": "", "2010-06-30": "", "2010-03-31": "", "2009-12-31": "1.68600", "2009-09-30": "", "2009-06-30": "1.81600", "2009-03-31": "1.20600", "2008-12-31": "0.89500", "2008-09-30": "0.79000", "2008-06-30": "1.81900", "2008-03-31": "2.12400", "2007-12-31": "1.86000", "2007-09-30": "2.00000", "2007-06-30": "1.42200", "2007-03-31": "1.30000", "2006-12-31": "1.13500", "2006-09-30": "0.79000", "2006-06-30": "0.40400", "2006-03-31": "0.36600", "2005-12-31": "0.36300", "2005-09-30": "0.44300", "2005-06-30": "0.70600", "2005-03-31": "0.68500"}, "Other Share Holders Equity": {"2020-09-30": "", "2020-06-30": "", "2020-03-31": "", "2019-12-31": "", "2019-09-30": "", "2019-06-30": "", "2019-03-31": "", "2018-12-31": "", "2018-09-30": "", "2018-06-30": "", "2018-03-31": "", "2017-12-31": "", "2017-09-30": "", "2017-06-30": "", "2017-03-31": "", "2016-12-31": "", "2016-09-30": "", "2016-06-30": "", "2016-03-31": "", "2015-12-31": "", "2015-09-30": "", "2015-06-30": "", "2015-03-31": "", "2014-12-31": "", "2014-09-30": "", "2014-06-30": "", "2014-03-31": "", "2013-12-31": "", "2013-09-30": "", "2013-06-30": "", "2013-03-31": "", "2012-12-31": "", "2012-09-30": "", "2012-06-30": "", "2012-03-31": "", "2011-12-31": "", "2011-09-30": "", "2011-06-30": "", "2011-03-31": "", "2010-12-31": "", "2010-09-30": "", "2010-06-30": "", "2010-03-31": "", "2009-12-31": "", "2009-09-30": "", "2009-06-30": "", "2009-03-31": "", "2008-12-31": "", "2008-09-30": "", "2008-06-30": "", "2008-03-31": "", "2007-12-31": "", "2007-09-30": "0.09400", "2007-06-30": "0.09400", "2007-03-31": "0.09400", "2006-12-31": "0.09400", "2006-09-30": "0.10700", "2006-06-30": "0.10700", "2006-03-31": "0.10700", "2005-12-31": "0.10700", "2005-09-30": "0.24900", "2005-06-30": "0.24900", "2005-03-31": "0.24900"}, "Share Holder Equity": {"2020-09-30": "529.32200", "2020-06-30": "556.28200", "2020-03-31": "566.61100", "2019-12-31": "539.01000", "2019-09-30": "528.83200", "2019-06-30": "557.28700", "2019-03-31": "588.42900", "2018-12-31": "621.53100", "2018-09-30": "620.85500", "2018-06-30": "639.17200", "2018-03-31": "662.12300", "2017-12-31": "655.87000", "2017-09-30": "371.70100", "2017-06-30": "368.63500", "2017-03-31": "360.07700", "2016-12-31": "335.88900", "2016-09-30": "327.42000", "2016-06-30": "324.79400", "2016-03-31": "322.50400", "2015-12-31": "322.85900", "2015-09-30": "305.04600", "2015-06-30": "303.57700", "2015-03-31": "297.81700", "2014-12-31": "294.70500", "2014-09-30": "278.27500", "2014-06-30": "280.55600", "2014-03-31": "278.84100", "2013-12-31": "271.78800", "2013-09-30": "255.05700", "2013-06-30": "244.35200", "2013-03-31": "241.38900", "2012-12-31": "236.47900", "2012-09-30": "213.04800", "2012-06-30": "211.61200", "2012-03-31": "214.88900", "2011-12-31": "208.75600", "2011-09-30": "211.76500", "2011-06-30": "206.66900", "2011-03-31": "201.97100", "2010-12-31": "195.67000", "2010-09-30": "205.40000", "2010-06-30": "202.93400", "2010-03-31": "208.10000", "2009-12-31": "205.21900", "2009-09-30": "201.12600", "2009-06-30": "192.51000", "2009-03-31": "177.05300", "2008-12-31": "173.11400", "2008-09-30": "176.10200", "2008-06-30": "178.29100", "2008-03-31": "174.47500", "2007-12-31": "172.94400", "2007-09-30": "173.64600", "2007-06-30": "171.52900", "2007-03-31": "165.59000", "2006-12-31": "166.15800", "2006-09-30": "162.00800", "2006-06-30": "162.73800", "2006-03-31": "164.80300", "2005-12-31": "167.68200", "2005-09-30": "162.35500", "2005-06-30": "163.36500", "2005-03-31": "163.97800"}, "Total Liabilities And Share Holders Equity": {"2020-09-30": "1487.32700", "2020-06-30": "1496.28500", "2020-03-31": "1474.39300", "2019-12-31": "984.81200", "2019-09-30": "917.02400", "2019-06-30": "940.61700", "2019-03-31": "956.55900", "2018-12-31": "982.55300", "2018-09-30": "962.64300", "2018-06-30": "973.04000", "2018-03-31": "1005.95500", "2017-12-31": "1012.75300", "2017-09-30": "665.07000", "2017-06-30": "662.97200", "2017-03-31": "669.63900", "2016-12-31": "654.65600", "2016-09-30": "596.99500", "2016-06-30": "603.35500", "2016-03-31": "606.18200", "2015-12-31": "627.75800", "2015-09-30": "583.94000", "2015-06-30": "590.36700", "2015-03-31": "600.80300", "2014-12-31": "587.80100", "2014-09-30": "549.16400", "2014-06-30": "545.58700", "2014-03-31": "535.71100", "2013-12-31": "536.48000", "2013-09-30": "450.99600", "2013-06-30": "446.01900", "2013-03-31": "428.56300", "2012-12-31": "439.49200", "2012-09-30": "377.40000", "2012-06-30": "378.55600", "2012-03-31": "370.64300", "2011-12-31": "381.71100", "2011-09-30": "350.06000", "2011-06-30": "364.19700", "2011-03-31": "354.34400", "2010-12-31": "337.47500", "2010-09-30": "321.10700", "2010-06-30": "318.59500", "2010-03-31": "283.45500", "2009-12-31": "279.58500", "2009-09-30": "266.18800", "2009-06-30": "260.11200", "2009-03-31": "255.03500", "2008-12-31": "245.85000", "2008-09-30": "240.75100", "2008-06-30": "247.68100", "2008-03-31": "246.42000", "2007-12-31": "243.30700", "2007-09-30": "225.75900", "2007-06-30": "224.41300", "2007-03-31": "217.74500", "2006-12-31": "214.00800", "2006-09-30": "206.57100", "2006-06-30": "206.54300", "2006-03-31": "206.83600", "2005-12-31": "209.65400", "2005-09-30": "198.84100", "2005-06-30": "194.51700", "2005-03-31": "196.83700"}}, "cash flow statement": {"Net Income/Loss": {"2019-12-31": "-90.43300", "2018-12-31": "10.61700", "2017-12-31": "98.54800", "2016-12-31": "45.01500", "2015-12-31": "36.32200", "2014-12-31": "33.25500", "2013-12-31": "38.04300", "2012-12-31": "21.86800", "2011-12-31": "10.10800", "2010-12-31": "-5.89100", "2009-12-31": "32.21200", "2008-12-31": "10.97700", "2007-12-31": "6.59500", "2006-12-31": "1.84200", "2005-12-31": "5.19200"}, "Total Depreciation And Amortization - Cash Flow": {"2019-12-31": "51.34800", "2018-12-31": "44.16200", "2017-12-31": "38.20000", "2016-12-31": "37.57300", "2015-12-31": "25.33100", "2014-12-31": "25.26800", "2013-12-31": "21.81100", "2012-12-31": "19.98500", "2011-12-31": "18.31100", "2010-12-31": "12.98200", "2009-12-31": "6.71100", "2008-12-31": "4.26100", "2007-12-31": "2.19200", "2006-12-31": "2.12000", "2005-12-31": "1.70700"}, "Other Non-Cash Items": {"2019-12-31": "47.90300", "2018-12-31": "28.86500", "2017-12-31": "55.56300", "2016-12-31": "25.68100", "2015-12-31": "32.94500", "2014-12-31": "8.33100", "2013-12-31": "2.68900", "2012-12-31": "1.88800", "2011-12-31": "-10.21500", "2010-12-31": "4.84700", "2009-12-31": "-9.21200", "2008-12-31": "-3.73100", "2007-12-31": "-0.63800", "2006-12-31": "-0.46200", "2005-12-31": "-0.24900"}, "Total Non-Cash Items": {"2019-12-31": "99.25100", "2018-12-31": "73.02700", "2017-12-31": "93.76300", "2016-12-31": "63.25400", "2015-12-31": "58.27600", "2014-12-31": "33.59900", "2013-12-31": "24.50000", "2012-12-31": "21.87300", "2011-12-31": "8.09600", "2010-12-31": "17.82900", "2009-12-31": "-2.50100", "2008-12-31": "0.53000", "2007-12-31": "1.55400", "2006-12-31": "1.65800", "2005-12-31": "1.45800"}, "Change In Accounts Receivable": {"2019-12-31": "1.08800", "2018-12-31": "25.77900", "2017-12-31": "-30.37900", "2016-12-31": "-49.50300", "2015-12-31": "-62.23500", "2014-12-31": "6.20900", "2013-12-31": "-28.31600", "2012-12-31": "-33.66400", "2011-12-31": "-18.45000", "2010-12-31": "-23.36500", "2009-12-31": "6.02100", "2008-12-31": "3.12100", "2007-12-31": "-13.93400", "2006-12-31": "-5.01100", "2005-12-31": "7.27300"}, "Change In Inventories": {"2019-12-31": "", "2018-12-31": "", "2017-12-31": "", "2016-12-31": "", "2015-12-31": "", "2014-12-31": "", "2013-12-31": "", "2012-12-31": "", "2011-12-31": "", "2010-12-31": "", "2009-12-31": "", "2008-12-31": "", "2007-12-31": "", "2006-12-31": "", "2005-12-31": ""}, "Change In Accounts Payable": {"2019-12-31": "", "2018-12-31": "", "2017-12-31": "", "2016-12-31": "", "2015-12-31": "", "2014-12-31": "", "2013-12-31": "", "2012-12-31": "", "2011-12-31": "", "2010-12-31": "", "2009-12-31": "", "2008-12-31": "", "2007-12-31": "", "2006-12-31": "", "2005-12-31": ""}, "Change In Assets/Liabilities": {"2019-12-31": "-71.39700", "2018-12-31": "-19.79700", "2017-12-31": "-4.77700", "2016-12-31": "-9.60500", "2015-12-31": "15.64500", "2014-12-31": "14.08100", "2013-12-31": "33.60600", "2012-12-31": "34.58800", "2011-12-31": "20.50400", "2010-12-31": "26.80800", "2009-12-31": "2.08200", "2008-12-31": "15.92700", "2007-12-31": "25.92600", "2006-12-31": "14.97700", "2005-12-31": "9.47200"}, "Total Change In Assets/Liabilities": {"2019-12-31": "-50.98300", "2018-12-31": "20.71200", "2017-12-31": "-34.07600", "2016-12-31": "-68.39500", "2015-12-31": "-26.79500", "2014-12-31": "36.42200", "2013-12-31": "18.16000", "2012-12-31": "-0.16200", "2011-12-31": "21.61100", "2010-12-31": "6.47600", "2009-12-31": "19.87000", "2008-12-31": "26.89200", "2007-12-31": "17.19800", "2006-12-31": "16.34400", "2005-12-31": "18.64500"}, "Cash Flow From Operating Activities": {"2019-12-31": "-42.16500", "2018-12-31": "104.35600", "2017-12-31": "158.23500", "2016-12-31": "39.87400", "2015-12-31": "67.80300", "2014-12-31": "103.27600", "2013-12-31": "80.70300", "2012-12-31": "43.57900", "2011-12-31": "39.81500", "2010-12-31": "18.41400", "2009-12-31": "49.58100", "2008-12-31": "38.39900", "2007-12-31": "25.34700", "2006-12-31": "19.84400", "2005-12-31": "25.29500"}, "Net Change In Property, Plant, And Equipment": {"2019-12-31": "-10.60800", "2018-12-31": "-11.89300", "2017-12-31": "-13.74100", "2016-12-31": "-19.08800", "2015-12-31": "-11.02000", "2014-12-31": "-11.46300", "2013-12-31": "-5.59800", "2012-12-31": "-23.61000", "2011-12-31": "-9.83500", "2010-12-31": "-5.74800", "2009-12-31": "-6.04300", "2008-12-31": "-4.05000", "2007-12-31": "-2.69800", "2006-12-31": "-2.43400", "2005-12-31": "-2.23600"}, "Net Change In Intangible Assets": {"2019-12-31": "", "2018-12-31": "", "2017-12-31": "", "2016-12-31": "", "2015-12-31": "", "2014-12-31": "", "2013-12-31": "", "2012-12-31": "", "2011-12-31": "", "2010-12-31": "", "2009-12-31": "", "2008-12-31": "", "2007-12-31": "", "2006-12-31": "", "2005-12-31": ""}, "Net Acquisitions/Divestitures": {"2019-12-31": "-10.93400", "2018-12-31": "-0.80000", "2017-12-31": "-0.29700", "2016-12-31": "-49.11300", "2015-12-31": "-1.67100", "2014-12-31": "-3.91800", "2013-12-31": "-25.56500", "2012-12-31": "", "2011-12-31": "", "2010-12-31": "-109.22800", "2009-12-31": "", "2008-12-31": "-0.79800", "2007-12-31": "", "2006-12-31": "", "2005-12-31": ""}, "Net Change In Short-term Investments": {"2019-12-31": "91.61600", "2018-12-31": "-35.50300", "2017-12-31": "-0.72100", "2016-12-31": "61.02900", "2015-12-31": "-31.76100", "2014-12-31": "-22.27600", "2013-12-31": "-32.83400", "2012-12-31": "4.37200", "2011-12-31": "-35.55300", "2010-12-31": "122.06700", "2009-12-31": "-12.12000", "2008-12-31": "-8.91600", "2007-12-31": "-22.14900", "2006-12-31": "-8.33700", "2005-12-31": "-17.95200"}, "Net Change In Long-Term Investments": {"2019-12-31": "", "2018-12-31": "", "2017-12-31": "", "2016-12-31": "", "2015-12-31": "", "2014-12-31": "", "2013-12-31": "", "2012-12-31": "", "2011-12-31": "", "2010-12-31": "", "2009-12-31": "", "2008-12-31": "", "2007-12-31": "", "2006-12-31": "", "2005-12-31": ""}, "Net Change In Investments - Total": {"2019-12-31": "91.61600", "2018-12-31": "-35.50300", "2017-12-31": "-0.72100", "2016-12-31": "61.02900", "2015-12-31": "-31.76100", "2014-12-31": "-22.27600", "2013-12-31": "-32.83400", "2012-12-31": "4.37200", "2011-12-31": "-35.55300", "2010-12-31": "122.06700", "2009-12-31": "-12.12000", "2008-12-31": "-8.91600", "2007-12-31": "-22.14900", "2006-12-31": "-8.33700", "2005-12-31": "-17.95200"}, "Investing Activities - Other": {"2019-12-31": "", "2018-12-31": "", "2017-12-31": "", "2016-12-31": "", "2015-12-31": "", "2014-12-31": "", "2013-12-31": "", "2012-12-31": "", "2011-12-31": "", "2010-12-31": "-0.25000", "2009-12-31": "", "2008-12-31": "", "2007-12-31": "", "2006-12-31": "", "2005-12-31": ""}, "Cash Flow From Investing Activities": {"2019-12-31": "70.07400", "2018-12-31": "-48.19600", "2017-12-31": "-14.75900", "2016-12-31": "-7.17200", "2015-12-31": "-44.45200", "2014-12-31": "-37.65700", "2013-12-31": "-63.99700", "2012-12-31": "-19.23800", "2011-12-31": "-45.38800", "2010-12-31": "6.84100", "2009-12-31": "-18.16300", "2008-12-31": "-13.76400", "2007-12-31": "-24.84700", "2006-12-31": "-10.77100", "2005-12-31": "-20.18800"}, "Net Long-Term Debt": {"2019-12-31": "", "2018-12-31": "", "2017-12-31": "", "2016-12-31": "", "2015-12-31": "", "2014-12-31": "", "2013-12-31": "", "2012-12-31": "", "2011-12-31": "", "2010-12-31": "", "2009-12-31": "", "2008-12-31": "", "2007-12-31": "-0.06300", "2006-12-31": "-0.10300", "2005-12-31": "-0.09800"}, "Net Current Debt": {"2019-12-31": "", "2018-12-31": "", "2017-12-31": "", "2016-12-31": "", "2015-12-31": "", "2014-12-31": "", "2013-12-31": "", "2012-12-31": "", "2011-12-31": "", "2010-12-31": "", "2009-12-31": "", "2008-12-31": "", "2007-12-31": "", "2006-12-31": "", "2005-12-31": ""}, "Debt Issuance/Retirement Net - Total": {"2019-12-31": "", "2018-12-31": "", "2017-12-31": "", "2016-12-31": "", "2015-12-31": "", "2014-12-31": "", "2013-12-31": "", "2012-12-31": "", "2011-12-31": "", "2010-12-31": "", "2009-12-31": "", "2008-12-31": "", "2007-12-31": "-0.06300", "2006-12-31": "-0.10300", "2005-12-31": "-0.09800"}, "Net Common Equity Issued/Repurchased": {"2019-12-31": "-64.77200", "2018-12-31": "-92.02800", "2017-12-31": "-44.95200", "2016-12-31": "-42.54200", "2015-12-31": "-31.46500", "2014-12-31": "-20.54500", "2013-12-31": "-17.58100", "2012-12-31": "-8.44200", "2011-12-31": "-8.47500", "2010-12-31": "-12.52900", "2009-12-31": "-16.11400", "2008-12-31": "-12.45700", "2007-12-31": "1.78000", "2006-12-31": "-3.11900", "2005-12-31": "-4.02800"}, "Net Total Equity Issued/Repurchased": {"2019-12-31": "-64.77200", "2018-12-31": "-92.02800", "2017-12-31": "-44.95200", "2016-12-31": "-42.54200", "2015-12-31": "-31.46500", "2014-12-31": "-20.54500", "2013-12-31": "-17.58100", "2012-12-31": "-8.44200", "2011-12-31": "-8.47500", "2010-12-31": "-12.52900", "2009-12-31": "-16.11400", "2008-12-31": "-12.45700", "2007-12-31": "1.78000", "2006-12-31": "-3.11900", "2005-12-31": "-4.02800"}, "Total Common And Preferred Stock Dividends Paid": {"2019-12-31": "-9.48600", "2018-12-31": "-9.43200", "2017-12-31": "-9.27700", "2016-12-31": "-9.17400", "2015-12-31": "-9.19400", "2014-12-31": "-6.87400", "2013-12-31": "-3.42100", "2012-12-31": "-5.68000", "2011-12-31": "-4.49500", "2010-12-31": "-4.44100", "2009-12-31": "-4.34600", "2008-12-31": "-4.36800", "2007-12-31": "-4.30700", "2006-12-31": "-2.12200", "2005-12-31": ""}, "Financial Activities - Other": {"2019-12-31": "", "2018-12-31": "", "2017-12-31": "", "2016-12-31": "", "2015-12-31": "", "2014-12-31": "", "2013-12-31": "6.43500", "2012-12-31": "6.03100", "2011-12-31": "6.65800", "2010-12-31": "3.71900", "2009-12-31": "15.41100", "2008-12-31": "3.47100", "2007-12-31": "2.33900", "2006-12-31": "0.44200", "2005-12-31": ""}, "Cash Flow From Financial Activities": {"2019-12-31": "-74.25800", "2018-12-31": "-101.46000", "2017-12-31": "-54.22900", "2016-12-31": "-51.71600", "2015-12-31": "-40.65900", "2014-12-31": "-27.41900", "2013-12-31": "-14.56700", "2012-12-31": "-8.09100", "2011-12-31": "-6.31200", "2010-12-31": "-13.25100", "2009-12-31": "-5.04900", "2008-12-31": "-13.35400", "2007-12-31": "-0.25100", "2006-12-31": "-4.90200", "2005-12-31": "-4.12600"}, "Net Cash Flow": {"2019-12-31": "-46.05900", "2018-12-31": "-47.85700", "2017-12-31": "91.68500", "2016-12-31": "-22.43200", "2015-12-31": "-21.55900", "2014-12-31": "34.35400", "2013-12-31": "2.70600", "2012-12-31": "17.17200", "2011-12-31": "-10.77400", "2010-12-31": "7.27000", "2009-12-31": "27.77000", "2008-12-31": "9.37700", "2007-12-31": "0.70200", "2006-12-31": "4.69400", "2005-12-31": "0.40900"}, "Stock-Based Compensation": {"2019-12-31": "80.90900", "2018-12-31": "63.86200", "2017-12-31": "53.31300", "2016-12-31": "40.82100", "2015-12-31": "30.05400", "2014-12-31": "19.20500", "2013-12-31": "12.86900", "2012-12-31": "11.50600", "2011-12-31": "9.02800", "2010-12-31": "6.74500", "2009-12-31": "4.67300", "2008-12-31": "3.53200", "2007-12-31": "1.61800", "2006-12-31": "1.46800", "2005-12-31": ""}, "Common Stock Dividends Paid": {"2019-12-31": "-9.48600", "2018-12-31": "-9.43200", "2017-12-31": "-9.27700", "2016-12-31": "-9.17400", "2015-12-31": "-9.19400", "2014-12-31": "-6.87400", "2013-12-31": "-3.42100", "2012-12-31": "-5.68000", "2011-12-31": "-4.49500", "2010-12-31": "-4.44100", "2009-12-31": "-4.34600", "2008-12-31": "-4.36800", "2007-12-31": "-4.30700", "2006-12-31": "-2.12200", "2005-12-31": ""}}, "cash flow statement, quarterly": {"Net Income/Loss": {"2020-09-30": -19.267, "2020-06-30": -20.74, "2020-03-31": "-25.37200", "2019-12-31": 0.918, "2019-09-30": -30.338, "2019-06-30": -32.296, "2019-03-31": "-28.71700", "2018-12-31": 16.413, "2018-09-30": -7.587, "2018-06-30": -10.409, "2018-03-31": "12.20000", "2017-12-31": 40.595, "2017-09-30": 1.288, "2017-06-30": 3.702, "2017-03-31": "52.96300", "2016-12-31": 26.778, "2016-09-30": 3.301, "2016-06-30": 4.536, "2016-03-31": "10.40000", "2015-12-31": 20.958, "2015-09-30": 6.325, "2015-06-30": 3.104, "2015-03-31": "5.93500", "2014-12-31": 20.104, "2014-09-30": 1.882, "2014-06-30": 1.504, "2014-03-31": "9.76500", "2013-12-31": 15.561, "2013-09-30": 8.71, "2013-06-30": 4.703, "2013-03-31": "9.06900", "2012-12-31": 20.409, "2012-09-30": -0.331, "2012-06-30": -2.267, "2012-03-31": "4.05700", "2011-12-31": -1.855, "2011-09-30": 4.959, "2011-06-30": 2.273, "2011-03-31": "4.73100", "2010-12-31": -4.693, "2010-09-30": 3.139, "2010-06-30": -8.188, "2010-03-31": "3.85100", "2009-12-31": 6.328, "2009-09-30": 6.001, "2009-06-30": 11.241, "2009-03-31": "8.64200", "2008-12-31": 2.83, "2008-09-30": 2.351, "2008-06-30": 2.852, "2008-03-31": "2.94400", "2007-12-31": 1.418, "2007-09-30": 3.51, "2007-06-30": 0.647, "2007-03-31": "1.02000", "2006-12-31": 3.422, "2006-09-30": -0.41, "2006-06-30": -0.259, "2006-03-31": "-0.91100", "2005-12-31": 2.182, "2005-09-30": 2.581, "2005-06-30": 0.356, "2005-03-31": "0.07300"}, "Total Depreciation And Amortization - Cash Flow": {"2020-09-30": 19.028, "2020-06-30": 17.093, "2020-03-31": "15.13500", "2019-12-31": 11.18, "2019-09-30": 13.098, "2019-06-30": 11.699, "2019-03-31": "15.37100", "2018-12-31": 12.42, "2018-09-30": 10.821, "2018-06-30": 10.599, "2018-03-31": "10.32200", "2017-12-31": 19.497, "2017-09-30": 6.347, "2017-06-30": 6.268, "2017-03-31": "6.08800", "2016-12-31": 19.677, "2016-09-30": 6.221, "2016-06-30": 6.209, "2016-03-31": "5.46600", "2015-12-31": 7.761, "2015-09-30": 6.312, "2015-06-30": 5.634, "2015-03-31": "5.62400", "2014-12-31": 8.101, "2014-09-30": 5.755, "2014-06-30": 5.566, "2014-03-31": "5.84600", "2013-12-31": 7.638, "2013-09-30": 4.754, "2013-06-30": 4.692, "2013-03-31": "4.72700", "2012-12-31": 5.999, "2012-09-30": 5.01, "2012-06-30": 4.29, "2012-03-31": "4.68600", "2011-12-31": 5.663, "2011-09-30": 4.42, "2011-06-30": 4.217, "2011-03-31": "4.01100", "2010-12-31": 6.014, "2010-09-30": 3.282, "2010-06-30": 1.942, "2010-03-31": "1.74400", "2009-12-31": 1.727, "2009-09-30": 1.807, "2009-06-30": 1.625, "2009-03-31": "1.55200", "2008-12-31": 1.593, "2008-09-30": 1.239, "2008-06-30": 0.882, "2008-03-31": "0.54700", "2007-12-31": 0.306, "2007-09-30": 0.694, "2007-06-30": 0.639, "2007-03-31": "0.55300", "2006-12-31": 0.564, "2006-09-30": 0.483, "2006-06-30": 0.462, "2006-03-31": "0.61100", "2005-12-31": 0.578, "2005-09-30": 0.292, "2005-06-30": 0.441, "2005-03-31": "0.39600"}, "Other Non-Cash Items": {"2020-09-30": -16.2, "2020-06-30": -3.22, "2020-03-31": "40.96100", "2019-12-31": 14.524, "2019-09-30": -13.113, "2019-06-30": 19.556, "2019-03-31": "26.93600", "2018-12-31": -15.385, "2018-09-30": 14.09, "2018-06-30": 12.829, "2018-03-31": "17.33100", "2017-12-31": 2.838, "2017-09-30": 21.103, "2017-06-30": 10.674, "2017-03-31": "20.94800", "2016-12-31": 0.499, "2016-09-30": 3.662, "2016-06-30": 10.599, "2016-03-31": "10.92100", "2015-12-31": 12.019, "2015-09-30": 5.337, "2015-06-30": 7.022, "2015-03-31": "8.56700", "2014-12-31": -3.257, "2014-09-30": 6.383, "2014-06-30": 2.937, "2014-03-31": "2.26800", "2013-12-31": -8.219, "2013-09-30": 1.609, "2013-06-30": 3.405, "2013-03-31": "5.89400", "2012-12-31": -6.746, "2012-09-30": 2.287, "2012-06-30": 2.795, "2012-03-31": "3.55200", "2011-12-31": -12.553, "2011-09-30": 1.241, "2011-06-30": -0.656, "2011-03-31": "1.75300", "2010-12-31": 2.687, "2010-09-30": -0.34, "2010-06-30": 4.763, "2010-03-31": "-2.26300", "2009-12-31": 2.575, "2009-09-30": -3.494, "2009-06-30": -7.178, "2009-03-31": "-1.11500", "2008-12-31": -2.237, "2008-09-30": -0.656, "2008-06-30": -0.26, "2008-03-31": "-0.57800", "2007-12-31": -1.532, "2007-09-30": 0.57, "2007-06-30": 0.187, "2007-03-31": "0.13700", "2006-12-31": -0.577, "2006-09-30": 0.371, "2006-06-30": -0.126, "2006-03-31": "-0.13000", "2005-12-31": -1.086, "2005-09-30": 0.759, "2005-06-30": 0.067, "2005-03-31": "0.01100"}, "Total Non-Cash Items": {"2020-09-30": 2.828, "2020-06-30": 13.873, "2020-03-31": "56.09600", "2019-12-31": 25.704, "2019-09-30": -0.015, "2019-06-30": 31.255, "2019-03-31": "42.30700", "2018-12-31": -2.965, "2018-09-30": 24.911, "2018-06-30": 23.428, "2018-03-31": "27.65300", "2017-12-31": 22.335, "2017-09-30": 27.45, "2017-06-30": 16.942, "2017-03-31": "27.03600", "2016-12-31": 20.176, "2016-09-30": 9.883, "2016-06-30": 16.808, "2016-03-31": "16.38700", "2015-12-31": 19.78, "2015-09-30": 11.649, "2015-06-30": 12.656, "2015-03-31": "14.19100", "2014-12-31": 4.844, "2014-09-30": 12.138, "2014-06-30": 8.503, "2014-03-31": "8.11400", "2013-12-31": -0.581, "2013-09-30": 6.363, "2013-06-30": 8.097, "2013-03-31": "10.62100", "2012-12-31": -0.747, "2012-09-30": 7.297, "2012-06-30": 7.085, "2012-03-31": "8.23800", "2011-12-31": -6.89, "2011-09-30": 5.661, "2011-06-30": 3.561, "2011-03-31": "5.76400", "2010-12-31": 8.701, "2010-09-30": 2.942, "2010-06-30": 6.705, "2010-03-31": "-0.51900", "2009-12-31": 4.302, "2009-09-30": -1.687, "2009-06-30": -5.553, "2009-03-31": "0.43700", "2008-12-31": -0.644, "2008-09-30": 0.583, "2008-06-30": 0.622, "2008-03-31": "-0.03100", "2007-12-31": -1.226, "2007-09-30": 1.264, "2007-06-30": 0.826, "2007-03-31": "0.69000", "2006-12-31": -0.013, "2006-09-30": 0.854, "2006-06-30": 0.336, "2006-03-31": "0.48100", "2005-12-31": -0.508, "2005-09-30": 1.051, "2005-06-30": 0.508, "2005-03-31": "0.40700"}, "Change In Accounts Receivable": {"2020-09-30": 0, "2020-06-30": 0, "2020-03-31": "", "2019-12-31": 1.088, "2019-09-30": 0, "2019-06-30": 0, "2019-03-31": "", "2018-12-31": 25.779, "2018-09-30": 0, "2018-06-30": 0, "2018-03-31": "", "2017-12-31": -30.379, "2017-09-30": 0, "2017-06-30": 0, "2017-03-31": "", "2016-12-31": -53.443, "2016-09-30": -6.913, "2016-06-30": 4.156, "2016-03-31": "6.69700", "2015-12-31": -84.204, "2015-09-30": 5.324, "2015-06-30": 16.944, "2015-03-31": "-0.29900", "2014-12-31": -52.84, "2014-09-30": 7.894, "2014-06-30": -6.136, "2014-03-31": "57.29100", "2013-12-31": -70.927, "2013-09-30": 5.275, "2013-06-30": -24.407, "2013-03-31": "61.74300", "2012-12-31": -52.602, "2012-09-30": 12.792, "2012-06-30": 14.276, "2012-03-31": "-8.13000", "2011-12-31": -20.714, "2011-09-30": 18.054, "2011-06-30": 12.431, "2011-03-31": "-28.22100", "2010-12-31": -3.289, "2010-09-30": -8.32, "2010-06-30": -8.937, "2010-03-31": "-2.81900", "2009-12-31": -9.072, "2009-09-30": 4.669, "2009-06-30": 13.619, "2009-03-31": "-3.19500", "2008-12-31": -9.525, "2008-09-30": -1.771, "2008-06-30": 3.984, "2008-03-31": "10.43300", "2007-12-31": -12.516, "2007-09-30": 1.722, "2007-06-30": -0.407, "2007-03-31": "-2.73300", "2006-12-31": -22.616, "2006-09-30": 6.049, "2006-06-30": 10.267, "2006-03-31": "1.28900", "2005-12-31": 0.272, "2005-09-30": -5.484, "2005-06-30": 4.788, "2005-03-31": "7.69700"}, "Change In Inventories": {"2020-09-30": 0, "2020-06-30": 0, "2020-03-31": "", "2019-12-31": 0, "2019-09-30": 0, "2019-06-30": 0, "2019-03-31": "", "2018-12-31": 0, "2018-09-30": 0, "2018-06-30": 0, "2018-03-31": "", "2017-12-31": 0, "2017-09-30": 0, "2017-06-30": 0, "2017-03-31": "", "2016-12-31": 0, "2016-09-30": 0, "2016-06-30": 0, "2016-03-31": "", "2015-12-31": 0, "2015-09-30": 0, "2015-06-30": 0, "2015-03-31": "", "2014-12-31": 0, "2014-09-30": 0, "2014-06-30": 0, "2014-03-31": "", "2013-12-31": 0, "2013-09-30": 0, "2013-06-30": 0, "2013-03-31": "", "2012-12-31": 0, "2012-09-30": 0, "2012-06-30": 0, "2012-03-31": "", "2011-12-31": 0, "2011-09-30": 0, "2011-06-30": 0, "2011-03-31": "", "2010-12-31": 0, "2010-09-30": 0, "2010-06-30": 0, "2010-03-31": "", "2009-12-31": 0, "2009-09-30": 0, "2009-06-30": 0, "2009-03-31": "", "2008-12-31": 0, "2008-09-30": 0, "2008-06-30": 0, "2008-03-31": "", "2007-12-31": 0, "2007-09-30": 0, "2007-06-30": 0, "2007-03-31": "", "2006-12-31": 0, "2006-09-30": 0, "2006-06-30": 0, "2006-03-31": "", "2005-12-31": 0, "2005-09-30": 0, "2005-06-30": 0, "2005-03-31": ""}, "Change In Accounts Payable": {"2020-09-30": 0, "2020-06-30": 0, "2020-03-31": "", "2019-12-31": 0, "2019-09-30": 0, "2019-06-30": 0, "2019-03-31": "", "2018-12-31": 0, "2018-09-30": 0, "2018-06-30": 0, "2018-03-31": "", "2017-12-31": 0, "2017-09-30": 0, "2017-06-30": 0, "2017-03-31": "", "2016-12-31": 0, "2016-09-30": 0, "2016-06-30": 0, "2016-03-31": "", "2015-12-31": 0, "2015-09-30": 0, "2015-06-30": 0, "2015-03-31": "", "2014-12-31": 0, "2014-09-30": 0, "2014-06-30": 0, "2014-03-31": "", "2013-12-31": 0, "2013-09-30": 0, "2013-06-30": 0, "2013-03-31": "", "2012-12-31": 0, "2012-09-30": 0, "2012-06-30": 0, "2012-03-31": "", "2011-12-31": 0, "2011-09-30": 0, "2011-06-30": 0, "2011-03-31": "", "2010-12-31": 0, "2010-09-30": 0, "2010-06-30": 0, "2010-03-31": "", "2009-12-31": 0, "2009-09-30": 0, "2009-06-30": 0, "2009-03-31": "", "2008-12-31": 0, "2008-09-30": 0, "2008-06-30": 0, "2008-03-31": "", "2007-12-31": 0, "2007-09-30": 0, "2007-06-30": 0, "2007-03-31": "", "2006-12-31": 0, "2006-09-30": 0, "2006-06-30": 0, "2006-03-31": "", "2005-12-31": 0, "2005-09-30": 0, "2005-06-30": 0, "2005-03-31": ""}, "Change In Assets/Liabilities": {"2020-09-30": 11.381, "2020-06-30": 3.991, "2020-03-31": "-49.04700", "2019-12-31": -75.739, "2019-09-30": 9.171, "2019-06-30": -13.942, "2019-03-31": "9.11300", "2018-12-31": -16.689, "2018-09-30": -25.668, "2018-06-30": 6.758, "2018-03-31": "15.80200", "2017-12-31": 10.678, "2017-09-30": -0.581, "2017-06-30": 32.681, "2017-03-31": "-47.55500", "2016-12-31": 6.512, "2016-09-30": -6.31, "2016-06-30": -11.386, "2016-03-31": "1.57900", "2015-12-31": 23.768, "2015-09-30": -10.351, "2015-06-30": -31.49, "2015-03-31": "33.71800", "2014-12-31": 11.482, "2014-09-30": 3.963, "2014-06-30": -19.01, "2014-03-31": "17.64600", "2013-12-31": 37.182, "2013-09-30": -9.112, "2013-06-30": -1.486, "2013-03-31": "7.02200", "2012-12-31": 26.562, "2012-09-30": 3.653, "2012-06-30": 0.295, "2012-03-31": "4.07800", "2011-12-31": 16.184, "2011-09-30": -13.575, "2011-06-30": 0.874, "2011-03-31": "17.02100", "2010-12-31": 22.367, "2010-09-30": -2.829, "2010-06-30": -2.787, "2010-03-31": "10.05700", "2009-12-31": 2.354, "2009-09-30": -7.21, "2009-06-30": -5.72, "2009-03-31": "12.65800", "2008-12-31": 5.938, "2008-09-30": -7.373, "2008-06-30": 9.797, "2008-03-31": "7.56500", "2007-12-31": 10.15, "2007-09-30": -2.785, "2007-06-30": 3.851, "2007-03-31": "14.71000", "2006-12-31": 16.228, "2006-09-30": -4.757, "2006-06-30": -1.329, "2006-03-31": "4.83500", "2005-12-31": 2.968, "2005-09-30": 1.06, "2005-06-30": -1.118, "2005-03-31": "6.56200"}, "Total Change In Assets/Liabilities": {"2020-09-30": 11.381, "2020-06-30": 3.991, "2020-03-31": "-49.04700", "2019-12-31": -55.325, "2019-09-30": 9.171, "2019-06-30": -13.942, "2019-03-31": "9.11300", "2018-12-31": 23.82, "2018-09-30": -25.668, "2018-06-30": 6.758, "2018-03-31": "15.80200", "2017-12-31": -18.621, "2017-09-30": -0.581, "2017-06-30": 32.681, "2017-03-31": "-47.55500", "2016-12-31": -27.636, "2016-09-30": -4.197, "2016-06-30": -19.815, "2016-03-31": "-16.74700", "2015-12-31": -27.863, "2015-09-30": -2.445, "2015-06-30": -3.882, "2015-03-31": "7.39500", "2014-12-31": -19.939, "2014-09-30": 10.312, "2014-06-30": -8.93, "2014-03-31": "54.97900", "2013-12-31": -17.712, "2013-09-30": 4.082, "2013-06-30": -14.566, "2013-03-31": "46.35600", "2012-12-31": -5.167, "2012-09-30": 9.591, "2012-06-30": 25.483, "2012-03-31": "-30.06900", "2011-12-31": 28.913, "2011-09-30": -8.193, "2011-06-30": 19.501, "2011-03-31": "-18.61000", "2010-12-31": 23.912, "2010-09-30": -9.269, "2010-06-30": -9.659, "2010-03-31": "1.49200", "2009-12-31": 0.112, "2009-09-30": 5.093, "2009-06-30": 9.893, "2009-03-31": "4.77200", "2008-12-31": 3.342, "2008-09-30": -0.53, "2008-06-30": 13.068, "2008-03-31": "11.01200", "2007-12-31": 7.013, "2007-09-30": 2.049, "2007-06-30": 2.854, "2007-03-31": "5.28200", "2006-12-31": -3.779, "2006-09-30": 4.887, "2006-06-30": 11.687, "2006-03-31": "3.54900", "2005-12-31": 5.613, "2005-09-30": -1.582, "2005-06-30": 3.111, "2005-03-31": "11.50300"}, "Cash Flow From Operating Activities": {"2020-09-30": -5.058, "2020-06-30": -2.876, "2020-03-31": "-18.32300", "2019-12-31": -28.703, "2019-09-30": -21.182, "2019-06-30": -14.983, "2019-03-31": "22.70300", "2018-12-31": 37.268, "2018-09-30": -8.344, "2018-06-30": 19.777, "2018-03-31": "55.65500", "2017-12-31": 44.309, "2017-09-30": 28.157, "2017-06-30": 53.325, "2017-03-31": "32.44400", "2016-12-31": 19.318, "2016-09-30": 8.987, "2016-06-30": 1.529, "2016-03-31": "10.04000", "2015-12-31": 12.875, "2015-09-30": 15.529, "2015-06-30": 11.878, "2015-03-31": "27.52100", "2014-12-31": 5.009, "2014-09-30": 24.332, "2014-06-30": 1.077, "2014-03-31": "72.85800", "2013-12-31": -2.732, "2013-09-30": 19.155, "2013-06-30": -1.766, "2013-03-31": "66.04600", "2012-12-31": 14.495, "2012-09-30": 16.557, "2012-06-30": 30.301, "2012-03-31": "-17.77400", "2011-12-31": 20.168, "2011-09-30": 2.427, "2011-06-30": 25.335, "2011-03-31": "-8.11500", "2010-12-31": 27.92, "2010-09-30": -3.188, "2010-06-30": -11.142, "2010-03-31": "4.82400", "2009-12-31": 10.742, "2009-09-30": 9.407, "2009-06-30": 15.581, "2009-03-31": "13.85100", "2008-12-31": 5.528, "2008-09-30": 2.404, "2008-06-30": 16.542, "2008-03-31": "13.92500", "2007-12-31": 7.205, "2007-09-30": 6.823, "2007-06-30": 4.327, "2007-03-31": "6.99200", "2006-12-31": -0.37, "2006-09-30": 5.331, "2006-06-30": 11.764, "2006-03-31": "3.11900", "2005-12-31": 7.287, "2005-09-30": 2.05, "2005-06-30": 3.975, "2005-03-31": "11.98300"}, "Net Change In Property, Plant, And Equipment": {"2020-09-30": -2.747, "2020-06-30": -6.563, "2020-03-31": "-12.49600", "2019-12-31": -4.169, "2019-09-30": -1.557, "2019-06-30": -2.092, "2019-03-31": "-2.79000", "2018-12-31": -4.019, "2018-09-30": -1.354, "2018-06-30": -6.52, "2018-03-31": "", "2017-12-31": -13.741, "2017-09-30": 0, "2017-06-30": 0, "2017-03-31": "", "2016-12-31": -3.835, "2016-09-30": -3.756, "2016-06-30": -7.246, "2016-03-31": "-4.25100", "2015-12-31": -1.07, "2015-09-30": -2.657, "2015-06-30": -4.018, "2015-03-31": "-3.27500", "2014-12-31": -5.654, "2014-09-30": -2.945, "2014-06-30": -1.636, "2014-03-31": "-1.22800", "2013-12-31": -1.44, "2013-09-30": -2.186, "2013-06-30": -0.777, "2013-03-31": "-1.19500", "2012-12-31": -1.735, "2012-09-30": -6.926, "2012-06-30": -10.682, "2012-03-31": "-4.26700", "2011-12-31": -4.727, "2011-09-30": -1.545, "2011-06-30": -2.473, "2011-03-31": "-1.09000", "2010-12-31": -1.673, "2010-09-30": -0.578, "2010-06-30": -1.571, "2010-03-31": "-1.92600", "2009-12-31": -2.319, "2009-09-30": -1.935, "2009-06-30": -0.629, "2009-03-31": "-1.16000", "2008-12-31": -1.425, "2008-09-30": -1.648, "2008-06-30": -0.503, "2008-03-31": "-0.47400", "2007-12-31": -0.353, "2007-09-30": -0.841, "2007-06-30": -0.73, "2007-03-31": "-0.77400", "2006-12-31": -0.717, "2006-09-30": -0.42, "2006-06-30": -0.491, "2006-03-31": "-0.80600", "2005-12-31": -0.932, "2005-09-30": -0.513, "2005-06-30": -0.48, "2005-03-31": "-0.31100"}, "Net Change In Intangible Assets": {"2020-09-30": 0, "2020-06-30": 0, "2020-03-31": "", "2019-12-31": 0, "2019-09-30": 0, "2019-06-30": 0, "2019-03-31": "", "2018-12-31": 0, "2018-09-30": 0, "2018-06-30": 0, "2018-03-31": "", "2017-12-31": 0, "2017-09-30": 0, "2017-06-30": 0, "2017-03-31": "", "2016-12-31": 0, "2016-09-30": 0, "2016-06-30": 0, "2016-03-31": "", "2015-12-31": 0, "2015-09-30": 0, "2015-06-30": 0, "2015-03-31": "", "2014-12-31": 0, "2014-09-30": 0, "2014-06-30": 0, "2014-03-31": "", "2013-12-31": 0, "2013-09-30": 0, "2013-06-30": 0, "2013-03-31": "", "2012-12-31": 0, "2012-09-30": 0, "2012-06-30": 0, "2012-03-31": "", "2011-12-31": 0, "2011-09-30": 0, "2011-06-30": 0, "2011-03-31": "", "2010-12-31": 0, "2010-09-30": 0, "2010-06-30": 0, "2010-03-31": "", "2009-12-31": 0, "2009-09-30": 0, "2009-06-30": 0, "2009-03-31": "", "2008-12-31": 0, "2008-09-30": 0, "2008-06-30": 0, "2008-03-31": "", "2007-12-31": 0, "2007-09-30": 0, "2007-06-30": 0, "2007-03-31": "", "2006-12-31": 0, "2006-09-30": 0, "2006-06-30": 0, "2006-03-31": "", "2005-12-31": 0, "2005-09-30": 0, "2005-06-30": 0, "2005-03-31": ""}, "Net Acquisitions/Divestitures": {"2020-09-30": 0, "2020-06-30": 0, "2020-03-31": "", "2019-12-31": 0, "2019-09-30": -0.013, "2019-06-30": -10.921, "2019-03-31": "", "2018-12-31": -0.8, "2018-09-30": 0, "2018-06-30": 0, "2018-03-31": "", "2017-12-31": -0.297, "2017-09-30": 0, "2017-06-30": 0, "2017-03-31": "", "2016-12-31": 0, "2016-09-30": 0, "2016-06-30": -48.858, "2016-03-31": "-0.25500", "2015-12-31": 0, "2015-09-30": -1.136, "2015-06-30": 0, "2015-03-31": "-0.53500", "2014-12-31": -1.318, "2014-09-30": -1.007, "2014-06-30": -0.8, "2014-03-31": "-0.79300", "2013-12-31": -25.565, "2013-09-30": 0, "2013-06-30": 0, "2013-03-31": "", "2012-12-31": 0, "2012-09-30": 0, "2012-06-30": 0, "2012-03-31": "", "2011-12-31": 0, "2011-09-30": 0, "2011-06-30": 0, "2011-03-31": "", "2010-12-31": 0, "2010-09-30": -0.237, "2010-06-30": -108.991, "2010-03-31": "", "2009-12-31": 0, "2009-09-30": 0, "2009-06-30": 0, "2009-03-31": "", "2008-12-31": 0, "2008-09-30": 0, "2008-06-30": -0.019, "2008-03-31": "-0.77900", "2007-12-31": 0, "2007-09-30": 0, "2007-06-30": 0, "2007-03-31": "", "2006-12-31": 0, "2006-09-30": 0, "2006-06-30": 0, "2006-03-31": "", "2005-12-31": 0, "2005-09-30": 0, "2005-06-30": 0, "2005-03-31": ""}, "Net Change In Short-term Investments": {"2020-09-30": -188.55, "2020-06-30": -0.279, "2020-03-31": "-0.06600", "2019-12-31": 20.795, "2019-09-30": 37.808, "2019-06-30": 31.689, "2019-03-31": "1.32400", "2018-12-31": 6.218, "2018-09-30": -1.872, "2018-06-30": -10.64, "2018-03-31": "-29.20900", "2017-12-31": 1.842, "2017-09-30": -6.731, "2017-06-30": 5.19, "2017-03-31": "-1.02200", "2016-12-31": -0.478, "2016-09-30": 8.827, "2016-06-30": 38.804, "2016-03-31": "13.87600", "2015-12-31": -0.646, "2015-09-30": -20.731, "2015-06-30": -8.813, "2015-03-31": "-1.57100", "2014-12-31": -8.2, "2014-09-30": -0.525, "2014-06-30": -12.942, "2014-03-31": "-0.60900", "2013-12-31": 2.682, "2013-09-30": -11.366, "2013-06-30": -12.121, "2013-03-31": "-12.02900", "2012-12-31": -0.757, "2012-09-30": 2.682, "2012-06-30": 6.146, "2012-03-31": "-3.69900", "2011-12-31": -4.65, "2011-09-30": -14.327, "2011-06-30": -12.288, "2011-03-31": "-4.28800", "2010-12-31": -0.211, "2010-09-30": -5.088, "2010-06-30": -9.281, "2010-03-31": "136.64700", "2009-12-31": 1.806, "2009-09-30": -2.926, "2009-06-30": -6.382, "2009-03-31": "-4.61800", "2008-12-31": -0.021, "2008-09-30": 16.211, "2008-06-30": -7.837, "2008-03-31": "-17.26900", "2007-12-31": 0.049, "2007-09-30": 3.382, "2007-06-30": -18.211, "2007-03-31": "-7.36900", "2006-12-31": 6.249, "2006-09-30": -9.427, "2006-06-30": 1.549, "2006-03-31": "-6.70800", "2005-12-31": -3.38, "2005-09-30": -9.884, "2005-06-30": -4.175, "2005-03-31": "-0.51300"}, "Net Change In Long-Term Investments": {"2020-09-30": 0, "2020-06-30": 0, "2020-03-31": "", "2019-12-31": 0, "2019-09-30": 0, "2019-06-30": 0, "2019-03-31": "", "2018-12-31": 0, "2018-09-30": 0, "2018-06-30": 0, "2018-03-31": "", "2017-12-31": 0, "2017-09-30": 0, "2017-06-30": 0, "2017-03-31": "", "2016-12-31": 0, "2016-09-30": 0, "2016-06-30": 0, "2016-03-31": "", "2015-12-31": 0, "2015-09-30": 0, "2015-06-30": 0, "2015-03-31": "", "2014-12-31": 0, "2014-09-30": 0, "2014-06-30": 0, "2014-03-31": "", "2013-12-31": 0, "2013-09-30": 0, "2013-06-30": 0, "2013-03-31": "", "2012-12-31": 0, "2012-09-30": 0, "2012-06-30": 0, "2012-03-31": "", "2011-12-31": 0, "2011-09-30": 0, "2011-06-30": 0, "2011-03-31": "", "2010-12-31": 0, "2010-09-30": 0, "2010-06-30": 0, "2010-03-31": "", "2009-12-31": 0, "2009-09-30": 0, "2009-06-30": 0, "2009-03-31": "", "2008-12-31": 0, "2008-09-30": 0, "2008-06-30": 0, "2008-03-31": "", "2007-12-31": 0, "2007-09-30": 0, "2007-06-30": 0, "2007-03-31": "", "2006-12-31": 0, "2006-09-30": 0, "2006-06-30": 0, "2006-03-31": "", "2005-12-31": 0, "2005-09-30": 0, "2005-06-30": 0, "2005-03-31": ""}, "Net Change In Investments - Total": {"2020-09-30": -188.55, "2020-06-30": -0.279, "2020-03-31": "-0.06600", "2019-12-31": 20.795, "2019-09-30": 37.808, "2019-06-30": 31.689, "2019-03-31": "1.32400", "2018-12-31": 6.218, "2018-09-30": -1.872, "2018-06-30": -10.64, "2018-03-31": "-29.20900", "2017-12-31": 1.842, "2017-09-30": -6.731, "2017-06-30": 5.19, "2017-03-31": "-1.02200", "2016-12-31": -0.478, "2016-09-30": 8.827, "2016-06-30": 38.804, "2016-03-31": "13.87600", "2015-12-31": -0.646, "2015-09-30": -20.731, "2015-06-30": -8.813, "2015-03-31": "-1.57100", "2014-12-31": -8.2, "2014-09-30": -0.525, "2014-06-30": -12.942, "2014-03-31": "-0.60900", "2013-12-31": 2.682, "2013-09-30": -11.366, "2013-06-30": -12.121, "2013-03-31": "-12.02900", "2012-12-31": -0.757, "2012-09-30": 2.682, "2012-06-30": 6.146, "2012-03-31": "-3.69900", "2011-12-31": -4.65, "2011-09-30": -14.327, "2011-06-30": -12.288, "2011-03-31": "-4.28800", "2010-12-31": -0.211, "2010-09-30": -5.088, "2010-06-30": -9.281, "2010-03-31": "136.64700", "2009-12-31": 1.806, "2009-09-30": -2.926, "2009-06-30": -6.382, "2009-03-31": "-4.61800", "2008-12-31": -0.021, "2008-09-30": 16.211, "2008-06-30": -7.837, "2008-03-31": "-17.26900", "2007-12-31": 0.049, "2007-09-30": 3.382, "2007-06-30": -18.211, "2007-03-31": "-7.36900", "2006-12-31": 6.249, "2006-09-30": -9.427, "2006-06-30": 1.549, "2006-03-31": "-6.70800", "2005-12-31": -3.38, "2005-09-30": -9.884, "2005-06-30": -4.175, "2005-03-31": "-0.51300"}, "Investing Activities - Other": {"2020-09-30": 0, "2020-06-30": 0, "2020-03-31": "", "2019-12-31": 0, "2019-09-30": 0, "2019-06-30": 0, "2019-03-31": "", "2018-12-31": 0, "2018-09-30": 0, "2018-06-30": 2.069, "2018-03-31": "-2.06900", "2017-12-31": 9.403, "2017-09-30": -4.076, "2017-06-30": -2.622, "2017-03-31": "-2.70500", "2016-12-31": 0, "2016-09-30": 0, "2016-06-30": 0, "2016-03-31": "", "2015-12-31": 0, "2015-09-30": 0, "2015-06-30": 0, "2015-03-31": "", "2014-12-31": 0, "2014-09-30": 0, "2014-06-30": 0, "2014-03-31": "", "2013-12-31": 0, "2013-09-30": 0, "2013-06-30": 0, "2013-03-31": "", "2012-12-31": 0, "2012-09-30": 0, "2012-06-30": 0, "2012-03-31": "", "2011-12-31": 0, "2011-09-30": 0, "2011-06-30": 0, "2011-03-31": "", "2010-12-31": 0, "2010-09-30": 0, "2010-06-30": 0, "2010-03-31": "-0.25000", "2009-12-31": 0, "2009-09-30": 0, "2009-06-30": 0, "2009-03-31": "", "2008-12-31": 0, "2008-09-30": 0, "2008-06-30": 0, "2008-03-31": "", "2007-12-31": 0, "2007-09-30": 0, "2007-06-30": 0, "2007-03-31": "", "2006-12-31": 0, "2006-09-30": 0, "2006-06-30": 0, "2006-03-31": "", "2005-12-31": 0, "2005-09-30": 0, "2005-06-30": 0, "2005-03-31": ""}, "Cash Flow From Investing Activities": {"2020-09-30": -191.297, "2020-06-30": -6.842, "2020-03-31": "-12.56200", "2019-12-31": 16.626, "2019-09-30": 36.238, "2019-06-30": 18.676, "2019-03-31": "-1.46600", "2018-12-31": 1.399, "2018-09-30": -3.226, "2018-06-30": -15.091, "2018-03-31": "-31.27800", "2017-12-31": -2.793, "2017-09-30": -10.807, "2017-06-30": 2.568, "2017-03-31": "-3.72700", "2016-12-31": -4.313, "2016-09-30": 5.071, "2016-06-30": -17.3, "2016-03-31": "9.37000", "2015-12-31": -1.716, "2015-09-30": -24.524, "2015-06-30": -12.831, "2015-03-31": "-5.38100", "2014-12-31": -15.172, "2014-09-30": -4.477, "2014-06-30": -15.378, "2014-03-31": "-2.63000", "2013-12-31": -24.323, "2013-09-30": -13.552, "2013-06-30": -12.898, "2013-03-31": "-13.22400", "2012-12-31": -2.492, "2012-09-30": -4.244, "2012-06-30": -4.536, "2012-03-31": "-7.96600", "2011-12-31": -9.377, "2011-09-30": -15.872, "2011-06-30": -14.761, "2011-03-31": "-5.37800", "2010-12-31": -1.884, "2010-09-30": -5.903, "2010-06-30": -119.843, "2010-03-31": "134.47100", "2009-12-31": -0.513, "2009-09-30": -4.861, "2009-06-30": -7.011, "2009-03-31": "-5.77800", "2008-12-31": -1.446, "2008-09-30": 14.563, "2008-06-30": -8.359, "2008-03-31": "-18.52200", "2007-12-31": -0.304, "2007-09-30": 2.541, "2007-06-30": -18.941, "2007-03-31": "-8.14300", "2006-12-31": 5.532, "2006-09-30": -9.847, "2006-06-30": 1.058, "2006-03-31": "-7.51400", "2005-12-31": -4.312, "2005-09-30": -10.397, "2005-06-30": -4.655, "2005-03-31": "-0.82400"}, "Net Long-Term Debt": {"2020-09-30": 0, "2020-06-30": 0, "2020-03-31": "548.10000", "2019-12-31": 0, "2019-09-30": 0, "2019-06-30": 0, "2019-03-31": "", "2018-12-31": 0, "2018-09-30": 0, "2018-06-30": 0, "2018-03-31": "", "2017-12-31": 0, "2017-09-30": 0, "2017-06-30": 0, "2017-03-31": "", "2016-12-31": 0, "2016-09-30": 0, "2016-06-30": 0, "2016-03-31": "", "2015-12-31": 0, "2015-09-30": 0, "2015-06-30": 0, "2015-03-31": "", "2014-12-31": 0, "2014-09-30": 0, "2014-06-30": 0, "2014-03-31": "", "2013-12-31": 0, "2013-09-30": 0, "2013-06-30": 0, "2013-03-31": "", "2012-12-31": 0, "2012-09-30": 0, "2012-06-30": 0, "2012-03-31": "", "2011-12-31": 0, "2011-09-30": 0, "2011-06-30": 0, "2011-03-31": "", "2010-12-31": 0, "2010-09-30": 0, "2010-06-30": 0, "2010-03-31": "", "2009-12-31": 0, "2009-09-30": 0, "2009-06-30": 0, "2009-03-31": "", "2008-12-31": 0, "2008-09-30": 0, "2008-06-30": 0, "2008-03-31": "", "2007-12-31": 0, "2007-09-30": -0.009, "2007-06-30": -0.027, "2007-03-31": "-0.02700", "2006-12-31": -0.026, "2006-09-30": -0.026, "2006-06-30": -0.026, "2006-03-31": "-0.02500", "2005-12-31": -0.025, "2005-09-30": -0.025, "2005-06-30": -0.024, "2005-03-31": "-0.02400"}, "Net Current Debt": {"2020-09-30": 0, "2020-06-30": 0, "2020-03-31": "", "2019-12-31": 0, "2019-09-30": 0, "2019-06-30": 0, "2019-03-31": "", "2018-12-31": 0, "2018-09-30": 0, "2018-06-30": 0, "2018-03-31": "", "2017-12-31": 0, "2017-09-30": 0, "2017-06-30": 0, "2017-03-31": "", "2016-12-31": 0, "2016-09-30": 0, "2016-06-30": 0, "2016-03-31": "", "2015-12-31": 0, "2015-09-30": 0, "2015-06-30": 0, "2015-03-31": "", "2014-12-31": 0, "2014-09-30": 0, "2014-06-30": 0, "2014-03-31": "", "2013-12-31": 0, "2013-09-30": 0, "2013-06-30": 0, "2013-03-31": "", "2012-12-31": 0, "2012-09-30": 0, "2012-06-30": 0, "2012-03-31": "", "2011-12-31": 0, "2011-09-30": 0, "2011-06-30": 0, "2011-03-31": "", "2010-12-31": 0, "2010-09-30": 0, "2010-06-30": 0, "2010-03-31": "", "2009-12-31": 0, "2009-09-30": 0, "2009-06-30": 0, "2009-03-31": "", "2008-12-31": 0, "2008-09-30": 0, "2008-06-30": 0, "2008-03-31": "", "2007-12-31": 0, "2007-09-30": 0, "2007-06-30": 0, "2007-03-31": "", "2006-12-31": 0, "2006-09-30": 0, "2006-06-30": 0, "2006-03-31": "", "2005-12-31": 0, "2005-09-30": 0, "2005-06-30": 0, "2005-03-31": ""}, "Debt Issuance/Retirement Net - Total": {"2020-09-30": 0, "2020-06-30": 0, "2020-03-31": "548.10000", "2019-12-31": 0, "2019-09-30": 0, "2019-06-30": 0, "2019-03-31": "", "2018-12-31": 0, "2018-09-30": 0, "2018-06-30": 0, "2018-03-31": "", "2017-12-31": 0, "2017-09-30": 0, "2017-06-30": 0, "2017-03-31": "", "2016-12-31": 0, "2016-09-30": 0, "2016-06-30": 0, "2016-03-31": "", "2015-12-31": 0, "2015-09-30": 0, "2015-06-30": 0, "2015-03-31": "", "2014-12-31": 0, "2014-09-30": 0, "2014-06-30": 0, "2014-03-31": "", "2013-12-31": 0, "2013-09-30": 0, "2013-06-30": 0, "2013-03-31": "", "2012-12-31": 0, "2012-09-30": 0, "2012-06-30": 0, "2012-03-31": "", "2011-12-31": 0, "2011-09-30": 0, "2011-06-30": 0, "2011-03-31": "", "2010-12-31": 0, "2010-09-30": 0, "2010-06-30": 0, "2010-03-31": "", "2009-12-31": 0, "2009-09-30": 0, "2009-06-30": 0, "2009-03-31": "", "2008-12-31": 0, "2008-09-30": 0, "2008-06-30": 0, "2008-03-31": "", "2007-12-31": 0, "2007-09-30": -0.009, "2007-06-30": -0.027, "2007-03-31": "-0.02700", "2006-12-31": -0.026, "2006-09-30": -0.026, "2006-06-30": -0.026, "2006-03-31": "-0.02500", "2005-12-31": -0.025, "2005-09-30": -0.025, "2005-06-30": -0.024, "2005-03-31": "-0.02400"}, "Net Common Equity Issued/Repurchased": {"2020-09-30": -33.25, "2020-06-30": -14.476, "2020-03-31": "-29.01100", "2019-12-31": -9.936, "2019-09-30": -15.199, "2019-06-30": -16.413, "2019-03-31": "-23.22400", "2018-12-31": -27.431, "2018-09-30": -23.474, "2018-06-30": -20.415, "2018-03-31": "-20.70800", "2017-12-31": -7.853, "2017-09-30": -6.852, "2017-06-30": -16.551, "2017-03-31": "-13.69600", "2016-12-31": -6.394, "2016-09-30": -9.074, "2016-06-30": -9.549, "2016-03-31": "-17.52500", "2015-12-31": -8.038, "2015-09-30": -12.507, "2015-06-30": -6.055, "2015-03-31": "-4.86500", "2014-12-31": -3.969, "2014-09-30": -5.053, "2014-06-30": -5.11, "2014-03-31": "-6.41300", "2013-12-31": -5.25, "2013-09-30": -3.077, "2013-06-30": -4.402, "2013-03-31": "-4.85200", "2012-12-31": -1.635, "2012-09-30": -2.137, "2012-06-30": -2.077, "2012-03-31": "-2.59300", "2011-12-31": -1.691, "2011-09-30": -2.838, "2011-06-30": -1.753, "2011-03-31": "-2.19300", "2010-12-31": -3.484, "2010-09-30": -2.701, "2010-06-30": -1.943, "2010-03-31": "-4.40100", "2009-12-31": -2.879, "2009-09-30": -1.469, "2009-06-30": -4.521, "2009-03-31": "-7.24500", "2008-12-31": -7.212, "2008-09-30": -4.669, "2008-06-30": 1.095, "2008-03-31": "-1.67100", "2007-12-31": -1.564, "2007-09-30": -1.835, "2007-06-30": 4.778, "2007-03-31": "0.40100", "2006-12-31": 0.817, "2006-09-30": -1.73, "2006-06-30": -2.246, "2006-03-31": "0.04000", "2005-12-31": 0.002, "2005-09-30": -2.157, "2005-06-30": -1.031, "2005-03-31": "-0.84200"}, "Net Total Equity Issued/Repurchased": {"2020-09-30": -33.25, "2020-06-30": -14.476, "2020-03-31": "-29.01100", "2019-12-31": -9.936, "2019-09-30": -15.199, "2019-06-30": -16.413, "2019-03-31": "-23.22400", "2018-12-31": -27.431, "2018-09-30": -23.474, "2018-06-30": -20.415, "2018-03-31": "-20.70800", "2017-12-31": -7.853, "2017-09-30": -6.852, "2017-06-30": -16.551, "2017-03-31": "-13.69600", "2016-12-31": -6.394, "2016-09-30": -9.074, "2016-06-30": -9.549, "2016-03-31": "-17.52500", "2015-12-31": -8.038, "2015-09-30": -12.507, "2015-06-30": -6.055, "2015-03-31": "-4.86500", "2014-12-31": -3.969, "2014-09-30": -5.053, "2014-06-30": -5.11, "2014-03-31": "-6.41300", "2013-12-31": -5.25, "2013-09-30": -3.077, "2013-06-30": -4.402, "2013-03-31": "-4.85200", "2012-12-31": -1.635, "2012-09-30": -2.137, "2012-06-30": -2.077, "2012-03-31": "-2.59300", "2011-12-31": -1.691, "2011-09-30": -2.838, "2011-06-30": -1.753, "2011-03-31": "-2.19300", "2010-12-31": -3.484, "2010-09-30": -2.701, "2010-06-30": -1.943, "2010-03-31": "-4.40100", "2009-12-31": -2.879, "2009-09-30": -1.469, "2009-06-30": -4.521, "2009-03-31": "-7.24500", "2008-12-31": -7.212, "2008-09-30": -4.669, "2008-06-30": 1.095, "2008-03-31": "-1.67100", "2007-12-31": -1.564, "2007-09-30": -1.835, "2007-06-30": 4.778, "2007-03-31": "0.40100", "2006-12-31": 0.817, "2006-09-30": -1.73, "2006-06-30": -2.246, "2006-03-31": "0.04000", "2005-12-31": 0.002, "2005-09-30": -2.157, "2005-06-30": -1.031, "2005-03-31": "-0.84200"}, "Total Common And Preferred Stock Dividends Paid": {"2020-09-30": -2.413, "2020-06-30": -2.405, "2020-03-31": "-2.38800", "2019-12-31": -2.381, "2019-09-30": -2.375, "2019-06-30": -2.367, "2019-03-31": "-2.36300", "2018-12-31": -2.365, "2018-09-30": -2.365, "2018-06-30": -2.358, "2018-03-31": "-2.34400", "2017-12-31": -2.336, "2017-09-30": -2.328, "2017-06-30": -2.315, "2017-03-31": "-2.29800", "2016-12-31": -2.291, "2016-09-30": -2.291, "2016-06-30": -2.295, "2016-03-31": "-2.29700", "2015-12-31": -2.298, "2015-09-30": -2.302, "2015-06-30": -2.3, "2015-03-31": "-2.29400", "2014-12-31": -2.293, "2014-09-30": -2.291, "2014-06-30": -1.145, "2014-03-31": "-1.14500", "2013-12-31": -1.14, "2013-09-30": -1.139, "2013-06-30": -1.142, "2013-03-31": "", "2012-12-31": -2.276, "2012-09-30": -1.132, "2012-06-30": -1.14, "2012-03-31": "-1.13200", "2011-12-31": -1.13, "2011-09-30": -1.127, "2011-06-30": -1.12, "2011-03-31": "-1.11800", "2010-12-31": -1.111, "2010-09-30": -1.114, "2010-06-30": -1.111, "2010-03-31": "-1.10500", "2009-12-31": -1.101, "2009-09-30": -1.09, "2009-06-30": -1.075, "2009-03-31": "-1.08000", "2008-12-31": -1.095, "2008-09-30": -1.099, "2008-06-30": -1.089, "2008-03-31": "-1.08500", "2007-12-31": -1.099, "2007-09-30": -1.088, "2007-06-30": -1.061, "2007-03-31": "-1.05900", "2006-12-31": -1.055, "2006-09-30": -1.067, "2006-06-30": 0, "2006-03-31": "", "2005-12-31": 0, "2005-09-30": 0, "2005-06-30": 0, "2005-03-31": ""}, "Financial Activities - Other": {"2020-09-30": 0, "2020-06-30": 0, "2020-03-31": "-14.52700", "2019-12-31": 0, "2019-09-30": 0, "2019-06-30": 0, "2019-03-31": "", "2018-12-31": 0, "2018-09-30": 0, "2018-06-30": 0, "2018-03-31": "", "2017-12-31": 0, "2017-09-30": 0, "2017-06-30": 0, "2017-03-31": "", "2016-12-31": 0, "2016-09-30": 0, "2016-06-30": 0, "2016-03-31": "", "2015-12-31": -4.661, "2015-09-30": 2.381, "2015-06-30": 1.458, "2015-03-31": "0.82200", "2014-12-31": -3.754, "2014-09-30": 1.228, "2014-06-30": 1.555, "2014-03-31": "0.97100", "2013-12-31": 3.765, "2013-09-30": 0.952, "2013-06-30": 0.993, "2013-03-31": "0.72500", "2012-12-31": 2.87, "2012-09-30": 0.936, "2012-06-30": 0.603, "2012-03-31": "1.62200", "2011-12-31": 0.03, "2011-09-30": 2.617, "2011-06-30": 2.934, "2011-03-31": "1.07700", "2010-12-31": -1.737, "2010-09-30": -0.073, "2010-06-30": 1.623, "2010-03-31": "3.90600", "2009-12-31": 1.002, "2009-09-30": 4.341, "2009-06-30": 7.88, "2009-03-31": "2.18800", "2008-12-31": 0.479, "2008-09-30": 1.275, "2008-06-30": 1.074, "2008-03-31": "0.64300", "2007-12-31": 0.752, "2007-09-30": 0.407, "2007-06-30": 1.18, "2007-03-31": "", "2006-12-31": 0.04, "2006-09-30": 0.189, "2006-06-30": 0.171, "2006-03-31": "0.04200", "2005-12-31": 0, "2005-09-30": 0, "2005-06-30": 0, "2005-03-31": ""}, "Cash Flow From Financial Activities": {"2020-09-30": -35.663, "2020-06-30": -16.881, "2020-03-31": "502.17400", "2019-12-31": -12.317, "2019-09-30": -17.574, "2019-06-30": -18.78, "2019-03-31": "-25.58700", "2018-12-31": -29.796, "2018-09-30": -25.839, "2018-06-30": -22.773, "2018-03-31": "-23.05200", "2017-12-31": -10.189, "2017-09-30": -9.18, "2017-06-30": -18.866, "2017-03-31": "-15.99400", "2016-12-31": -8.685, "2016-09-30": -11.365, "2016-06-30": -11.844, "2016-03-31": "-19.82200", "2015-12-31": -14.997, "2015-09-30": -12.428, "2015-06-30": -6.897, "2015-03-31": "-6.33700", "2014-12-31": -10.016, "2014-09-30": -6.116, "2014-06-30": -4.7, "2014-03-31": "-6.58700", "2013-12-31": -2.625, "2013-09-30": -3.264, "2013-06-30": -4.551, "2013-03-31": "-4.12700", "2012-12-31": -1.041, "2012-09-30": -2.333, "2012-06-30": -2.614, "2012-03-31": "-2.10300", "2011-12-31": -2.791, "2011-09-30": -1.348, "2011-06-30": 0.061, "2011-03-31": "-2.23400", "2010-12-31": -6.332, "2010-09-30": -3.888, "2010-06-30": -1.431, "2010-03-31": "-1.60000", "2009-12-31": -2.978, "2009-09-30": 1.782, "2009-06-30": 2.284, "2009-03-31": "-6.13700", "2008-12-31": -7.828, "2008-09-30": -4.493, "2008-06-30": 1.08, "2008-03-31": "-2.11300", "2007-12-31": -1.911, "2007-09-30": -2.525, "2007-06-30": 4.87, "2007-03-31": "-0.68500", "2006-12-31": -0.224, "2006-09-30": -2.634, "2006-06-30": -2.101, "2006-03-31": "0.05700", "2005-12-31": -0.023, "2005-09-30": -2.182, "2005-06-30": -1.055, "2005-03-31": "-0.86600"}, "Net Cash Flow": {"2020-09-30": -230.893, "2020-06-30": -26.031, "2020-03-31": "469.77900", "2019-12-31": -23.741, "2019-09-30": -3.396, "2019-06-30": -14.867, "2019-03-31": "-4.05500", "2018-12-31": 8.227, "2018-09-30": -38.096, "2018-06-30": -21.499, "2018-03-31": "3.51100", "2017-12-31": 31.711, "2017-09-30": 8.942, "2017-06-30": 37.788, "2017-03-31": "13.24400", "2016-12-31": 4.211, "2016-09-30": 2.122, "2016-06-30": -27.919, "2016-03-31": "-0.84600", "2015-12-31": -4.252, "2015-09-30": -23.586, "2015-06-30": -6.616, "2015-03-31": "12.89500", "2014-12-31": -21.96, "2014-09-30": 9.434, "2014-06-30": -17.219, "2014-03-31": "64.09900", "2013-12-31": -28.596, "2013-09-30": 4.982, "2013-06-30": -19.886, "2013-03-31": "46.20600", "2012-12-31": 11.288, "2012-09-30": 11.41, "2012-06-30": 21.354, "2012-03-31": "-26.88000", "2011-12-31": 8.75, "2011-09-30": -15.38, "2011-06-30": 10.631, "2011-03-31": "-14.77500", "2010-12-31": 18.35, "2010-09-30": -10.256, "2010-06-30": -138.032, "2010-03-31": "137.20800", "2009-12-31": 7.438, "2009-09-30": 6.623, "2009-06-30": 11.997, "2009-03-31": "1.71200", "2008-12-31": -5.09, "2008-09-30": 11.791, "2008-06-30": 9.252, "2008-03-31": "-6.57600", "2007-12-31": 4.75, "2007-09-30": 7.229, "2007-06-30": -9.487, "2007-03-31": "-1.79000", "2006-12-31": 5.215, "2006-09-30": -7.069, "2006-06-30": 10.846, "2006-03-31": "-4.29800", "2005-12-31": 2.85, "2005-09-30": -10.651, "2005-06-30": -1.908, "2005-03-31": "10.11800"}, "Stock-Based Compensation": {"2020-09-30": 27.924, "2020-06-30": 25.656, "2020-03-31": "23.17500", "2019-12-31": 20.667, "2019-09-30": 21.845, "2019-06-30": 20.047, "2019-03-31": "18.35000", "2018-12-31": 16.289, "2018-09-30": 16.408, "2018-06-30": 16.056, "2018-03-31": "15.10900", "2017-12-31": 13.384, "2017-09-30": 13.489, "2017-06-30": 13.932, "2017-03-31": "12.50800", "2016-12-31": 10.187, "2016-09-30": 10.818, "2016-06-30": 10.881, "2016-03-31": "8.93500", "2015-12-31": 7.049, "2015-09-30": 8.091, "2015-06-30": 8.645, "2015-03-31": "6.26900", "2014-12-31": 5.484, "2014-09-30": 5.268, "2014-06-30": 5.158, "2014-03-31": "3.29500", "2013-12-31": 3.156, "2013-09-30": 3, "2013-06-30": 3.281, "2013-03-31": "3.43200", "2012-12-31": 2.884, "2012-09-30": 2.784, "2012-06-30": 2.986, "2012-03-31": "2.85200", "2011-12-31": 2.306, "2011-09-30": 2.322, "2011-06-30": 1.865, "2011-03-31": "2.53500", "2010-12-31": 1.532, "2010-09-30": 1.581, "2010-06-30": 2.186, "2010-03-31": "1.44600", "2009-12-31": 1.15, "2009-09-30": 0.965, "2009-06-30": 0.86, "2009-03-31": "1.69800", "2008-12-31": 0.98, "2008-09-30": 0.829, "2008-06-30": 1.12, "2008-03-31": "0.60300", "2007-12-31": 0.367, "2007-09-30": 0.555, "2007-06-30": 0.3, "2007-03-31": "0.39600", "2006-12-31": 0.332, "2006-09-30": 0.301, "2006-06-30": 0.572, "2006-03-31": "0.26300", "2005-12-31": 0, "2005-09-30": 0, "2005-06-30": 0, "2005-03-31": ""}, "Common Stock Dividends Paid": {"2020-09-30": -2.413, "2020-06-30": -2.405, "2020-03-31": "-2.38800", "2019-12-31": -2.381, "2019-09-30": -2.375, "2019-06-30": -2.367, "2019-03-31": "-2.36300", "2018-12-31": -2.365, "2018-09-30": -2.365, "2018-06-30": -2.358, "2018-03-31": "-2.34400", "2017-12-31": -2.336, "2017-09-30": -2.328, "2017-06-30": -2.315, "2017-03-31": "-2.29800", "2016-12-31": -2.291, "2016-09-30": -2.291, "2016-06-30": -2.295, "2016-03-31": "-2.29700", "2015-12-31": -2.298, "2015-09-30": -2.302, "2015-06-30": -2.3, "2015-03-31": "-2.29400", "2014-12-31": -2.293, "2014-09-30": -2.291, "2014-06-30": -1.145, "2014-03-31": "-1.14500", "2013-12-31": -1.14, "2013-09-30": -1.139, "2013-06-30": -1.142, "2013-03-31": "0.00000", "2012-12-31": -2.276, "2012-09-30": -1.132, "2012-06-30": -1.14, "2012-03-31": "-1.13200", "2011-12-31": -1.13, "2011-09-30": -1.127, "2011-06-30": -1.12, "2011-03-31": "-1.11800", "2010-12-31": -1.111, "2010-09-30": -1.114, "2010-06-30": -1.111, "2010-03-31": "-1.10500", "2009-12-31": -1.101, "2009-09-30": -1.09, "2009-06-30": -1.075, "2009-03-31": "-1.08000", "2008-12-31": -1.095, "2008-09-30": -1.099, "2008-06-30": -1.089, "2008-03-31": "-1.08500", "2007-12-31": -1.099, "2007-09-30": -1.088, "2007-06-30": -1.061, "2007-03-31": "-1.05900", "2006-12-31": -1.055, "2006-09-30": -1.067, "2006-06-30": 0, "2006-03-31": "", "2005-12-31": 0, "2005-09-30": 0, "2005-06-30": 0, "2005-03-31": ""}}, "financial ratios": {"Current Ratio": {"2019-12-31": "1.33780", "2018-12-31": "1.84030", "2017-12-31": "2.19730", "2016-12-31": "1.47890", "2015-12-31": "1.67110", "2014-12-31": "1.71180", "2013-12-31": "1.82900", "2012-12-31": "1.79860", "2011-12-31": "1.63070", "2010-12-31": "1.63980", "2009-12-31": "3.78560", "2008-12-31": "3.45130", "2007-12-31": "3.54140", "2006-12-31": "4.39480", "2005-12-31": "4.37290"}, "Long-term Debt / Capital": {"2019-12-31": "", "2018-12-31": "", "2017-12-31": "", "2016-12-31": "", "2015-12-31": "", "2014-12-31": "", "2013-12-31": "", "2012-12-31": "", "2011-12-31": "", "2010-12-31": "", "2009-12-31": "", "2008-12-31": "", "2007-12-31": "", "2006-12-31": "", "2005-12-31": "0.00040"}, "Debt/Equity Ratio": {"2019-12-31": "", "2018-12-31": "", "2017-12-31": "", "2016-12-31": "", "2015-12-31": "", "2014-12-31": "", "2013-12-31": "", "2012-12-31": "", "2011-12-31": "", "2010-12-31": "", "2009-12-31": "", "2008-12-31": "", "2007-12-31": "", "2006-12-31": "0.00040", "2005-12-31": "0.00100"}, "Gross Margin": {"2019-12-31": "65.98340", "2018-12-31": "66.15400", "2017-12-31": "68.52190", "2016-12-31": "68.61100", "2015-12-31": "68.73480", "2014-12-31": "68.62840", "2013-12-31": "69.07270", "2012-12-31": "65.91370", "2011-12-31": "60.44930", "2010-12-31": "61.75450", "2009-12-31": "65.55590", "2008-12-31": "61.37110", "2007-12-31": "59.73920", "2006-12-31": "57.33870", "2005-12-31": "66.72850"}, "Operating Margin": {"2019-12-31": "-14.79930", "2018-12-31": "-1.91030", "2017-12-31": "10.48740", "2016-12-31": "6.64420", "2015-12-31": "9.47140", "2014-12-31": "8.73540", "2013-12-31": "11.41500", "2012-12-31": "6.80640", "2011-12-31": "2.51850", "2010-12-31": "-0.76650", "2009-12-31": "15.83980", "2008-12-31": "6.84110", "2007-12-31": "1.20470", "2006-12-31": "-5.64500", "2005-12-31": "1.21550"}, "EBIT Margin": {"2019-12-31": "-14.79930", "2018-12-31": "-1.91030", "2017-12-31": "10.48740", "2016-12-31": "6.64420", "2015-12-31": "9.47140", "2014-12-31": "8.73540", "2013-12-31": "11.41500", "2012-12-31": "6.80640", "2011-12-31": "2.51850", "2010-12-31": "-0.76650", "2009-12-31": "15.83980", "2008-12-31": "6.84110", "2007-12-31": "1.20470", "2006-12-31": "-5.64500", "2005-12-31": "1.21550"}, "EBITDA Margin": {"2019-12-31": "-9.16520", "2018-12-31": "3.04290", "2017-12-31": "14.78690", "2016-12-31": "11.57360", "2015-12-31": "13.18190", "2014-12-31": "13.01810", "2013-12-31": "15.70040", "2012-12-31": "11.13490", "2011-12-31": "6.91310", "2010-12-31": "3.09030", "2009-12-31": "18.38170", "2008-12-31": "8.85440", "2007-12-31": "2.55820", "2006-12-31": "-3.96280", "2005-12-31": "2.91890"}, "Pre-Tax Profit Margin": {"2019-12-31": "-14.79580", "2018-12-31": "-1.29470", "2017-12-31": "9.70600", "2016-12-31": "7.25960", "2015-12-31": "8.86270", "2014-12-31": "8.13450", "2013-12-31": "11.08020", "2012-12-31": "6.70230", "2011-12-31": "2.59510", "2010-12-31": "-1.84110", "2009-12-31": "17.95930", "2008-12-31": "7.40480", "2007-12-31": "6.13900", "2006-12-31": "0.94190", "2005-12-31": "5.30790"}, "Net Profit Margin": {"2019-12-31": "-9.92260", "2018-12-31": "1.19080", "2017-12-31": "11.09190", "2016-12-31": "5.90570", "2015-12-31": "5.32040", "2014-12-31": "5.63640", "2013-12-31": "7.47470", "2012-12-31": "4.73630", "2011-12-31": "2.42590", "2010-12-31": "-1.75020", "2009-12-31": "12.20090", "2008-12-31": "5.18650", "2007-12-31": "4.07230", "2006-12-31": "1.46160", "2005-12-31": "5.18120"}, "Asset Turnover": {"2019-12-31": "0.92540", "2018-12-31": "0.90740", "2017-12-31": "0.87730", "2016-12-31": "1.16430", "2015-12-31": "1.08750", "2014-12-31": "1.00370", "2013-12-31": "0.94870", "2012-12-31": "1.05060", "2011-12-31": "1.09160", "2010-12-31": "0.99740", "2009-12-31": "0.94430", "2008-12-31": "0.86090", "2007-12-31": "0.66560", "2006-12-31": "0.58890", "2005-12-31": "0.47800"}, "Inventory Turnover Ratio": {"2019-12-31": "", "2018-12-31": "", "2017-12-31": "", "2016-12-31": "", "2015-12-31": "", "2014-12-31": "", "2013-12-31": "", "2012-12-31": "", "2011-12-31": "", "2010-12-31": "", "2009-12-31": "", "2008-12-31": "", "2007-12-31": "", "2006-12-31": "", "2005-12-31": ""}, "Receiveable Turnover": {"2019-12-31": "2.39880", "2018-12-31": "2.52200", "2017-12-31": "2.32090", "2016-12-31": "2.73020", "2015-12-31": "3.15160", "2014-12-31": "3.70270", "2013-12-31": "2.99330", "2012-12-31": "3.29020", "2011-12-31": "3.93690", "2010-12-31": "3.77510", "2009-12-31": "5.58510", "2008-12-31": "4.34060", "2007-12-31": "2.48750", "2006-12-31": "2.34350", "2005-12-31": "1.87250"}, "Days Sales In Receivables": {"2019-12-31": "152.16180", "2018-12-31": "144.72910", "2017-12-31": "157.26970", "2016-12-31": "133.68920", "2015-12-31": "115.81280", "2014-12-31": "98.57780", "2013-12-31": "121.94040", "2012-12-31": "110.93400", "2011-12-31": "92.71220", "2010-12-31": "96.68520", "2009-12-31": "65.35250", "2008-12-31": "84.09000", "2007-12-31": "146.73340", "2006-12-31": "155.74840", "2005-12-31": "194.92230"}, "ROE - Return On Equity": {"2019-12-31": "-16.77760", "2018-12-31": "1.70820", "2017-12-31": "15.02550", "2016-12-31": "13.40180", "2015-12-31": "11.25010", "2014-12-31": "11.28420", "2013-12-31": "13.99730", "2012-12-31": "9.24730", "2011-12-31": "4.84200", "2010-12-31": "-3.01070", "2009-12-31": "15.69640", "2008-12-31": "6.34090", "2007-12-31": "3.81340", "2006-12-31": "1.10860", "2005-12-31": "3.09630"}, "Return On Tangible Equity": {"2019-12-31": "-19.66060", "2018-12-31": "1.93500", "2017-12-31": "16.90600", "2016-12-31": "20.59860", "2015-12-31": "14.96800", "2014-12-31": "16.44810", "2013-12-31": "22.15090", "2012-12-31": "13.85840", "2011-12-31": "8.49870", "2010-12-31": "-6.23160", "2009-12-31": "15.90780", "2008-12-31": "6.43830", "2007-12-31": "3.85650", "2006-12-31": "1.13170", "2005-12-31": "3.15640"}, "ROA - Return On Assets": {"2019-12-31": "-9.18280", "2018-12-31": "1.08060", "2017-12-31": "9.73070", "2016-12-31": "6.87610", "2015-12-31": "5.78600", "2014-12-31": "5.65750", "2013-12-31": "7.09120", "2012-12-31": "4.97570", "2011-12-31": "2.64810", "2010-12-31": "-1.74560", "2009-12-31": "11.52140", "2008-12-31": "4.46490", "2007-12-31": "2.71060", "2006-12-31": "0.86070", "2005-12-31": "2.47650"}, "ROI - Return On Investment": {"2019-12-31": "-16.77760", "2018-12-31": "1.70820", "2017-12-31": "15.02550", "2016-12-31": "13.40180", "2015-12-31": "11.25010", "2014-12-31": "11.28420", "2013-12-31": "13.99730", "2012-12-31": "9.24730", "2011-12-31": "4.84200", "2010-12-31": "-3.01070", "2009-12-31": "15.69640", "2008-12-31": "6.34090", "2007-12-31": "3.81340", "2006-12-31": "1.10860", "2005-12-31": "3.09520"}, "Book Value Per Share": {"2019-12-31": "6.77160", "2018-12-31": "7.91500", "2017-12-31": "8.39990", "2016-12-31": "4.38550", "2015-12-31": "4.22100", "2014-12-31": "3.85960", "2013-12-31": "3.56100", "2012-12-31": "3.11610", "2011-12-31": "2.76780", "2010-12-31": "2.62640", "2009-12-31": "2.78690", "2008-12-31": "2.41710", "2007-12-31": "2.38930", "2006-12-31": "2.35290", "2005-12-31": "2.35730"}, "Operating Cash Flow Per Share": {"2019-12-31": -1.7897, "2018-12-31": -0.654, "2017-12-31": 1.4102, "2016-12-31": -0.3577, "2015-12-31": -0.4573, "2014-12-31": 0.2801, "2013-12-31": 0.4743, "2012-12-31": 0.0555, "2011-12-31": 0.2566, "2010-12-31": -0.4018, "2009-12-31": 0.1398, "2008-12-31": 0.172, "2007-12-31": 0.0714, "2006-12-31": -0.0797, "2005-12-31": 0.3469}, "Free Cash Flow Per Share": {"2019-12-31": -1.7807, "2018-12-31": -0.6312, "2017-12-31": 1.4837, "2016-12-31": -0.4577, "2015-12-31": -0.4507, "2014-12-31": 0.2059, "2013-12-31": 0.7063, "2012-12-31": -0.1235, "2011-12-31": 0.2094, "2010-12-31": -0.4002, "2009-12-31": 0.1145, "2008-12-31": 0.1542, "2007-12-31": 0.0681, "2006-12-31": -0.0818, "2005-12-31": 0.3162}}, "financial ratios, quarterly": {"Current Ratio": {"2020-09-30": "2.53760", "2020-06-30": "2.72380", "2020-03-31": "2.89870", "2019-12-31": "1.33780", "2019-09-30": "1.45260", "2019-06-30": "1.72390", "2019-03-31": "1.86250", "2018-12-31": "1.84030", "2018-09-30": "2.07670", "2018-06-30": "2.21060", "2018-03-31": "2.22810", "2017-12-31": "2.19730", "2017-09-30": "1.64070", "2017-06-30": "1.64560", "2017-03-31": "1.57950", "2016-12-31": "1.47890", "2016-09-30": "1.59290", "2016-06-30": "1.58190", "2016-03-31": "1.75650", "2015-12-31": "1.67110", "2015-09-30": "1.75420", "2015-06-30": "1.73180", "2015-03-31": "1.68180", "2014-12-31": "1.71180", "2014-09-30": "1.72970", "2014-06-30": "1.80590", "2014-03-31": "1.88320", "2013-12-31": "1.82900", "2013-09-30": "2.04610", "2013-06-30": "1.94610", "2013-03-31": "1.93060", "2012-12-31": "1.79860", "2012-09-30": "1.77480", "2012-06-30": "1.64030", "2012-03-31": "1.74440", "2011-12-31": "1.63070", "2011-09-30": "1.81230", "2011-06-30": "1.67490", "2011-03-31": "1.64020", "2010-12-31": "1.63980", "2010-09-30": "1.63610", "2010-06-30": "1.60820", "2010-03-31": "3.77860", "2009-12-31": "3.78560", "2009-09-30": "4.21710", "2009-06-30": "3.98550", "2009-03-31": "3.32160", "2008-12-31": "3.45130", "2008-09-30": "3.84530", "2008-06-30": "3.67390", "2008-03-31": "3.50290", "2007-12-31": "3.54140", "2007-09-30": "4.98550", "2007-06-30": "4.82060", "2007-03-31": "4.67950", "2006-12-31": "4.39480", "2006-09-30": "4.29900", "2006-06-30": "4.21970", "2006-03-31": "4.41740", "2005-12-31": "4.37290", "2005-09-30": "4.90200", "2005-06-30": "5.51600", "2005-03-31": "5.15900"}, "Long-term Debt / Capital": {"2020-09-30": "0.49260", "2020-06-30": "0.47800", "2020-03-31": "0.47130", "2019-12-31": "", "2019-09-30": "", "2019-06-30": "", "2019-03-31": "", "2018-12-31": "", "2018-09-30": "", "2018-06-30": "", "2018-03-31": "", "2017-12-31": "", "2017-09-30": "", "2017-06-30": "", "2017-03-31": "", "2016-12-31": "", "2016-09-30": "", "2016-06-30": "", "2016-03-31": "", "2015-12-31": "", "2015-09-30": "", "2015-06-30": "", "2015-03-31": "", "2014-12-31": "", "2014-09-30": "", "2014-06-30": "", "2014-03-31": "", "2013-12-31": "", "2013-09-30": "", "2013-06-30": "", "2013-03-31": "", "2012-12-31": "", "2012-09-30": "", "2012-06-30": "", "2012-03-31": "", "2011-12-31": "", "2011-09-30": "", "2011-06-30": "", "2011-03-31": "", "2010-12-31": "", "2010-09-30": "", "2010-06-30": "", "2010-03-31": "", "2009-12-31": "", "2009-09-30": "", "2009-06-30": "", "2009-03-31": "", "2008-12-31": "", "2008-09-30": "", "2008-06-30": "", "2008-03-31": "", "2007-12-31": "", "2007-09-30": "", "2007-06-30": "", "2007-03-31": "", "2006-12-31": "", "2006-09-30": "", "2006-06-30": "0.00010", "2006-03-31": "0.00020", "2005-12-31": "0.00040", "2005-09-30": "0.00050", "2005-06-30": "0.00070", "2005-03-31": "0.00090"}, "Debt/Equity Ratio": {"2020-09-30": "0.97070", "2020-06-30": "0.91580", "2020-03-31": "0.89150", "2019-12-31": "", "2019-09-30": "", "2019-06-30": "", "2019-03-31": "", "2018-12-31": "", "2018-09-30": "", "2018-06-30": "", "2018-03-31": "", "2017-12-31": "", "2017-09-30": "", "2017-06-30": "", "2017-03-31": "", "2016-12-31": "", "2016-09-30": "", "2016-06-30": "", "2016-03-31": "", "2015-12-31": "", "2015-09-30": "", "2015-06-30": "", "2015-03-31": "", "2014-12-31": "", "2014-09-30": "", "2014-06-30": "", "2014-03-31": "", "2013-12-31": "", "2013-09-30": "", "2013-06-30": "", "2013-03-31": "", "2012-12-31": "", "2012-09-30": "", "2012-06-30": "", "2012-03-31": "", "2011-12-31": "", "2011-09-30": "", "2011-06-30": "", "2011-03-31": "", "2010-12-31": "", "2010-09-30": "", "2010-06-30": "", "2010-03-31": "", "2009-12-31": "", "2009-09-30": "", "2009-06-30": "", "2009-03-31": "", "2008-12-31": "", "2008-09-30": "", "2008-06-30": "", "2008-03-31": "", "2007-12-31": "", "2007-09-30": "", "2007-06-30": "0.00010", "2007-03-31": "0.00020", "2006-12-31": "0.00040", "2006-09-30": "0.00050", "2006-06-30": "0.00070", "2006-03-31": "0.00080", "2005-12-31": "0.00100", "2005-09-30": "0.00120", "2005-06-30": "0.00130", "2005-03-31": "0.00150"}, "Gross Margin": {"2020-09-30": "65.56820", "2020-06-30": "66.27110", "2020-03-31": "70.05620", "2019-12-31": "71.93670", "2019-09-30": "62.66870", "2019-06-30": "62.50830", "2019-03-31": "64.97840", "2018-12-31": "69.60840", "2018-09-30": "63.38590", "2018-06-30": "62.48740", "2018-03-31": "67.84870", "2017-12-31": "70.94440", "2017-09-30": "63.48340", "2017-06-30": "63.62460", "2017-03-31": "73.43440", "2016-12-31": "70.59690", "2016-09-30": "66.93860", "2016-06-30": "68.20040", "2016-03-31": "68.40510", "2015-12-31": "73.98400", "2015-09-30": "65.86210", "2015-06-30": "66.18850", "2015-03-31": "67.47680", "2014-12-31": "72.70490", "2014-09-30": "66.29980", "2014-06-30": "67.34550", "2014-03-31": "67.31330", "2013-12-31": "71.45890", "2013-09-30": "68.77500", "2013-06-30": "67.71260", "2013-03-31": "67.60920", "2012-12-31": "73.44500", "2012-09-30": "62.94890", "2012-06-30": "61.93750", "2012-03-31": "62.63820", "2011-12-31": "63.07350", "2011-09-30": "56.22020", "2011-06-30": "60.97590", "2011-03-31": "60.90660", "2010-12-31": "59.61150", "2010-09-30": "61.12910", "2010-06-30": "61.99210", "2010-03-31": "64.79140", "2009-12-31": "66.06580", "2009-09-30": "62.88240", "2009-06-30": "66.19810", "2009-03-31": "67.08040", "2008-12-31": "64.82680", "2008-09-30": "60.99280", "2008-06-30": "59.36350", "2008-03-31": "59.66830", "2007-12-31": "58.08670", "2007-09-30": "62.60560", "2007-06-30": "59.84630", "2007-03-31": "58.48380", "2006-12-31": "62.66510", "2006-09-30": "54.75780", "2006-06-30": "59.57340", "2006-03-31": "51.64900", "2005-12-31": "67.09810", "2005-09-30": "65.61720", "2005-06-30": "65.81470", "2005-03-31": "68.48950"}, "Operating Margin": {"2020-09-30": "-27.36520", "2020-06-30": "-22.62650", "2020-03-31": "-9.15620", "2019-12-31": "-0.63100", "2019-09-30": "-21.58120", "2019-06-30": "-25.45720", "2019-03-31": "-16.00970", "2018-12-31": "6.02790", "2018-09-30": "-8.49050", "2018-06-30": "-11.77110", "2018-03-31": "3.37440", "2017-12-31": "15.12850", "2017-09-30": "-1.20500", "2017-06-30": "-4.79490", "2017-03-31": "25.71390", "2016-12-31": "11.65600", "2016-09-30": "3.00760", "2016-06-30": "3.36520", "2016-03-31": "7.89730", "2015-12-31": "18.00350", "2015-09-30": "6.59530", "2015-06-30": "3.24040", "2015-03-31": "7.73720", "2014-12-31": "17.57780", "2014-09-30": "3.63070", "2014-06-30": "1.55400", "2014-03-31": "10.41340", "2013-12-31": "15.84540", "2013-09-30": "11.30140", "2013-06-30": "6.01200", "2013-03-31": "11.14100", "2012-12-31": "19.32140", "2012-09-30": "0.39450", "2012-06-30": "-2.55480", "2012-03-31": "5.32440", "2011-12-31": "3.21270", "2011-09-30": "-2.10260", "2011-06-30": "3.12410", "2011-03-31": "5.43570", "2010-12-31": "-4.42000", "2010-09-30": "2.15850", "2010-06-30": "-11.11300", "2010-03-31": "11.40320", "2009-12-31": "13.96760", "2009-09-30": "11.51630", "2009-06-30": "18.51970", "2009-03-31": "19.77810", "2008-12-31": "10.59440", "2008-09-30": "6.52970", "2008-06-30": "5.05490", "2008-03-31": "4.46800", "2007-12-31": "0.37860", "2007-09-30": "7.03360", "2007-06-30": "-2.63300", "2007-03-31": "-0.65090", "2006-12-31": "1.86560", "2006-09-30": "-6.14190", "2006-06-30": "-10.82290", "2006-03-31": "-9.47980", "2005-12-31": "0.08790", "2005-09-30": "7.46060", "2005-06-30": "-0.54650", "2005-03-31": "-2.88900"}, "EBIT Margin": {"2020-09-30": "-27.36520", "2020-06-30": "-22.62650", "2020-03-31": "-9.15620", "2019-12-31": "-0.63100", "2019-09-30": "-21.58120", "2019-06-30": "-25.45720", "2019-03-31": "-16.00970", "2018-12-31": "6.02790", "2018-09-30": "-8.49050", "2018-06-30": "-11.77110", "2018-03-31": "3.37440", "2017-12-31": "15.12850", "2017-09-30": "-1.20500", "2017-06-30": "-4.79490", "2017-03-31": "25.71390", "2016-12-31": "11.65600", "2016-09-30": "3.00760", "2016-06-30": "3.36520", "2016-03-31": "7.89730", "2015-12-31": "18.00350", "2015-09-30": "6.59530", "2015-06-30": "3.24040", "2015-03-31": "7.73720", "2014-12-31": "17.57770", "2014-09-30": "3.63070", "2014-06-30": "1.55400", "2014-03-31": "10.41340", "2013-12-31": "15.84540", "2013-09-30": "11.30140", "2013-06-30": "6.01200", "2013-03-31": "11.14100", "2012-12-31": "19.32140", "2012-09-30": "0.39450", "2012-06-30": "-2.55480", "2012-03-31": "5.32440", "2011-12-31": "3.21260", "2011-09-30": "-2.10260", "2011-06-30": "3.12410", "2011-03-31": "5.43570", "2010-12-31": "-4.42000", "2010-09-30": "2.15850", "2010-06-30": "-11.11300", "2010-03-31": "11.40320", "2009-12-31": "13.96770", "2009-09-30": "11.51630", "2009-06-30": "18.51970", "2009-03-31": "19.77810", "2008-12-31": "10.59440", "2008-09-30": "6.52970", "2008-06-30": "5.05490", "2008-03-31": "4.46800", "2007-12-31": "0.37860", "2007-09-30": "7.03360", "2007-06-30": "-2.63300", "2007-03-31": "-0.65090", "2006-12-31": "1.86550", "2006-09-30": "-6.14190", "2006-06-30": "-10.82290", "2006-03-31": "-9.47980", "2005-12-31": "0.08790", "2005-09-30": "7.46060", "2005-06-30": "-0.54650", "2005-03-31": "-2.88900"}, "EBITDA Margin": {"2020-09-30": "", "2020-06-30": "", "2020-03-31": "", "2019-12-31": "", "2019-09-30": "", "2019-06-30": "", "2019-03-31": "", "2018-12-31": "", "2018-09-30": "", "2018-06-30": "", "2018-03-31": "", "2017-12-31": "", "2017-09-30": "", "2017-06-30": "", "2017-03-31": "", "2016-12-31": "", "2016-09-30": "", "2016-06-30": "", "2016-03-31": "", "2015-12-31": "", "2015-09-30": "", "2015-06-30": "", "2015-03-31": "", "2014-12-31": "", "2014-09-30": "", "2014-06-30": "", "2014-03-31": "", "2013-12-31": "", "2013-09-30": "", "2013-06-30": "", "2013-03-31": "", "2012-12-31": "", "2012-09-30": "", "2012-06-30": "", "2012-03-31": "", "2011-12-31": "", "2011-09-30": "", "2011-06-30": "", "2011-03-31": "", "2010-12-31": "", "2010-09-30": "", "2010-06-30": "", "2010-03-31": "", "2009-12-31": "", "2009-09-30": "", "2009-06-30": "", "2009-03-31": "", "2008-12-31": "", "2008-09-30": "", "2008-06-30": "", "2008-03-31": "", "2007-12-31": "", "2007-09-30": "", "2007-06-30": "", "2007-03-31": "", "2006-12-31": "", "2006-09-30": "", "2006-06-30": "", "2006-03-31": "", "2005-12-31": "", "2005-09-30": "", "2005-06-30": "", "2005-03-31": ""}, "Pre-Tax Profit Margin": {"2020-09-30": "-19.61490", "2020-06-30": "-14.53940", "2020-03-31": "-18.51800", "2019-12-31": "-0.12190", "2019-09-30": "-22.08460", "2019-06-30": "-24.14200", "2019-03-31": "-17.41600", "2018-12-31": "7.00000", "2018-09-30": "-7.95820", "2018-06-30": "-10.81920", "2018-03-31": "3.39230", "2017-12-31": "14.64660", "2017-09-30": "-3.77730", "2017-06-30": "-5.58480", "2017-03-31": "25.97570", "2016-12-31": "14.57130", "2016-09-30": "3.01690", "2016-06-30": "2.90910", "2016-03-31": "7.54400", "2015-12-31": "17.86010", "2015-09-30": "6.30900", "2015-06-30": "2.77810", "2015-03-31": "6.01620", "2014-12-31": "16.99820", "2014-09-30": "1.70890", "2014-06-30": "1.66940", "2014-03-31": "10.35210", "2013-12-31": "15.84800", "2013-09-30": "10.99080", "2013-06-30": "5.67450", "2013-03-31": "10.33840", "2012-12-31": "19.57170", "2012-09-30": "0.03150", "2012-06-30": "-3.01550", "2012-03-31": "5.33520", "2011-12-31": "2.80930", "2011-09-30": "-2.56640", "2011-06-30": "3.21780", "2011-03-31": "6.53970", "2010-12-31": "-5.81380", "2010-09-30": "4.67470", "2010-06-30": "-13.99460", "2010-03-31": "8.38260", "2009-12-31": "14.75460", "2009-09-30": "13.15310", "2009-06-30": "24.60320", "2009-03-31": "19.89830", "2008-12-31": "8.00140", "2008-09-30": "5.15580", "2008-06-30": "7.88160", "2008-03-31": "8.61630", "2007-12-31": "4.60050", "2007-09-30": "12.25950", "2007-06-30": "3.02830", "2007-03-31": "4.15320", "2006-12-31": "7.66220", "2006-09-30": "0.02980", "2006-06-30": "-2.26120", "2006-03-31": "-3.29120", "2005-12-31": "5.30860", "2005-09-30": "12.28460", "2005-06-30": "2.02200", "2005-03-31": "0.71400"}, "Net Profit Margin": {"2020-09-30": "-8.52710", "2020-06-30": "-9.12150", "2020-03-31": "-9.55300", "2019-12-31": "0.33200", "2019-09-30": "-13.99980", "2019-06-30": "-15.70880", "2019-03-31": "-13.51100", "2018-12-31": "6.40240", "2018-09-30": "-3.73260", "2018-06-30": "-5.28970", "2018-03-31": "5.18750", "2017-12-31": "15.94430", "2017-09-30": "0.67450", "2017-06-30": "1.98400", "2017-03-31": "20.66370", "2016-12-31": "12.65660", "2016-09-30": "1.80580", "2016-06-30": "2.40010", "2016-03-31": "5.81470", "2015-12-31": "10.25570", "2015-09-30": "3.89460", "2015-06-30": "1.91580", "2015-03-31": "3.85590", "2014-12-31": "11.90120", "2014-09-30": "1.36740", "2014-06-30": "1.05190", "2014-03-31": "6.95200", "2013-12-31": "10.14530", "2013-09-30": "7.13870", "2013-06-30": "4.00890", "2013-03-31": "7.80160", "2012-12-31": "14.18970", "2012-09-30": "-0.32560", "2012-06-30": "-2.15790", "2012-03-31": "3.64950", "2011-12-31": "-1.60890", "2011-09-30": "5.19250", "2011-06-30": "2.19580", "2011-03-31": "4.62190", "2010-12-31": "-5.25810", "2010-09-30": "3.48720", "2010-06-30": "-9.95550", "2010-03-31": "5.12890", "2009-12-31": "8.67480", "2009-09-30": "9.25780", "2009-06-30": "17.59760", "2009-03-31": "13.85670", "2008-12-31": "4.76820", "2008-09-30": "4.46130", "2008-06-30": "5.57910", "2008-03-31": "6.07290", "2007-12-31": "3.03280", "2007-09-30": "8.34900", "2007-06-30": "1.81420", "2007-03-31": "2.72080", "2006-12-31": "9.51370", "2006-09-30": "-1.22300", "2006-06-30": "-0.94760", "2006-03-31": "-3.12000", "2005-12-31": "10.04590", "2005-09-30": "8.27810", "2005-06-30": "1.49660", "2005-03-31": "0.30130"}, "Asset Turnover": {"2020-09-30": "0.15190", "2020-06-30": "0.15200", "2020-03-31": "0.18010", "2019-12-31": "0.28080", "2019-09-30": "0.23630", "2019-06-30": "0.21860", "2019-03-31": "0.22220", "2018-12-31": "0.26090", "2018-09-30": "0.21120", "2018-06-30": "0.20220", "2018-03-31": "0.23380", "2017-12-31": "0.25140", "2017-09-30": "0.28710", "2017-06-30": "0.28150", "2017-03-31": "0.38280", "2016-12-31": "0.32320", "2016-09-30": "0.30620", "2016-06-30": "0.31320", "2016-03-31": "0.29510", "2015-12-31": "0.32550", "2015-09-30": "0.27810", "2015-06-30": "0.27440", "2015-03-31": "0.25620", "2014-12-31": "0.28740", "2014-09-30": "0.25060", "2014-06-30": "0.26210", "2014-03-31": "0.26220", "2013-12-31": "0.28590", "2013-09-30": "0.27050", "2013-06-30": "0.26300", "2013-03-31": "0.27120", "2012-12-31": "0.32730", "2012-09-30": "0.26940", "2012-06-30": "0.27750", "2012-03-31": "0.29990", "2011-12-31": "0.30200", "2011-09-30": "0.27280", "2011-06-30": "0.28420", "2011-03-31": "0.28890", "2010-12-31": "0.26450", "2010-09-30": "0.28030", "2010-06-30": "0.25820", "2010-03-31": "0.26490", "2009-12-31": "0.26090", "2009-09-30": "0.24350", "2009-06-30": "0.24560", "2009-03-31": "0.24450", "2008-12-31": "0.24140", "2008-09-30": "0.21890", "2008-06-30": "0.20640", "2008-03-31": "0.19670", "2007-12-31": "0.19220", "2007-09-30": "0.18620", "2007-06-30": "0.15890", "2007-03-31": "0.17220", "2006-12-31": "0.16810", "2006-09-30": "0.16230", "2006-06-30": "0.13230", "2006-03-31": "0.14120", "2005-12-31": "0.11940", "2005-09-30": "0.13660", "2005-06-30": "0.12230", "2005-03-31": "0.12310"}, "Inventory Turnover Ratio": {"2020-09-30": "", "2020-06-30": "", "2020-03-31": "", "2019-12-31": "", "2019-09-30": "", "2019-06-30": "", "2019-03-31": "", "2018-12-31": "", "2018-09-30": "", "2018-06-30": "", "2018-03-31": "", "2017-12-31": "", "2017-09-30": "", "2017-06-30": "", "2017-03-31": "", "2016-12-31": "", "2016-09-30": "", "2016-06-30": "", "2016-03-31": "", "2015-12-31": "", "2015-09-30": "", "2015-06-30": "", "2015-03-31": "", "2014-12-31": "", "2014-09-30": "", "2014-06-30": "", "2014-03-31": "", "2013-12-31": "", "2013-09-30": "", "2013-06-30": "", "2013-03-31": "", "2012-12-31": "", "2012-09-30": "", "2012-06-30": "", "2012-03-31": "", "2011-12-31": "", "2011-09-30": "", "2011-06-30": "", "2011-03-31": "", "2010-12-31": "", "2010-09-30": "", "2010-06-30": "", "2010-03-31": "", "2009-12-31": "", "2009-09-30": "", "2009-06-30": "", "2009-03-31": "", "2008-12-31": "", "2008-09-30": "", "2008-06-30": "", "2008-03-31": "", "2007-12-31": "", "2007-09-30": "", "2007-06-30": "", "2007-03-31": "", "2006-12-31": "", "2006-09-30": "", "2006-06-30": "", "2006-03-31": "", "2005-12-31": "", "2005-09-30": "", "2005-06-30": "", "2005-03-31": ""}, "Receiveable Turnover": {"2020-09-30": "0.65160", "2020-06-30": "0.59850", "2020-03-31": "0.71030", "2019-12-31": "0.72790", "2019-09-30": "0.73370", "2019-06-30": "0.67510", "2019-03-31": "0.71600", "2018-12-31": "0.72510", "2018-09-30": "0.66270", "2018-06-30": "0.67220", "2018-03-31": "0.73810", "2017-12-31": "0.66510", "2017-09-30": "0.84480", "2017-06-30": "0.78040", "2017-03-31": "0.93500", "2016-12-31": "0.75780", "2016-09-30": "0.82270", "2016-06-30": "0.89000", "2016-03-31": "0.86280", "2015-12-31": "0.94340", "2015-09-30": "1.12830", "2015-06-30": "1.12500", "2015-03-31": "0.98330", "2014-12-31": "1.06010", "2014-09-30": "1.19280", "2014-06-30": "1.13180", "2014-03-31": "1.23820", "2013-12-31": "0.90210", "2013-09-30": "1.28730", "2013-06-30": "1.14730", "2013-03-31": "1.54400", "2012-12-31": "1.02500", "2012-09-30": "1.10950", "2012-06-30": "1.02420", "2012-03-31": "0.96560", "2011-12-31": "1.08930", "2011-09-30": "0.95130", "2011-06-30": "0.94560", "2011-03-31": "0.86320", "2010-12-31": "1.00100", "2010-09-30": "0.94350", "2010-06-30": "0.97280", "2010-03-31": "1.36880", "2009-12-31": "1.54320", "2009-09-30": "1.56620", "2009-06-30": "1.46060", "2009-03-31": "1.21090", "2008-12-31": "1.21720", "2008-09-30": "1.33950", "2008-06-30": "1.23870", "2008-03-31": "0.85910", "2007-12-31": "0.71820", "2007-09-30": "0.84260", "2007-06-30": "0.70860", "2007-03-31": "0.72420", "2006-12-31": "0.66890", "2006-09-30": "0.69330", "2006-06-30": "0.55840", "2006-03-31": "0.49390", "2005-12-31": "0.46780", "2005-09-30": "0.52440", "2005-06-30": "0.51500", "2005-03-31": "0.50950"}, "Days Sales In Receivables": {"2020-09-30": "138.12660", "2020-06-30": "150.38820", "2020-03-31": "126.71320", "2019-12-31": "123.65030", "2019-09-30": "122.66660", "2019-06-30": "133.30630", "2019-03-31": "125.68990", "2018-12-31": "124.11410", "2018-09-30": "135.79810", "2018-06-30": "133.88840", "2018-03-31": "121.93710", "2017-12-31": "135.32220", "2017-09-30": "106.52790", "2017-06-30": "115.32450", "2017-03-31": "96.26010", "2016-12-31": "118.76030", "2016-09-30": "109.39750", "2016-06-30": "101.12640", "2016-03-31": "104.31030", "2015-12-31": "95.39990", "2015-09-30": "79.76820", "2015-06-30": "79.99840", "2015-03-31": "91.52440", "2014-12-31": "84.89700", "2014-09-30": "75.45480", "2014-06-30": "79.51800", "2014-03-31": "72.68870", "2013-12-31": "99.77030", "2013-09-30": "69.91480", "2013-06-30": "78.44500", "2013-03-31": "58.28870", "2012-12-31": "87.80800", "2012-09-30": "81.11840", "2012-06-30": "87.87630", "2012-03-31": "93.20190", "2011-12-31": "82.61850", "2011-09-30": "94.60820", "2011-06-30": "95.17300", "2011-03-31": "104.26060", "2010-12-31": "89.90820", "2010-09-30": "95.39200", "2010-06-30": "92.51900", "2010-03-31": "65.74880", "2009-12-31": "58.32170", "2009-09-30": "57.46470", "2009-06-30": "61.61980", "2009-03-31": "74.32390", "2008-12-31": "73.93850", "2008-09-30": "67.18830", "2008-06-30": "72.65460", "2008-03-31": "104.75560", "2007-12-31": "125.31970", "2007-09-30": "106.81790", "2007-06-30": "127.01400", "2007-03-31": "124.27250", "2006-12-31": "134.55330", "2006-09-30": "129.81600", "2006-06-30": "161.18400", "2006-03-31": "182.22230", "2005-12-31": "192.38470", "2005-09-30": "171.63170", "2005-06-30": "174.76000", "2005-03-31": "176.62730"}, "ROE - Return On Equity": {"2020-09-30": "-3.63990", "2020-06-30": "-3.72830", "2020-03-31": "-4.47790", "2019-12-31": "0.17030", "2019-09-30": "-5.73680", "2019-06-30": "-5.79520", "2019-03-31": "-4.88030", "2018-12-31": "2.64070", "2018-09-30": "-1.22200", "2018-06-30": "-1.62850", "2018-03-31": "1.84260", "2017-12-31": "6.18950", "2017-09-30": "0.34650", "2017-06-30": "1.00420", "2017-03-31": "14.70880", "2016-12-31": "7.97230", "2016-09-30": "1.00820", "2016-06-30": "1.39660", "2016-03-31": "3.22480", "2015-12-31": "6.49140", "2015-09-30": "2.07350", "2015-06-30": "1.02250", "2015-03-31": "1.99280", "2014-12-31": "6.82170", "2014-09-30": "0.67630", "2014-06-30": "0.53610", "2014-03-31": "3.50200", "2013-12-31": "5.72540", "2013-09-30": "3.41490", "2013-06-30": "1.92470", "2013-03-31": "3.75700", "2012-12-31": "8.63040", "2012-09-30": "-0.15540", "2012-06-30": "-1.07130", "2012-03-31": "1.88800", "2011-12-31": "-0.88860", "2011-09-30": "2.34170", "2011-06-30": "1.09980", "2011-03-31": "2.34240", "2010-12-31": "-2.39840", "2010-09-30": "1.52820", "2010-06-30": "-4.03480", "2010-03-31": "1.85060", "2009-12-31": "3.08350", "2009-09-30": "2.98370", "2009-06-30": "5.83920", "2009-03-31": "4.88100", "2008-12-31": "1.63480", "2008-09-30": "1.33500", "2008-06-30": "1.59960", "2008-03-31": "1.68730", "2007-12-31": "0.81990", "2007-09-30": "2.02140", "2007-06-30": "0.37720", "2007-03-31": "0.61600", "2006-12-31": "2.05950", "2006-09-30": "-0.25310", "2006-06-30": "-0.15920", "2006-03-31": "-0.55280", "2005-12-31": "1.49990", "2005-09-30": "1.38460", "2005-06-30": "0.21790", "2005-03-31": "0.04450"}, "Return On Tangible Equity": {"2020-09-30": "-4.27720", "2020-06-30": "-4.34250", "2020-03-31": "-5.19800", "2019-12-31": "0.19960", "2019-09-30": "-6.74220", "2019-06-30": "-6.75300", "2019-03-31": "-5.57040", "2018-12-31": "2.99140", "2018-09-30": "-1.38460", "2018-06-30": "-1.83820", "2018-03-31": "2.07090", "2017-12-31": "6.96410", "2017-09-30": "0.48790", "2017-06-30": "1.43540", "2017-03-31": "21.50770", "2016-12-31": "12.25350", "2016-09-30": "1.60180", "2016-06-30": "2.27560", "2016-03-31": "4.23890", "2015-12-31": "8.63660", "2015-09-30": "2.85140", "2015-06-30": "1.42860", "2015-03-31": "2.84580", "2014-12-31": "9.94360", "2014-09-30": "1.01520", "2014-06-30": "0.79140", "2014-03-31": "5.16250", "2013-12-31": "9.06050", "2013-09-30": "4.71590", "2013-06-30": "2.74680", "2013-03-31": "5.48030", "2012-12-31": "12.93380", "2012-09-30": "-0.25150", "2012-06-30": "-1.77980", "2012-03-31": "3.17270", "2011-12-31": "-1.55970", "2011-09-30": "4.16240", "2011-06-30": "2.04350", "2011-03-31": "4.56190", "2010-12-31": "-4.96430", "2010-09-30": "3.13170", "2010-06-30": "-12.94960", "2010-03-31": "1.87480", "2009-12-31": "3.12510", "2009-09-30": "3.02530", "2009-06-30": "5.91750", "2009-03-31": "4.95330", "2008-12-31": "1.65990", "2008-09-30": "1.35150", "2008-06-30": "1.61910", "2008-03-31": "1.70870", "2007-12-31": "0.82920", "2007-09-30": "2.05750", "2007-06-30": "0.38430", "2007-03-31": "0.62840", "2006-12-31": "2.10250", "2006-09-30": "-0.25870", "2006-06-30": "-0.16280", "2006-03-31": "-0.56440", "2005-12-31": "1.52900", "2005-09-30": "1.40590", "2005-06-30": "0.22140", "2005-03-31": "0.04520"}, "ROA - Return On Assets": {"2020-09-30": "-1.29540", "2020-06-30": "-1.38610", "2020-03-31": "-1.72080", "2019-12-31": "0.09320", "2019-09-30": "-3.30830", "2019-06-30": "-3.43350", "2019-03-31": "-3.00210", "2018-12-31": "1.67040", "2018-09-30": "-0.78810", "2018-06-30": "-1.06970", "2018-03-31": "1.21280", "2017-12-31": "4.00840", "2017-09-30": "0.19370", "2017-06-30": "0.55840", "2017-03-31": "7.90920", "2016-12-31": "4.09040", "2016-09-30": "0.55290", "2016-06-30": "0.75180", "2016-03-31": "1.71570", "2015-12-31": "3.33850", "2015-09-30": "1.08320", "2015-06-30": "0.52580", "2015-03-31": "0.98780", "2014-12-31": "3.42020", "2014-09-30": "0.34270", "2014-06-30": "0.27570", "2014-03-31": "1.82280", "2013-12-31": "2.90060", "2013-09-30": "1.93130", "2013-06-30": "1.05440", "2013-03-31": "2.11610", "2012-12-31": "4.64380", "2012-09-30": "-0.08770", "2012-06-30": "-0.59890", "2012-03-31": "1.09460", "2011-12-31": "-0.48600", "2011-09-30": "1.41660", "2011-06-30": "0.62410", "2011-03-31": "1.33510", "2010-12-31": "-1.39060", "2010-09-30": "0.97760", "2010-06-30": "-2.57000", "2010-03-31": "1.35860", "2009-12-31": "2.26340", "2009-09-30": "2.25440", "2009-06-30": "4.32160", "2009-03-31": "3.38860", "2008-12-31": "1.15110", "2008-09-30": "0.97650", "2008-06-30": "1.15150", "2008-03-31": "1.19470", "2007-12-31": "0.58280", "2007-09-30": "1.55480", "2007-06-30": "0.28830", "2007-03-31": "0.46840", "2006-12-31": "1.59900", "2006-09-30": "-0.19850", "2006-06-30": "-0.12540", "2006-03-31": "-0.44040", "2005-12-31": "1.19960", "2005-09-30": "1.13060", "2005-06-30": "0.18300", "2005-03-31": "0.03710"}, "ROI - Return On Investment": {"2020-09-30": "-1.84710", "2020-06-30": "-1.94610", "2020-03-31": "-2.36740", "2019-12-31": "0.17030", "2019-09-30": "-5.73680", "2019-06-30": "-5.79520", "2019-03-31": "-4.88030", "2018-12-31": "2.64070", "2018-09-30": "-1.22200", "2018-06-30": "-1.62850", "2018-03-31": "1.84260", "2017-12-31": "6.18950", "2017-09-30": "0.34650", "2017-06-30": "1.00420", "2017-03-31": "14.70880", "2016-12-31": "7.97230", "2016-09-30": "1.00820", "2016-06-30": "1.39660", "2016-03-31": "3.22480", "2015-12-31": "6.49140", "2015-09-30": "2.07350", "2015-06-30": "1.02250", "2015-03-31": "1.99280", "2014-12-31": "6.82170", "2014-09-30": "0.67630", "2014-06-30": "0.53610", "2014-03-31": "3.50200", "2013-12-31": "5.72540", "2013-09-30": "3.41490", "2013-06-30": "1.92470", "2013-03-31": "3.75700", "2012-12-31": "8.63040", "2012-09-30": "-0.15540", "2012-06-30": "-1.07130", "2012-03-31": "1.88800", "2011-12-31": "-0.88860", "2011-09-30": "2.34170", "2011-06-30": "1.09980", "2011-03-31": "2.34240", "2010-12-31": "-2.39840", "2010-09-30": "1.52820", "2010-06-30": "-4.03480", "2010-03-31": "1.85060", "2009-12-31": "3.08350", "2009-09-30": "2.98370", "2009-06-30": "5.83920", "2009-03-31": "4.88100", "2008-12-31": "1.63480", "2008-09-30": "1.33500", "2008-06-30": "1.59960", "2008-03-31": "1.68730", "2007-12-31": "0.81990", "2007-09-30": "2.02140", "2007-06-30": "0.37720", "2007-03-31": "0.61600", "2006-12-31": "2.05950", "2006-09-30": "-0.25310", "2006-06-30": "-0.15910", "2006-03-31": "-0.55270", "2005-12-31": "1.49930", "2005-09-30": "1.38390", "2005-06-30": "0.21780", "2005-03-31": "0.04450"}, "Book Value Per Share": {"2020-09-30": "6.55940", "2020-06-30": "6.91720", "2020-03-31": "7.07590", "2019-12-31": "6.77160", "2019-09-30": "6.66670", "2019-06-30": "7.04140", "2019-03-31": "7.45830", "2018-12-31": "7.91500", "2018-09-30": "7.87730", "2018-06-30": "8.11670", "2018-03-31": "8.42970", "2017-12-31": "8.39990", "2017-09-30": "4.77530", "2017-06-30": "4.75020", "2017-03-31": "4.66850", "2016-12-31": "4.38550", "2016-09-30": "4.29210", "2016-06-30": "4.25590", "2016-03-31": "4.22210", "2015-12-31": "4.22100", "2015-09-30": "3.98940", "2015-06-30": "3.96180", "2015-03-31": "3.88980", "2014-12-31": "3.85960", "2014-09-30": "3.64320", "2014-06-30": "3.67470", "2014-03-31": "3.65430", "2013-12-31": "3.56100", "2013-09-30": "3.35700", "2013-06-30": "3.21880", "2013-03-31": "3.18030", "2012-12-31": "3.11610", "2012-09-30": "2.81070", "2012-06-30": "2.79250", "2012-03-31": "2.83840", "2011-12-31": "2.76780", "2011-09-30": "2.81000", "2011-06-30": "2.75300", "2011-03-31": "2.70530", "2010-12-31": "2.62640", "2010-09-30": "2.77210", "2010-06-30": "2.73400", "2010-03-31": "2.81030", "2009-12-31": "2.78690", "2009-09-30": "2.74220", "2009-06-30": "2.64830", "2009-03-31": "2.48230", "2008-12-31": "2.41710", "2008-09-30": "2.43020", "2008-06-30": "2.45380", "2008-03-31": "2.42030", "2007-12-31": "2.38930", "2007-09-30": "2.39710", "2007-06-30": "2.37100", "2007-03-31": "2.34100", "2006-12-31": "2.35290", "2006-09-30": "2.30160", "2006-06-30": "2.29910", "2006-03-31": "2.31550", "2005-12-31": "2.35730", "2005-09-30": "2.28950", "2005-06-30": "2.28330", "2005-03-31": "2.28180"}, "Operating Cash Flow Per Share": {"2020-09-30": -0.0618, "2020-06-30": -0.0346, "2020-03-31": "-0.22960", "2019-12-31": -0.3634, "2019-09-30": -0.2677, "2019-06-30": -0.1912, "2019-03-31": "0.28890", "2018-12-31": 0.4038, "2018-09-30": -0.1068, "2018-06-30": 0.2896, "2018-03-31": "0.66970", "2017-12-31": 0.543, "2017-09-30": 0.3333, "2017-06-30": 0.6377, "2017-03-31": "0.39630", "2016-12-31": 0.2417, "2016-09-30": 0.1127, "2016-06-30": 0.019, "2016-03-31": "0.12670", "2015-12-31": 0.164, "2015-09-30": 0.1948, "2015-06-30": 0.1488, "2015-03-31": "0.35020", "2014-12-31": 0.0657, "2014-09-30": 0.3049, "2014-06-30": 0.0183, "2014-03-31": "0.92620", "2013-12-31": -0.0325, "2013-09-30": 0.2381, "2013-06-30": -0.022, "2013-03-31": "0.85140", "2012-12-31": 0.1768, "2012-09-30": 0.2185, "2012-06-30": 0.3939, "2012-03-31": "-0.22850", "2011-12-31": 0.2529, "2011-09-30": 0.0307, "2011-06-30": 0.3262, "2011-03-31": "-0.10460", "2010-12-31": 0.3719, "2010-09-30": -0.038, "2010-06-30": -0.1476, "2010-03-31": "0.06230", "2009-12-31": 0.1452, "2009-09-30": 0.1179, "2009-06-30": 0.2022, "2009-03-31": "0.18510", "2008-12-31": 0.0805, "2008-09-30": 0.0271, "2008-06-30": 0.2164, "2008-03-31": "0.18660", "2007-12-31": 0.1032, "2007-09-30": 0.0865, "2007-06-30": 0.056, "2007-03-31": "0.09290", "2006-12-31": -0.0195, "2006-09-30": 0.0774, "2006-06-30": 0.1655, "2006-03-31": "0.04380", "2005-12-31": 0.0993, "2005-09-30": 0.0287, "2005-06-30": 0.0562, "2005-03-31": "0.16270"}, "Free Cash Flow Per Share": {"2020-09-30": -0.095, "2020-06-30": -0.1156, "2020-03-31": "-0.38620", "2019-12-31": -0.4162, "2019-09-30": -0.2872, "2019-06-30": -0.2175, "2019-03-31": "0.25340", "2018-12-31": 0.3608, "2018-09-30": -0.124, "2018-06-30": 0.2067, "2018-03-31": "0.66970", "2017-12-31": 0.3771, "2017-09-30": 0.3333, "2017-06-30": 0.6377, "2017-03-31": "0.39630", "2016-12-31": 0.194, "2016-09-30": 0.0658, "2016-06-30": -0.0722, "2016-03-31": "0.07310", "2015-12-31": 0.1503, "2015-09-30": 0.1614, "2015-06-30": 0.0982, "2015-03-31": "0.30850", "2014-12-31": -0.0064, "2014-09-30": 0.2676, "2014-06-30": -0.0027, "2014-03-31": "0.91060", "2013-12-31": -0.0511, "2013-09-30": 0.2103, "2013-06-30": -0.032, "2013-03-31": "0.83600", "2012-12-31": 0.1617, "2012-09-30": 0.1272, "2012-06-30": 0.2514, "2012-03-31": "-0.28340", "2011-12-31": 0.1937, "2011-09-30": 0.0109, "2011-06-30": 0.2944, "2011-03-31": "-0.11860", "2010-12-31": 0.3472, "2010-09-30": -0.0438, "2010-06-30": -0.1698, "2010-03-31": "0.03740", "2009-12-31": 0.1145, "2009-09-30": 0.0929, "2009-06-30": 0.1942, "2009-03-31": "0.16960", "2008-12-31": 0.0609, "2008-09-30": 0.0057, "2008-06-30": 0.2098, "2008-03-31": "0.18030", "2007-12-31": 0.0976, "2007-09-30": 0.0758, "2007-06-30": 0.0464, "2007-03-31": "0.08270", "2006-12-31": -0.028, "2006-09-30": 0.0714, "2006-06-30": 0.1585, "2006-03-31": "0.03250", "2005-12-31": 0.0865, "2005-09-30": 0.0217, "2005-06-30": 0.0495, "2005-03-31": "0.15850"}}, "revenue": {"Pegasystems Annual Revenue (Millions of US $)": {"2019": "$911", "2018": "$892", "2017": "$888", "2016": "$762", "2015": "$683", "2014": "$590", "2013": "$509", "2012": "$462", "2011": "$417", "2010": "$337", "2009": "$264", "2008": "$212", "2007": "$162", "2006": "$126", "2005": "$100"}, "Pegasystems Quarterly Revenue (Millions of US $)": {"2020-09-30": "$226", "2020-06-30": "$227", "2020-03-31": "$266", "2019-12-31": "$277", "2019-09-30": "$217", "2019-06-30": "$206", "2019-03-31": "$213", "2018-12-31": "$256", "2018-09-30": "$203", "2018-06-30": "$197", "2018-03-31": "$235", "2017-12-31": "$255", "2017-09-30": "$191", "2017-06-30": "$187", "2017-03-31": "$256", "2016-12-31": "$212", "2016-09-30": "$183", "2016-06-30": "$189", "2016-03-31": "$179", "2015-12-31": "$204", "2015-09-30": "$162", "2015-06-30": "$162", "2015-03-31": "$154", "2014-12-31": "$169", "2014-09-30": "$138", "2014-06-30": "$143", "2014-03-31": "$140", "2013-12-31": "$153", "2013-09-30": "$122", "2013-06-30": "$117", "2013-03-31": "$116", "2012-12-31": "$144", "2012-09-30": "$102", "2012-06-30": "$105", "2012-03-31": "$111", "2011-12-31": "$115", "2011-09-30": "$96", "2011-06-30": "$104", "2011-03-31": "$102", "2010-12-31": "$89", "2010-09-30": "$90", "2010-06-30": "$82", "2010-03-31": "$75", "2009-12-31": "$73", "2009-09-30": "$65", "2009-06-30": "$64", "2009-03-31": "$62", "2008-12-31": "$59", "2008-09-30": "$53", "2008-06-30": "$51", "2008-03-31": "$48", "2007-12-31": "$47", "2007-09-30": "$42", "2007-06-30": "$36", "2007-03-31": "$37", "2006-12-31": "$36", "2006-09-30": "$34", "2006-06-30": "$27", "2006-03-31": "$29", "2005-12-31": "$25", "2005-09-30": "$27", "2005-06-30": "$24", "2005-03-31": "$24"}}, "gross-profit": {"Pegasystems Annual Gross Profit (Millions of US $)": {"2019": "$601", "2018": "$590", "2017": "$609", "2016": "$523", "2015": "$469", "2014": "$405", "2013": "$352", "2012": "$304", "2011": "$252", "2010": "$208", "2009": "$173", "2008": "$130", "2007": "$97", "2006": "$72", "2005": "$67"}, "Pegasystems Quarterly Gross Profit (Millions of US $)": {"2020-09-30": "$148", "2020-06-30": "$151", "2020-03-31": "$186", "2019-12-31": "$199", "2019-09-30": "$136", "2019-06-30": "$129", "2019-03-31": "$138", "2018-12-31": "$178", "2018-09-30": "$129", "2018-06-30": "$123", "2018-03-31": "$160", "2017-12-31": "$181", "2017-09-30": "$121", "2017-06-30": "$119", "2017-03-31": "$188", "2016-12-31": "$149", "2016-09-30": "$122", "2016-06-30": "$129", "2016-03-31": "$122", "2015-12-31": "$151", "2015-09-30": "$107", "2015-06-30": "$107", "2015-03-31": "$104", "2014-12-31": "$123", "2014-09-30": "$91", "2014-06-30": "$96", "2014-03-31": "$95", "2013-12-31": "$110", "2013-09-30": "$84", "2013-06-30": "$79", "2013-03-31": "$79", "2012-12-31": "$106", "2012-09-30": "$64", "2012-06-30": "$65", "2012-03-31": "$70", "2011-12-31": "$73", "2011-09-30": "$54", "2011-06-30": "$63", "2011-03-31": "$62", "2010-12-31": "$53", "2010-09-30": "$55", "2010-06-30": "$51", "2010-03-31": "$49", "2009-12-31": "$48", "2009-09-30": "$41", "2009-06-30": "$42", "2009-03-31": "$42", "2008-12-31": "$38", "2008-09-30": "$32", "2008-06-30": "$30", "2008-03-31": "$29", "2007-12-31": "$27", "2007-09-30": "$26", "2007-06-30": "$21", "2007-03-31": "$22", "2006-12-31": "$23", "2006-09-30": "$18", "2006-06-30": "$16", "2006-03-31": "$15", "2005-12-31": "$17", "2005-09-30": "$18", "2005-06-30": "$16", "2005-03-31": "$17"}}, "operating-income": {"Pegasystems Annual Operating Income (Millions of US $)": {"2019": "$-135", "2018": "$-17", "2017": "$93", "2016": "$51", "2015": "$65", "2014": "$52", "2013": "$58", "2012": "$31", "2011": "$10", "2010": "$-3", "2009": "$42", "2008": "$14", "2007": "$2", "2006": "$-7", "2005": "$1"}, "Pegasystems Quarterly Operating Income (Millions of US $)": {"2020-09-30": "$-62", "2020-06-30": "$-51", "2020-03-31": "$-24", "2019-12-31": "$-2", "2019-09-30": "$-47", "2019-06-30": "$-52", "2019-03-31": "$-34", "2018-12-31": "$15", "2018-09-30": "$-17", "2018-06-30": "$-23", "2018-03-31": "$8", "2017-12-31": "$39", "2017-09-30": "$-2", "2017-06-30": "$-9", "2017-03-31": "$66", "2016-12-31": "$25", "2016-09-30": "$5", "2016-06-30": "$6", "2016-03-31": "$14", "2015-12-31": "$37", "2015-09-30": "$11", "2015-06-30": "$5", "2015-03-31": "$12", "2014-12-31": "$30", "2014-09-30": "$5", "2014-06-30": "$2", "2014-03-31": "$15", "2013-12-31": "$24", "2013-09-30": "$14", "2013-06-30": "$7", "2013-03-31": "$13", "2012-12-31": "$28", "2012-09-30": "$0", "2012-06-30": "$-3", "2012-03-31": "$6", "2011-12-31": "$4", "2011-09-30": "$-2", "2011-06-30": "$3", "2011-03-31": "$6", "2010-12-31": "$-4", "2010-09-30": "$2", "2010-06-30": "$-9", "2010-03-31": "$9", "2009-12-31": "$10", "2009-09-30": "$7", "2009-06-30": "$12", "2009-03-31": "$12", "2008-12-31": "$6", "2008-09-30": "$3", "2008-06-30": "$3", "2008-03-31": "$2", "2007-12-31": "$0", "2007-09-30": "$3", "2007-06-30": "$-1", "2007-03-31": "$-0", "2006-12-31": "$1", "2006-09-30": "$-2", "2006-06-30": "$-3", "2006-03-31": "$-3", "2005-12-31": "$0", "2005-09-30": "$2", "2005-06-30": "$-0", "2005-03-31": "$-1"}}, "ebitda": {"Pegasystems Annual EBITDA (Millions of US $)": {"2019": "$-84", "2018": "$27", "2017": "$131", "2016": "$88", "2015": "$90", "2014": "$77", "2013": "$80", "2012": "$51", "2011": "$29", "2010": "$10", "2009": "$49", "2008": "$19", "2007": "$4", "2006": "$-5", "2005": "$3"}, "Pegasystems Quarterly EBITDA (Millions of US $)": {"2020-09-30": "$-43", "2020-06-30": "$-34", "2020-03-31": "$-9", "2019-12-31": "$9", "2019-09-30": "$-34", "2019-06-30": "$-41", "2019-03-31": "$-19", "2018-12-31": "$28", "2018-09-30": "$-6", "2018-06-30": "$-13", "2018-03-31": "$18", "2017-12-31": "$58", "2017-09-30": "$4", "2017-06-30": "$-3", "2017-03-31": "$72", "2016-12-31": "$44", "2016-09-30": "$12", "2016-06-30": "$13", "2016-03-31": "$20", "2015-12-31": "$45", "2015-09-30": "$17", "2015-06-30": "$11", "2015-03-31": "$18", "2014-12-31": "$38", "2014-09-30": "$11", "2014-06-30": "$8", "2014-03-31": "$20", "2013-12-31": "$32", "2013-09-30": "$19", "2013-06-30": "$12", "2013-03-31": "$18", "2012-12-31": "$34", "2012-09-30": "$5", "2012-06-30": "$2", "2012-03-31": "$11", "2011-12-31": "$9", "2011-09-30": "$2", "2011-06-30": "$7", "2011-03-31": "$10", "2010-12-31": "$2", "2010-09-30": "$5", "2010-06-30": "$-7", "2010-03-31": "$10", "2009-12-31": "$12", "2009-09-30": "$9", "2009-06-30": "$13", "2009-03-31": "$14", "2008-12-31": "$8", "2008-09-30": "$5", "2008-06-30": "$3", "2008-03-31": "$3", "2007-12-31": "$0", "2007-09-30": "$4", "2007-06-30": "$-0", "2007-03-31": "$0", "2006-12-31": "$1", "2006-09-30": "$-2", "2006-06-30": "$-2", "2006-03-31": "$-2", "2005-12-31": "$1", "2005-09-30": "$2", "2005-06-30": "$0", "2005-03-31": "$-0"}}, "net-income": {"Pegasystems Annual Net Income (Millions of US $)": {"2019": "$-90", "2018": "$11", "2017": "$99", "2016": "$45", "2015": "$36", "2014": "$33", "2013": "$38", "2012": "$22", "2011": "$10", "2010": "$-6", "2009": "$32", "2008": "$11", "2007": "$7", "2006": "$2", "2005": "$5"}, "Pegasystems Quarterly Net Income (Millions of US $)": {"2020-09-30": "$-19", "2020-06-30": "$-21", "2020-03-31": "$-25", "2019-12-31": "$1", "2019-09-30": "$-30", "2019-06-30": "$-32", "2019-03-31": "$-29", "2018-12-31": "$16", "2018-09-30": "$-8", "2018-06-30": "$-10", "2018-03-31": "$12", "2017-12-31": "$41", "2017-09-30": "$1", "2017-06-30": "$4", "2017-03-31": "$53", "2016-12-31": "$27", "2016-09-30": "$3", "2016-06-30": "$5", "2016-03-31": "$10", "2015-12-31": "$21", "2015-09-30": "$6", "2015-06-30": "$3", "2015-03-31": "$6", "2014-12-31": "$20", "2014-09-30": "$2", "2014-06-30": "$2", "2014-03-31": "$10", "2013-12-31": "$16", "2013-09-30": "$9", "2013-06-30": "$5", "2013-03-31": "$9", "2012-12-31": "$20", "2012-09-30": "$-0", "2012-06-30": "$-2", "2012-03-31": "$4", "2011-12-31": "$-2", "2011-09-30": "$5", "2011-06-30": "$2", "2011-03-31": "$5", "2010-12-31": "$-5", "2010-09-30": "$3", "2010-06-30": "$-8", "2010-03-31": "$4", "2009-12-31": "$6", "2009-09-30": "$6", "2009-06-30": "$11", "2009-03-31": "$9", "2008-12-31": "$3", "2008-09-30": "$2", "2008-06-30": "$3", "2008-03-31": "$3", "2007-12-31": "$1", "2007-09-30": "$4", "2007-06-30": "$1", "2007-03-31": "$1", "2006-12-31": "$3", "2006-09-30": "$-0", "2006-06-30": "$-0", "2006-03-31": "$-1", "2005-12-31": "$3", "2005-09-30": "$2", "2005-06-30": "$0", "2005-03-31": "$0"}}, "eps-earnings-per-share-diluted": {"Pegasystems Annual EPS": {"2019": "$-1.14", "2018": "$0.13", "2017": "$1.19", "2016": "$0.56", "2015": "$0.46", "2014": "$0.42", "2013": "$0.49", "2012": "$0.28", "2011": "$0.13", "2010": "$-0.08", "2009": "$0.43", "2008": "$0.15", "2007": "$0.09", "2006": "$0.03", "2005": "$0.07"}, "Pegasystems Quarterly EPS": {"2020-09-30": "$-0.24", "2020-06-30": "$-0.26", "2020-03-31": "$-0.32", "2019-12-31": "$0.02", "2019-09-30": "$-0.38", "2019-06-30": "$-0.41", "2019-03-31": "$-0.37", "2018-12-31": "$0.21", "2018-09-30": "$-0.10", "2018-06-30": "$-0.13", "2018-03-31": "$0.15", "2017-12-31": "$0.49", "2017-09-30": "$0.01", "2017-06-30": "$0.04", "2017-03-31": "$0.65", "2016-12-31": "$0.33", "2016-09-30": "$0.04", "2016-06-30": "$0.06", "2016-03-31": "$0.13", "2015-12-31": "$0.26", "2015-09-30": "$0.08", "2015-06-30": "$0.04", "2015-03-31": "$0.08", "2014-12-31": "$0.26", "2014-09-30": "$0.02", "2014-06-30": "$0.02", "2014-03-31": "$0.12", "2013-12-31": "$0.20", "2013-09-30": "$0.11", "2013-06-30": "$0.06", "2013-03-31": "$0.12", "2012-12-31": "$0.27", "2012-09-30": "$-0.01", "2012-06-30": "$-0.03", "2012-03-31": "$0.05", "2011-12-31": "$-0.03", "2011-09-30": "$0.07", "2011-06-30": "$0.03", "2011-03-31": "$0.06", "2010-12-31": "$-0.06", "2010-09-30": "$0.04", "2010-06-30": "$-0.11", "2010-03-31": "$0.05", "2009-12-31": "$0.08", "2009-09-30": "$0.08", "2009-06-30": "$0.15", "2009-03-31": "$0.12", "2008-12-31": "$0.04", "2008-09-30": "$0.03", "2008-06-30": "$0.04", "2008-03-31": "$0.04", "2007-12-31": "$0.02", "2007-09-30": "$0.05", "2007-06-30": "$0.01", "2007-03-31": "$0.02", "2006-12-31": "$0.05", "2006-09-30": "$-0.01", "2006-06-30": "$-0.01", "2006-03-31": "$-0.02", "2005-12-31": "$0.04", "2005-09-30": "$0.03", "2005-06-30": "$0.01", "2005-03-31": "$0.00"}}, "shares-outstanding": {"Pegasystems Annual Shares Outstanding (Millions of Shares)": {"2019": "79", "2018": "83", "2017": "83", "2016": "80", "2015": "79", "2014": "79", "2013": "78", "2012": "78", "2011": "79", "2010": "74", "2009": "76", "2008": "75", "2007": "75", "2006": "74", "2005": "73"}, "Pegasystems Quarterly Shares Outstanding (Millions of Shares)": {"2020-09-30": "81", "2020-06-30": "80", "2020-03-31": "80", "2019-12-31": "79", "2019-09-30": "79", "2019-06-30": "79", "2019-03-31": "79", "2018-12-31": "83", "2018-09-30": "79", "2018-06-30": "79", "2018-03-31": "83", "2017-12-31": "83", "2017-09-30": "83", "2017-06-30": "83", "2017-03-31": "82", "2016-12-31": "80", "2016-09-30": "80", "2016-06-30": "79", "2016-03-31": "79", "2015-12-31": "79", "2015-09-30": "79", "2015-06-30": "79", "2015-03-31": "79", "2014-12-31": "79", "2014-09-30": "79", "2014-06-30": "78", "2014-03-31": "79", "2013-12-31": "78", "2013-09-30": "78", "2013-06-30": "77", "2013-03-31": "78", "2012-12-31": "78", "2012-09-30": "76", "2012-06-30": "76", "2012-03-31": "78", "2011-12-31": "79", "2011-09-30": "78", "2011-06-30": "78", "2011-03-31": "78", "2010-12-31": "74", "2010-09-30": "77", "2010-06-30": "74", "2010-03-31": "77", "2009-12-31": "76", "2009-09-30": "77", "2009-06-30": "76", "2009-03-31": "75", "2008-12-31": "75", "2008-09-30": "76", "2008-06-30": "76", "2008-03-31": "75", "2007-12-31": "75", "2007-09-30": "77", "2007-06-30": "76", "2007-03-31": "75", "2006-12-31": "74", "2006-09-30": "70", "2006-06-30": "71", "2006-03-31": "71", "2005-12-31": "73", "2005-09-30": "73", "2005-06-30": "73", "2005-03-31": "74"}}, "total-assets": {"Pegasystems Annual Total Assets (Millions of US $)": {"2019": "$985", "2018": "$983", "2017": "$1,013", "2016": "$655", "2015": "$628", "2014": "$588", "2013": "$536", "2012": "$439", "2011": "$382", "2010": "$337", "2009": "$280", "2008": "$246", "2007": "$243", "2006": "$214", "2005": "$210"}, "Pegasystems Quarterly Total Assets (Millions of US $)": {"2020-09-30": "$1,487", "2020-06-30": "$1,496", "2020-03-31": "$1,474", "2019-12-31": "$985", "2019-09-30": "$917", "2019-06-30": "$941", "2019-03-31": "$957", "2018-12-31": "$983", "2018-09-30": "$963", "2018-06-30": "$973", "2018-03-31": "$1,006", "2017-12-31": "$1,013", "2017-09-30": "$665", "2017-06-30": "$663", "2017-03-31": "$670", "2016-12-31": "$655", "2016-09-30": "$597", "2016-06-30": "$603", "2016-03-31": "$606", "2015-12-31": "$628", "2015-09-30": "$584", "2015-06-30": "$590", "2015-03-31": "$601", "2014-12-31": "$588", "2014-09-30": "$549", "2014-06-30": "$546", "2014-03-31": "$536", "2013-12-31": "$536", "2013-09-30": "$451", "2013-06-30": "$446", "2013-03-31": "$429", "2012-12-31": "$439", "2012-09-30": "$377", "2012-06-30": "$379", "2012-03-31": "$371", "2011-12-31": "$382", "2011-09-30": "$350", "2011-06-30": "$364", "2011-03-31": "$354", "2010-12-31": "$337", "2010-09-30": "$321", "2010-06-30": "$319", "2010-03-31": "$283", "2009-12-31": "$280", "2009-09-30": "$266", "2009-06-30": "$260", "2009-03-31": "$255", "2008-12-31": "$246", "2008-09-30": "$241", "2008-06-30": "$248", "2008-03-31": "$246", "2007-12-31": "$243", "2007-09-30": "$226", "2007-06-30": "$224", "2007-03-31": "$218", "2006-12-31": "$214", "2006-09-30": "$207", "2006-06-30": "$207", "2006-03-31": "$207", "2005-12-31": "$210", "2005-09-30": "$199", "2005-06-30": "$195", "2005-03-31": "$197"}}, "cash-on-hand": {"Pegasystems Annual Cash on Hand (Millions of US $)": {"2019": "$68", "2018": "$207", "2017": "$224", "2016": "$134", "2015": "$219", "2014": "$211", "2013": "$157", "2012": "$123", "2011": "$111", "2010": "$87", "2009": "$203", "2008": "$167", "2007": "$150", "2006": "$128", "2005": "$115"}, "Pegasystems Quarterly Cash on Hand (Millions of US $)": {"2020-09-30": "$468", "2020-06-30": "$512", "2020-03-31": "$538", "2019-12-31": "$68", "2019-09-30": "$113", "2019-06-30": "$155", "2019-03-31": "$202", "2018-12-31": "$207", "2018-09-30": "$206", "2018-06-30": "$244", "2018-03-31": "$255", "2017-12-31": "$224", "2017-09-30": "$194", "2017-06-30": "$180", "2017-03-31": "$148", "2016-12-31": "$134", "2016-09-30": "$130", "2016-06-30": "$138", "2016-03-31": "$194", "2015-12-31": "$219", "2015-09-30": "$224", "2015-06-30": "$227", "2015-03-31": "$225", "2014-12-31": "$211", "2014-09-30": "$229", "2014-06-30": "$216", "2014-03-31": "$221", "2013-12-31": "$157", "2013-09-30": "$188", "2013-06-30": "$174", "2013-03-31": "$181", "2012-12-31": "$123", "2012-09-30": "$111", "2012-06-30": "$103", "2012-03-31": "$88", "2011-12-31": "$111", "2011-09-30": "$98", "2011-06-30": "$100", "2011-03-31": "$77", "2010-12-31": "$87", "2010-09-30": "$69", "2010-06-30": "$74", "2010-03-31": "$202", "2009-12-31": "$203", "2009-09-30": "$198", "2009-06-30": "$190", "2009-03-31": "$173", "2008-12-31": "$167", "2008-09-30": "$171", "2008-06-30": "$177", "2008-03-31": "$161", "2007-12-31": "$150", "2007-09-30": "$145", "2007-06-30": "$141", "2007-03-31": "$133", "2006-12-31": "$128", "2006-09-30": "$129", "2006-06-30": "$126", "2006-03-31": "$117", "2005-12-31": "$115", "2005-09-30": "$109", "2005-06-30": "$110", "2005-03-31": "$107"}}, "long-term-debt": {"Pegasystems Annual Long Term Debt (Millions of US $)": {"2019": "$", "2018": "$", "2017": "$", "2016": "$", "2015": "$", "2014": "$", "2013": "$", "2012": "$", "2011": "$", "2010": "$", "2009": "$", "2008": "$", "2007": "$", "2006": "$", "2005": "$0"}, "Pegasystems Quarterly Long Term Debt (Millions of US $)": {"2020-09-30": "$514", "2020-06-30": "$509", "2020-03-31": "$505", "2019-12-31": "", "2019-09-30": "", "2019-06-30": "", "2019-03-31": "", "2018-12-31": "", "2018-09-30": "", "2018-06-30": "", "2018-03-31": "", "2017-12-31": "", "2017-09-30": "", "2017-06-30": "", "2017-03-31": "", "2016-12-31": "", "2016-09-30": "", "2016-06-30": "", "2016-03-31": "", "2015-12-31": "", "2015-09-30": "", "2015-06-30": "", "2015-03-31": "", "2014-12-31": "", "2014-09-30": "", "2014-06-30": "", "2014-03-31": "", "2013-12-31": "", "2013-09-30": "", "2013-06-30": "", "2013-03-31": "", "2012-12-31": "", "2012-09-30": "", "2012-06-30": "", "2012-03-31": "", "2011-12-31": "", "2011-09-30": "", "2011-06-30": "", "2011-03-31": "", "2010-12-31": "", "2010-09-30": "", "2010-06-30": "", "2010-03-31": "", "2009-12-31": "", "2009-09-30": "", "2009-06-30": "", "2009-03-31": "", "2008-12-31": "", "2008-09-30": "", "2008-06-30": "", "2008-03-31": "", "2007-12-31": "", "2007-09-30": "", "2007-06-30": "", "2007-03-31": "", "2006-12-31": "", "2006-09-30": "", "2006-06-30": "$0", "2006-03-31": "$0", "2005-12-31": "$0", "2005-09-30": "$0", "2005-06-30": "$0", "2005-03-31": "$0"}}, "total-liabilities": {"Pegasystems Annual Total Liabilities (Millions of US $)": {"2019": "$446", "2018": "$361", "2017": "$357", "2016": "$319", "2015": "$305", "2014": "$293", "2013": "$265", "2012": "$203", "2011": "$173", "2010": "$142", "2009": "$74", "2008": "$73", "2007": "$70", "2006": "$48", "2005": "$42"}, "Pegasystems Quarterly Total Liabilities (Millions of US $)": {"2020-09-30": "$958", "2020-06-30": "$940", "2020-03-31": "$908", "2019-12-31": "$446", "2019-09-30": "$388", "2019-06-30": "$383", "2019-03-31": "$368", "2018-12-31": "$361", "2018-09-30": "$342", "2018-06-30": "$334", "2018-03-31": "$344", "2017-12-31": "$357", "2017-09-30": "$293", "2017-06-30": "$294", "2017-03-31": "$310", "2016-12-31": "$319", "2016-09-30": "$270", "2016-06-30": "$279", "2016-03-31": "$284", "2015-12-31": "$305", "2015-09-30": "$279", "2015-06-30": "$287", "2015-03-31": "$303", "2014-12-31": "$293", "2014-09-30": "$271", "2014-06-30": "$265", "2014-03-31": "$257", "2013-12-31": "$265", "2013-09-30": "$196", "2013-06-30": "$202", "2013-03-31": "$187", "2012-12-31": "$203", "2012-09-30": "$164", "2012-06-30": "$167", "2012-03-31": "$156", "2011-12-31": "$173", "2011-09-30": "$138", "2011-06-30": "$158", "2011-03-31": "$152", "2010-12-31": "$142", "2010-09-30": "$116", "2010-06-30": "$116", "2010-03-31": "$75", "2009-12-31": "$74", "2009-09-30": "$65", "2009-06-30": "$68", "2009-03-31": "$78", "2008-12-31": "$73", "2008-09-30": "$65", "2008-06-30": "$69", "2008-03-31": "$72", "2007-12-31": "$70", "2007-09-30": "$52", "2007-06-30": "$53", "2007-03-31": "$52", "2006-12-31": "$48", "2006-09-30": "$45", "2006-06-30": "$44", "2006-03-31": "$42", "2005-12-31": "$42", "2005-09-30": "$36", "2005-06-30": "$31", "2005-03-31": "$33"}}, "total-share-holder-equity": {"Pegasystems Annual Share Holder Equity (Millions of US $)": {"2019": "$539", "2018": "$622", "2017": "$656", "2016": "$336", "2015": "$323", "2014": "$295", "2013": "$272", "2012": "$236", "2011": "$209", "2010": "$196", "2009": "$205", "2008": "$173", "2007": "$173", "2006": "$166", "2005": "$168"}, "Pegasystems Quarterly Share Holder Equity (Millions of US $)": {"2020-09-30": "$529", "2020-06-30": "$556", "2020-03-31": "$567", "2019-12-31": "$539", "2019-09-30": "$529", "2019-06-30": "$557", "2019-03-31": "$588", "2018-12-31": "$622", "2018-09-30": "$621", "2018-06-30": "$639", "2018-03-31": "$662", "2017-12-31": "$656", "2017-09-30": "$372", "2017-06-30": "$369", "2017-03-31": "$360", "2016-12-31": "$336", "2016-09-30": "$327", "2016-06-30": "$325", "2016-03-31": "$323", "2015-12-31": "$323", "2015-09-30": "$305", "2015-06-30": "$304", "2015-03-31": "$298", "2014-12-31": "$295", "2014-09-30": "$278", "2014-06-30": "$281", "2014-03-31": "$279", "2013-12-31": "$272", "2013-09-30": "$255", "2013-06-30": "$244", "2013-03-31": "$241", "2012-12-31": "$236", "2012-09-30": "$213", "2012-06-30": "$212", "2012-03-31": "$215", "2011-12-31": "$209", "2011-09-30": "$212", "2011-06-30": "$207", "2011-03-31": "$202", "2010-12-31": "$196", "2010-09-30": "$205", "2010-06-30": "$203", "2010-03-31": "$208", "2009-12-31": "$205", "2009-09-30": "$201", "2009-06-30": "$193", "2009-03-31": "$177", "2008-12-31": "$173", "2008-09-30": "$176", "2008-06-30": "$178", "2008-03-31": "$174", "2007-12-31": "$173", "2007-09-30": "$174", "2007-06-30": "$172", "2007-03-31": "$166", "2006-12-31": "$166", "2006-09-30": "$162", "2006-06-30": "$163", "2006-03-31": "$165", "2005-12-31": "$168", "2005-09-30": "$162", "2005-06-30": "$163", "2005-03-31": "$164"}}, "profit-margins": {"current": "-6.48%"}, "gross margin": {"2020-09-30": "68.67%", "2020-06-30": "68.09%", "2020-03-31": "67.29%", "2019-12-31": "65.94%", "2019-09-30": "65.13%", "2019-06-30": "65.38%", "2019-03-31": "65.36%", "2018-12-31": "66.22%", "2018-09-30": "66.63%", "2018-06-30": "66.63%", "2018-03-31": "66.94%", "2017-12-31": "68.50%", "2017-09-30": "68.20%", "2017-06-30": "68.97%", "2017-03-31": "70.00%", "2016-12-31": "68.41%", "2016-09-30": "69.40%", "2016-06-30": "69.35%", "2016-03-31": "68.88%", "2015-12-31": "68.77%", "2015-09-30": "68.16%", "2015-06-30": "68.22%", "2015-03-31": "68.54%", "2014-12-31": "68.64%", "2014-09-30": "68.29%", "2014-06-30": "69.00%", "2014-03-31": "69.17%", "2013-12-31": "69.29%", "2013-09-30": "69.74%", "2013-06-30": "68.48%", "2013-03-31": "67.24%", "2012-12-31": "66.02%", "2012-09-30": "62.82%", "2012-06-30": "61.36%", "2012-03-31": "61.03%", "2011-12-31": "60.43%", "2011-09-30": "59.34%", "2011-06-30": "60.52%", "2011-03-31": "60.88%", "2010-12-31": "61.90%", "2010-09-30": "63.44%", "2010-06-30": "64.07%", "2010-03-31": "64.98%", "2009-12-31": "65.53%", "2009-09-30": "65.20%", "2009-06-30": "64.71%", "2009-03-31": "63.11%", "2008-12-31": "61.14%", "2008-09-30": "59.30%", "2008-06-30": "59.57%", "2008-03-31": "59.54%", "2007-12-31": "59.26%", "2007-09-30": "60.93%", "2007-06-30": "58.74%", "2007-03-31": "58.96%", "2006-12-31": "57.14%", "2006-09-30": "57.39%", "2006-06-30": "61.11%", "2006-03-31": "62.86%", "2005-12-31": "68.00%"}, "operating margin": {"2020-09-30": "-13.96%", "2020-06-30": "-12.56%", "2020-03-31": "-12.94%", "2019-12-31": "-14.79%", "2019-09-30": "-13.23%", "2019-06-30": "-10.02%", "2019-03-31": "-6.79%", "2018-12-31": "-1.91%", "2018-09-30": "0.79%", "2018-06-30": "2.51%", "2018-03-31": "4.15%", "2017-12-31": "10.57%", "2017-09-30": "9.46%", "2017-06-30": "10.38%", "2017-03-31": "12.14%", "2016-12-31": "6.55%", "2016-09-30": "8.21%", "2016-06-30": "9.26%", "2016-03-31": "9.48%", "2015-12-31": "9.53%", "2015-09-30": "8.96%", "2015-06-30": "8.35%", "2015-03-31": "8.11%", "2014-12-31": "8.81%", "2014-09-30": "8.01%", "2014-06-30": "9.86%", "2014-03-31": "11.28%", "2013-12-31": "11.42%", "2013-09-30": "12.42%", "2013-06-30": "10.02%", "2013-03-31": "8.14%", "2012-12-31": "6.71%", "2012-09-30": "1.62%", "2012-06-30": "1.17%", "2012-03-31": "2.58%", "2011-12-31": "2.64%", "2011-09-30": "0.77%", "2011-06-30": "1.82%", "2011-03-31": "-1.38%", "2010-12-31": "-0.60%", "2010-09-30": "3.75%", "2010-06-30": "5.76%", "2010-03-31": "13.72%", "2009-12-31": "15.53%", "2009-09-30": "14.80%", "2009-06-30": "13.87%", "2009-03-31": "10.67%", "2008-12-31": "6.64%", "2008-09-30": "4.02%", "2008-06-30": "4.26%", "2008-03-31": "2.31%", "2007-12-31": "1.23%", "2007-09-30": "1.99%", "2007-06-30": "-1.40%", "2007-03-31": "-2.99%", "2006-12-31": "-5.56%", "2006-09-30": "-6.96%", "2006-06-30": "-3.70%", "2006-03-31": "-0.95%", "2005-12-31": "1.00%"}, "ebitda margin": {"2020-09-30": "-7.73%", "2020-06-30": "-6.89%", "2020-03-31": "-7.76%", "2019-12-31": "-9.31%", "2019-09-30": "-7.40%", "2019-06-30": "-4.33%", "2019-03-31": "-1.15%", "2018-12-31": "3.03%", "2018-09-30": "6.40%", "2018-06-30": "7.63%", "2018-03-31": "8.87%", "2017-12-31": "14.74%", "2017-09-30": "13.83%", "2017-06-30": "14.92%", "2017-03-31": "16.79%", "2016-12-31": "11.66%", "2016-09-30": "11.92%", "2016-06-30": "12.94%", "2016-03-31": "13.15%", "2015-12-31": "13.34%", "2015-09-30": "12.98%", "2015-06-30": "12.52%", "2015-03-31": "12.42%", "2014-12-31": "13.05%", "2014-09-30": "12.37%", "2014-06-30": "14.16%", "2014-03-31": "15.60%", "2013-12-31": "15.94%", "2013-09-30": "16.63%", "2013-06-30": "14.41%", "2013-03-31": "12.63%", "2012-12-31": "11.26%", "2012-09-30": "6.24%", "2012-06-30": "5.62%", "2012-03-31": "6.81%", "2011-12-31": "6.71%", "2011-09-30": "5.37%", "2011-06-30": "6.23%", "2011-03-31": "2.75%", "2010-12-31": "2.98%", "2010-09-30": "6.25%", "2010-06-30": "8.14%", "2010-03-31": "15.88%", "2009-12-31": "18.18%", "2009-09-30": "17.60%", "2009-06-30": "16.81%", "2009-03-31": "13.33%", "2008-12-31": "9.00%", "2008-09-30": "5.53%", "2008-06-30": "5.32%", "2008-03-31": "4.05%", "2007-12-31": "2.47%", "2007-09-30": "3.31%", "2007-06-30": "-0.70%", "2007-03-31": "-2.24%", "2006-12-31": "-3.97%", "2006-09-30": "-4.35%", "2006-06-30": "-0.93%", "2006-03-31": "0.95%", "2005-12-31": "3.00%"}, "pre tax profit margin": {"2020-09-30": "-12.65%", "2020-06-30": "-13.17%", "2020-03-31": "-15.22%", "2019-12-31": "-14.79%", "2019-09-30": "-13.12%", "2019-06-30": "-9.68%", "2019-03-31": "-6.44%", "2018-12-31": "-1.23%", "2018-09-30": "0.90%", "2018-06-30": "1.94%", "2018-03-31": "3.23%", "2017-12-31": "9.79%", "2017-09-30": "9.57%", "2017-06-30": "11.22%", "2017-03-31": "12.98%", "2016-12-31": "7.21%", "2016-09-30": "7.95%", "2016-06-30": "8.72%", "2016-03-31": "9.05%", "2015-12-31": "8.80%", "2015-09-30": "8.19%", "2015-06-30": "7.22%", "2015-03-31": "6.95%", "2014-12-31": "8.14%", "2014-09-30": "7.49%", "2014-06-30": "9.68%", "2014-03-31": "11.09%", "2013-12-31": "11.02%", "2013-09-30": "12.02%", "2013-06-30": "9.81%", "2013-03-31": "7.92%", "2012-12-31": "6.71%", "2012-09-30": "1.39%", "2012-06-30": "0.94%", "2012-03-31": "2.35%", "2011-12-31": "2.64%", "2011-09-30": "0.77%", "2011-06-30": "2.34%", "2011-03-31": "-1.65%", "2010-12-31": "-2.08%", "2010-09-30": "2.81%", "2010-06-30": "4.75%", "2010-03-31": "15.16%", "2009-12-31": "18.18%", "2009-09-30": "16.80%", "2009-06-30": "15.13%", "2009-03-31": "10.67%", "2008-12-31": "7.58%", "2008-09-30": "6.53%", "2008-06-30": "7.98%", "2008-03-31": "6.94%", "2007-12-31": "6.17%", "2007-09-30": "7.28%", "2007-06-30": "4.20%", "2007-03-31": "2.99%", "2006-12-31": "0.79%", "2006-09-30": "-0.87%", "2006-06-30": "1.85%", "2006-03-31": "2.86%", "2005-12-31": "4.00%"}, "net profit margin": {"2020-09-30": "-6.43%", "2020-06-30": "-7.60%", "2020-03-31": "-8.90%", "2019-12-31": "-9.86%", "2019-09-30": "-8.41%", "2019-06-30": "-6.04%", "2019-03-31": "-3.57%", "2018-12-31": "1.12%", "2018-09-30": "3.93%", "2018-06-30": "5.01%", "2018-03-31": "6.68%", "2017-12-31": "11.14%", "2017-09-30": "10.05%", "2017-06-30": "10.38%", "2017-03-31": "10.48%", "2016-12-31": "5.90%", "2016-09-30": "5.17%", "2016-06-30": "5.72%", "2016-03-31": "5.66%", "2015-12-31": "5.28%", "2015-09-30": "5.41%", "2015-06-30": "4.98%", "2015-03-31": "4.97%", "2014-12-31": "5.76%", "2014-09-30": "5.23%", "2014-06-30": "6.63%", "2014-03-31": "7.52%", "2013-12-31": "7.68%", "2013-09-30": "8.62%", "2013-06-30": "7.10%", "2013-03-31": "5.78%", "2012-12-31": "4.76%", "2012-09-30": "0.00%", "2012-06-30": "1.17%", "2012-03-31": "2.11%", "2011-12-31": "2.40%", "2011-09-30": "1.79%", "2011-06-30": "1.30%", "2011-03-31": "-1.38%", "2010-12-31": "-1.79%", "2010-09-30": "1.56%", "2010-06-30": "2.71%", "2010-03-31": "9.75%", "2009-12-31": "12.12%", "2009-09-30": "11.60%", "2009-06-30": "10.50%", "2009-03-31": "7.56%", "2008-12-31": "5.21%", "2008-09-30": "4.52%", "2008-06-30": "5.85%", "2008-03-31": "5.20%", "2007-12-31": "4.32%", "2007-09-30": "5.96%", "2007-06-30": "3.50%", "2007-03-31": "2.99%", "2006-12-31": "1.59%", "2006-09-30": "1.74%", "2006-06-30": "3.70%", "2006-03-31": "3.81%", "2005-12-31": "5.00%"}, "pe ratio": {"current": "0.00", "2021-02-05": "0.00", "2020-09-30": "0.00", "2020-06-30": "0.00", "2020-03-31": "0.00", "2019-12-31": "0.00", "2019-09-30": "0.00", "2019-06-30": "0.00", "2019-03-31": "0.00", "2018-12-31": "397.43", "2018-09-30": "0.00", "2018-06-30": "0.00", "2018-03-31": "274.43", "2017-12-31": "117.28", "2017-09-30": "104.22", "2017-06-30": "95.06", "2017-03-31": "83.76", "2016-12-31": "119.12", "2016-09-30": "65.00", "2016-06-30": "53.40", "2016-03-31": "51.26", "2015-12-31": "59.09", "2015-09-30": "52.83", "2015-06-30": "56.44", "2015-03-31": "56.37", "2014-12-31": "48.64", "2014-09-30": "52.14", "2014-06-30": "46.03", "2014-03-31": "35.27", "2013-12-31": "49.61", "2013-09-30": "35.39", "2013-06-30": "37.20", "2013-03-31": "39.73", "2012-12-31": "39.50", "2012-09-30": "0.00", "2012-06-30": "267.39", "2012-03-31": "154.55", "2011-12-31": "109.82", "2011-09-30": "164.99", "2011-06-30": "347.09", "2011-03-31": "0.00", "2010-12-31": "0.00", "2010-09-30": "250.23", "2010-06-30": "155.11", "2010-03-31": "49.60", "2009-12-31": "38.58", "2009-09-30": "43.21", "2009-06-30": "37.91", "2009-03-31": "39.69", "2008-12-31": "39.56", "2008-09-30": "47.56", "2008-06-30": "44.35", "2008-03-31": "39.92", "2007-12-31": "62.98", "2007-09-30": "49.04", "2007-06-30": "79.49", "2007-03-31": "72.69", "2006-12-31": "184.93"}, "price sales": {"2021-02-05": "11.23", "2020-09-30": "9.71", "2020-06-30": "8.16", "2020-03-31": "5.85", "2019-12-31": "6.89", "2019-09-30": "6.10", "2019-06-30": "6.47", "2019-03-31": "5.96", "2018-12-31": "4.34", "2018-09-30": "5.68", "2018-06-30": "5.10", "2018-03-31": "5.78", "2017-12-31": "4.37", "2017-09-30": "5.55", "2017-06-30": "5.61", "2017-03-31": "4.16", "2016-12-31": "3.73", "2016-09-30": "3.07", "2016-06-30": "2.88", "2016-03-31": "2.81", "2015-12-31": "3.14", "2015-09-30": "2.96", "2015-06-30": "2.85", "2015-03-31": "2.79", "2014-12-31": "2.72", "2014-09-30": "2.56", "2014-06-30": "2.90", "2014-03-31": "2.53", "2013-12-31": "3.68", "2013-09-30": "3.03", "2013-06-30": "2.61", "2013-03-31": "2.26", "2012-12-31": "1.84", "2012-09-30": "2.52", "2012-06-30": "2.91", "2012-03-31": "3.40", "2011-12-31": "2.67", "2011-09-30": "2.92", "2011-06-30": "4.49", "2011-03-31": "3.83", "2010-12-31": "3.98", "2010-09-30": "3.57", "2010-06-30": "4.00", "2010-03-31": "4.95", "2009-12-31": "4.72", "2009-09-30": "5.03", "2009-06-30": "4.03", "2009-03-31": "2.99", "2008-12-31": "2.12", "2008-09-30": "2.34", "2008-06-30": "2.58", "2008-03-31": "2.01", "2007-12-31": "2.65", "2007-09-30": "2.82", "2007-06-30": "2.68", "2007-03-31": "2.37", "2006-12-31": "2.64"}, "price book": {"current": "21.34", "2021-02-05": "21.34", "2020-09-30": "18.45", "2020-06-30": "14.62", "2020-03-31": "10.06", "2019-12-31": "11.75", "2019-09-30": "10.19", "2019-06-30": "10.09", "2019-03-31": "8.69", "2018-12-31": "6.03", "2018-09-30": "7.92", "2018-06-30": "6.72", "2018-03-31": "7.16", "2017-12-31": "5.58", "2017-09-30": "12.00", "2017-06-30": "12.21", "2017-03-31": "9.33", "2016-12-31": "8.15", "2016-09-30": "6.81", "2016-06-30": "6.27", "2016-03-31": "5.95", "2015-12-31": "6.44", "2015-09-30": "6.09", "2015-06-30": "5.70", "2015-03-31": "5.51", "2014-12-31": "5.29", "2014-09-30": "5.15", "2014-06-30": "5.64", "2014-03-31": "4.73", "2013-12-31": "6.76", "2013-09-30": "5.80", "2013-06-30": "5.03", "2013-03-31": "4.31", "2012-12-31": "3.55", "2012-09-30": "5.03", "2012-06-30": "5.75", "2012-03-31": "6.53", "2011-12-31": "5.16", "2011-09-30": "5.28", "2011-06-30": "8.20", "2011-03-31": "6.80", "2010-12-31": "6.75", "2010-09-30": "5.42", "2010-06-30": "5.67", "2010-03-31": "6.35", "2009-12-31": "5.88", "2009-09-30": "6.07", "2009-06-30": "4.80", "2009-03-31": "3.60", "2008-12-31": "2.45", "2008-09-30": "2.54", "2008-06-30": "2.62", "2008-03-31": "1.90", "2007-12-31": "2.37", "2007-09-30": "2.35", "2007-06-30": "2.18", "2007-03-31": "1.86", "2006-12-31": "1.96", "2006-09-30": "1.77", "2006-06-30": "1.30", "2006-03-31": "1.63"}, "price fcf": {"2021-02-05": "", "2020-09-30": "$-1.01", "2020-06-30": "$-1.21", "2020-03-31": "$-1.31", "2019-12-31": "$-0.67", "2019-09-30": "$0.11", "2019-06-30": "$0.27", "2019-03-31": "$0.70", "2018-12-31": "$1.11", "2018-09-30": "$1.13", "2018-06-30": "$1.59", "2018-03-31": "$2.02", "2017-12-31": "$1.74", "2017-09-30": "$1.56", "2017-06-30": "$1.29", "2017-03-31": "$0.58", "2016-12-31": "$0.26", "2016-09-30": "$0.22", "2016-06-30": "$0.31", "2016-03-31": "$0.48", "2015-12-31": "$0.72", "2015-09-30": "$0.56", "2015-06-30": "$0.67", "2015-03-31": "$0.57", "2014-12-31": "$1.17", "2014-09-30": "$1.12", "2014-06-30": "$1.07", "2014-03-31": "$1.04", "2013-12-31": "$0.96", "2013-09-30": "$1.18", "2013-06-30": "$1.09", "2013-03-31": "$1.38", "2012-12-31": "$0.26", "2012-09-30": "$0.29", "2012-06-30": "$0.17", "2012-03-31": "$0.22", "2011-12-31": "$0.38", "2011-09-30": "$0.53", "2011-06-30": "$0.48", "2011-03-31": "$0.02", "2010-12-31": "$0.17", "2010-09-30": "$-0.06", "2010-06-30": "$0.08", "2010-03-31": "$0.44", "2009-12-31": "$0.57", "2009-09-30": "$0.52", "2009-06-30": "$0.43", "2009-03-31": "$0.45", "2008-12-31": "$0.46", "2008-09-30": "$0.49", "2008-06-30": "$0.56", "2008-03-31": "$0.40", "2007-12-31": "$0.30", "2007-09-30": "$0.18", "2007-06-30": "$0.17", "2007-03-31": "$0.28", "2006-12-31": "$0.23"}, "net worth": {"value": "$11.3B"}, "current ratio": {"current": "2.54", "2020-09-30": "2.54", "2020-06-30": "2.72", "2020-03-31": "2.90", "2019-12-31": "1.34", "2019-09-30": "1.45", "2019-06-30": "1.72", "2019-03-31": "1.86", "2018-12-31": "1.84", "2018-09-30": "2.08", "2018-06-30": "2.21", "2018-03-31": "2.23", "2017-12-31": "2.20", "2017-09-30": "1.64", "2017-06-30": "1.65", "2017-03-31": "1.58", "2016-12-31": "1.48", "2016-09-30": "1.59", "2016-06-30": "1.58", "2016-03-31": "1.76", "2015-12-31": "1.67", "2015-09-30": "1.75", "2015-06-30": "1.73", "2015-03-31": "1.68", "2014-12-31": "1.71", "2014-09-30": "1.73", "2014-06-30": "1.81", "2014-03-31": "1.88", "2013-12-31": "1.83", "2013-09-30": "2.05", "2013-06-30": "1.95", "2013-03-31": "1.93", "2012-12-31": "1.80", "2012-09-30": "1.78", "2012-06-30": "1.64", "2012-03-31": "1.74", "2011-12-31": "1.63", "2011-09-30": "1.81", "2011-06-30": "1.68", "2011-03-31": "1.64", "2010-12-31": "1.64", "2010-09-30": "1.64", "2010-06-30": "1.61", "2010-03-31": "3.78", "2009-12-31": "3.79", "2009-09-30": "4.22", "2009-06-30": "3.99", "2009-03-31": "3.32", "2008-12-31": "3.45", "2008-09-30": "3.85", "2008-06-30": "3.67", "2008-03-31": "3.50", "2007-12-31": "3.54", "2007-09-30": "4.99", "2007-06-30": "4.82", "2007-03-31": "4.68", "2006-12-31": "4.40", "2006-09-30": "4.30", "2006-06-30": "4.22", "2006-03-31": "4.42", "2005-12-31": "4.37", "2005-09-30": "4.90", "2005-06-30": "5.52", "2005-03-31": "5.16"}, "quick ratio": {"2020-09-30": "0.00", "2020-06-30": "0.00", "2020-03-31": "0.00", "2019-12-31": "0.00", "2019-09-30": "0.00", "2019-06-30": "0.00", "2019-03-31": "0.00", "2018-12-31": "0.00", "2018-09-30": "0.00", "2018-06-30": "0.00", "2018-03-31": "0.00", "2017-12-31": "0.00", "2017-09-30": "0.00", "2017-06-30": "0.00", "2017-03-31": "0.00", "2016-12-31": "0.00", "2016-09-30": "0.00", "2016-06-30": "0.00", "2016-03-31": "0.00", "2015-12-31": "0.00", "2015-09-30": "0.00", "2015-06-30": "0.00", "2015-03-31": "0.00", "2014-12-31": "0.00", "2014-09-30": "0.00", "2014-06-30": "0.00", "2014-03-31": "0.00", "2013-12-31": "0.00", "2013-09-30": "0.00", "2013-06-30": "0.00", "2013-03-31": "0.00", "2012-12-31": "0.00", "2012-09-30": "0.00", "2012-06-30": "0.00", "2012-03-31": "0.00", "2011-12-31": "0.00", "2011-09-30": "0.00", "2011-06-30": "0.00", "2011-03-31": "0.00", "2010-12-31": "0.00", "2010-09-30": "0.00", "2010-06-30": "0.00", "2010-03-31": "0.00", "2009-12-31": "0.00", "2009-09-30": "0.00", "2009-06-30": "0.00", "2009-03-31": "0.00", "2008-12-31": "0.00", "2008-09-30": "0.00", "2008-06-30": "0.00", "2008-03-31": "0.00", "2007-12-31": "0.00", "2007-09-30": "0.00", "2007-06-30": "0.00", "2007-03-31": "0.00", "2006-12-31": "0.00", "2006-09-30": "0.00", "2006-06-30": "0.00", "2006-03-31": "0.00", "2005-12-31": "0.00", "2005-09-30": "0.00", "2005-06-30": "0.00", "2005-03-31": "0.00"}, "debt equity ratio": {"current": "0.97", "2020-09-30": "1.81", "2020-06-30": "1.69", "2020-03-31": "1.60", "2019-12-31": "0.83", "2019-09-30": "0.73", "2019-06-30": "0.69", "2019-03-31": "0.63", "2018-12-31": "0.58", "2018-09-30": "0.55", "2018-06-30": "0.52", "2018-03-31": "0.52", "2017-12-31": "0.54", "2017-09-30": "0.79", "2017-06-30": "0.80", "2017-03-31": "0.86", "2016-12-31": "0.95", "2016-09-30": "0.82", "2016-06-30": "0.86", "2016-03-31": "0.88", "2015-12-31": "0.94", "2015-09-30": "0.91", "2015-06-30": "0.95", "2015-03-31": "1.02", "2014-12-31": "1.00", "2014-09-30": "0.97", "2014-06-30": "0.95", "2014-03-31": "0.92", "2013-12-31": "0.97", "2013-09-30": "0.77", "2013-06-30": "0.83", "2013-03-31": "0.78", "2012-12-31": "0.86", "2012-09-30": "0.77", "2012-06-30": "0.79", "2012-03-31": "0.73", "2011-12-31": "0.83", "2011-09-30": "0.65", "2011-06-30": "0.76", "2011-03-31": "0.75", "2010-12-31": "0.73", "2010-09-30": "0.56", "2010-06-30": "0.57", "2010-03-31": "0.36", "2009-12-31": "0.36", "2009-09-30": "0.32", "2009-06-30": "0.35", "2009-03-31": "0.44", "2008-12-31": "0.42", "2008-09-30": "0.37", "2008-06-30": "0.39", "2008-03-31": "0.41", "2007-12-31": "0.41", "2007-09-30": "0.30", "2007-06-30": "0.31", "2007-03-31": "0.32", "2006-12-31": "0.29", "2006-09-30": "0.28", "2006-06-30": "0.27", "2006-03-31": "0.26", "2005-12-31": "0.25", "2005-09-30": "0.23", "2005-06-30": "0.19", "2005-03-31": "0.20"}, "return on equity": {"2020-09-30": "-11.68%", "2020-06-30": "-13.69%", "2020-03-31": "-15.69%", "2019-12-31": "-16.27%", "2019-09-30": "-13.07%", "2019-06-30": "-8.88%", "2019-03-31": "-5.02%", "2018-12-31": "1.57%", "2018-09-30": "5.43%", "2018-06-30": "7.56%", "2018-03-31": "11.27%", "2017-12-31": "22.54%", "2017-09-30": "23.66%", "2017-06-30": "25.00%", "2017-03-31": "26.11%", "2016-12-31": "13.73%", "2016-09-30": "12.02%", "2016-06-30": "13.17%", "2016-03-31": "12.75%", "2015-12-31": "11.71%", "2015-09-30": "11.65%", "2015-06-30": "10.55%", "2015-03-31": "10.42%", "2014-12-31": "12.00%", "2014-09-30": "10.81%", "2014-06-30": "13.62%", "2014-03-31": "15.24%", "2013-12-31": "15.42%", "2013-09-30": "17.62%", "2013-06-30": "14.56%", "2013-03-31": "11.97%", "2012-12-31": "10.05%", "2012-09-30": "0.00%", "2012-06-30": "2.36%", "2012-03-31": "4.27%", "2011-12-31": "4.82%", "2011-09-30": "3.43%", "2011-06-30": "2.47%", "2011-03-31": "-2.48%", "2010-12-31": "-2.96%", "2010-09-30": "2.44%", "2010-06-30": "3.92%", "2010-03-31": "13.38%", "2009-12-31": "16.49%", "2009-09-30": "15.59%", "2009-06-30": "13.91%", "2009-03-31": "9.66%", "2008-12-31": "6.28%", "2008-09-30": "5.14%", "2008-06-30": "6.29%", "2008-03-31": "5.19%", "2007-12-31": "4.09%", "2007-09-30": "5.31%", "2007-06-30": "3.00%", "2007-03-31": "2.44%", "2006-12-31": "1.22%", "2006-09-30": "1.22%", "2006-06-30": "2.43%", "2006-03-31": "2.43%", "2005-12-31": "3.04%"}, "return on assets": {"2020-09-30": "-4.70%", "2020-06-30": "-6.16%", "2020-03-31": "-7.97%", "2019-12-31": "-9.47%", "2019-09-30": "-7.90%", "2019-06-30": "-5.52%", "2019-03-31": "-3.20%", "2018-12-31": "1.02%", "2018-09-30": "3.54%", "2018-06-30": "4.81%", "2018-03-31": "6.93%", "2017-12-31": "13.15%", "2017-09-30": "12.82%", "2017-06-30": "13.46%", "2017-03-31": "13.94%", "2016-12-31": "7.31%", "2016-09-30": "6.41%", "2016-06-30": "6.94%", "2016-03-31": "6.64%", "2015-12-31": "5.99%", "2015-09-30": "5.92%", "2015-06-30": "5.33%", "2015-03-31": "5.25%", "2014-12-31": "6.13%", "2014-09-30": "5.54%", "2014-06-30": "7.15%", "2014-03-31": "8.13%", "2013-12-31": "8.38%", "2013-09-30": "9.75%", "2013-06-30": "8.04%", "2013-03-31": "6.65%", "2012-12-31": "5.62%", "2012-09-30": "0.00%", "2012-06-30": "1.35%", "2012-03-31": "2.45%", "2011-12-31": "2.76%", "2011-09-30": "1.99%", "2011-06-30": "1.45%", "2011-03-31": "-1.50%", "2010-12-31": "-1.90%", "2010-09-30": "1.66%", "2010-06-30": "2.79%", "2010-03-31": "9.92%", "2009-12-31": "12.06%", "2009-09-30": "11.30%", "2009-06-30": "9.98%", "2009-03-31": "6.87%", "2008-12-31": "4.49%", "2008-09-30": "3.68%", "2008-06-30": "4.57%", "2008-03-31": "3.83%", "2007-12-31": "3.07%", "2007-09-30": "4.08%", "2007-06-30": "2.32%", "2007-03-31": "1.89%", "2006-12-31": "0.96%", "2006-09-30": "0.96%", "2006-06-30": "1.94%", "2006-03-31": "1.97%", "2005-12-31": "2.50%"}, "return on investments": {"2020-09-30": "-17.48%", "2020-06-30": "-23.20%", "2020-03-31": "-46.64%", "2019-12-31": "inf%", "2019-09-30": "inf%", "2019-06-30": "inf%", "2019-03-31": "inf%", "2018-12-31": "inf%", "2018-09-30": "inf%", "2018-06-30": "inf%", "2018-03-31": "inf%", "2017-12-31": "inf%", "2017-09-30": "inf%", "2017-06-30": "inf%", "2017-03-31": "inf%", "2016-12-31": "inf%", "2016-09-30": "inf%", "2016-06-30": "inf%", "2016-03-31": "inf%", "2015-12-31": "inf%", "2015-09-30": "inf%", "2015-06-30": "inf%", "2015-03-31": "inf%", "2014-12-31": "inf%", "2014-09-30": "inf%", "2014-06-30": "inf%", "2014-03-31": "inf%", "2013-12-31": "inf%", "2013-09-30": "inf%", "2013-06-30": "inf%", "2013-03-31": "inf%", "2012-12-31": "inf%", "2012-09-30": "inf%", "2012-06-30": "inf%", "2012-03-31": "inf%", "2011-12-31": "inf%", "2011-09-30": "inf%", "2011-06-30": "inf%", "2011-03-31": "inf%", "2010-12-31": "inf%", "2010-09-30": "inf%", "2010-06-30": "inf%", "2010-03-31": "inf%", "2009-12-31": "inf%", "2009-09-30": "inf%", "2009-06-30": "inf%", "2009-03-31": "inf%", "2008-12-31": "inf%", "2008-09-30": "inf%", "2008-06-30": "inf%", "2008-03-31": "inf%", "2007-12-31": "inf%", "2007-09-30": "inf%", "2007-06-30": "inf%", "2007-03-31": "-9.82%", "2006-12-31": "-8.54%", "2006-09-30": "-6.45%", "2006-06-30": "-2.43%", "2006-03-31": "-0.61%", "2005-12-31": "0.61%"}, "return on tangible equity": {"2020-09-30": "-13.65%", "2020-06-30": "-15.99%", "2020-03-31": "-18.34%", "2019-12-31": "-18.91%", "2019-09-30": "-15.05%", "2019-06-30": "-10.14%", "2019-03-31": "-5.69%", "2018-12-31": "1.78%", "2018-09-30": "6.12%", "2018-06-30": "8.79%", "2018-03-31": "13.70%", "2017-12-31": "29.31%", "2017-09-30": "34.45%", "2017-06-30": "37.46%", "2017-03-31": "40.46%", "2016-12-31": "20.71%", "2016-09-30": "17.47%", "2016-06-30": "18.48%", "2016-03-31": "17.26%", "2015-12-31": "16.16%", "2015-09-30": "16.47%", "2015-06-30": "15.25%", "2015-03-31": "15.27%", "2014-12-31": "17.75%", "2014-09-30": "16.30%", "2014-06-30": "20.11%", "2014-03-31": "22.32%", "2013-12-31": "22.51%", "2013-09-30": "25.33%", "2013-06-30": "21.73%", "2013-03-31": "18.56%", "2012-12-31": "16.15%", "2012-09-30": "0.00%", "2012-06-30": "4.06%", "2012-03-31": "7.55%", "2011-12-31": "8.83%", "2011-09-30": "6.53%", "2011-06-30": "4.88%", "2011-03-31": "-5.52%", "2010-12-31": "-5.18%", "2010-09-30": "3.51%", "2010-06-30": "4.79%", "2010-03-31": "13.58%", "2009-12-31": "16.75%", "2009-09-30": "15.85%", "2009-06-30": "14.12%", "2009-03-31": "9.80%", "2008-12-31": "6.36%", "2008-09-30": "5.19%", "2008-06-30": "6.38%", "2008-03-31": "5.28%", "2007-12-31": "4.17%", "2007-09-30": "5.42%", "2007-06-30": "3.07%", "2007-03-31": "2.49%", "2006-12-31": "1.25%", "2006-09-30": "1.25%", "2006-06-30": "2.48%", "2006-03-31": "2.48%", "2005-12-31": "3.10%"}, "dividend yield history": {"last payout": "$0.12", "last yield": "0.09%"}}