{"ticker": "PAG", "price": {"title": "Penske Automotive Historical Annual Stock Price Data", "value": 65.3, "historical": {"2021": {"Average Stock Price": "63.0013", "Year Open": "57.4700", "Year High": "66.0900", "Year Low": "57.4700", "Year Close": "65.3000", "Annual % Change": "9.95%"}, "2020": {"Average Stock Price": "45.3475", "Year Open": "50.1300", "Year High": "61.3600", "Year Low": "21.3200", "Year Close": "59.3900", "Annual % Change": "18.26%"}, "2019": {"Average Stock Price": "46.1122", "Year Open": "41.0300", "Year High": "53.7000", "Year Low": "41.0300", "Year Close": "50.2200", "Annual % Change": "24.55%"}, "2018": {"Average Stock Price": "47.4227", "Year Open": "47.8400", "Year High": "54.5500", "Year Low": "38.7700", "Year Close": "40.3200", "Annual % Change": "-15.74%"}, "2017": {"Average Stock Price": "46.3509", "Year Open": "52.3100", "Year High": "54.9200", "Year Low": "39.0400", "Year Close": "47.8500", "Annual % Change": "-7.70%"}, "2016": {"Average Stock Price": "40.6491", "Year Open": "40.7700", "Year High": "55.9800", "Year Low": "29.9600", "Year Close": "51.8400", "Annual % Change": "22.44%"}, "2015": {"Average Stock Price": "49.8509", "Year Open": "49.0800", "Year High": "54.2100", "Year Low": "41.7900", "Year Close": "42.3400", "Annual % Change": "-13.72%"}, "2014": {"Average Stock Price": "45.4413", "Year Open": "46.7700", "Year High": "51.1600", "Year Low": "37.5100", "Year Close": "49.0700", "Annual % Change": "4.05%"}, "2013": {"Average Stock Price": "36.0839", "Year Open": "30.5500", "Year High": "47.4200", "Year Low": "28.4000", "Year Close": "47.1600", "Annual % Change": "56.73%"}, "2012": {"Average Stock Price": "25.8712", "Year Open": "19.5600", "Year High": "32.1100", "Year Low": "18.5800", "Year Close": "30.0900", "Annual % Change": "56.31%"}, "2011": {"Average Stock Price": "19.5896", "Year Open": "17.1000", "Year High": "23.9600", "Year Low": "15.0600", "Year Close": "19.2500", "Annual % Change": "10.51%"}, "2010": {"Average Stock Price": "14.2170", "Year Open": "15.2900", "Year High": "17.4200", "Year Low": "10.9400", "Year Close": "17.4200", "Annual % Change": "14.76%"}, "2009": {"Average Stock Price": "13.7030", "Year Open": "8.5200", "Year High": "21.2000", "Year Low": "4.8400", "Year Close": "15.1800", "Annual % Change": "97.66%"}, "2008": {"Average Stock Price": "14.3545", "Year Open": "17.3900", "Year High": "21.9400", "Year Low": "5.1200", "Year Close": "7.6800", "Annual % Change": "-56.01%"}, "2007": {"Average Stock Price": "21.0948", "Year Open": "23.6200", "Year High": "24.4200", "Year Low": "17.4600", "Year Close": "17.4600", "Annual % Change": "-25.92%"}, "2006": {"Average Stock Price": "21.6184", "Year Open": "19.1650", "Year High": "24.2100", "Year Low": "18.9550", "Year Close": "23.5700", "Annual % Change": "23.40%"}, "2005": {"Average Stock Price": "15.9077", "Year Open": "14.5000", "Year High": "19.7300", "Year Low": "12.8700", "Year Close": "19.1000", "Annual % Change": "29.10%"}, "2004": {"Average Stock Price": "13.9894", "Year Open": "15.3500", "Year High": "16.1450", "Year Low": "11.5500", "Year Close": "14.7950", "Annual % Change": "-5.46%"}, "2003": {"Average Stock Price": "9.9426", "Year Open": "6.5450", "Year High": "15.6550", "Year Low": "4.9400", "Year Close": "15.6500", "Annual % Change": "151.00%"}, "2002": {"Average Stock Price": "9.6359", "Year Open": "12.5500", "Year High": "15.5650", "Year Low": "5.7050", "Year Close": "6.2350", "Annual % Change": "-51.69%"}, "2001": {"Average Stock Price": "7.4199", "Year Open": "3.3100", "Year High": "13.1000", "Year Low": "3.3100", "Year Close": "12.9050", "Annual % Change": "285.80%"}, "2000": {"Average Stock Price": "4.2306", "Year Open": "4.2500", "Year High": "5.1900", "Year Low": "3.0600", "Year Close": "3.3450", "Annual % Change": "-25.17%"}, "1999": {"Average Stock Price": "5.0574", "Year Open": "4.7200", "Year High": "6.5950", "Year Low": "2.9050", "Year Close": "4.4700", "Annual % Change": "-2.72%"}, "1998": {"Average Stock Price": "7.8707", "Year Open": "9.1550", "Year High": "13.1550", "Year Low": "4.4400", "Year Close": "4.5950", "Annual % Change": "-49.81%"}, "1997": {"Average Stock Price": "10.6464", "Year Open": "13.0600", "Year High": "15.6900", "Year Low": "7.0000", "Year Close": "9.1550", "Annual % Change": "-28.89%"}}}, "market cap": {"value": "$5.25B"}, "income statement": {"Revenue": {"2019-12-31": "23179.40000", "2018-12-31": "22785.10000", "2017-12-31": "21386.90000", "2016-12-31": "20118.50000", "2015-12-31": "19284.90000", "2014-12-31": "17232.00000", "2013-12-31": "14482.50000", "2012-12-31": "12902.60000", "2011-12-31": "11039.40000", "2010-12-31": "9943.35000", "2009-12-31": "9012.21700", "2008-12-31": "11637.14000", "2007-12-31": "12781.72000", "2006-12-31": "10956.87000", "2005-12-31": "9552.93800"}, "Cost Of Goods Sold": {"2019-12-31": "19723.90000", "2018-12-31": "19370.20000", "2017-12-31": "18164.40000", "2016-12-31": "17151.90000", "2015-12-31": "16417.40000", "2014-12-31": "14652.80000", "2013-12-31": "12281.50000", "2012-12-31": "10927.00000", "2011-12-31": "9287.30100", "2010-12-31": "8358.07900", "2009-12-31": "7505.08800", "2008-12-31": "9846.93300", "2007-12-31": "10885.19000", "2006-12-31": "9297.21900", "2005-12-31": "8099.95000"}, "Gross Profit": {"2019-12-31": "3455.50200", "2018-12-31": "3414.90000", "2017-12-31": "3222.50200", "2016-12-31": "2966.60000", "2015-12-31": "2867.50000", "2014-12-31": "2579.20000", "2013-12-31": "2201.00000", "2012-12-31": "1975.60100", "2011-12-31": "1752.10000", "2010-12-31": "1585.27100", "2009-12-31": "1507.12900", "2008-12-31": "1790.20300", "2007-12-31": "1896.52700", "2006-12-31": "1659.64900", "2005-12-31": "1452.98800"}, "Research And Development Expenses": {"2019-12-31": "", "2018-12-31": "", "2017-12-31": "", "2016-12-31": "", "2015-12-31": "", "2014-12-31": "", "2013-12-31": "", "2012-12-31": "", "2011-12-31": "", "2010-12-31": "", "2009-12-31": "", "2008-12-31": "", "2007-12-31": "", "2006-12-31": "", "2005-12-31": ""}, "SG&A Expenses": {"2019-12-31": "2693.20000", "2018-12-31": "2646.30000", "2017-12-31": "2516.00000", "2016-12-31": "2302.00000", "2015-12-31": "2223.00000", "2014-12-31": "2008.60000", "2013-12-31": "1711.60000", "2012-12-31": "1558.30000", "2011-12-31": "1410.50000", "2010-12-31": "1287.31500", "2009-12-31": "1254.50000", "2008-12-31": "1493.90300", "2007-12-31": "1507.72100", "2006-12-31": "1315.57400", "2005-12-31": "1135.81400"}, "Other Operating Income Or Expenses": {"2019-12-31": "", "2018-12-31": "", "2017-12-31": "", "2016-12-31": "", "2015-12-31": "", "2014-12-31": "", "2013-12-31": "", "2012-12-31": "", "2011-12-31": "", "2010-12-31": "", "2009-12-31": "", "2008-12-31": "-643.45900", "2007-12-31": "", "2006-12-31": "", "2005-12-31": ""}, "Operating Expenses": {"2019-12-31": "22526.70000", "2018-12-31": "22120.20000", "2017-12-31": "20775.50000", "2016-12-31": "19543.60000", "2015-12-31": "18718.40000", "2014-12-31": "16731.60000", "2013-12-31": "14052.70000", "2012-12-31": "12537.50000", "2011-12-31": "10744.20000", "2010-12-31": "9689.91800", "2009-12-31": "8810.98800", "2008-12-31": "12038.17000", "2007-12-31": "12442.92000", "2006-12-31": "10655.24000", "2005-12-31": "9273.12600"}, "Operating Income": {"2019-12-31": "652.70310", "2018-12-31": "664.90040", "2017-12-31": "611.40230", "2016-12-31": "574.90040", "2015-12-31": "566.50000", "2014-12-31": "500.40040", "2013-12-31": "429.80080", "2012-12-31": "365.10060", "2011-12-31": "295.19920", "2010-12-31": "253.43160", "2009-12-31": "201.22850", "2008-12-31": "-401.03610", "2007-12-31": "338.79980", "2006-12-31": "301.62990", "2005-12-31": "279.81250"}, "Total Non-Operating Income/Expense": {"2019-12-31": "-61.20000", "2018-12-31": "-60.80000", "2017-12-31": "-63.20000", "2016-12-31": "-66.80000", "2015-12-31": "-74.60000", "2014-12-31": "-42.50000", "2013-12-31": "-58.00000", "2012-12-31": "-74.30000", "2011-12-31": "-47.20000", "2010-12-31": "-67.79700", "2009-12-31": "-77.98800", "2008-12-31": "-116.16300", "2007-12-31": "-155.81600", "2006-12-31": "-99.16000", "2005-12-31": "-90.99900"}, "Pre-Tax Income": {"2019-12-31": "591.50000", "2018-12-31": "604.10000", "2017-12-31": "548.20000", "2016-12-31": "508.10000", "2015-12-31": "491.90000", "2014-12-31": "457.90000", "2013-12-31": "371.80000", "2012-12-31": "290.80000", "2011-12-31": "248.00000", "2010-12-31": "185.63600", "2009-12-31": "123.24000", "2008-12-31": "-517.19800", "2007-12-31": "182.98500", "2006-12-31": "202.47100", "2005-12-31": "188.81300"}, "Income Taxes": {"2019-12-31": "156.70000", "2018-12-31": "134.30000", "2017-12-31": "-64.80000", "2016-12-31": "160.70000", "2015-12-31": "158.00000", "2014-12-31": "153.10000", "2013-12-31": "123.30000", "2012-12-31": "94.60000", "2011-12-31": "71.80000", "2010-12-31": "63.44100", "2009-12-31": "43.05500", "2008-12-31": "-105.74100", "2007-12-31": "61.78300", "2006-12-31": "68.63800", "2005-12-31": "68.50400"}, "Income After Taxes": {"2019-12-31": "434.80000", "2018-12-31": "469.80000", "2017-12-31": "613.00000", "2016-12-31": "347.40000", "2015-12-31": "333.90000", "2014-12-31": "304.80000", "2013-12-31": "248.50000", "2012-12-31": "196.20000", "2011-12-31": "176.20000", "2010-12-31": "122.19500", "2009-12-31": "80.18500", "2008-12-31": "-411.45700", "2007-12-31": "121.20200", "2006-12-31": "133.83300", "2005-12-31": "120.30900"}, "Other Income": {"2019-12-31": "", "2018-12-31": "", "2017-12-31": "", "2016-12-31": "", "2015-12-31": "", "2014-12-31": "", "2013-12-31": "", "2012-12-31": "", "2011-12-31": "", "2010-12-31": "", "2009-12-31": "", "2008-12-31": "", "2007-12-31": "", "2006-12-31": "", "2005-12-31": ""}, "Income From Continuous Operations": {"2019-12-31": "434.80000", "2018-12-31": "469.80000", "2017-12-31": "613.00000", "2016-12-31": "347.40000", "2015-12-31": "333.90000", "2014-12-31": "304.80000", "2013-12-31": "248.50000", "2012-12-31": "196.20000", "2011-12-31": "176.20000", "2010-12-31": "122.19500", "2009-12-31": "80.18500", "2008-12-31": "-411.45700", "2007-12-31": "121.20200", "2006-12-31": "131.66100", "2005-12-31": "118.49500"}, "Income From Discontinued Operations": {"2019-12-31": "0.30000", "2018-12-31": "0.50000", "2017-12-31": "-0.20000", "2016-12-31": "-1.00000", "2015-12-31": "-3.50000", "2014-12-31": "-14.70000", "2013-12-31": "-2.80000", "2012-12-31": "-9.00000", "2011-12-31": "2.10000", "2010-12-31": "-12.84800", "2009-12-31": "-3.26500", "2008-12-31": "-7.44600", "2007-12-31": "1.03100", "2006-12-31": "-6.96000", "2005-12-31": "0.47800"}, "Net Income": {"2019-12-31": "435.80000", "2018-12-31": "471.00000", "2017-12-31": "613.30000", "2016-12-31": "342.90000", "2015-12-31": "326.10000", "2014-12-31": "286.70000", "2013-12-31": "244.20000", "2012-12-31": "185.50000", "2011-12-31": "176.90000", "2010-12-31": "108.28100", "2009-12-31": "76.46100", "2008-12-31": "-420.03600", "2007-12-31": "120.26100", "2006-12-31": "124.70100", "2005-12-31": "118.97300"}, "EBITDA": {"2019-12-31": "762.30310", "2018-12-31": "768.60040", "2017-12-31": "706.50230", "2016-12-31": "664.60040", "2015-12-31": "644.50000", "2014-12-31": "570.60040", "2013-12-31": "489.40080", "2012-12-31": "417.30060", "2011-12-31": "343.29920", "2010-12-31": "306.59160", "2009-12-31": "265.67250", "2008-12-31": "-333.17510", "2007-12-31": "401.70280", "2006-12-31": "344.07490", "2005-12-31": "317.17450"}, "EBIT": {"2019-12-31": "652.70310", "2018-12-31": "664.90040", "2017-12-31": "611.40230", "2016-12-31": "574.90040", "2015-12-31": "566.50000", "2014-12-31": "500.40040", "2013-12-31": "429.80080", "2012-12-31": "365.10060", "2011-12-31": "295.19920", "2010-12-31": "253.43160", "2009-12-31": "201.22850", "2008-12-31": "-401.03610", "2007-12-31": "338.79980", "2006-12-31": "301.62990", "2005-12-31": "279.81250"}, "Basic Shares Outstanding": {"2019-12-31": "82.49500", "2018-12-31": "85.16500", "2017-12-31": "85.87700", "2016-12-31": "86.00100", "2015-12-31": "89.76000", "2014-12-31": "90.31900", "2013-12-31": "90.27400", "2012-12-31": "90.31800", "2011-12-31": "91.15400", "2010-12-31": "92.01800", "2009-12-31": "91.55700", "2008-12-31": "93.95800", "2007-12-31": "94.85400", "2006-12-31": "93.39300", "2005-12-31": "92.83200"}, "Shares Outstanding": {"2019-12-31": "82.49500", "2018-12-31": "85.16500", "2017-12-31": "85.87700", "2016-12-31": "86.00100", "2015-12-31": "89.76000", "2014-12-31": "90.35500", "2013-12-31": "90.33100", "2012-12-31": "90.34200", "2011-12-31": "91.27400", "2010-12-31": "92.09100", "2009-12-31": "91.65300", "2008-12-31": "93.95800", "2007-12-31": "95.04600", "2006-12-31": "94.17800", "2005-12-31": "93.93200"}, "Basic EPS": {"2019-12-31": "5.28000", "2018-12-31": "5.53000", "2017-12-31": "7.14000", "2016-12-31": "3.99000", "2015-12-31": "3.63000", "2014-12-31": "3.17000", "2013-12-31": "2.71000", "2012-12-31": "2.05000", "2011-12-31": "1.94000", "2010-12-31": "1.18000", "2009-12-31": "0.84000", "2008-12-31": "-4.47000", "2007-12-31": "1.27000", "2006-12-31": "1.34000", "2005-12-31": "1.28000"}, "EPS - Earnings Per Share": {"2019-12-31": "5.28000", "2018-12-31": "5.53000", "2017-12-31": "7.14000", "2016-12-31": "3.99000", "2015-12-31": "3.63000", "2014-12-31": "3.17000", "2013-12-31": "2.70000", "2012-12-31": "2.05000", "2011-12-31": "1.94000", "2010-12-31": "1.18000", "2009-12-31": "0.83000", "2008-12-31": "-4.47000", "2007-12-31": "1.27000", "2006-12-31": "1.32000", "2005-12-31": "1.27000"}}, "income statement, quarterly": {"Revenue": {"2020-09-30": "5971.60000", "2020-06-30": "3651.10000", "2020-03-31": "5009.10000", "2019-12-31": "5891.60100", "2019-09-30": "5967.60000", "2019-06-30": "5755.80000", "2019-03-31": "5564.40000", "2018-12-31": "5439.30000", "2018-09-30": "5658.60000", "2018-06-30": "5940.30000", "2018-03-31": "5746.90000", "2017-12-31": "5398.00000", "2017-09-30": "5524.40000", "2017-06-30": "5383.40000", "2017-03-31": "5081.10000", "2016-12-31": "4887.80000", "2016-09-30": "5152.00000", "2016-06-30": "5254.10000", "2016-03-31": "4824.60000", "2015-12-31": "4921.30100", "2015-09-30": "4960.10000", "2015-06-30": "4920.60000", "2015-03-31": "4482.90000", "2014-12-31": "4449.60000", "2014-09-30": "4396.70000", "2014-06-30": "4370.50000", "2014-03-31": "4015.20000", "2013-12-31": "3743.50000", "2013-09-30": "3759.10000", "2013-06-30": "3630.60000", "2013-03-31": "3349.30000", "2012-12-31": "3095.13900", "2012-09-30": "3336.02000", "2012-06-30": "3315.05100", "2012-03-31": "3156.39000", "2011-12-31": "2959.11700", "2011-09-30": "2898.44100", "2011-06-30": "2829.98600", "2011-03-31": "2751.03600", "2010-12-31": "2670.30400", "2010-09-30": "2669.77300", "2010-06-30": "2614.60200", "2010-03-31": "2477.18300", "2009-12-31": "2439.11900", "2009-09-30": "2588.04200", "2009-06-30": "2318.69500", "2009-03-31": "2159.89900", "2008-12-31": "2160.33000", "2008-09-30": "2970.41500", "2008-06-30": "3331.05400", "2008-03-31": "3175.33700", "2007-12-31": "2950.66100", "2007-09-30": "3385.85500", "2007-06-30": "3365.18500", "2007-03-31": "3080.01500", "2006-12-31": "2594.22100", "2006-09-30": "2972.13400", "2006-06-30": "2837.72700", "2006-03-31": "2552.78600", "2005-12-31": "1860.28700", "2005-09-30": "2675.28900", "2005-06-30": "2621.62300", "2005-03-31": "2395.73900"}, "Cost Of Goods Sold": {"2020-09-30": "5015.10000", "2020-06-30": "3098.20000", "2020-03-31": "4232.40000", "2019-12-31": "5025.09800", "2019-09-30": "5097.90000", "2019-06-30": "4888.00000", "2019-03-31": "4712.90000", "2018-12-31": "4631.19900", "2018-09-30": "4806.00000", "2018-06-30": "5050.50000", "2018-03-31": "4882.50000", "2017-12-31": "4589.69800", "2017-09-30": "4701.80000", "2017-06-30": "4566.10000", "2017-03-31": "4306.80000", "2016-12-31": "4160.50100", "2016-09-30": "4407.80000", "2016-06-30": "4482.80000", "2016-03-31": "4100.80000", "2015-12-31": "4204.20000", "2015-09-30": "4230.90000", "2015-06-30": "4189.30000", "2015-03-31": "3793.00000", "2014-12-31": "3786.79900", "2014-09-30": "3749.10000", "2014-06-30": "3715.70000", "2014-03-31": "3401.20000", "2013-12-31": "3199.70000", "2013-09-30": "3188.00000", "2013-06-30": "3071.10000", "2013-03-31": "2822.70000", "2012-12-31": "2619.85300", "2012-09-30": "2834.53600", "2012-06-30": "2810.08000", "2012-03-31": "2662.53100", "2011-12-31": "2503.29700", "2011-09-30": "2437.67800", "2011-06-30": "2374.02600", "2011-03-31": "2311.79100", "2010-12-31": "2253.37600", "2010-09-30": "2251.60400", "2010-06-30": "2197.79600", "2010-03-31": "2067.64900", "2009-12-31": "2045.64400", "2009-09-30": "2165.33500", "2009-06-30": "1924.94000", "2009-03-31": "1791.29100", "2008-12-31": "1812.09400", "2008-09-30": "2513.09700", "2008-06-30": "2834.89200", "2008-03-31": "2686.85000", "2007-12-31": "2507.88400", "2007-09-30": "2886.36300", "2007-06-30": "2872.69500", "2007-03-31": "2618.24800", "2006-12-31": "2206.38200", "2006-09-30": "2528.57100", "2006-06-30": "2408.23600", "2006-03-31": "2154.02900", "2005-12-31": "1562.20400", "2005-09-30": "2278.39600", "2005-06-30": "2229.69700", "2005-03-31": "2029.65300"}, "Gross Profit": {"2020-09-30": "956.50050", "2020-06-30": "552.90010", "2020-03-31": "776.70020", "2019-12-31": "866.50290", "2019-09-30": "869.69970", "2019-06-30": "867.79980", "2019-03-31": "851.50000", "2018-12-31": "808.10110", "2018-09-30": "852.60010", "2018-06-30": "889.79980", "2018-03-31": "864.39990", "2017-12-31": "808.30130", "2017-09-30": "822.60010", "2017-06-30": "817.29980", "2017-03-31": "774.30030", "2016-12-31": "727.29930", "2016-09-30": "744.20020", "2016-06-30": "771.29980", "2016-03-31": "723.80030", "2015-12-31": "717.10110", "2015-09-30": "729.20020", "2015-06-30": "731.30030", "2015-03-31": "689.89990", "2014-12-31": "662.80050", "2014-09-30": "647.60010", "2014-06-30": "654.80000", "2014-03-31": "614.00000", "2013-12-31": "543.79980", "2013-09-30": "571.10010", "2013-06-30": "559.50020", "2013-03-31": "526.60010", "2012-12-31": "475.28660", "2012-09-30": "501.48440", "2012-06-30": "504.97120", "2012-03-31": "493.85890", "2011-12-31": "455.81980", "2011-09-30": "460.76290", "2011-06-30": "455.96000", "2011-03-31": "439.24490", "2010-12-31": "416.92800", "2010-09-30": "418.16890", "2010-06-30": "416.80620", "2010-03-31": "409.53390", "2009-12-31": "393.47490", "2009-09-30": "422.70700", "2009-06-30": "393.75500", "2009-03-31": "368.60800", "2008-12-31": "348.23630", "2008-09-30": "457.31810", "2008-06-30": "496.16190", "2008-03-31": "488.48680", "2007-12-31": "442.77780", "2007-09-30": "499.49220", "2007-06-30": "492.49020", "2007-03-31": "461.76660", "2006-12-31": "387.83940", "2006-09-30": "443.56300", "2006-06-30": "429.49100", "2006-03-31": "398.75680", "2005-12-31": "298.08300", "2005-09-30": "396.89310", "2005-06-30": "391.92630", "2005-03-31": "366.08590"}, "Research And Development Expenses": {"2020-09-30": "", "2020-06-30": "", "2020-03-31": "", "2019-12-31": "", "2019-09-30": "", "2019-06-30": "", "2019-03-31": "", "2018-12-31": "", "2018-09-30": "", "2018-06-30": "", "2018-03-31": "", "2017-12-31": "", "2017-09-30": "", "2017-06-30": "", "2017-03-31": "", "2016-12-31": "", "2016-09-30": "", "2016-06-30": "", "2016-03-31": "", "2015-12-31": "", "2015-09-30": "", "2015-06-30": "", "2015-03-31": "", "2014-12-31": "", "2014-09-30": "", "2014-06-30": "", "2014-03-31": "", "2013-12-31": "", "2013-09-30": "", "2013-06-30": "", "2013-03-31": "", "2012-12-31": "", "2012-09-30": "", "2012-06-30": "", "2012-03-31": "", "2011-12-31": "", "2011-09-30": "", "2011-06-30": "", "2011-03-31": "", "2010-12-31": "", "2010-09-30": "", "2010-06-30": "", "2010-03-31": "", "2009-12-31": "", "2009-09-30": "", "2009-06-30": "", "2009-03-31": "", "2008-12-31": "", "2008-09-30": "", "2008-06-30": "", "2008-03-31": "", "2007-12-31": "", "2007-09-30": "", "2007-06-30": "", "2007-03-31": "", "2006-12-31": "", "2006-09-30": "", "2006-06-30": "", "2006-03-31": "", "2005-12-31": "", "2005-09-30": "", "2005-06-30": "", "2005-03-31": ""}, "SG&A Expenses": {"2020-09-30": "643.30000", "2020-06-30": "453.60000", "2020-03-31": "641.80000", "2019-12-31": "685.09990", "2019-09-30": "672.80000", "2019-06-30": "668.90000", "2019-03-31": "666.40000", "2018-12-31": "645.00000", "2018-09-30": "662.80000", "2018-06-30": "675.40000", "2018-03-31": "663.10000", "2017-12-31": "646.20000", "2017-09-30": "646.10000", "2017-06-30": "622.00000", "2017-03-31": "601.70000", "2016-12-31": "579.20010", "2016-09-30": "581.20000", "2016-06-30": "582.70000", "2016-03-31": "558.90000", "2015-12-31": "570.70000", "2015-09-30": "563.40000", "2015-06-30": "553.10000", "2015-03-31": "535.80000", "2014-12-31": "527.10000", "2014-09-30": "502.30000", "2014-06-30": "502.00000", "2014-03-31": "477.20000", "2013-12-31": "425.39990", "2013-09-30": "446.40000", "2013-06-30": "432.70000", "2013-03-31": "407.10000", "2012-12-31": "370.91900", "2012-09-30": "400.03900", "2012-06-30": "400.63700", "2012-03-31": "386.70500", "2011-12-31": "366.67600", "2011-09-30": "369.78300", "2011-06-30": "374.32500", "2011-03-31": "355.39100", "2010-12-31": "339.58700", "2010-09-30": "339.12000", "2010-06-30": "339.67600", "2010-03-31": "335.32800", "2009-12-31": "327.62000", "2009-09-30": "347.55000", "2009-06-30": "327.38900", "2009-03-31": "312.94100", "2008-12-31": "326.61290", "2008-09-30": "380.17600", "2008-06-30": "393.04200", "2008-03-31": "394.07200", "2007-12-31": "362.28700", "2007-09-30": "390.52300", "2007-06-30": "385.20000", "2007-03-31": "369.71100", "2006-12-31": "308.00490", "2006-09-30": "350.64800", "2006-06-30": "334.60000", "2006-03-31": "322.32100", "2005-12-31": "226.19190", "2005-09-30": "309.26500", "2005-06-30": "305.54600", "2005-03-31": "294.81100"}, "Other Operating Income Or Expenses": {"2020-09-30": "", "2020-06-30": "", "2020-03-31": "", "2019-12-31": "", "2019-09-30": "", "2019-06-30": "", "2019-03-31": "", "2018-12-31": "", "2018-09-30": "", "2018-06-30": "", "2018-03-31": "", "2017-12-31": "", "2017-09-30": "", "2017-06-30": "", "2017-03-31": "", "2016-12-31": "", "2016-09-30": "", "2016-06-30": "", "2016-03-31": "", "2015-12-31": "", "2015-09-30": "", "2015-06-30": "", "2015-03-31": "", "2014-12-31": "", "2014-09-30": "", "2014-06-30": "", "2014-03-31": "", "2013-12-31": "", "2013-09-30": "", "2013-06-30": "", "2013-03-31": "", "2012-12-31": "", "2012-09-30": "", "2012-06-30": "", "2012-03-31": "", "2011-12-31": "", "2011-09-30": "", "2011-06-30": "", "2011-03-31": "", "2010-12-31": "", "2010-09-30": "", "2010-06-30": "", "2010-03-31": "", "2009-12-31": "", "2009-09-30": "", "2009-06-30": "", "2009-03-31": "", "2008-12-31": "", "2008-09-30": "", "2008-06-30": "", "2008-03-31": "", "2007-12-31": "", "2007-09-30": "", "2007-06-30": "", "2007-03-31": "", "2006-12-31": "", "2006-09-30": "", "2006-06-30": "", "2006-03-31": "", "2005-12-31": "", "2005-09-30": "", "2005-06-30": "", "2005-03-31": ""}, "Operating Expenses": {"2020-09-30": "5687.39900", "2020-06-30": "3579.70000", "2020-03-31": "4902.70000", "2019-12-31": "5738.79600", "2019-09-30": "5798.20000", "2019-06-30": "5584.00000", "2019-03-31": "5405.70000", "2018-12-31": "5302.70000", "2018-09-30": "5494.70000", "2018-06-30": "5751.60000", "2018-03-31": "5571.20000", "2017-12-31": "5260.99900", "2017-09-30": "5372.20000", "2017-06-30": "5211.40000", "2017-03-31": "4930.90000", "2016-12-31": "4762.60000", "2016-09-30": "5010.50000", "2016-06-30": "5090.00000", "2016-03-31": "4680.50000", "2015-12-31": "4795.20200", "2015-09-30": "4814.10000", "2015-06-30": "4761.70000", "2015-03-31": "4347.40000", "2014-12-31": "4333.69900", "2014-09-30": "4268.70000", "2014-06-30": "4234.70000", "2014-03-31": "3894.50000", "2013-12-31": "3640.29900", "2013-09-30": "3649.80000", "2013-06-30": "3518.50000", "2013-03-31": "3244.10000", "2012-12-31": "3002.99900", "2012-09-30": "3248.27900", "2012-06-30": "3224.03600", "2012-03-31": "3062.18600", "2011-12-31": "2882.56100", "2011-09-30": "2819.88800", "2011-06-30": "2760.27700", "2011-03-31": "2678.98000", "2010-12-31": "2604.34200", "2010-09-30": "2602.54400", "2010-06-30": "2548.98800", "2010-03-31": "2415.16700", "2009-12-31": "2386.78700", "2009-09-30": "2526.90400", "2009-06-30": "2266.14000", "2009-03-31": "2117.11300", "2008-12-31": "2795.38900", "2008-09-30": "2907.23900", "2008-06-30": "3241.33000", "2008-03-31": "3094.21300", "2007-12-31": "2882.41700", "2007-09-30": "3289.44200", "2007-06-30": "3270.75900", "2007-03-31": "3000.29900", "2006-12-31": "2524.46500", "2006-09-30": "2890.60700", "2006-06-30": "2753.64100", "2006-03-31": "2486.52500", "2005-12-31": "1796.72200", "2005-09-30": "2597.43300", "2005-06-30": "2544.92800", "2005-03-31": "2334.04300"}, "Operating Income": {"2020-09-30": "284.20070", "2020-06-30": "71.40020", "2020-03-31": "106.40040", "2019-12-31": "152.80470", "2019-09-30": "169.39990", "2019-06-30": "171.79980", "2019-03-31": "158.70020", "2018-12-31": "136.60010", "2018-09-30": "163.90040", "2018-06-30": "188.69970", "2018-03-31": "175.69970", "2017-12-31": "137.00100", "2017-09-30": "152.20020", "2017-06-30": "172.00000", "2017-03-31": "150.20020", "2016-12-31": "125.20020", "2016-09-30": "141.50000", "2016-06-30": "164.09960", "2016-03-31": "144.10060", "2015-12-31": "126.09960", "2015-09-30": "146.00050", "2015-06-30": "158.90040", "2015-03-31": "135.50000", "2014-12-31": "115.90040", "2014-09-30": "128.00000", "2014-06-30": "135.79980", "2014-03-31": "120.70000", "2013-12-31": "103.20090", "2013-09-30": "109.30030", "2013-06-30": "112.10030", "2013-03-31": "105.20000", "2012-12-31": "92.14090", "2012-09-30": "87.74120", "2012-06-30": "91.01510", "2012-03-31": "94.20390", "2011-12-31": "76.55590", "2011-09-30": "78.55300", "2011-06-30": "69.70900", "2011-03-31": "72.05590", "2010-12-31": "65.96220", "2010-09-30": "67.22900", "2010-06-30": "65.61400", "2010-03-31": "62.01610", "2009-12-31": "52.33180", "2009-09-30": "61.13790", "2009-06-30": "52.55490", "2009-03-31": "42.78610", "2008-12-31": "-635.05930", "2008-09-30": "63.17600", "2008-06-30": "89.72390", "2008-03-31": "81.12380", "2007-12-31": "68.24390", "2007-09-30": "96.41330", "2007-06-30": "94.42630", "2007-03-31": "79.71560", "2006-12-31": "69.75640", "2006-09-30": "81.52710", "2006-06-30": "84.08590", "2006-03-31": "66.26070", "2005-12-31": "63.56520", "2005-09-30": "77.85600", "2005-06-30": "76.69530", "2005-03-31": "61.69600"}, "Total Non-Operating Income/Expense": {"2020-09-30": "27.40000", "2020-06-30": "-10.20000", "2020-03-31": "-34.90000", "2019-12-31": "-13.40000", "2019-09-30": "-11.00000", "2019-06-30": "-11.90000", "2019-03-31": "-24.90000", "2018-12-31": "-10.10000", "2018-09-30": "-6.80000", "2018-06-30": "-12.50000", "2018-03-31": "-31.40000", "2017-12-31": "-9.30000", "2017-09-30": "-13.30000", "2017-06-30": "-15.10000", "2017-03-31": "-25.50000", "2016-12-31": "-10.30000", "2016-09-30": "-11.40000", "2016-06-30": "-20.60000", "2016-03-31": "-24.50000", "2015-12-31": "-22.60000", "2015-09-30": "-16.70000", "2015-06-30": "-15.40000", "2015-03-31": "-19.90000", "2014-12-31": "0.00000", "2014-09-30": "-11.00000", "2014-06-30": "-13.10000", "2014-03-31": "-18.40000", "2013-12-31": "-13.30000", "2013-09-30": "-11.70000", "2013-06-30": "-13.70000", "2013-03-31": "-19.30000", "2012-12-31": "-13.45800", "2012-09-30": "-30.47300", "2012-06-30": "-13.15500", "2012-03-31": "-17.21400", "2011-12-31": "-11.30700", "2011-09-30": "-8.36700", "2011-06-30": "-9.49000", "2011-03-31": "-19.90600", "2010-12-31": "-13.38600", "2010-09-30": "-14.70400", "2010-06-30": "-17.74700", "2010-03-31": "-23.74700", "2009-12-31": "-22.62700", "2009-09-30": "-18.15000", "2009-06-30": "-22.32500", "2009-03-31": "-16.46900", "2008-12-31": "-29.99500", "2008-09-30": "-25.97200", "2008-06-30": "-29.15500", "2008-03-31": "-31.04100", "2007-12-31": "-41.94500", "2007-09-30": "-30.16900", "2007-06-30": "-29.60800", "2007-03-31": "-54.09400", "2006-12-31": "-24.38100", "2006-09-30": "-24.34600", "2006-06-30": "-25.68600", "2006-03-31": "-24.74700", "2005-12-31": "-17.68600", "2005-09-30": "-24.08700", "2005-06-30": "-25.39300", "2005-03-31": "-23.83300"}, "Pre-Tax Income": {"2020-09-30": "311.60000", "2020-06-30": "61.20000", "2020-03-31": "71.50000", "2019-12-31": "139.40000", "2019-09-30": "158.40000", "2019-06-30": "159.90000", "2019-03-31": "133.80000", "2018-12-31": "126.50000", "2018-09-30": "157.10000", "2018-06-30": "176.20000", "2018-03-31": "144.30000", "2017-12-31": "127.70000", "2017-09-30": "138.90000", "2017-06-30": "156.90000", "2017-03-31": "124.70000", "2016-12-31": "114.90000", "2016-09-30": "130.10000", "2016-06-30": "143.50000", "2016-03-31": "119.60000", "2015-12-31": "103.50000", "2015-09-30": "129.30000", "2015-06-30": "143.50000", "2015-03-31": "115.60000", "2014-12-31": "115.90000", "2014-09-30": "117.00000", "2014-06-30": "122.70000", "2014-03-31": "102.30000", "2013-12-31": "89.90000", "2013-09-30": "97.60000", "2013-06-30": "98.40000", "2013-03-31": "85.90000", "2012-12-31": "78.68200", "2012-09-30": "57.26800", "2012-06-30": "77.86000", "2012-03-31": "76.99000", "2011-12-31": "65.24900", "2011-09-30": "70.18600", "2011-06-30": "60.21900", "2011-03-31": "52.15000", "2010-12-31": "52.57600", "2010-09-30": "52.52500", "2010-06-30": "47.86700", "2010-03-31": "38.26900", "2009-12-31": "29.70500", "2009-09-30": "42.98800", "2009-06-30": "30.23000", "2009-03-31": "26.31700", "2008-12-31": "-665.05400", "2008-09-30": "37.20400", "2008-06-30": "60.56900", "2008-03-31": "50.08300", "2007-12-31": "26.30100", "2007-09-30": "66.24400", "2007-06-30": "64.81800", "2007-03-31": "25.62200", "2006-12-31": "45.37600", "2006-09-30": "57.18100", "2006-06-30": "58.40000", "2006-03-31": "41.51400", "2005-12-31": "45.87900", "2005-09-30": "53.76900", "2005-06-30": "51.30200", "2005-03-31": "37.86300"}, "Income Taxes": {"2020-09-30": "64.10000", "2020-06-30": "16.50000", "2020-03-31": "20.10000", "2019-12-31": "38.10000", "2019-09-30": "42.40000", "2019-06-30": "41.50000", "2019-03-31": "34.70000", "2018-12-31": "29.60000", "2018-09-30": "27.10000", "2018-06-30": "41.00000", "2018-03-31": "36.60000", "2017-12-31": "-200.80000", "2017-09-30": "44.70000", "2017-06-30": "50.20000", "2017-03-31": "41.10000", "2016-12-31": "32.30000", "2016-09-30": "41.70000", "2016-06-30": "47.30000", "2016-03-31": "39.40000", "2015-12-31": "29.80000", "2015-09-30": "41.70000", "2015-06-30": "47.70000", "2015-03-31": "38.80000", "2014-12-31": "37.50000", "2014-09-30": "39.70000", "2014-06-30": "41.20000", "2014-03-31": "34.70000", "2013-12-31": "28.80000", "2013-09-30": "31.30000", "2013-06-30": "34.90000", "2013-03-31": "28.30000", "2012-12-31": "25.17800", "2012-09-30": "15.42100", "2012-06-30": "27.09300", "2012-03-31": "26.90800", "2011-12-31": "22.28700", "2011-09-30": "13.24600", "2011-06-30": "20.50500", "2011-03-31": "15.67000", "2010-12-31": "17.13100", "2010-09-30": "17.42800", "2010-06-30": "16.62800", "2010-03-31": "14.26500", "2009-12-31": "10.05700", "2009-09-30": "15.06900", "2009-06-30": "10.32900", "2009-03-31": "9.85700", "2008-12-31": "-157.82200", "2008-09-30": "13.15000", "2008-06-30": "21.12200", "2008-03-31": "17.80900", "2007-12-31": "6.11400", "2007-09-30": "22.81400", "2007-06-30": "24.05900", "2007-03-31": "8.79600", "2006-12-31": "11.46900", "2006-09-30": "20.59000", "2006-06-30": "21.45700", "2006-03-31": "15.12200", "2005-12-31": "16.05500", "2005-09-30": "19.55200", "2005-06-30": "18.92500", "2005-03-31": "13.97200"}, "Income After Taxes": {"2020-09-30": "247.50000", "2020-06-30": "44.70000", "2020-03-31": "51.40000", "2019-12-31": "101.30000", "2019-09-30": "116.00000", "2019-06-30": "118.40000", "2019-03-31": "99.10000", "2018-12-31": "96.90000", "2018-09-30": "130.00000", "2018-06-30": "135.20000", "2018-03-31": "107.70000", "2017-12-31": "328.50000", "2017-09-30": "94.20000", "2017-06-30": "106.70000", "2017-03-31": "83.60000", "2016-12-31": "82.60000", "2016-09-30": "88.40000", "2016-06-30": "96.20000", "2016-03-31": "80.20000", "2015-12-31": "73.70000", "2015-09-30": "87.60000", "2015-06-30": "95.80000", "2015-03-31": "76.80000", "2014-12-31": "78.40000", "2014-09-30": "77.30000", "2014-06-30": "81.50000", "2014-03-31": "67.60000", "2013-12-31": "61.10000", "2013-09-30": "66.30000", "2013-06-30": "63.50000", "2013-03-31": "57.60000", "2012-12-31": "53.50400", "2012-09-30": "41.84700", "2012-06-30": "50.76700", "2012-03-31": "50.08200", "2011-12-31": "42.96200", "2011-09-30": "56.94000", "2011-06-30": "39.71400", "2011-03-31": "36.48000", "2010-12-31": "35.44500", "2010-09-30": "35.09700", "2010-06-30": "31.23900", "2010-03-31": "24.00400", "2009-12-31": "19.64800", "2009-09-30": "27.91900", "2009-06-30": "19.90100", "2009-03-31": "16.46000", "2008-12-31": "-507.23200", "2008-09-30": "24.05400", "2008-06-30": "39.44700", "2008-03-31": "32.27400", "2007-12-31": "20.18700", "2007-09-30": "43.43000", "2007-06-30": "40.75900", "2007-03-31": "16.82600", "2006-12-31": "33.90700", "2006-09-30": "36.59100", "2006-06-30": "36.94300", "2006-03-31": "26.39200", "2005-12-31": "29.82400", "2005-09-30": "34.21700", "2005-06-30": "32.37700", "2005-03-31": "23.89100"}, "Other Income": {"2020-09-30": "", "2020-06-30": "", "2020-03-31": "", "2019-12-31": "", "2019-09-30": "", "2019-06-30": "", "2019-03-31": "", "2018-12-31": "", "2018-09-30": "", "2018-06-30": "", "2018-03-31": "", "2017-12-31": "", "2017-09-30": "", "2017-06-30": "", "2017-03-31": "", "2016-12-31": "", "2016-09-30": "", "2016-06-30": "", "2016-03-31": "", "2015-12-31": "", "2015-09-30": "", "2015-06-30": "", "2015-03-31": "", "2014-12-31": "", "2014-09-30": "", "2014-06-30": "", "2014-03-31": "", "2013-12-31": "", "2013-09-30": "", "2013-06-30": "", "2013-03-31": "", "2012-12-31": "", "2012-09-30": "", "2012-06-30": "", "2012-03-31": "", "2011-12-31": "", "2011-09-30": "", "2011-06-30": "", "2011-03-31": "", "2010-12-31": "", "2010-09-30": "", "2010-06-30": "", "2010-03-31": "", "2009-12-31": "", "2009-09-30": "", "2009-06-30": "", "2009-03-31": "", "2008-12-31": "", "2008-09-30": "", "2008-06-30": "", "2008-03-31": "", "2007-12-31": "", "2007-09-30": "", "2007-06-30": "", "2007-03-31": "", "2006-12-31": "", "2006-09-30": "", "2006-06-30": "", "2006-03-31": "", "2005-12-31": "", "2005-09-30": "", "2005-06-30": "", "2005-03-31": ""}, "Income From Continuous Operations": {"2020-09-30": "247.50000", "2020-06-30": "44.70000", "2020-03-31": "51.40000", "2019-12-31": "101.30000", "2019-09-30": "116.00000", "2019-06-30": "118.40000", "2019-03-31": "99.10000", "2018-12-31": "96.90000", "2018-09-30": "130.00000", "2018-06-30": "135.20000", "2018-03-31": "107.70000", "2017-12-31": "328.50000", "2017-09-30": "94.20000", "2017-06-30": "106.70000", "2017-03-31": "83.60000", "2016-12-31": "82.60000", "2016-09-30": "88.40000", "2016-06-30": "96.20000", "2016-03-31": "80.20000", "2015-12-31": "73.70000", "2015-09-30": "87.60000", "2015-06-30": "95.80000", "2015-03-31": "76.80000", "2014-12-31": "78.40000", "2014-09-30": "77.30000", "2014-06-30": "81.50000", "2014-03-31": "67.60000", "2013-12-31": "61.10000", "2013-09-30": "66.30000", "2013-06-30": "63.50000", "2013-03-31": "57.60000", "2012-12-31": "53.50400", "2012-09-30": "41.84700", "2012-06-30": "50.76700", "2012-03-31": "50.08200", "2011-12-31": "42.96200", "2011-09-30": "56.94000", "2011-06-30": "39.71400", "2011-03-31": "36.48000", "2010-12-31": "35.44500", "2010-09-30": "35.09700", "2010-06-30": "31.23900", "2010-03-31": "24.00400", "2009-12-31": "19.64800", "2009-09-30": "27.91900", "2009-06-30": "19.90100", "2009-03-31": "16.46000", "2008-12-31": "-507.23200", "2008-09-30": "24.05400", "2008-06-30": "39.44700", "2008-03-31": "32.27400", "2007-12-31": "21.71400", "2007-09-30": "42.89900", "2007-06-30": "40.05700", "2007-03-31": "16.53200", "2006-12-31": "33.27100", "2006-09-30": "36.11300", "2006-06-30": "36.30700", "2006-03-31": "25.97000", "2005-12-31": "29.26000", "2005-09-30": "33.73100", "2005-06-30": "31.75600", "2005-03-31": "23.74800"}, "Income From Discontinued Operations": {"2020-09-30": "0.10000", "2020-06-30": "0.10000", "2020-03-31": "0.10000", "2019-12-31": "0.00000", "2019-09-30": "0.10000", "2019-06-30": "0.10000", "2019-03-31": "0.10000", "2018-12-31": "0.30000", "2018-09-30": "0.10000", "2018-06-30": "", "2018-03-31": "0.10000", "2017-12-31": "0.10000", "2017-09-30": "0.10000", "2017-06-30": "0.20000", "2017-03-31": "-0.60000", "2016-12-31": "0.10000", "2016-09-30": "0.10000", "2016-06-30": "-1.20000", "2016-03-31": "", "2015-12-31": "-2.40000", "2015-09-30": "-0.10000", "2015-06-30": "-0.10000", "2015-03-31": "-0.90000", "2014-12-31": "-5.20000", "2014-09-30": "-2.20000", "2014-06-30": "-7.60000", "2014-03-31": "0.30000", "2013-12-31": "-1.40000", "2013-09-30": "-0.80000", "2013-06-30": "-1.00000", "2013-03-31": "0.40000", "2012-12-31": "-4.23500", "2012-09-30": "-0.53400", "2012-06-30": "-1.15500", "2012-03-31": "-3.07600", "2011-12-31": "5.19500", "2011-09-30": "-0.89500", "2011-06-30": "0.34500", "2011-03-31": "-2.48300", "2010-12-31": "-6.37400", "2010-09-30": "-4.83700", "2010-06-30": "-1.55500", "2010-03-31": "-3.67200", "2009-12-31": "-0.75900", "2009-09-30": "-0.25700", "2009-06-30": "-5.73400", "2009-03-31": "-0.25800", "2008-12-31": "-4.63200", "2008-09-30": "-1.68200", "2008-06-30": "-1.18900", "2008-03-31": "0.05700", "2007-12-31": "2.18200", "2007-09-30": "0.50100", "2007-06-30": "0.29800", "2007-03-31": "-1.95000", "2006-12-31": "-2.94800", "2006-09-30": "-2.38300", "2006-06-30": "0.38600", "2006-03-31": "-2.01500", "2005-12-31": "0.86100", "2005-09-30": "-0.96700", "2005-06-30": "1.44000", "2005-03-31": "-0.85600"}, "Net Income": {"2020-09-30": "246.60000", "2020-06-30": "45.10000", "2020-03-31": "51.70000", "2019-12-31": "101.60000", "2019-09-30": "116.20000", "2019-06-30": "117.80000", "2019-03-31": "100.20000", "2018-12-31": "98.10000", "2018-09-30": "130.20000", "2018-06-30": "134.60000", "2018-03-31": "108.10000", "2017-12-31": "330.09990", "2017-09-30": "94.40000", "2017-06-30": "106.20000", "2017-03-31": "82.60000", "2016-12-31": "82.60000", "2016-09-30": "87.50000", "2016-06-30": "93.50000", "2016-03-31": "79.30000", "2015-12-31": "70.30000", "2015-09-30": "86.60000", "2015-06-30": "94.00000", "2015-03-31": "75.20000", "2014-12-31": "71.80000", "2014-09-30": "74.50000", "2014-06-30": "72.90000", "2014-03-31": "67.50000", "2013-12-31": "59.20000", "2013-09-30": "65.30000", "2013-06-30": "62.00000", "2013-03-31": "57.70000", "2012-12-31": "48.55900", "2012-09-30": "41.03100", "2012-06-30": "49.09200", "2012-03-31": "46.81800", "2011-12-31": "47.68700", "2011-09-30": "55.70700", "2011-06-30": "39.56000", "2011-03-31": "33.92700", "2010-12-31": "28.50900", "2010-09-30": "29.97700", "2010-06-30": "29.44100", "2010-03-31": "20.35400", "2009-12-31": "18.67700", "2009-09-30": "27.42300", "2009-06-30": "14.07900", "2009-03-31": "16.28200", "2008-12-31": "-511.94500", "2008-09-30": "22.18300", "2008-06-30": "37.83000", "2008-03-31": "31.89600", "2007-12-31": "21.92400", "2007-09-30": "43.40000", "2007-06-30": "40.35500", "2007-03-31": "14.58200", "2006-12-31": "30.32300", "2006-09-30": "33.73000", "2006-06-30": "36.69300", "2006-03-31": "23.95500", "2005-12-31": "30.12100", "2005-09-30": "32.76400", "2005-06-30": "33.19600", "2005-03-31": "22.89200"}, "EBITDA": {"2020-09-30": "313.20070", "2020-06-30": "99.30020", "2020-03-31": "134.90040", "2019-12-31": "181.40470", "2019-09-30": "196.89990", "2019-06-30": "198.89980", "2019-03-31": "185.10020", "2018-12-31": "163.10010", "2018-09-30": "189.80040", "2018-06-30": "214.39970", "2018-03-31": "201.29970", "2017-12-31": "162.10100", "2017-09-30": "176.50020", "2017-06-30": "195.30000", "2017-03-31": "172.60020", "2016-12-31": "148.10020", "2016-09-30": "163.00000", "2016-06-30": "188.59960", "2016-03-31": "164.90060", "2015-12-31": "146.39960", "2015-09-30": "165.80050", "2015-06-30": "178.20040", "2015-03-31": "154.10000", "2014-12-31": "135.50040", "2014-09-30": "145.50000", "2014-06-30": "152.79980", "2014-03-31": "136.80000", "2013-12-31": "118.40090", "2013-09-30": "124.70030", "2013-06-30": "126.80030", "2013-03-31": "119.50000", "2012-12-31": "104.32690", "2012-09-30": "101.44520", "2012-06-30": "104.37510", "2012-03-31": "107.15390", "2011-12-31": "86.80590", "2011-09-30": "90.98000", "2011-06-30": "81.61600", "2011-03-31": "85.57190", "2010-12-31": "77.00920", "2010-09-30": "80.62500", "2010-06-30": "79.22600", "2010-03-31": "77.12110", "2009-12-31": "66.15680", "2009-09-30": "78.29190", "2009-06-30": "69.50090", "2009-03-31": "59.30510", "2008-12-31": "-618.30930", "2008-09-30": "80.63800", "2008-06-30": "106.58590", "2008-03-31": "97.91080", "2007-12-31": "93.48990", "2007-09-30": "108.86630", "2007-06-30": "107.29030", "2007-03-31": "92.05560", "2006-12-31": "", "2006-09-30": "92.86010", "2006-06-30": "94.89290", "2006-03-31": "76.43580", "2005-12-31": "72.13620", "2005-09-30": "87.44100", "2005-06-30": "85.72230", "2005-03-31": "71.87510"}, "EBIT": {"2020-09-30": "284.20070", "2020-06-30": "71.40020", "2020-03-31": "106.40040", "2019-12-31": "152.80320", "2019-09-30": "169.39990", "2019-06-30": "171.79980", "2019-03-31": "158.70020", "2018-12-31": "136.60060", "2018-09-30": "163.90040", "2018-06-30": "188.69970", "2018-03-31": "175.69970", "2017-12-31": "137.00200", "2017-09-30": "152.20020", "2017-06-30": "172.00000", "2017-03-31": "150.20020", "2016-12-31": "125.20020", "2016-09-30": "141.50000", "2016-06-30": "164.09960", "2016-03-31": "144.10060", "2015-12-31": "126.09910", "2015-09-30": "146.00050", "2015-06-30": "158.90040", "2015-03-31": "135.50000", "2014-12-31": "115.90060", "2014-09-30": "128.00000", "2014-06-30": "135.79980", "2014-03-31": "120.70000", "2013-12-31": "103.20020", "2013-09-30": "109.30030", "2013-06-30": "112.10030", "2013-03-31": "105.20000", "2012-12-31": "92.14040", "2012-09-30": "87.74120", "2012-06-30": "91.01510", "2012-03-31": "94.20390", "2011-12-31": "76.55590", "2011-09-30": "78.55300", "2011-06-30": "69.70900", "2011-03-31": "72.05590", "2010-12-31": "65.96220", "2010-09-30": "67.22900", "2010-06-30": "65.61400", "2010-03-31": "62.01610", "2009-12-31": "52.33180", "2009-09-30": "61.13790", "2009-06-30": "52.55490", "2009-03-31": "42.78610", "2008-12-31": "-635.05980", "2008-09-30": "63.17600", "2008-06-30": "89.72390", "2008-03-31": "81.12380", "2007-12-31": "68.24460", "2007-09-30": "96.41330", "2007-06-30": "94.42630", "2007-03-31": "79.71560", "2006-12-31": "69.75610", "2006-09-30": "81.52710", "2006-06-30": "84.08590", "2006-03-31": "66.26070", "2005-12-31": "63.56520", "2005-09-30": "77.85600", "2005-06-30": "76.69530", "2005-03-31": "61.69600"}, "Basic Shares Outstanding": {"2020-09-30": "80.30000", "2020-06-30": "80.40000", "2020-03-31": "81.10000", "2019-12-31": "82.49500", "2019-09-30": "81.60000", "2019-06-30": "82.90000", "2019-03-31": "84.40000", "2018-12-31": "85.16500", "2018-09-30": "84.90000", "2018-06-30": "84.90000", "2018-03-31": "86.00000", "2017-12-31": "85.87700", "2017-09-30": "85.90000", "2017-06-30": "86.10000", "2017-03-31": "85.60000", "2016-12-31": "86.00100", "2016-09-30": "85.20000", "2016-06-30": "85.30000", "2016-03-31": "88.30000", "2015-12-31": "89.76000", "2015-09-30": "90.10000", "2015-06-30": "90.20000", "2015-03-31": "90.30000", "2014-12-31": "90.31900", "2014-09-30": "90.30000", "2014-06-30": "90.40000", "2014-03-31": "90.40000", "2013-12-31": "90.27400", "2013-09-30": "90.20000", "2013-06-30": "90.30000", "2013-03-31": "90.42100", "2012-12-31": "90.31800", "2012-09-30": "90.26400", "2012-06-30": "90.30500", "2012-03-31": "90.30600", "2011-12-31": "90.55300", "2011-09-30": "91.39000", "2011-06-30": "92.51400", "2011-03-31": "92.47200", "2010-12-31": "92.21400", "2010-09-30": "92.01800", "2010-06-30": "92.14200", "2010-03-31": "91.89000", "2009-12-31": "91.78000", "2009-09-30": "91.52800", "2009-06-30": "91.53100", "2009-03-31": "91.48100", "2008-12-31": "93.95800", "2008-09-30": "93.73700", "2008-06-30": "95.38500", "2008-03-31": "95.13700", "2007-12-31": "94.85400", "2007-09-30": "94.24400", "2007-06-30": "94.03300", "2007-03-31": "93.80800", "2006-12-31": "93.39300", "2006-09-30": "93.75400", "2006-06-30": "93.90000", "2006-03-31": "93.02400", "2005-12-31": "92.83200", "2005-09-30": "93.08000", "2005-06-30": "92.82400", "2005-03-31": "92.46000"}, "Shares Outstanding": {"2020-09-30": "80.40000", "2020-06-30": "80.50000", "2020-03-31": "81.10000", "2019-12-31": "82.49500", "2019-09-30": "81.70000", "2019-06-30": "82.90000", "2019-03-31": "84.40000", "2018-12-31": "85.16500", "2018-09-30": "84.90000", "2018-06-30": "85.00000", "2018-03-31": "86.00000", "2017-12-31": "85.87700", "2017-09-30": "86.00000", "2017-06-30": "86.10000", "2017-03-31": "85.60000", "2016-12-31": "86.00100", "2016-09-30": "85.20000", "2016-06-30": "85.30000", "2016-03-31": "88.30000", "2015-12-31": "89.76000", "2015-09-30": "90.10000", "2015-06-30": "90.20000", "2015-03-31": "90.30000", "2014-12-31": "90.35500", "2014-09-30": "90.30000", "2014-06-30": "90.40000", "2014-03-31": "90.50000", "2013-12-31": "90.33100", "2013-09-30": "90.20000", "2013-06-30": "90.30000", "2013-03-31": "90.45700", "2012-12-31": "90.34200", "2012-09-30": "90.29600", "2012-06-30": "90.33700", "2012-03-31": "90.33800", "2011-12-31": "90.55300", "2011-09-30": "91.43100", "2011-06-30": "92.57000", "2011-03-31": "92.55400", "2010-12-31": "92.21400", "2010-09-30": "92.14100", "2010-06-30": "92.20600", "2010-03-31": "91.96100", "2009-12-31": "91.78000", "2009-09-30": "91.62500", "2009-06-30": "91.59200", "2009-03-31": "91.50100", "2008-12-31": "91.63300", "2008-09-30": "93.80100", "2008-06-30": "95.49900", "2008-03-31": "95.25200", "2007-12-31": "94.67700", "2007-09-30": "94.61400", "2007-06-30": "94.53200", "2007-03-31": "94.41200", "2006-12-31": "94.38900", "2006-09-30": "94.28800", "2006-06-30": "94.63600", "2006-03-31": "94.27200", "2005-12-31": "94.37400", "2005-09-30": "94.24800", "2005-06-30": "94.08200", "2005-03-31": "93.75000"}, "Basic EPS": {"2020-09-30": "3.07000", "2020-06-30": "0.56000", "2020-03-31": "0.64000", "2019-12-31": "1.25000", "2019-09-30": "1.42000", "2019-06-30": "1.42000", "2019-03-31": "1.19000", "2018-12-31": "1.15000", "2018-09-30": "1.53000", "2018-06-30": "1.59000", "2018-03-31": "1.26000", "2017-12-31": "3.85000", "2017-09-30": "1.10000", "2017-06-30": "1.23000", "2017-03-31": "0.96000", "2016-12-31": "0.96000", "2016-09-30": "1.03000", "2016-06-30": "1.10000", "2016-03-31": "0.90000", "2015-12-31": "0.80000", "2015-09-30": "0.96000", "2015-06-30": "1.04000", "2015-03-31": "0.83000", "2014-12-31": "0.78000", "2014-09-30": "0.83000", "2014-06-30": "0.81000", "2014-03-31": "0.75000", "2013-12-31": "0.66000", "2013-09-30": "0.72000", "2013-06-30": "0.69000", "2013-03-31": "0.64000", "2012-12-31": "0.54000", "2012-09-30": "0.45000", "2012-06-30": "0.54000", "2012-03-31": "0.52000", "2011-12-31": "0.53000", "2011-09-30": "0.61000", "2011-06-30": "0.43000", "2011-03-31": "0.37000", "2010-12-31": "0.31000", "2010-09-30": "0.33000", "2010-06-30": "0.32000", "2010-03-31": "0.22000", "2009-12-31": "0.20000", "2009-09-30": "0.30000", "2009-06-30": "0.15000", "2009-03-31": "0.18000", "2008-12-31": "-5.45000", "2008-09-30": "0.24000", "2008-06-30": "0.40000", "2008-03-31": "0.34000", "2007-12-31": "0.22000", "2007-09-30": "0.46000", "2007-06-30": "0.43000", "2007-03-31": "0.16000", "2006-12-31": "0.33000", "2006-09-30": "0.36000", "2006-06-30": "0.39000", "2006-03-31": "0.26000", "2005-12-31": "0.32000", "2005-09-30": "0.35000", "2005-06-30": "0.36000", "2005-03-31": "0.25000"}, "EPS - Earnings Per Share": {"2020-09-30": "3.07000", "2020-06-30": "0.56000", "2020-03-31": "0.64000", "2019-12-31": "1.25000", "2019-09-30": "1.42000", "2019-06-30": "1.42000", "2019-03-31": "1.19000", "2018-12-31": "1.16000", "2018-09-30": "1.53000", "2018-06-30": "1.58000", "2018-03-31": "1.26000", "2017-12-31": "3.85000", "2017-09-30": "1.10000", "2017-06-30": "1.23000", "2017-03-31": "0.96000", "2016-12-31": "0.96000", "2016-09-30": "1.03000", "2016-06-30": "1.10000", "2016-03-31": "0.90000", "2015-12-31": "0.80000", "2015-09-30": "0.96000", "2015-06-30": "1.04000", "2015-03-31": "0.83000", "2014-12-31": "0.78000", "2014-09-30": "0.83000", "2014-06-30": "0.81000", "2014-03-31": "0.75000", "2013-12-31": "0.65000", "2013-09-30": "0.72000", "2013-06-30": "0.69000", "2013-03-31": "0.64000", "2012-12-31": "0.54000", "2012-09-30": "0.45000", "2012-06-30": "0.54000", "2012-03-31": "0.52000", "2011-12-31": "0.53000", "2011-09-30": "0.61000", "2011-06-30": "0.43000", "2011-03-31": "0.37000", "2010-12-31": "0.31000", "2010-09-30": "0.33000", "2010-06-30": "0.32000", "2010-03-31": "0.22000", "2009-12-31": "0.20000", "2009-09-30": "0.30000", "2009-06-30": "0.15000", "2009-03-31": "0.18000", "2008-12-31": "-5.44000", "2008-09-30": "0.24000", "2008-06-30": "0.40000", "2008-03-31": "0.33000", "2007-12-31": "0.23000", "2007-09-30": "0.46000", "2007-06-30": "0.43000", "2007-03-31": "0.15000", "2006-12-31": "0.32000", "2006-09-30": "0.36000", "2006-06-30": "0.39000", "2006-03-31": "0.25000", "2005-12-31": "0.32500", "2005-09-30": "0.35000", "2005-06-30": "0.35000", "2005-03-31": "0.24500"}}, "balance sheet": {"Cash On Hand": {"2019-12-31": "28.10000", "2018-12-31": "39.40000", "2017-12-31": "45.70000", "2016-12-31": "24.00000", "2015-12-31": "62.40000", "2014-12-31": "36.30000", "2013-12-31": "50.30000", "2012-12-31": "43.50000", "2011-12-31": "27.20100", "2010-12-31": "19.68800", "2009-12-31": "13.99900", "2008-12-31": "17.10800", "2007-12-31": "14.79800", "2006-12-31": "13.14700", "2005-12-31": "8.95700"}, "Receivables": {"2019-12-31": "960.30000", "2018-12-31": "929.10000", "2017-12-31": "954.90000", "2016-12-31": "879.00000", "2015-12-31": "782.30000", "2014-12-31": "707.10000", "2013-12-31": "594.90000", "2012-12-31": "550.90000", "2011-12-31": "429.63300", "2010-12-31": "382.38200", "2009-12-31": "321.22600", "2008-12-31": "294.23000", "2007-12-31": "445.77200", "2006-12-31": "465.57900", "2005-12-31": "398.12700"}, "Inventory": {"2019-12-31": "4260.70000", "2018-12-31": "4040.10000", "2017-12-31": "3944.10000", "2016-12-31": "3408.20000", "2015-12-31": "3463.50000", "2014-12-31": "2836.40000", "2013-12-31": "2501.40000", "2012-12-31": "1975.70000", "2011-12-31": "1535.38600", "2010-12-31": "1443.28400", "2009-12-31": "1302.49500", "2008-12-31": "1586.91400", "2007-12-31": "1667.52200", "2006-12-31": "1506.23700", "2005-12-31": "1144.58400"}, "Pre-Paid Expenses": {"2019-12-31": "", "2018-12-31": "", "2017-12-31": "", "2016-12-31": "", "2015-12-31": "", "2014-12-31": "", "2013-12-31": "", "2012-12-31": "", "2011-12-31": "", "2010-12-31": "", "2009-12-31": "", "2008-12-31": "", "2007-12-31": "", "2006-12-31": "", "2005-12-31": ""}, "Other Current Assets": {"2019-12-31": "85.00000", "2018-12-31": "86.60000", "2017-12-31": "81.80000", "2016-12-31": "73.90000", "2015-12-31": "85.60000", "2014-12-31": "124.80000", "2013-12-31": "87.70000", "2012-12-31": "90.40000", "2011-12-31": "72.98100", "2010-12-31": "68.22500", "2009-12-31": "95.42600", "2008-12-31": "88.43700", "2007-12-31": "65.65500", "2006-12-31": "71.39800", "2005-12-31": "50.20900"}, "Total Current Assets": {"2019-12-31": "5334.10000", "2018-12-31": "5095.20000", "2017-12-31": "5026.50000", "2016-12-31": "4393.50000", "2015-12-31": "4406.50000", "2014-12-31": "3860.20000", "2013-12-31": "3488.10000", "2012-12-31": "2783.90000", "2011-12-31": "2224.44400", "2010-12-31": "2046.59800", "2009-12-31": "1743.77100", "2008-12-31": "2007.26300", "2007-12-31": "2300.73000", "2006-12-31": "2249.38700", "2005-12-31": "1912.34400"}, "Property, Plant, And Equipment": {"2019-12-31": "2366.40000", "2018-12-31": "2250.00000", "2017-12-31": "2108.60000", "2016-12-31": "1806.50000", "2015-12-31": "1520.10000", "2014-12-31": "1331.60000", "2013-12-31": "1119.50000", "2012-12-31": "1022.90000", "2011-12-31": "839.63000", "2010-12-31": "716.42700", "2009-12-31": "726.80800", "2008-12-31": "662.89800", "2007-12-31": "616.20100", "2006-12-31": "592.71800", "2005-12-31": "416.09900"}, "Long-Term Investments": {"2019-12-31": "1399.00000", "2018-12-31": "1305.20000", "2017-12-31": "1256.60000", "2016-12-31": "893.40000", "2015-12-31": "336.40000", "2014-12-31": "352.80000", "2013-12-31": "346.90000", "2012-12-31": "303.20000", "2011-12-31": "298.64000", "2010-12-31": "288.40600", "2009-12-31": "295.47300", "2008-12-31": "296.48700", "2007-12-31": "62.75200", "2006-12-31": "", "2005-12-31": ""}, "Goodwill And Intangible Assets": {"2019-12-31": "2463.20000", "2018-12-31": "2238.20000", "2017-12-31": "2134.50000", "2016-12-31": "1711.30000", "2015-12-31": "1731.20000", "2014-12-31": "1657.00000", "2013-12-31": "1430.10000", "2012-12-31": "1248.30000", "2011-12-31": "1123.20600", "2010-12-31": "1003.72900", "2009-12-31": "1011.80300", "2008-12-31": "973.04100", "2007-12-31": "1666.74100", "2006-12-31": "1518.04500", "2005-12-31": "1182.27300"}, "Other Long-Term Assets": {"2019-12-31": "19.50000", "2018-12-31": "15.90000", "2017-12-31": "14.40000", "2016-12-31": "28.30000", "2015-12-31": "19.20000", "2014-12-31": "26.60000", "2013-12-31": "30.90000", "2012-12-31": "20.70000", "2011-12-31": "13.48100", "2010-12-31": "14.67200", "2009-12-31": "18.15200", "2008-12-31": "22.46000", "2007-12-31": "22.12900", "2006-12-31": "109.65200", "2005-12-31": "83.45700"}, "Total Long-Term Assets": {"2019-12-31": "8608.60000", "2018-12-31": "5809.30000", "2017-12-31": "5514.10000", "2016-12-31": "4439.50000", "2015-12-31": "3606.90000", "2014-12-31": "3368.00000", "2013-12-31": "2927.40000", "2012-12-31": "2595.10000", "2011-12-31": "2274.95700", "2010-12-31": "2023.23400", "2009-12-31": "2052.23600", "2008-12-31": "1954.88600", "2007-12-31": "2367.82300", "2006-12-31": "2220.41500", "2005-12-31": "1681.82900"}, "Total Assets": {"2019-12-31": "13942.70000", "2018-12-31": "10904.50000", "2017-12-31": "10540.60000", "2016-12-31": "8833.00000", "2015-12-31": "8013.40000", "2014-12-31": "7228.20000", "2013-12-31": "6415.50000", "2012-12-31": "5379.00000", "2011-12-31": "4499.40100", "2010-12-31": "4069.83200", "2009-12-31": "3796.00700", "2008-12-31": "3962.14900", "2007-12-31": "4668.55300", "2006-12-31": "4469.80200", "2005-12-31": "3594.17300"}, "Total Current Liabilities": {"2019-12-31": "5451.00000", "2018-12-31": "5048.30000", "2017-12-31": "5000.40000", "2016-12-31": "4229.60000", "2015-12-31": "4285.70000", "2014-12-31": "3630.30000", "2013-12-31": "3383.70000", "2012-12-31": "2695.10000", "2011-12-31": "2151.55300", "2010-12-31": "1961.00600", "2009-12-31": "1630.37300", "2008-12-31": "1880.68900", "2007-12-31": "2096.03900", "2006-12-31": "1751.86600", "2005-12-31": "1664.93500"}, "Long Term Debt": {"2019-12-31": "2257.00000", "2018-12-31": "2124.70000", "2017-12-31": "2090.40000", "2016-12-31": "1828.80000", "2015-12-31": "1247.00000", "2014-12-31": "1316.00000", "2013-12-31": "981.80000", "2012-12-31": "917.10000", "2011-12-31": "846.77700", "2010-12-31": "769.28500", "2009-12-31": "933.96600", "2008-12-31": "1052.06000", "2007-12-31": "830.10600", "2006-12-31": "1168.66600", "2005-12-31": "576.69000"}, "Other Non-Current Liabilities": {"2019-12-31": "444.00000", "2018-12-31": "519.00000", "2017-12-31": "540.30000", "2016-12-31": "430.50000", "2015-12-31": "212.40000", "2014-12-31": "190.80000", "2013-12-31": "166.50000", "2012-12-31": "162.70000", "2011-12-31": "145.65400", "2010-12-31": "115.28200", "2009-12-31": "128.12900", "2008-12-31": "114.38900", "2007-12-31": "320.94900", "2006-12-31": "253.61700", "2005-12-31": "206.81600"}, "Total Long Term Liabilities": {"2019-12-31": "5680.10000", "2018-12-31": "3221.50000", "2017-12-31": "3112.20000", "2016-12-31": "2823.90000", "2015-12-31": "1892.80000", "2014-12-31": "1916.70000", "2013-12-31": "1509.70000", "2012-12-31": "1367.60000", "2011-12-31": "1198.27600", "2010-12-31": "1062.97300", "2009-12-31": "1219.59500", "2008-12-31": "1273.03900", "2007-12-31": "1151.05500", "2006-12-31": "1422.28300", "2005-12-31": "783.50600"}, "Total Liabilities": {"2019-12-31": "11131.10000", "2018-12-31": "8269.80000", "2017-12-31": "8112.60000", "2016-12-31": "7053.50000", "2015-12-31": "6178.50000", "2014-12-31": "5547.00000", "2013-12-31": "4893.40000", "2012-12-31": "4062.70000", "2011-12-31": "3349.82900", "2010-12-31": "3023.97900", "2009-12-31": "2849.96800", "2008-12-31": "3153.72800", "2007-12-31": "3247.09400", "2006-12-31": "3174.14900", "2005-12-31": "2448.44100"}, "Common Stock Net": {"2019-12-31": "", "2018-12-31": "", "2017-12-31": "", "2016-12-31": "", "2015-12-31": "", "2014-12-31": "", "2013-12-31": "693.60000", "2012-12-31": "700.00000", "2011-12-31": "0.00900", "2010-12-31": "0.00900", "2009-12-31": "0.00900", "2008-12-31": "0.00900", "2007-12-31": "0.00900", "2006-12-31": "0.00900", "2005-12-31": "0.00500"}, "Retained Earnings (Accumulated Deficit)": {"2019-12-31": "2675.80000", "2018-12-31": "2365.80000", "2017-12-31": "2009.40000", "2016-12-31": "1504.50000", "2015-12-31": "1256.70000", "2014-12-31": "1015.40000", "2013-12-31": "799.20000", "2012-12-31": "611.00000", "2011-12-31": "466.99100", "2010-12-31": "304.48600", "2009-12-31": "196.20500", "2008-12-31": "119.74400", "2007-12-31": "587.56600", "2006-12-31": "492.70400", "2005-12-31": "404.01000"}, "Comprehensive Income": {"2019-12-31": "-202.80000", "2018-12-31": "-234.50000", "2017-12-31": "-146.50000", "2016-12-31": "-250.70000", "2015-12-31": "-122.50000", "2014-12-31": "-53.30000", "2013-12-31": "11.60000", "2012-12-31": "-6.80000", "2011-12-31": "-24.19100", "2010-12-31": "-1.67300", "2009-12-31": "9.04900", "2008-12-31": "-45.98900", "2007-12-31": "99.98800", "2006-12-31": "79.37900", "2005-12-31": "21.83000"}, "Other Share Holders Equity": {"2019-12-31": "", "2018-12-31": "", "2017-12-31": "", "2016-12-31": "", "2015-12-31": "", "2014-12-31": "", "2013-12-31": "", "2012-12-31": "", "2011-12-31": "", "2010-12-31": "", "2009-12-31": "", "2008-12-31": "", "2007-12-31": "", "2006-12-31": "", "2005-12-31": ""}, "Share Holder Equity": {"2019-12-31": "2811.60000", "2018-12-31": "2634.70000", "2017-12-31": "2428.00000", "2016-12-31": "1779.50000", "2015-12-31": "1834.90000", "2014-12-31": "1681.20000", "2013-12-31": "1522.10000", "2012-12-31": "1316.30000", "2011-12-31": "1149.57200", "2010-12-31": "1045.85300", "2009-12-31": "946.03900", "2008-12-31": "808.42100", "2007-12-31": "1421.45900", "2006-12-31": "1295.65300", "2005-12-31": "1145.73200"}, "Total Liabilities And Share Holders Equity": {"2019-12-31": "13942.70000", "2018-12-31": "10904.50000", "2017-12-31": "10540.60000", "2016-12-31": "8833.00000", "2015-12-31": "8013.40000", "2014-12-31": "7228.20000", "2013-12-31": "6415.50000", "2012-12-31": "5379.00000", "2011-12-31": "4499.40100", "2010-12-31": "4069.83200", "2009-12-31": "3796.00700", "2008-12-31": "3962.14900", "2007-12-31": "4668.55300", "2006-12-31": "4469.80200", "2005-12-31": "3594.17300"}}, "balance sheet, quarterly": {"Cash On Hand": {"2020-09-30": "92.70000", "2020-06-30": "159.30000", "2020-03-31": "431.90000", "2019-12-31": "28.10000", "2019-09-30": "77.50000", "2019-06-30": "43.80000", "2019-03-31": "43.50000", "2018-12-31": "39.40000", "2018-09-30": "37.60000", "2018-06-30": "45.80000", "2018-03-31": "52.80000", "2017-12-31": "45.70000", "2017-09-30": "37.20000", "2017-06-30": "20.70000", "2017-03-31": "72.20000", "2016-12-31": "24.00000", "2016-09-30": "89.40000", "2016-06-30": "97.50000", "2016-03-31": "45.60000", "2015-12-31": "62.40000", "2015-09-30": "49.70000", "2015-06-30": "36.70000", "2015-03-31": "66.80000", "2014-12-31": "36.30000", "2014-09-30": "150.50000", "2014-06-30": "61.40000", "2014-03-31": "54.90000", "2013-12-31": "50.30000", "2013-09-30": "71.10100", "2013-06-30": "26.25400", "2013-03-31": "31.62700", "2012-12-31": "43.50000", "2012-09-30": "25.93500", "2012-06-30": "37.21900", "2012-03-31": "31.76800", "2011-12-31": "27.20100", "2011-09-30": "7.73500", "2011-06-30": "3.34600", "2011-03-31": "35.22900", "2010-12-31": "19.68800", "2010-09-30": "6.02700", "2010-06-30": "17.66400", "2010-03-31": "23.54300", "2009-12-31": "13.99900", "2009-09-30": "29.54000", "2009-06-30": "21.87100", "2009-03-31": "11.45800", "2008-12-31": "17.10800", "2008-09-30": "27.77200", "2008-06-30": "17.73400", "2008-03-31": "20.39400", "2007-12-31": "14.79800", "2007-09-30": "24.83000", "2007-06-30": "18.25600", "2007-03-31": "25.20200", "2006-12-31": "13.14700", "2006-09-30": "19.06500", "2006-06-30": "25.62300", "2006-03-31": "16.13200", "2005-12-31": "8.95700", "2005-09-30": "2.69400", "2005-06-30": "11.06400", "2005-03-31": "18.14800"}, "Receivables": {"2020-09-30": "848.20000", "2020-06-30": "756.60000", "2020-03-31": "616.30000", "2019-12-31": "960.30000", "2019-09-30": "967.30000", "2019-06-30": "944.40000", "2019-03-31": "1034.10000", "2018-12-31": "929.10000", "2018-09-30": "953.40000", "2018-06-30": "919.60000", "2018-03-31": "1035.40000", "2017-12-31": "954.90000", "2017-09-30": "938.80000", "2017-06-30": "827.70000", "2017-03-31": "852.20000", "2016-12-31": "879.00000", "2016-09-30": "853.90000", "2016-06-30": "827.80000", "2016-03-31": "835.60000", "2015-12-31": "782.30000", "2015-09-30": "775.50000", "2015-06-30": "738.80000", "2015-03-31": "746.40000", "2014-12-31": "707.10000", "2014-09-30": "643.80000", "2014-06-30": "641.20000", "2014-03-31": "677.70000", "2013-12-31": "594.90000", "2013-09-30": "588.31100", "2013-06-30": "530.64700", "2013-03-31": "527.66300", "2012-12-31": "550.90000", "2012-09-30": "505.77000", "2012-06-30": "464.42400", "2012-03-31": "492.65300", "2011-12-31": "429.63300", "2011-09-30": "385.13700", "2011-06-30": "365.79400", "2011-03-31": "424.26300", "2010-12-31": "382.38200", "2010-09-30": "367.88800", "2010-06-30": "351.01300", "2010-03-31": "378.39500", "2009-12-31": "321.22600", "2009-09-30": "322.53900", "2009-06-30": "321.65400", "2009-03-31": "312.03900", "2008-12-31": "294.23000", "2008-09-30": "371.55700", "2008-06-30": "432.81100", "2008-03-31": "503.46300", "2007-12-31": "445.77200", "2007-09-30": "495.06200", "2007-06-30": "474.67400", "2007-03-31": "509.34800", "2006-12-31": "465.57900", "2006-09-30": "464.28700", "2006-06-30": "405.39200", "2006-03-31": "397.80300", "2005-12-31": "398.12700", "2005-09-30": "379.92200", "2005-06-30": "408.43300", "2005-03-31": "392.42500"}, "Inventory": {"2020-09-30": "3209.70000", "2020-06-30": "3425.90000", "2020-03-31": "4262.70000", "2019-12-31": "4260.70000", "2019-09-30": "4043.90000", "2019-06-30": "3978.00000", "2019-03-31": "4104.10000", "2018-12-31": "4040.10000", "2018-09-30": "3783.40000", "2018-06-30": "3895.10000", "2018-03-31": "3972.20000", "2017-12-31": "3944.10000", "2017-09-30": "3770.30000", "2017-06-30": "3711.90000", "2017-03-31": "3565.80000", "2016-12-31": "3408.20000", "2016-09-30": "3279.70000", "2016-06-30": "3351.80000", "2016-03-31": "3513.40000", "2015-12-31": "3463.50000", "2015-09-30": "3188.40000", "2015-06-30": "3055.40000", "2015-03-31": "2885.70000", "2014-12-31": "2836.40000", "2014-09-30": "2479.00000", "2014-06-30": "2615.90000", "2014-03-31": "2547.30000", "2013-12-31": "2501.40000", "2013-09-30": "2293.39000", "2013-06-30": "2125.77100", "2013-03-31": "2023.52900", "2012-12-31": "1975.70000", "2012-09-30": "1864.77300", "2012-06-30": "1830.84100", "2012-03-31": "1770.23500", "2011-12-31": "1535.38600", "2011-09-30": "1481.62900", "2011-06-30": "1456.40900", "2011-03-31": "1536.37900", "2010-12-31": "1443.28400", "2010-09-30": "1437.93900", "2010-06-30": "1364.71800", "2010-03-31": "1384.23100", "2009-12-31": "1302.49500", "2009-09-30": "1174.39300", "2009-06-30": "1264.75800", "2009-03-31": "1360.23900", "2008-12-31": "1586.91400", "2008-09-30": "1721.83300", "2008-06-30": "1790.46400", "2008-03-31": "1818.84600", "2007-12-31": "1667.52200", "2007-09-30": "1557.33500", "2007-06-30": "1635.69000", "2007-03-31": "1602.19300", "2006-12-31": "1506.23700", "2006-09-30": "1455.91000", "2006-06-30": "1418.89100", "2006-03-31": "1370.25100", "2005-12-31": "1144.58400", "2005-09-30": "1147.80700", "2005-06-30": "1271.90400", "2005-03-31": "1381.52700"}, "Pre-Paid Expenses": {"2020-09-30": "", "2020-06-30": "", "2020-03-31": "", "2019-12-31": "", "2019-09-30": "", "2019-06-30": "", "2019-03-31": "", "2018-12-31": "", "2018-09-30": "", "2018-06-30": "", "2018-03-31": "", "2017-12-31": "", "2017-09-30": "", "2017-06-30": "", "2017-03-31": "", "2016-12-31": "", "2016-09-30": "", "2016-06-30": "", "2016-03-31": "", "2015-12-31": "", "2015-09-30": "", "2015-06-30": "", "2015-03-31": "", "2014-12-31": "", "2014-09-30": "", "2014-06-30": "", "2014-03-31": "", "2013-12-31": "", "2013-09-30": "", "2013-06-30": "", "2013-03-31": "", "2012-12-31": "", "2012-09-30": "", "2012-06-30": "", "2012-03-31": "", "2011-12-31": "", "2011-09-30": "", "2011-06-30": "", "2011-03-31": "", "2010-12-31": "", "2010-09-30": "", "2010-06-30": "", "2010-03-31": "", "2009-12-31": "", "2009-09-30": "", "2009-06-30": "", "2009-03-31": "", "2008-12-31": "", "2008-09-30": "", "2008-06-30": "", "2008-03-31": "", "2007-12-31": "", "2007-09-30": "", "2007-06-30": "", "2007-03-31": "", "2006-12-31": "", "2006-09-30": "", "2006-06-30": "", "2006-03-31": "", "2005-12-31": "", "2005-09-30": "", "2005-06-30": "", "2005-03-31": ""}, "Other Current Assets": {"2020-09-30": "198.80000", "2020-06-30": "76.60000", "2020-03-31": "85.20000", "2019-12-31": "85.00000", "2019-09-30": "98.80000", "2019-06-30": "109.10000", "2019-03-31": "101.50000", "2018-12-31": "86.60000", "2018-09-30": "91.80000", "2018-06-30": "97.50000", "2018-03-31": "105.00000", "2017-12-31": "81.80000", "2017-09-30": "96.50000", "2017-06-30": "104.20000", "2017-03-31": "99.30000", "2016-12-31": "73.90000", "2016-09-30": "105.30000", "2016-06-30": "101.70000", "2016-03-31": "101.50000", "2015-12-31": "85.60000", "2015-09-30": "109.00000", "2015-06-30": "107.00000", "2015-03-31": "106.70000", "2014-12-31": "124.80000", "2014-09-30": "100.40000", "2014-06-30": "111.40000", "2014-03-31": "101.80000", "2013-12-31": "87.70000", "2013-09-30": "83.50800", "2013-06-30": "90.35200", "2013-03-31": "89.48800", "2012-12-31": "90.40000", "2012-09-30": "91.20400", "2012-06-30": "91.96300", "2012-03-31": "91.86900", "2011-12-31": "72.98100", "2011-09-30": "88.67600", "2011-06-30": "91.77200", "2011-03-31": "84.36700", "2010-12-31": "68.22500", "2010-09-30": "109.10600", "2010-06-30": "106.47900", "2010-03-31": "103.82100", "2009-12-31": "95.42600", "2009-09-30": "102.80500", "2009-06-30": "99.92400", "2009-03-31": "91.19300", "2008-12-31": "88.43700", "2008-09-30": "80.68900", "2008-06-30": "91.32100", "2008-03-31": "89.09200", "2007-12-31": "65.65500", "2007-09-30": "97.20500", "2007-06-30": "99.65300", "2007-03-31": "85.07800", "2006-12-31": "71.39800", "2006-09-30": "91.19700", "2006-06-30": "76.76100", "2006-03-31": "72.03900", "2005-12-31": "50.20900", "2005-09-30": "61.82000", "2005-06-30": "60.16900", "2005-03-31": "56.65800"}, "Total Current Assets": {"2020-09-30": "4349.40000", "2020-06-30": "4418.40000", "2020-03-31": "5396.10000", "2019-12-31": "5334.10000", "2019-09-30": "5187.50000", "2019-06-30": "5075.30000", "2019-03-31": "5283.20000", "2018-12-31": "5095.20000", "2018-09-30": "4866.20000", "2018-06-30": "4958.00000", "2018-03-31": "5165.40000", "2017-12-31": "5026.50000", "2017-09-30": "4842.80000", "2017-06-30": "4664.50000", "2017-03-31": "4589.50000", "2016-12-31": "4393.50000", "2016-09-30": "4335.80000", "2016-06-30": "4385.60000", "2016-03-31": "4505.90000", "2015-12-31": "4406.50000", "2015-09-30": "4137.90000", "2015-06-30": "3983.60000", "2015-03-31": "3867.80000", "2014-12-31": "3860.20000", "2014-09-30": "3419.30000", "2014-06-30": "3482.30000", "2014-03-31": "3437.30000", "2013-12-31": "3488.10000", "2013-09-30": "3037.37500", "2013-06-30": "2806.87300", "2013-03-31": "2780.77500", "2012-12-31": "2783.90000", "2012-09-30": "2525.68700", "2012-06-30": "2463.50600", "2012-03-31": "2415.60000", "2011-12-31": "2224.44400", "2011-09-30": "2017.34500", "2011-06-30": "1974.14700", "2011-03-31": "2117.58000", "2010-12-31": "2046.59800", "2010-09-30": "1921.54400", "2010-06-30": "1840.44600", "2010-03-31": "1896.29200", "2009-12-31": "1743.77100", "2009-09-30": "1636.05700", "2009-06-30": "1713.75700", "2009-03-31": "1783.34000", "2008-12-31": "2007.26300", "2008-09-30": "2209.34700", "2008-06-30": "2340.24100", "2008-03-31": "2542.10200", "2007-12-31": "2300.73000", "2007-09-30": "2329.75000", "2007-06-30": "2368.18000", "2007-03-31": "2403.41900", "2006-12-31": "2249.38700", "2006-09-30": "2167.90100", "2006-06-30": "2097.65100", "2006-03-31": "2018.78000", "2005-12-31": "1912.34400", "2005-09-30": "1657.57600", "2005-06-30": "1751.57000", "2005-03-31": "1848.75800"}, "Property, Plant, And Equipment": {"2020-09-30": "2337.90000", "2020-06-30": "2293.70000", "2020-03-31": "2297.90000", "2019-12-31": "2366.40000", "2019-09-30": "2309.30000", "2019-06-30": "2308.90000", "2019-03-31": "2276.10000", "2018-12-31": "2250.00000", "2018-09-30": "2178.20000", "2018-06-30": "2144.90000", "2018-03-31": "2173.50000", "2017-12-31": "2108.60000", "2017-09-30": "2091.40000", "2017-06-30": "1990.30000", "2017-03-31": "1874.70000", "2016-12-31": "1806.50000", "2016-09-30": "1587.80000", "2016-06-30": "1576.70000", "2016-03-31": "1545.80000", "2015-12-31": "1520.10000", "2015-09-30": "1476.90000", "2015-06-30": "1378.30000", "2015-03-31": "1326.60000", "2014-12-31": "1331.60000", "2014-09-30": "1375.10000", "2014-06-30": "1367.80000", "2014-03-31": "1301.20000", "2013-12-31": "1119.50000", "2013-09-30": "1211.02000", "2013-06-30": "1148.49500", "2013-03-31": "1078.62700", "2012-12-31": "1022.90000", "2012-09-30": "961.48800", "2012-06-30": "925.05400", "2012-03-31": "915.08100", "2011-12-31": "839.63000", "2011-09-30": "821.42100", "2011-06-30": "776.38600", "2011-03-31": "765.96700", "2010-12-31": "716.42700", "2010-09-30": "731.81300", "2010-06-30": "707.83200", "2010-03-31": "720.57500", "2009-12-31": "726.80800", "2009-09-30": "711.76600", "2009-06-30": "710.85300", "2009-03-31": "666.60200", "2008-12-31": "662.89800", "2008-09-30": "701.48000", "2008-06-30": "692.81700", "2008-03-31": "650.36000", "2007-12-31": "616.20100", "2007-09-30": "566.05700", "2007-06-30": "563.54800", "2007-03-31": "584.71000", "2006-12-31": "592.71800", "2006-09-30": "562.01100", "2006-06-30": "505.59200", "2006-03-31": "442.61800", "2005-12-31": "416.09900", "2005-09-30": "463.08400", "2005-06-30": "430.41800", "2005-03-31": "415.05600"}, "Long-Term Investments": {"2020-09-30": "1465.70000", "2020-06-30": "1409.50000", "2020-03-31": "1400.70000", "2019-12-31": "1399.00000", "2019-09-30": "1362.80000", "2019-06-30": "1342.20000", "2019-03-31": "1332.40000", "2018-12-31": "1305.20000", "2018-09-30": "1299.70000", "2018-06-30": "1279.20000", "2018-03-31": "1276.20000", "2017-12-31": "1256.60000", "2017-09-30": "1184.90000", "2017-06-30": "921.50000", "2017-03-31": "906.80000", "2016-12-31": "893.40000", "2016-09-30": "891.30000", "2016-06-30": "371.10000", "2016-03-31": "366.60000", "2015-12-31": "336.40000", "2015-09-30": "340.10000", "2015-06-30": "359.00000", "2015-03-31": "350.90000", "2014-12-31": "352.80000", "2014-09-30": "386.50000", "2014-06-30": "354.70000", "2014-03-31": "352.00000", "2013-12-31": "346.90000", "2013-09-30": "333.08100", "2013-06-30": "332.50300", "2013-03-31": "311.25100", "2012-12-31": "303.20000", "2012-09-30": "304.10100", "2012-06-30": "296.62700", "2012-03-31": "288.24200", "2011-12-31": "298.64000", "2011-09-30": "293.81900", "2011-06-30": "288.02800", "2011-03-31": "280.59100", "2010-12-31": "288.40600", "2010-09-30": "290.73500", "2010-06-30": "280.84700", "2010-03-31": "276.05500", "2009-12-31": "295.47300", "2009-09-30": "297.24900", "2009-06-30": "287.10600", "2009-03-31": "285.33800", "2008-12-31": "296.48700", "2008-09-30": "", "2008-06-30": "", "2008-03-31": "", "2007-12-31": "62.75200", "2007-09-30": "", "2007-06-30": "", "2007-03-31": "", "2006-12-31": "", "2006-09-30": "", "2006-06-30": "", "2006-03-31": "", "2005-12-31": "", "2005-09-30": "", "2005-06-30": "", "2005-03-31": ""}, "Goodwill And Intangible Assets": {"2020-09-30": "2455.50000", "2020-06-30": "2423.70000", "2020-03-31": "2409.80000", "2019-12-31": "2463.20000", "2019-09-30": "2423.90000", "2019-06-30": "2235.00000", "2019-03-31": "2247.90000", "2018-12-31": "2238.20000", "2018-09-30": "2164.50000", "2018-06-30": "2174.80000", "2018-03-31": "2213.20000", "2017-12-31": "2134.50000", "2017-09-30": "2133.70000", "2017-06-30": "2109.00000", "2017-03-31": "1985.40000", "2016-12-31": "1711.30000", "2016-09-30": "1725.20000", "2016-06-30": "1722.20000", "2016-03-31": "1734.80000", "2015-12-31": "1731.20000", "2015-09-30": "1690.40000", "2015-06-30": "1684.00000", "2015-03-31": "1657.70000", "2014-12-31": "1657.00000", "2014-09-30": "1482.70000", "2014-06-30": "1518.40000", "2014-03-31": "1501.90000", "2013-12-31": "1430.10000", "2013-09-30": "1401.49700", "2013-06-30": "1231.16600", "2013-03-31": "1225.59100", "2012-12-31": "1248.30000", "2012-09-30": "1210.95900", "2012-06-30": "1193.40900", "2012-03-31": "1201.56600", "2011-12-31": "1123.20600", "2011-09-30": "1148.24700", "2011-06-30": "1032.91400", "2011-03-31": "1037.87500", "2010-12-31": "1003.72900", "2010-09-30": "1017.13300", "2010-06-30": "994.94700", "2010-03-31": "1004.36700", "2009-12-31": "1011.80300", "2009-09-30": "1009.90200", "2009-06-30": "1021.47300", "2009-03-31": "970.68100", "2008-12-31": "973.04100", "2008-09-30": "1691.00200", "2008-06-30": "1713.50300", "2008-03-31": "1661.24300", "2007-12-31": "1666.74100", "2007-09-30": "1620.78300", "2007-06-30": "1626.25900", "2007-03-31": "1511.69700", "2006-12-31": "1518.04500", "2006-09-30": "1492.60600", "2006-06-30": "1358.64100", "2006-03-31": "1320.98700", "2005-12-31": "1182.27300", "2005-09-30": "1225.09200", "2005-06-30": "1224.97800", "2005-03-31": "1248.39900"}, "Other Long-Term Assets": {"2020-09-30": "22.50000", "2020-06-30": "19.70000", "2020-03-31": "20.20000", "2019-12-31": "19.50000", "2019-09-30": "21.60010", "2019-06-30": "18.80010", "2019-03-31": "18.90020", "2018-12-31": "15.90000", "2018-09-30": "18.30000", "2018-06-30": "13.60000", "2018-03-31": "14.70000", "2017-12-31": "14.40000", "2017-09-30": "29.50000", "2017-06-30": "26.60000", "2017-03-31": "39.00000", "2016-12-31": "28.30000", "2016-09-30": "19.30000", "2016-06-30": "19.60000", "2016-03-31": "19.80000", "2015-12-31": "19.20000", "2015-09-30": "29.60000", "2015-06-30": "29.00000", "2015-03-31": "24.60000", "2014-12-31": "26.60000", "2014-09-30": "18.70000", "2014-06-30": "19.10000", "2014-03-31": "19.80000", "2013-12-31": "30.90000", "2013-09-30": "27.83100", "2013-06-30": "18.59500", "2013-03-31": "18.73800", "2012-12-31": "20.70000", "2012-09-30": "21.94500", "2012-06-30": "14.26900", "2012-03-31": "14.27600", "2011-12-31": "13.48100", "2011-09-30": "14.63700", "2011-06-30": "15.40400", "2011-03-31": "17.82300", "2010-12-31": "14.67200", "2010-09-30": "14.37200", "2010-06-30": "14.59100", "2010-03-31": "18.88600", "2009-12-31": "18.15200", "2009-09-30": "17.92600", "2009-06-30": "18.33700", "2009-03-31": "19.15400", "2008-12-31": "22.46000", "2008-09-30": "327.85300", "2008-06-30": "309.53100", "2008-03-31": "87.46600", "2007-12-31": "22.12900", "2007-09-30": "102.01100", "2007-06-30": "93.09400", "2007-03-31": "94.31800", "2006-12-31": "109.65200", "2006-09-30": "116.41000", "2006-06-30": "101.98200", "2006-03-31": "100.65200", "2005-12-31": "83.45700", "2005-09-30": "77.93400", "2005-06-30": "70.31200", "2005-03-31": "55.41800"}, "Total Long-Term Assets": {"2020-09-30": "8660.30000", "2020-06-30": "8457.70000", "2020-03-31": "8420.70000", "2019-12-31": "8608.60000", "2019-09-30": "8502.00000", "2019-06-30": "8285.80000", "2019-03-31": "8291.70000", "2018-12-31": "5809.30000", "2018-09-30": "5660.70000", "2018-06-30": "5612.50000", "2018-03-31": "5677.60000", "2017-12-31": "5514.10000", "2017-09-30": "5439.50000", "2017-06-30": "5047.40000", "2017-03-31": "4805.90000", "2016-12-31": "4439.50000", "2016-09-30": "4223.60000", "2016-06-30": "3689.60000", "2016-03-31": "3667.00000", "2015-12-31": "3606.90000", "2015-09-30": "3537.00000", "2015-06-30": "3450.30000", "2015-03-31": "3359.80000", "2014-12-31": "3368.00000", "2014-09-30": "3263.00000", "2014-06-30": "3260.00000", "2014-03-31": "3174.90000", "2013-12-31": "2927.40000", "2013-09-30": "2973.42900", "2013-06-30": "2730.75900", "2013-03-31": "2634.20700", "2012-12-31": "2595.10000", "2012-09-30": "2498.49300", "2012-06-30": "2429.35900", "2012-03-31": "2419.16500", "2011-12-31": "2274.95700", "2011-09-30": "2278.12400", "2011-06-30": "2112.73200", "2011-03-31": "2102.25600", "2010-12-31": "2023.23400", "2010-09-30": "2054.05300", "2010-06-30": "1998.21700", "2010-03-31": "2019.88300", "2009-12-31": "2052.23600", "2009-09-30": "2036.84300", "2009-06-30": "2037.76900", "2009-03-31": "1941.77500", "2008-12-31": "1954.88600", "2008-09-30": "2720.33500", "2008-06-30": "2715.85100", "2008-03-31": "2399.06900", "2007-12-31": "2367.82300", "2007-09-30": "2288.85100", "2007-06-30": "2282.90100", "2007-03-31": "2190.72500", "2006-12-31": "2220.41500", "2006-09-30": "2171.02700", "2006-06-30": "1966.21500", "2006-03-31": "1864.25700", "2005-12-31": "1681.82900", "2005-09-30": "1766.11000", "2005-06-30": "1820.67700", "2005-03-31": "1817.70500"}, "Total Assets": {"2020-09-30": "13009.70000", "2020-06-30": "12876.10000", "2020-03-31": "13816.80000", "2019-12-31": "13942.70000", "2019-09-30": "13689.50000", "2019-06-30": "13361.10000", "2019-03-31": "13574.90000", "2018-12-31": "10904.50000", "2018-09-30": "10526.90000", "2018-06-30": "10570.50000", "2018-03-31": "10843.00000", "2017-12-31": "10540.60000", "2017-09-30": "10282.30000", "2017-06-30": "9711.90000", "2017-03-31": "9395.40000", "2016-12-31": "8833.00000", "2016-09-30": "8559.40000", "2016-06-30": "8075.20000", "2016-03-31": "8172.90000", "2015-12-31": "8013.40000", "2015-09-30": "7674.90000", "2015-06-30": "7433.90000", "2015-03-31": "7227.60000", "2014-12-31": "7228.20000", "2014-09-30": "6682.30000", "2014-06-30": "6742.30000", "2014-03-31": "6612.20000", "2013-12-31": "6415.50000", "2013-09-30": "6010.80400", "2013-06-30": "5537.63200", "2013-03-31": "5414.98200", "2012-12-31": "5379.00000", "2012-09-30": "5024.18000", "2012-06-30": "4892.86500", "2012-03-31": "4834.76500", "2011-12-31": "4499.40100", "2011-09-30": "4295.46900", "2011-06-30": "4086.87900", "2011-03-31": "4219.83600", "2010-12-31": "4069.83200", "2010-09-30": "3975.59700", "2010-06-30": "3838.66300", "2010-03-31": "3916.17500", "2009-12-31": "3796.00700", "2009-09-30": "3672.90000", "2009-06-30": "3751.52600", "2009-03-31": "3725.11500", "2008-12-31": "3962.14900", "2008-09-30": "4929.68200", "2008-06-30": "5056.09200", "2008-03-31": "4941.17100", "2007-12-31": "4668.55300", "2007-09-30": "4618.60100", "2007-06-30": "4651.08100", "2007-03-31": "4594.14400", "2006-12-31": "4469.80200", "2006-09-30": "4338.92800", "2006-06-30": "4063.86600", "2006-03-31": "3883.03700", "2005-12-31": "3594.17300", "2005-09-30": "3423.68600", "2005-06-30": "3572.24700", "2005-03-31": "3666.46300"}, "Total Current Liabilities": {"2020-09-30": "4108.50000", "2020-06-30": "4689.50000", "2020-03-31": "5229.30000", "2019-12-31": "5451.00000", "2019-09-30": "5346.50000", "2019-06-30": "5169.90000", "2019-03-31": "5376.10000", "2018-12-31": "5048.30000", "2018-09-30": "4825.90000", "2018-06-30": "4906.40000", "2018-03-31": "5138.80000", "2017-12-31": "5000.40000", "2017-09-30": "4676.60000", "2017-06-30": "4559.70000", "2017-03-31": "4420.20000", "2016-12-31": "4229.60000", "2016-09-30": "4162.80000", "2016-06-30": "4041.60000", "2016-03-31": "4438.90000", "2015-12-31": "4285.70000", "2015-09-30": "4047.30000", "2015-06-30": "3940.20000", "2015-03-31": "3812.10000", "2014-12-31": "3630.30000", "2014-09-30": "3305.20000", "2014-06-30": "3523.50000", "2014-03-31": "3463.10000", "2013-12-31": "3383.70000", "2013-09-30": "3044.20500", "2013-06-30": "2837.03100", "2013-03-31": "2797.75100", "2012-12-31": "2695.10000", "2012-09-30": "2542.40600", "2012-06-30": "2499.63900", "2012-03-31": "2414.66400", "2011-12-31": "2151.55300", "2011-09-30": "2018.14500", "2011-06-30": "1928.24900", "2011-03-31": "2021.20900", "2010-12-31": "1961.00600", "2010-09-30": "1840.31300", "2010-06-30": "1763.05200", "2010-03-31": "1826.47000", "2009-12-31": "1630.37300", "2009-09-30": "1545.52600", "2009-06-30": "1645.32000", "2009-03-31": "1659.80900", "2008-12-31": "1880.68900", "2008-09-30": "2112.75600", "2008-06-30": "2188.77600", "2008-03-31": "2333.81600", "2007-12-31": "2096.03900", "2007-09-30": "2141.95600", "2007-06-30": "2194.25900", "2007-03-31": "2153.83000", "2006-12-31": "1751.86600", "2006-09-30": "1983.03500", "2006-06-30": "1904.78500", "2006-03-31": "1824.21900", "2005-12-31": "1664.93500", "2005-09-30": "1487.25900", "2005-06-30": "1633.38100", "2005-03-31": "1730.85900"}, "Long Term Debt": {"2020-09-30": "2216.10000", "2020-06-30": "2054.10000", "2020-03-31": "2516.10000", "2019-12-31": "2257.00000", "2019-09-30": "2282.50000", "2019-06-30": "2134.20000", "2019-03-31": "2118.30000", "2018-12-31": "2124.70000", "2018-09-30": "1993.30000", "2018-06-30": "2059.60000", "2018-03-31": "2136.90000", "2017-12-31": "2090.40000", "2017-09-30": "2170.50000", "2017-06-30": "1955.80000", "2017-03-31": "1989.00000", "2016-12-31": "1828.80000", "2016-09-30": "1833.50000", "2016-06-30": "1613.10000", "2016-03-31": "1330.10000", "2015-12-31": "1247.00000", "2015-09-30": "1155.20000", "2015-06-30": "1130.80000", "2015-03-31": "1174.10000", "2014-12-31": "1316.00000", "2014-09-30": "1161.60000", "2014-06-30": "1006.80000", "2014-03-31": "1010.30000", "2013-12-31": "981.80000", "2013-09-30": "1014.07000", "2013-06-30": "875.30700", "2013-03-31": "858.67600", "2012-12-31": "917.10000", "2012-09-30": "815.91800", "2012-06-30": "793.60300", "2012-03-31": "848.63000", "2011-12-31": "846.77700", "2011-09-30": "841.92700", "2011-06-30": "706.52200", "2011-03-31": "784.27100", "2010-12-31": "769.28500", "2010-09-30": "837.97600", "2010-06-30": "844.29200", "2010-03-31": "862.78500", "2009-12-31": "933.96600", "2009-09-30": "955.46900", "2009-06-30": "949.04300", "2009-03-31": "1008.09300", "2008-12-31": "1052.06000", "2008-09-30": "1073.87800", "2008-06-30": "1054.55500", "2008-03-31": "829.98200", "2007-12-31": "830.10600", "2007-09-30": "792.67400", "2007-06-30": "831.77100", "2007-03-31": "864.51000", "2006-12-31": "1168.66600", "2006-09-30": "862.53500", "2006-06-30": "716.01800", "2006-03-31": "684.73400", "2005-12-31": "576.69000", "2005-09-30": "620.43400", "2005-06-30": "604.57600", "2005-03-31": "603.79300"}, "Other Non-Current Liabilities": {"2020-09-30": "429.00000", "2020-06-30": "413.09990", "2020-03-31": "427.59990", "2019-12-31": "444.00000", "2019-09-30": "446.00000", "2019-06-30": "461.59990", "2019-03-31": "450.00000", "2018-12-31": "519.00000", "2018-09-30": "547.80000", "2018-06-30": "547.90000", "2018-03-31": "567.40000", "2017-12-31": "540.30000", "2017-09-30": "551.60000", "2017-06-30": "524.50000", "2017-03-31": "480.70000", "2016-12-31": "430.50000", "2016-09-30": "248.80000", "2016-06-30": "238.20000", "2016-03-31": "242.10000", "2015-12-31": "212.40000", "2015-09-30": "255.70000", "2015-06-30": "192.50000", "2015-03-31": "185.00000", "2014-12-31": "190.80000", "2014-09-30": "185.80000", "2014-06-30": "192.50000", "2014-03-31": "190.80000", "2013-12-31": "166.50000", "2013-09-30": "156.70800", "2013-06-30": "155.27300", "2013-03-31": "155.12800", "2012-12-31": "162.70000", "2012-09-30": "165.46600", "2012-06-30": "164.89300", "2012-03-31": "166.86500", "2011-12-31": "145.65400", "2011-09-30": "139.27100", "2011-06-30": "161.88400", "2011-03-31": "139.31400", "2010-12-31": "115.28200", "2010-09-30": "113.10300", "2010-06-30": "109.71300", "2010-03-31": "127.71300", "2009-12-31": "128.12900", "2009-09-30": "252.93600", "2009-06-30": "259.16700", "2009-03-31": "228.74300", "2008-12-31": "114.38900", "2008-09-30": "351.39200", "2008-06-30": "324.56200", "2008-03-31": "328.89300", "2007-12-31": "320.94900", "2007-09-30": "280.21100", "2007-06-30": "277.13500", "2007-03-31": "272.80500", "2006-12-31": "253.61700", "2006-09-30": "234.64600", "2006-06-30": "216.79200", "2006-03-31": "210.71900", "2005-12-31": "206.81600", "2005-09-30": "191.09600", "2005-06-30": "182.36300", "2005-03-31": "180.16000"}, "Total Long Term Liabilities": {"2020-09-30": "5817.70000", "2020-06-30": "5409.00000", "2020-03-31": "5880.00000", "2019-12-31": "5680.10000", "2019-09-30": "5683.90000", "2019-06-30": "5530.19900", "2019-03-31": "5537.90000", "2018-12-31": "3221.50000", "2018-09-30": "3089.00000", "2018-06-30": "3138.30000", "2018-03-31": "3209.80000", "2017-12-31": "3112.20000", "2017-09-30": "3493.70000", "2017-06-30": "3135.50000", "2017-03-31": "3078.30000", "2016-12-31": "2823.90000", "2016-09-30": "2607.90000", "2016-06-30": "2300.70000", "2016-03-31": "2010.00000", "2015-12-31": "1892.80000", "2015-09-30": "1806.50000", "2015-06-30": "1714.70000", "2015-03-31": "1744.10000", "2014-12-31": "1916.70000", "2014-09-30": "1721.70000", "2014-06-30": "1572.10000", "2014-03-31": "1565.90000", "2013-12-31": "1509.70000", "2013-09-30": "1509.20800", "2013-06-30": "1344.33600", "2013-03-31": "1311.65500", "2012-12-31": "1367.60000", "2012-09-30": "1213.38300", "2012-06-30": "1181.98100", "2012-03-31": "1237.90400", "2011-12-31": "1198.27600", "2011-09-30": "1164.90600", "2011-06-30": "1038.39900", "2011-03-31": "1099.59000", "2010-12-31": "1062.97300", "2010-09-30": "1112.50300", "2010-06-30": "1113.87700", "2010-03-31": "1146.67600", "2009-12-31": "1219.59500", "2009-09-30": "1208.40500", "2009-06-30": "1208.21000", "2009-03-31": "1236.83600", "2008-12-31": "1273.03900", "2008-09-30": "1425.27000", "2008-06-30": "1379.11700", "2008-03-31": "1158.87500", "2007-12-31": "1151.05500", "2007-09-30": "1072.88500", "2007-06-30": "1108.90600", "2007-03-31": "1137.31500", "2006-12-31": "1422.28300", "2006-09-30": "1097.18100", "2006-06-30": "932.81000", "2006-03-31": "895.45300", "2005-12-31": "783.50600", "2005-09-30": "811.53000", "2005-06-30": "840.39790", "2005-03-31": "846.14900"}, "Total Liabilities": {"2020-09-30": "9926.20000", "2020-06-30": "10098.50000", "2020-03-31": "11109.30000", "2019-12-31": "11131.10000", "2019-09-30": "11030.40000", "2019-06-30": "10700.10000", "2019-03-31": "10914.00000", "2018-12-31": "8269.80000", "2018-09-30": "7914.90000", "2018-06-30": "8044.70000", "2018-03-31": "8348.60000", "2017-12-31": "8112.60000", "2017-09-30": "8170.30000", "2017-06-30": "7695.20000", "2017-03-31": "7498.50000", "2016-12-31": "7053.50000", "2016-09-30": "6770.70000", "2016-06-30": "6342.30000", "2016-03-31": "6448.90000", "2015-12-31": "6178.50000", "2015-09-30": "5853.80000", "2015-06-30": "5654.90000", "2015-03-31": "5556.20000", "2014-12-31": "5547.00000", "2014-09-30": "5026.90000", "2014-06-30": "5095.60000", "2014-03-31": "5029.00000", "2013-12-31": "4893.40000", "2013-09-30": "4553.41300", "2013-06-30": "4181.36700", "2013-03-31": "4109.40600", "2012-12-31": "4062.70000", "2012-09-30": "3755.78900", "2012-06-30": "3681.62000", "2012-03-31": "3652.56800", "2011-12-31": "3349.82900", "2011-09-30": "3183.05100", "2011-06-30": "2966.64800", "2011-03-31": "3120.79900", "2010-12-31": "3023.97900", "2010-09-30": "2952.81600", "2010-06-30": "2876.92900", "2010-03-31": "2973.14600", "2009-12-31": "2849.96800", "2009-09-30": "2753.93100", "2009-06-30": "2853.53000", "2009-03-31": "2896.64500", "2008-12-31": "3153.72800", "2008-09-30": "3538.02600", "2008-06-30": "3567.89300", "2008-03-31": "3492.69100", "2007-12-31": "3247.09400", "2007-09-30": "3214.84100", "2007-06-30": "3303.16500", "2007-03-31": "3291.14500", "2006-12-31": "3174.14900", "2006-09-30": "3080.21600", "2006-06-30": "2837.59500", "2006-03-31": "2719.67200", "2005-12-31": "2448.44100", "2005-09-30": "2298.78900", "2005-06-30": "2473.77900", "2005-03-31": "2577.00800"}, "Common Stock Net": {"2020-09-30": "", "2020-06-30": "", "2020-03-31": "", "2019-12-31": "", "2019-09-30": "", "2019-06-30": "", "2019-03-31": "", "2018-12-31": "", "2018-09-30": "0.00000", "2018-06-30": "", "2018-03-31": "", "2017-12-31": "", "2017-09-30": "", "2017-06-30": "", "2017-03-31": "", "2016-12-31": "", "2016-09-30": "0.00000", "2016-06-30": "", "2016-03-31": "", "2015-12-31": "", "2015-09-30": "", "2015-06-30": "", "2015-03-31": "", "2014-12-31": "", "2014-09-30": "", "2014-06-30": "", "2014-03-31": "", "2013-12-31": "693.60000", "2013-09-30": "0.00900", "2013-06-30": "0.00900", "2013-03-31": "0.00900", "2012-12-31": "700.00000", "2012-09-30": "0.00900", "2012-06-30": "0.00900", "2012-03-31": "0.00900", "2011-12-31": "0.00900", "2011-09-30": "0.00900", "2011-06-30": "0.00900", "2011-03-31": "0.00900", "2010-12-31": "0.00900", "2010-09-30": "0.00900", "2010-06-30": "0.00900", "2010-03-31": "0.00900", "2009-12-31": "0.00900", "2009-09-30": "0.00900", "2009-06-30": "0.00900", "2009-03-31": "0.00900", "2008-12-31": "0.00900", "2008-09-30": "0.00900", "2008-06-30": "0.01000", "2008-03-31": "0.01000", "2007-12-31": "0.00900", "2007-09-30": "0.00900", "2007-06-30": "0.00900", "2007-03-31": "0.00900", "2006-12-31": "0.00900", "2006-09-30": "0.00500", "2006-06-30": "0.00500", "2006-03-31": "0.00500", "2005-12-31": "0.00500", "2005-09-30": "0.00500", "2005-06-30": "0.00500", "2005-03-31": "0.00500"}, "Retained Earnings (Accumulated Deficit)": {"2020-09-30": "2985.00000", "2020-06-30": "2738.40000", "2020-03-31": "2693.30000", "2019-12-31": "2675.80000", "2019-09-30": "2607.70000", "2019-06-30": "2524.30000", "2019-03-31": "2438.80000", "2018-12-31": "2365.80000", "2018-09-30": "2299.20000", "2018-06-30": "2199.70000", "2018-03-31": "2094.90000", "2017-12-31": "2009.40000", "2017-09-30": "1707.60000", "2017-06-30": "1640.90000", "2017-03-31": "1561.50000", "2016-12-31": "1504.50000", "2016-09-30": "1446.70000", "2016-06-30": "1383.10000", "2016-03-31": "1312.70000", "2015-12-31": "1256.70000", "2015-09-30": "1208.90000", "2015-06-30": "1143.90000", "2015-03-31": "1070.70000", "2014-12-31": "1015.40000", "2014-09-30": "962.60000", "2014-06-30": "906.10000", "2014-03-31": "850.50000", "2013-12-31": "799.20000", "2013-09-30": "755.34400", "2013-06-30": "704.51600", "2013-03-31": "656.03400", "2012-12-31": "611.00000", "2012-09-30": "566.55600", "2012-06-30": "536.36700", "2012-03-31": "497.22000", "2011-12-31": "466.99100", "2011-09-30": "419.81400", "2011-06-30": "371.48000", "2011-03-31": "338.41300", "2010-12-31": "304.48600", "2010-09-30": "275.97700", "2010-06-30": "246.00000", "2010-03-31": "216.55900", "2009-12-31": "196.20500", "2009-09-30": "177.52900", "2009-06-30": "150.10600", "2009-03-31": "136.02700", "2008-12-31": "119.74400", "2008-09-30": "659.94200", "2008-06-30": "644.22500", "2008-03-31": "612.94600", "2007-12-31": "587.56600", "2007-09-30": "566.71300", "2007-06-30": "529.95900", "2007-03-31": "496.29000", "2006-12-31": "492.70400", "2006-09-30": "480.18600", "2006-06-30": "452.88100", "2006-03-31": "422.57900", "2005-12-31": "404.01000", "2005-09-30": "379.46400", "2005-06-30": "351.81200", "2005-03-31": "323.69700"}, "Comprehensive Income": {"2020-09-30": "-221.90000", "2020-06-30": "-274.80000", "2020-03-31": "-299.50000", "2019-12-31": "-202.80000", "2019-09-30": "-286.00000", "2019-06-30": "-240.30000", "2019-03-31": "-225.70000", "2018-12-31": "-234.50000", "2018-09-30": "-203.80000", "2018-06-30": "-186.40000", "2018-03-31": "-114.70000", "2017-12-31": "-146.50000", "2017-09-30": "-151.60000", "2017-06-30": "-186.20000", "2017-03-31": "-225.00000", "2016-12-31": "-250.70000", "2016-09-30": "-188.70000", "2016-06-30": "-177.60000", "2016-03-31": "-122.70000", "2015-12-31": "-122.50000", "2015-09-30": "-112.40000", "2015-06-30": "-69.30000", "2015-03-31": "-107.80000", "2014-12-31": "-53.30000", "2014-09-30": "-13.40000", "2014-06-30": "36.90000", "2014-03-31": "18.00000", "2013-12-31": "11.60000", "2013-09-30": "-3.05400", "2013-06-30": "-41.50500", "2013-03-31": "-44.48600", "2012-12-31": "-6.80000", "2012-09-30": "-8.20000", "2012-06-30": "-25.92900", "2012-03-31": "-15.03300", "2011-12-31": "-24.19100", "2011-09-30": "-12.45500", "2011-06-30": "13.37200", "2011-03-31": "14.84800", "2010-12-31": "-1.67300", "2010-09-30": "5.23800", "2010-06-30": "-26.56700", "2010-03-31": "-15.47300", "2009-12-31": "9.04900", "2009-09-30": "2.32700", "2009-06-30": "10.21000", "2009-03-31": "-43.61900", "2008-12-31": "-45.98900", "2008-09-30": "40.99400", "2008-06-30": "104.83300", "2008-03-31": "98.77600", "2007-12-31": "99.98800", "2007-09-30": "106.82800", "2007-06-30": "90.05500", "2007-03-31": "81.65600", "2006-12-31": "79.37900", "2006-09-30": "57.01400", "2006-06-30": "53.23900", "2006-03-31": "27.12800", "2005-12-31": "21.83000", "2005-09-30": "27.52800", "2005-06-30": "31.02200", "2005-03-31": "52.79400"}, "Other Share Holders Equity": {"2020-09-30": "", "2020-06-30": "", "2020-03-31": "", "2019-12-31": "", "2019-09-30": "", "2019-06-30": "", "2019-03-31": "", "2018-12-31": "", "2018-09-30": "", "2018-06-30": "", "2018-03-31": "", "2017-12-31": "", "2017-09-30": "", "2017-06-30": "", "2017-03-31": "", "2016-12-31": "", "2016-09-30": "", "2016-06-30": "", "2016-03-31": "", "2015-12-31": "", "2015-09-30": "", "2015-06-30": "", "2015-03-31": "", "2014-12-31": "", "2014-09-30": "", "2014-06-30": "", "2014-03-31": "", "2013-12-31": "", "2013-09-30": "", "2013-06-30": "", "2013-03-31": "", "2012-12-31": "", "2012-09-30": "", "2012-06-30": "", "2012-03-31": "", "2011-12-31": "", "2011-09-30": "", "2011-06-30": "", "2011-03-31": "", "2010-12-31": "", "2010-09-30": "", "2010-06-30": "", "2010-03-31": "", "2009-12-31": "", "2009-09-30": "", "2009-06-30": "", "2009-03-31": "", "2008-12-31": "", "2008-09-30": "", "2008-06-30": "", "2008-03-31": "", "2007-12-31": "", "2007-09-30": "", "2007-06-30": "", "2007-03-31": "", "2006-12-31": "", "2006-09-30": "", "2006-06-30": "", "2006-03-31": "", "2005-12-31": "", "2005-09-30": "", "2005-06-30": "", "2005-03-31": ""}, "Share Holder Equity": {"2020-09-30": "3083.50000", "2020-06-30": "2777.60000", "2020-03-31": "2707.50000", "2019-12-31": "2811.60000", "2019-09-30": "2659.10000", "2019-06-30": "2661.00000", "2019-03-31": "2660.90000", "2018-12-31": "2634.70000", "2018-09-30": "2612.00000", "2018-06-30": "2525.80000", "2018-03-31": "2494.40000", "2017-12-31": "2428.00000", "2017-09-30": "2112.00000", "2017-06-30": "2016.70000", "2017-03-31": "1896.90000", "2016-12-31": "1779.50000", "2016-09-30": "1788.70000", "2016-06-30": "1732.90000", "2016-03-31": "1724.00000", "2015-12-31": "1834.90000", "2015-09-30": "1821.10000", "2015-06-30": "1779.00000", "2015-03-31": "1671.40000", "2014-12-31": "1681.20000", "2014-09-30": "1655.40000", "2014-06-30": "1646.70000", "2014-03-31": "1583.20000", "2013-12-31": "1522.10000", "2013-09-30": "1457.39100", "2013-06-30": "1356.26500", "2013-03-31": "1305.57600", "2012-12-31": "1316.30000", "2012-09-30": "1268.39100", "2012-06-30": "1211.24500", "2012-03-31": "1182.19700", "2011-12-31": "1149.57200", "2011-09-30": "1112.41800", "2011-06-30": "1120.23100", "2011-03-31": "1099.03700", "2010-12-31": "1045.85300", "2010-09-30": "1022.78100", "2010-06-30": "961.73400", "2010-03-31": "943.02900", "2009-12-31": "946.03900", "2009-09-30": "918.96900", "2009-06-30": "897.99600", "2009-03-31": "828.47000", "2008-12-31": "808.42100", "2008-09-30": "1391.65600", "2008-06-30": "1488.19900", "2008-03-31": "1448.48000", "2007-12-31": "1421.45900", "2007-09-30": "1403.76000", "2007-06-30": "1347.91600", "2007-03-31": "1302.99900", "2006-12-31": "1295.65300", "2006-09-30": "1258.71200", "2006-06-30": "1226.27100", "2006-03-31": "1163.36500", "2005-12-31": "1145.73200", "2005-09-30": "1124.89700", "2005-06-30": "1098.46800", "2005-03-31": "1089.45500"}, "Total Liabilities And Share Holders Equity": {"2020-09-30": "13009.70000", "2020-06-30": "12876.10000", "2020-03-31": "13816.80000", "2019-12-31": "13942.70000", "2019-09-30": "13689.50000", "2019-06-30": "13361.10000", "2019-03-31": "13574.90000", "2018-12-31": "10904.50000", "2018-09-30": "10526.90000", "2018-06-30": "10570.50000", "2018-03-31": "10843.00000", "2017-12-31": "10540.60000", "2017-09-30": "10282.30000", "2017-06-30": "9711.90000", "2017-03-31": "9395.40000", "2016-12-31": "8833.00000", "2016-09-30": "8559.40000", "2016-06-30": "8075.20000", "2016-03-31": "8172.90000", "2015-12-31": "8013.40000", "2015-09-30": "7674.90000", "2015-06-30": "7433.90000", "2015-03-31": "7227.60000", "2014-12-31": "7228.20000", "2014-09-30": "6682.30000", "2014-06-30": "6742.30000", "2014-03-31": "6612.20000", "2013-12-31": "6415.50000", "2013-09-30": "6010.80400", "2013-06-30": "5537.63200", "2013-03-31": "5414.98200", "2012-12-31": "5379.00000", "2012-09-30": "5024.18000", "2012-06-30": "4892.86500", "2012-03-31": "4834.76500", "2011-12-31": "4499.40100", "2011-09-30": "4295.46900", "2011-06-30": "4086.87900", "2011-03-31": "4219.83600", "2010-12-31": "4069.83200", "2010-09-30": "3975.59700", "2010-06-30": "3838.66300", "2010-03-31": "3916.17500", "2009-12-31": "3796.00700", "2009-09-30": "3672.90000", "2009-06-30": "3751.52600", "2009-03-31": "3725.11500", "2008-12-31": "3962.14900", "2008-09-30": "4929.68200", "2008-06-30": "5056.09200", "2008-03-31": "4941.17100", "2007-12-31": "4668.55300", "2007-09-30": "4618.60100", "2007-06-30": "4651.08100", "2007-03-31": "4594.14400", "2006-12-31": "4469.80200", "2006-09-30": "4338.92800", "2006-06-30": "4063.86600", "2006-03-31": "3883.03700", "2005-12-31": "3594.17300", "2005-09-30": "3423.68600", "2005-06-30": "3572.24700", "2005-03-31": "3666.46300"}}, "cash flow statement": {"Net Income/Loss": {"2019-12-31": "435.10000", "2018-12-31": "470.30000", "2017-12-31": "612.80000", "2016-12-31": "346.40000", "2015-12-31": "330.40000", "2014-12-31": "290.10000", "2013-12-31": "245.70000", "2012-12-31": "187.20000", "2011-12-31": "178.30000", "2010-12-31": "109.34700", "2009-12-31": "76.92000", "2008-12-31": "-418.90300", "2007-12-31": "122.23300", "2006-12-31": "124.70100", "2005-12-31": "118.97300"}, "Total Depreciation And Amortization - Cash Flow": {"2019-12-31": "109.60000", "2018-12-31": "103.70000", "2017-12-31": "95.10000", "2016-12-31": "89.70000", "2015-12-31": "78.00000", "2014-12-31": "70.20000", "2013-12-31": "59.60000", "2012-12-31": "52.20000", "2011-12-31": "48.10000", "2010-12-31": "53.16000", "2009-12-31": "64.44400", "2008-12-31": "67.86100", "2007-12-31": "62.90300", "2006-12-31": "42.44500", "2005-12-31": "37.36200"}, "Other Non-Cash Items": {"2019-12-31": "-2.90000", "2018-12-31": "16.40000", "2017-12-31": "-177.40000", "2016-12-31": "113.20000", "2015-12-31": "20.10000", "2014-12-31": "20.40000", "2013-12-31": "57.40000", "2012-12-31": "92.00000", "2011-12-31": "19.70000", "2010-12-31": "18.21300", "2009-12-31": "25.00600", "2008-12-31": "530.65300", "2007-12-31": "38.30100", "2006-12-31": "31.12800", "2005-12-31": "14.44600"}, "Total Non-Cash Items": {"2019-12-31": "106.70000", "2018-12-31": "120.10000", "2017-12-31": "-82.30000", "2016-12-31": "202.90000", "2015-12-31": "98.10000", "2014-12-31": "90.60000", "2013-12-31": "117.00000", "2012-12-31": "144.20000", "2011-12-31": "67.80000", "2010-12-31": "71.37300", "2009-12-31": "89.45000", "2008-12-31": "598.51400", "2007-12-31": "101.20400", "2006-12-31": "73.57300", "2005-12-31": "51.80800"}, "Change In Accounts Receivable": {"2019-12-31": "-30.90000", "2018-12-31": "30.40000", "2017-12-31": "-73.10000", "2016-12-31": "-92.50000", "2015-12-31": "-23.50000", "2014-12-31": "-41.20000", "2013-12-31": "-35.10000", "2012-12-31": "-86.00000", "2011-12-31": "-60.80000", "2010-12-31": "-69.57700", "2009-12-31": "-28.34100", "2008-12-31": "145.23500", "2007-12-31": "21.94700", "2006-12-31": "-49.81800", "2005-12-31": "-59.46200"}, "Change In Inventories": {"2019-12-31": "-117.80000", "2018-12-31": "-12.60000", "2017-12-31": "-419.90000", "2016-12-31": "130.40000", "2015-12-31": "-428.40000", "2014-12-31": "-120.60000", "2013-12-31": "-391.00000", "2012-12-31": "-311.60000", "2011-12-31": "-87.60000", "2010-12-31": "-185.18500", "2009-12-31": "298.93000", "2008-12-31": "145.27800", "2007-12-31": "-144.80300", "2006-12-31": "-209.92900", "2005-12-31": "23.15400"}, "Change In Accounts Payable": {"2019-12-31": "", "2018-12-31": "", "2017-12-31": "", "2016-12-31": "", "2015-12-31": "", "2014-12-31": "", "2013-12-31": "", "2012-12-31": "", "2011-12-31": "", "2010-12-31": "", "2009-12-31": "", "2008-12-31": "", "2007-12-31": "", "2006-12-31": "", "2005-12-31": ""}, "Change In Assets/Liabilities": {"2019-12-31": "83.90000", "2018-12-31": "27.40000", "2017-12-31": "276.30000", "2016-12-31": "-162.80000", "2015-12-31": "360.80000", "2014-12-31": "140.70000", "2013-12-31": "290.60000", "2012-12-31": "400.10000", "2011-12-31": "78.90000", "2010-12-31": "173.82000", "2009-12-31": "-188.81100", "2008-12-31": "-2.55800", "2007-12-31": "233.49600", "2006-12-31": "125.71800", "2005-12-31": "54.44400"}, "Total Change In Assets/Liabilities": {"2019-12-31": "6.60000", "2018-12-31": "28.10000", "2017-12-31": "55.30000", "2016-12-31": "-142.70000", "2015-12-31": "-25.10000", "2014-12-31": "-1.50000", "2013-12-31": "-54.70000", "2012-12-31": "14.50000", "2011-12-31": "-99.60000", "2010-12-31": "-16.95300", "2009-12-31": "125.26100", "2008-12-31": "166.13200", "2007-12-31": "77.05700", "2006-12-31": "-72.65900", "2005-12-31": "-0.96300"}, "Cash Flow From Operating Activities": {"2019-12-31": "518.30000", "2018-12-31": "614.20000", "2017-12-31": "623.00000", "2016-12-31": "371.30000", "2015-12-31": "397.80000", "2014-12-31": "359.30000", "2013-12-31": "298.90000", "2012-12-31": "325.70000", "2011-12-31": "136.80000", "2010-12-31": "207.41600", "2009-12-31": "302.33400", "2008-12-31": "404.62800", "2007-12-31": "300.49400", "2006-12-31": "125.61500", "2005-12-31": "169.81800"}, "Net Change In Property, Plant, And Equipment": {"2019-12-31": "-226.40000", "2018-12-31": "-294.90000", "2017-12-31": "-224.80000", "2016-12-31": "-203.10000", "2015-12-31": "-199.50000", "2014-12-31": "-176.10000", "2013-12-31": "-175.00000", "2012-12-31": "-149.30000", "2011-12-31": "-131.70000", "2010-12-31": "-74.90000", "2009-12-31": "-86.86500", "2008-12-31": "-174.41000", "2007-12-31": "-62.69900", "2006-12-31": "-116.61500", "2005-12-31": "-97.65500"}, "Net Change In Intangible Assets": {"2019-12-31": "", "2018-12-31": "", "2017-12-31": "", "2016-12-31": "", "2015-12-31": "", "2014-12-31": "", "2013-12-31": "", "2012-12-31": "", "2011-12-31": "", "2010-12-31": "", "2009-12-31": "", "2008-12-31": "", "2007-12-31": "", "2006-12-31": "", "2005-12-31": ""}, "Net Acquisitions/Divestitures": {"2019-12-31": "-304.10000", "2018-12-31": "-224.60000", "2017-12-31": "-663.70000", "2016-12-31": "-635.10000", "2015-12-31": "-156.90000", "2014-12-31": "-355.00000", "2013-12-31": "-314.00000", "2012-12-31": "-233.30000", "2011-12-31": "-232.10000", "2010-12-31": "-22.23200", "2009-12-31": "-8.51700", "2008-12-31": "-366.08900", "2007-12-31": "-180.72100", "2006-12-31": "-368.19300", "2005-12-31": "-125.57900"}, "Net Change In Short-term Investments": {"2019-12-31": "", "2018-12-31": "", "2017-12-31": "", "2016-12-31": "", "2015-12-31": "", "2014-12-31": "", "2013-12-31": "", "2012-12-31": "", "2011-12-31": "", "2010-12-31": "", "2009-12-31": "", "2008-12-31": "", "2007-12-31": "", "2006-12-31": "", "2005-12-31": ""}, "Net Change In Long-Term Investments": {"2019-12-31": "", "2018-12-31": "", "2017-12-31": "", "2016-12-31": "", "2015-12-31": "", "2014-12-31": "", "2013-12-31": "", "2012-12-31": "", "2011-12-31": "", "2010-12-31": "", "2009-12-31": "", "2008-12-31": "", "2007-12-31": "", "2006-12-31": "", "2005-12-31": ""}, "Net Change In Investments - Total": {"2019-12-31": "", "2018-12-31": "", "2017-12-31": "", "2016-12-31": "", "2015-12-31": "", "2014-12-31": "", "2013-12-31": "", "2012-12-31": "", "2011-12-31": "", "2010-12-31": "", "2009-12-31": "", "2008-12-31": "", "2007-12-31": "", "2006-12-31": "", "2005-12-31": ""}, "Investing Activities - Other": {"2019-12-31": "-2.20000", "2018-12-31": "-5.70000", "2017-12-31": "-40.20000", "2016-12-31": "1.50000", "2015-12-31": "4.70000", "2014-12-31": "-22.60000", "2013-12-31": "-2.60000", "2012-12-31": "8.80000", "2011-12-31": "2.90000", "2010-12-31": "13.82200", "2009-12-31": "17.99400", "2008-12-31": "-1.50000", "2007-12-31": "15.51800", "2006-12-31": "", "2005-12-31": ""}, "Cash Flow From Investing Activities": {"2019-12-31": "-532.70000", "2018-12-31": "-525.20000", "2017-12-31": "-928.70000", "2016-12-31": "-836.70000", "2015-12-31": "-351.70000", "2014-12-31": "-553.70000", "2013-12-31": "-491.60000", "2012-12-31": "-373.80000", "2011-12-31": "-360.90000", "2010-12-31": "-83.31000", "2009-12-31": "-77.38800", "2008-12-31": "-541.99900", "2007-12-31": "-227.90200", "2006-12-31": "-484.80800", "2005-12-31": "-223.23400"}, "Net Long-Term Debt": {"2019-12-31": "307.90000", "2018-12-31": "103.50000", "2017-12-31": "459.30000", "2016-12-31": "723.90000", "2015-12-31": "92.10000", "2014-12-31": "254.80000", "2013-12-31": "272.20000", "2012-12-31": "115.00000", "2011-12-31": "264.90000", "2010-12-31": "-121.93700", "2009-12-31": "-211.62500", "2008-12-31": "197.09700", "2007-12-31": "-159.93700", "2006-12-31": "483.63800", "2005-12-31": "17.25600"}, "Net Current Debt": {"2019-12-31": "", "2018-12-31": "", "2017-12-31": "", "2016-12-31": "", "2015-12-31": "", "2014-12-31": "", "2013-12-31": "", "2012-12-31": "", "2011-12-31": "", "2010-12-31": "", "2009-12-31": "", "2008-12-31": "", "2007-12-31": "", "2006-12-31": "", "2005-12-31": ""}, "Debt Issuance/Retirement Net - Total": {"2019-12-31": "307.90000", "2018-12-31": "103.50000", "2017-12-31": "459.30000", "2016-12-31": "723.90000", "2015-12-31": "92.10000", "2014-12-31": "254.80000", "2013-12-31": "272.20000", "2012-12-31": "115.00000", "2011-12-31": "264.90000", "2010-12-31": "-121.93700", "2009-12-31": "-211.62500", "2008-12-31": "197.09700", "2007-12-31": "-159.93700", "2006-12-31": "483.63800", "2005-12-31": "17.25600"}, "Net Common Equity Issued/Repurchased": {"2019-12-31": "-169.20000", "2018-12-31": "-68.90000", "2017-12-31": "-18.50000", "2016-12-31": "-173.60000", "2015-12-31": "-48.90000", "2014-12-31": "-15.50000", "2013-12-31": "-15.80000", "2012-12-31": "-9.80000", "2011-12-31": "-40.90000", "2010-12-31": "-0.21100", "2009-12-31": "0.34900", "2008-12-31": "-52.84000", "2007-12-31": "2.61400", "2006-12-31": "-0.88600", "2005-12-31": "4.67400"}, "Net Total Equity Issued/Repurchased": {"2019-12-31": "-169.20000", "2018-12-31": "-68.90000", "2017-12-31": "-18.50000", "2016-12-31": "-173.60000", "2015-12-31": "-48.90000", "2014-12-31": "-15.50000", "2013-12-31": "-15.80000", "2012-12-31": "-9.80000", "2011-12-31": "-40.90000", "2010-12-31": "-0.21100", "2009-12-31": "0.34900", "2008-12-31": "-52.84000", "2007-12-31": "2.61400", "2006-12-31": "-0.88600", "2005-12-31": "4.67400"}, "Total Common And Preferred Stock Dividends Paid": {"2019-12-31": "-130.80000", "2018-12-31": "-121.20000", "2017-12-31": "-108.40000", "2016-12-31": "-95.10000", "2015-12-31": "-84.80000", "2014-12-31": "-70.50000", "2013-12-31": "-56.00000", "2012-12-31": "-41.50000", "2011-12-31": "-22.00000", "2010-12-31": "", "2009-12-31": "", "2008-12-31": "-33.90200", "2007-12-31": "-28.44700", "2006-12-31": "-25.21500", "2005-12-31": "-20.84400"}, "Financial Activities - Other": {"2019-12-31": "-5.30000", "2018-12-31": "-7.70000", "2017-12-31": "-9.80000", "2016-12-31": "-22.20000", "2015-12-31": "-14.00000", "2014-12-31": "-4.10000", "2013-12-31": "0.20000", "2012-12-31": "-9.70000", "2011-12-31": "", "2010-12-31": "", "2009-12-31": "", "2008-12-31": "-0.66100", "2007-12-31": "", "2006-12-31": "-17.21000", "2005-12-31": ""}, "Cash Flow From Financial Activities": {"2019-12-31": "2.60000", "2018-12-31": "-94.30000", "2017-12-31": "322.60000", "2016-12-31": "433.00000", "2015-12-31": "-55.60000", "2014-12-31": "164.70000", "2013-12-31": "200.60000", "2012-12-31": "54.00000", "2011-12-31": "202.00000", "2010-12-31": "-122.14800", "2009-12-31": "-211.27600", "2008-12-31": "109.69400", "2007-12-31": "-185.77000", "2006-12-31": "440.32700", "2005-12-31": "1.08600"}, "Net Cash Flow": {"2019-12-31": "-11.30000", "2018-12-31": "-6.30000", "2017-12-31": "21.70000", "2016-12-31": "-38.40000", "2015-12-31": "26.10000", "2014-12-31": "-14.00000", "2013-12-31": "6.40000", "2012-12-31": "17.10000", "2011-12-31": "8.90000", "2010-12-31": "4.10900", "2009-12-31": "2.40400", "2008-12-31": "3.49200", "2007-12-31": "-4.44700", "2006-12-31": "12.38000", "2005-12-31": "-9.22200"}, "Stock-Based Compensation": {"2019-12-31": "", "2018-12-31": "", "2017-12-31": "", "2016-12-31": "", "2015-12-31": "", "2014-12-31": "", "2013-12-31": "", "2012-12-31": "", "2011-12-31": "", "2010-12-31": "", "2009-12-31": "", "2008-12-31": "", "2007-12-31": "", "2006-12-31": "", "2005-12-31": ""}, "Common Stock Dividends Paid": {"2019-12-31": "-130.80000", "2018-12-31": "-121.20000", "2017-12-31": "-108.40000", "2016-12-31": "-95.10000", "2015-12-31": "-84.80000", "2014-12-31": "-70.50000", "2013-12-31": "-56.00000", "2012-12-31": "-41.50000", "2011-12-31": "-22.00000", "2010-12-31": "", "2009-12-31": "", "2008-12-31": "-33.90200", "2007-12-31": "-28.44700", "2006-12-31": "-25.21500", "2005-12-31": "-20.84400"}}, "cash flow statement, quarterly": {"Net Income/Loss": {"2020-09-30": 247.6, "2020-06-30": 44.8, "2020-03-31": "51.50000", "2019-12-31": 101.3, "2019-09-30": 116.1, "2019-06-30": 118.5, "2019-03-31": "99.20000", "2018-12-31": 97.2, "2018-09-30": 130.1, "2018-06-30": 135.2, "2018-03-31": "107.80000", "2017-12-31": 328.6, "2017-09-30": 94.3, "2017-06-30": 106.9, "2017-03-31": "83.00000", "2016-12-31": 82.7, "2016-09-30": 88.5, "2016-06-30": 95, "2016-03-31": "80.20000", "2015-12-31": 71.3, "2015-09-30": 87.5, "2015-06-30": 95.7, "2015-03-31": "75.90000", "2014-12-31": 73.2, "2014-09-30": 75.1, "2014-06-30": 73.9, "2014-03-31": "67.90000", "2013-12-31": 59.7, "2013-09-30": 65.5, "2013-06-30": 62.5, "2013-03-31": "58.00000", "2012-12-31": 49.269, "2012-09-30": 41.313, "2012-06-30": 49.612, "2012-03-31": "47.00600", "2011-12-31": 48.199, "2011-09-30": 56.045, "2011-06-30": 40.059, "2011-03-31": "33.99700", "2010-12-31": 29.071, "2010-09-30": 30.26, "2010-06-30": 29.684, "2010-03-31": "20.33200", "2009-12-31": 18.889, "2009-09-30": 27.662, "2009-06-30": 14.167, "2009-03-31": "16.20200", "2008-12-31": -511.863, "2008-09-30": 22.372, "2008-06-30": 38.257, "2008-03-31": "32.33100", "2007-12-31": 23.896, "2007-09-30": 43.4, "2007-06-30": 40.355, "2007-03-31": "14.58200", "2006-12-31": 30.323, "2006-09-30": 33.73, "2006-06-30": 36.693, "2006-03-31": "23.95500", "2005-12-31": 30.121, "2005-09-30": 32.764, "2005-06-30": 33.196, "2005-03-31": "22.89200"}, "Total Depreciation And Amortization - Cash Flow": {"2020-09-30": 29, "2020-06-30": 27.9, "2020-03-31": "28.50000", "2019-12-31": 28.6, "2019-09-30": 27.5, "2019-06-30": 27.1, "2019-03-31": "26.40000", "2018-12-31": 26.5, "2018-09-30": 25.9, "2018-06-30": 25.7, "2018-03-31": "25.60000", "2017-12-31": 25.1, "2017-09-30": 24.3, "2017-06-30": 23.3, "2017-03-31": "22.40000", "2016-12-31": 22.9, "2016-09-30": 21.5, "2016-06-30": 24.5, "2016-03-31": "20.80000", "2015-12-31": 20.3, "2015-09-30": 19.8, "2015-06-30": 19.3, "2015-03-31": "18.60000", "2014-12-31": 19.6, "2014-09-30": 17.5, "2014-06-30": 17, "2014-03-31": "16.10000", "2013-12-31": 15.2, "2013-09-30": 15.4, "2013-06-30": 14.7, "2013-03-31": "14.30000", "2012-12-31": 12.186, "2012-09-30": 13.704, "2012-06-30": 13.36, "2012-03-31": "12.95000", "2011-12-31": 10.25, "2011-09-30": 12.427, "2011-06-30": 11.907, "2011-03-31": "13.51600", "2010-12-31": 11.047, "2010-09-30": 13.396, "2010-06-30": 13.612, "2010-03-31": "15.10500", "2009-12-31": 13.825, "2009-09-30": 17.154, "2009-06-30": 16.946, "2009-03-31": "16.51900", "2008-12-31": 16.75, "2008-09-30": 17.462, "2008-06-30": 16.862, "2008-03-31": "16.78700", "2007-12-31": 25.246, "2007-09-30": 12.453, "2007-06-30": 12.864, "2007-03-31": "12.34000", "2006-12-31": 10.13, "2006-09-30": 11.333, "2006-06-30": 10.807, "2006-03-31": "10.17500", "2005-12-31": 8.571, "2005-09-30": 9.585, "2005-06-30": 9.027, "2005-03-31": "10.17900"}, "Other Non-Cash Items": {"2020-09-30": 105.4, "2020-06-30": -30.8, "2020-03-31": "13.80000", "2019-12-31": 27, "2019-09-30": -6, "2019-06-30": -8.8, "2019-03-31": "-15.10000", "2018-12-31": 21.8, "2018-09-30": -8.5, "2018-06-30": -3.2, "2018-03-31": "6.30000", "2017-12-31": -329.5, "2017-09-30": 96.6, "2017-06-30": 25.6, "2017-03-31": "29.90000", "2016-12-31": 53, "2016-09-30": 55.7, "2016-06-30": 6.1, "2016-03-31": "-1.60000", "2015-12-31": 51.8, "2015-09-30": 1.8, "2015-06-30": -5.1, "2015-03-31": "-28.40000", "2014-12-31": 26.3, "2014-09-30": -5.2, "2014-06-30": 4.8, "2014-03-31": "-5.50000", "2013-12-31": 27.4, "2013-09-30": 13.8, "2013-06-30": 7.3, "2013-03-31": "8.90000", "2012-12-31": 71.542, "2012-09-30": 21.143, "2012-06-30": -4.231, "2012-03-31": "3.54600", "2011-12-31": 19.593, "2011-09-30": -6.815, "2011-06-30": -1.897, "2011-03-31": "8.81900", "2010-12-31": 6.664, "2010-09-30": 0.33, "2010-06-30": -0.602, "2010-03-31": "11.82100", "2009-12-31": 7.456, "2009-09-30": 5.604, "2009-06-30": 10.944, "2009-03-31": "1.00200", "2008-12-31": 530.813, "2008-09-30": -1.182, "2008-06-30": -0.692, "2008-03-31": "1.71400", "2007-12-31": 8.67, "2007-09-30": 0.743, "2007-06-30": 4.017, "2007-03-31": "24.87100", "2006-12-31": 14.339, "2006-09-30": 7.125, "2006-06-30": 4.373, "2006-03-31": "5.29100", "2005-12-31": -1.421, "2005-09-30": 5.762, "2005-06-30": 2.039, "2005-03-31": "8.06600"}, "Total Non-Cash Items": {"2020-09-30": 134.4, "2020-06-30": -2.9, "2020-03-31": "42.30000", "2019-12-31": 55.6, "2019-09-30": 21.5, "2019-06-30": 18.3, "2019-03-31": "11.30000", "2018-12-31": 48.3, "2018-09-30": 17.4, "2018-06-30": 22.5, "2018-03-31": "31.90000", "2017-12-31": -304.4, "2017-09-30": 120.9, "2017-06-30": 48.9, "2017-03-31": "52.30000", "2016-12-31": 75.9, "2016-09-30": 77.2, "2016-06-30": 30.6, "2016-03-31": "19.20000", "2015-12-31": 72.1, "2015-09-30": 21.6, "2015-06-30": 14.2, "2015-03-31": "-9.80000", "2014-12-31": 45.9, "2014-09-30": 12.3, "2014-06-30": 21.8, "2014-03-31": "10.60000", "2013-12-31": 42.6, "2013-09-30": 29.2, "2013-06-30": 22, "2013-03-31": "23.20000", "2012-12-31": 83.728, "2012-09-30": 34.847, "2012-06-30": 9.129, "2012-03-31": "16.49600", "2011-12-31": 29.843, "2011-09-30": 5.612, "2011-06-30": 10.01, "2011-03-31": "22.33500", "2010-12-31": 17.711, "2010-09-30": 13.726, "2010-06-30": 13.01, "2010-03-31": "26.92600", "2009-12-31": 21.281, "2009-09-30": 22.758, "2009-06-30": 27.89, "2009-03-31": "17.52100", "2008-12-31": 547.563, "2008-09-30": 16.28, "2008-06-30": 16.17, "2008-03-31": "18.50100", "2007-12-31": 33.916, "2007-09-30": 13.196, "2007-06-30": 16.881, "2007-03-31": "37.21100", "2006-12-31": 24.469, "2006-09-30": 18.458, "2006-06-30": 15.18, "2006-03-31": "15.46600", "2005-12-31": 7.15, "2005-09-30": 15.347, "2005-06-30": 11.066, "2005-03-31": "18.24500"}, "Change In Accounts Receivable": {"2020-09-30": -91.7, "2020-06-30": -140, "2020-03-31": "343.90000", "2019-12-31": 7.1, "2019-09-30": -22.8, "2019-06-30": 89.7, "2019-03-31": "-104.90000", "2018-12-31": 24.3, "2018-09-30": -33.7, "2018-06-30": 116.5, "2018-03-31": "-76.70000", "2017-12-31": -24.4, "2017-09-30": -106.9, "2017-06-30": 24.7, "2017-03-31": "33.50000", "2016-12-31": -25.4, "2016-09-30": -25.9, "2016-06-30": 12, "2016-03-31": "-53.20000", "2015-12-31": -6.9, "2015-09-30": 19.9, "2015-06-30": 7.7, "2015-03-31": "-44.20000", "2014-12-31": 0.3, "2014-09-30": -4.9, "2014-06-30": 39.2, "2014-03-31": "-75.80000", "2013-12-31": -18.7, "2013-09-30": -22, "2013-06-30": -5.1, "2013-03-31": "10.70000", "2012-12-31": -54.409, "2012-09-30": -23.191, "2012-06-30": 25.278, "2012-03-31": "-33.67800", "2011-12-31": -61.718, "2011-09-30": -19.229, "2011-06-30": 49.325, "2011-03-31": "-29.17800", "2010-12-31": -29.616, "2010-09-30": -14.204, "2010-06-30": 25.573, "2010-03-31": "-51.33000", "2009-12-31": -0.124, "2009-09-30": -1.29, "2009-06-30": -8.725, "2009-03-31": "-18.20200", "2008-12-31": 74.028, "2008-09-30": 50.399, "2008-06-30": 73.468, "2008-03-31": "-52.66000", "2007-12-31": 50.148, "2007-09-30": -41.712, "2007-06-30": 52.264, "2007-03-31": "-38.75300", "2006-12-31": -21.927, "2006-09-30": -47.293, "2006-06-30": -6.613, "2006-03-31": "26.01500", "2005-12-31": -46.995, "2005-09-30": 21.378, "2005-06-30": -23.146, "2005-03-31": "-10.69900"}, "Change In Inventories": {"2020-09-30": 216.2, "2020-06-30": 836.6, "2020-03-31": "-9.30000", "2019-12-31": -237.7, "2019-09-30": 84.4, "2019-06-30": 126, "2019-03-31": "-90.50000", "2018-12-31": -217.8, "2018-09-30": 111.9, "2018-06-30": 84.1, "2018-03-31": "9.20000", "2017-12-31": -193.2, "2017-09-30": -48.9, "2017-06-30": -125.3, "2017-03-31": "-52.50000", "2016-12-31": -116.2, "2016-09-30": 90.1, "2016-06-30": 206.2, "2016-03-31": "-49.70000", "2015-12-31": -248, "2015-09-30": 5.7, "2015-06-30": -168.9, "2015-03-31": "-17.20000", "2014-12-31": -180.9, "2014-09-30": 115.9, "2014-06-30": -54.8, "2014-03-31": "-0.80000", "2013-12-31": -237.9, "2013-09-30": -13.2, "2013-06-30": -81.8, "2013-03-31": "-58.10000", "2012-12-31": -120.973, "2012-09-30": -15.221, "2012-06-30": -74.01, "2012-03-31": "-101.39600", "2011-12-31": -122.357, "2011-09-30": 24.561, "2011-06-30": 48.693, "2011-03-31": "-38.49700", "2010-12-31": -60.405, "2010-09-30": -77.669, "2010-06-30": -4.815, "2010-03-31": "-42.29600", "2009-12-31": -128.938, "2009-09-30": 87.212, "2009-06-30": 91.718, "2009-03-31": "248.93800", "2008-12-31": 108.264, "2008-09-30": 96.583, "2008-06-30": 71.997, "2008-03-31": "-131.56600", "2007-12-31": -113.947, "2007-09-30": 40.584, "2007-06-30": 14.49, "2007-03-31": "-85.93000", "2006-12-31": -127.42, "2006-09-30": 38.648, "2006-06-30": -52.475, "2006-03-31": "-68.68200", "2005-12-31": -109.004, "2005-09-30": 110.311, "2005-06-30": 58.014, "2005-03-31": "-36.16700"}, "Change In Accounts Payable": {"2020-09-30": 0, "2020-06-30": 0, "2020-03-31": "", "2019-12-31": 0, "2019-09-30": 0, "2019-06-30": 0, "2019-03-31": "", "2018-12-31": 0, "2018-09-30": 0, "2018-06-30": 0, "2018-03-31": "", "2017-12-31": 0, "2017-09-30": 0, "2017-06-30": 0, "2017-03-31": "", "2016-12-31": 0, "2016-09-30": 0, "2016-06-30": 0, "2016-03-31": "", "2015-12-31": 0, "2015-09-30": 0, "2015-06-30": 0, "2015-03-31": "", "2014-12-31": 0, "2014-09-30": 0, "2014-06-30": 0, "2014-03-31": "", "2013-12-31": 0, "2013-09-30": 0, "2013-06-30": 0, "2013-03-31": "", "2012-12-31": 0, "2012-09-30": 0, "2012-06-30": 0, "2012-03-31": "", "2011-12-31": 0, "2011-09-30": 0, "2011-06-30": 0, "2011-03-31": "", "2010-12-31": 0, "2010-09-30": 0, "2010-06-30": 0, "2010-03-31": "", "2009-12-31": 0, "2009-09-30": 0, "2009-06-30": 0, "2009-03-31": "", "2008-12-31": 0, "2008-09-30": 0, "2008-06-30": 0, "2008-03-31": "", "2007-12-31": 0, "2007-09-30": 0, "2007-06-30": 0, "2007-03-31": "", "2006-12-31": 0, "2006-09-30": 0, "2006-06-30": 0, "2006-03-31": "", "2005-12-31": 0, "2005-09-30": 0, "2005-06-30": 0, "2005-03-31": ""}, "Change In Assets/Liabilities": {"2020-09-30": -473.3, "2020-06-30": -325.8, "2020-03-31": "-126.80000", "2019-12-31": -24.8, "2019-09-30": 93.7, "2019-06-30": -68.9, "2019-03-31": "83.90000", "2018-12-31": 192.6, "2018-09-30": -108.5, "2018-06-30": -77.6, "2018-03-31": "20.90000", "2017-12-31": 138.5, "2017-09-30": 74.9, "2017-06-30": 42.5, "2017-03-31": "20.40000", "2016-12-31": 11.3, "2016-09-30": 11.3, "2016-06-30": -200.7, "2016-03-31": "15.30000", "2015-12-31": 135.8, "2015-09-30": 32.7, "2015-06-30": 89.1, "2015-03-31": "103.20000", "2014-12-31": 217.6, "2014-09-30": -112, "2014-06-30": -1.8, "2014-03-31": "36.90000", "2013-12-31": 164.1, "2013-09-30": 50, "2013-06-30": 47.1, "2013-03-31": "29.40000", "2012-12-31": 144.085, "2012-09-30": 79.851, "2012-06-30": 42.075, "2012-03-31": "134.08900", "2011-12-31": 93.674, "2011-09-30": 58.301, "2011-06-30": -107.427, "2011-03-31": "34.35200", "2010-12-31": 61.672, "2010-09-30": 91.71, "2010-06-30": -24.927, "2010-03-31": "45.36500", "2009-12-31": 67.182, "2009-09-30": -67.859, "2009-06-30": -67.358, "2009-03-31": "-120.77600", "2008-12-31": -102.729, "2008-09-30": -20.059, "2008-06-30": -3.537, "2008-03-31": "123.76700", "2007-12-31": 56.985, "2007-09-30": -36.974, "2007-06-30": 6.562, "2007-03-31": "206.92300", "2006-12-31": 86.377, "2006-09-30": -98.957, "2006-06-30": 124.255, "2006-03-31": "14.04300", "2005-12-31": 172.81, "2005-09-30": -117.808, "2005-06-30": -59.513, "2005-03-31": "58.95500"}, "Total Change In Assets/Liabilities": {"2020-09-30": -212.2001, "2020-06-30": 491.2, "2020-03-31": "122.90000", "2019-12-31": -312.6, "2019-09-30": 228.6, "2019-06-30": 67.6, "2019-03-31": "23.00000", "2018-12-31": -44.2, "2018-09-30": -32.8, "2018-06-30": 42.9, "2018-03-31": "62.20000", "2017-12-31": 94.5, "2017-09-30": -68.6, "2017-06-30": -58, "2017-03-31": "87.40000", "2016-12-31": -163.6, "2016-09-30": 10.4, "2016-06-30": 41.8, "2016-03-31": "-31.30000", "2015-12-31": -113.4, "2015-09-30": 19.6, "2015-06-30": -37.6, "2015-03-31": "106.30000", "2014-12-31": -11.5, "2014-09-30": -39.5, "2014-06-30": 4.6, "2014-03-31": "44.90000", "2013-12-31": -78, "2013-09-30": 22.4, "2013-06-30": -11.1, "2013-03-31": "12.00000", "2012-12-31": -56.857, "2012-09-30": -14.238, "2012-06-30": 12.43, "2012-03-31": "73.16500", "2011-12-31": -135.694, "2011-09-30": 89.035, "2011-06-30": -16.625, "2011-03-31": "-36.31600", "2010-12-31": 1.169, "2010-09-30": 17.432, "2010-06-30": -20.079, "2010-03-31": "-15.47500", "2009-12-31": -77.003, "2009-09-30": 43.763, "2009-06-30": 23.619, "2009-03-31": "134.88200", "2008-12-31": -15.553, "2008-09-30": 88.842, "2008-06-30": 98.123, "2008-03-31": "-5.28000", "2007-12-31": -94.921, "2007-09-30": -6.158, "2007-06-30": 121.534, "2007-03-31": "56.60200", "2006-12-31": -164.851, "2006-09-30": -36.153, "2006-06-30": 72.529, "2006-03-31": "55.81600", "2005-12-31": -30.194, "2005-09-30": -5.488, "2005-06-30": -4.005, "2005-03-31": "38.72400"}, "Cash Flow From Operating Activities": {"2020-09-30": 65.1, "2020-06-30": 572.5, "2020-03-31": "211.90000", "2019-12-31": -142.5, "2019-09-30": 356.2, "2019-06-30": 213.2, "2019-03-31": "91.40000", "2018-12-31": 78.3, "2018-09-30": 118.9, "2018-06-30": 242.2, "2018-03-31": "174.80000", "2017-12-31": 156.2, "2017-09-30": 146.3, "2017-06-30": 121.9, "2017-03-31": "198.60000", "2016-12-31": -92, "2016-09-30": 192.7, "2016-06-30": 188, "2016-03-31": "82.60000", "2015-12-31": 24.4, "2015-09-30": 102.8, "2015-06-30": 77.3, "2015-03-31": "193.30000", "2014-12-31": 83.3, "2014-09-30": 68.7, "2014-06-30": 74.8, "2014-03-31": "132.50000", "2013-12-31": 2.3, "2013-09-30": 122.6, "2013-06-30": 76.1, "2013-03-31": "97.90000", "2012-12-31": 62.952, "2012-09-30": 60.795, "2012-06-30": 76.747, "2012-03-31": "125.20600", "2011-12-31": -43.31, "2011-09-30": 138.449, "2011-06-30": 31.849, "2011-03-31": "9.81200", "2010-12-31": 88.693, "2010-09-30": 61.197, "2010-06-30": 22.706, "2010-03-31": "34.82000", "2009-12-31": -12.119, "2009-09-30": 73.348, "2009-06-30": 65.048, "2009-03-31": "176.05700", "2008-12-31": 38.913, "2008-09-30": 181.885, "2008-06-30": 147.437, "2008-03-31": "36.39300", "2007-12-31": -37.109, "2007-09-30": 50.438, "2007-06-30": 178.77, "2007-03-31": "108.39500", "2006-12-31": -110.059, "2006-09-30": 49.189, "2006-06-30": 91.248, "2006-03-31": "95.23700", "2005-12-31": 7.077, "2005-09-30": 42.623, "2005-06-30": 40.257, "2005-03-31": "79.86100"}, "Net Change In Property, Plant, And Equipment": {"2020-09-30": -37.5, "2020-06-30": -31.3, "2020-03-31": "-25.70000", "2019-12-31": -50, "2019-09-30": -54.4, "2019-06-30": -66.2, "2019-03-31": "-55.80000", "2018-12-31": -117.1, "2018-09-30": -64.8, "2018-06-30": -48.3, "2018-03-31": "-64.70000", "2017-12-31": -44.7, "2017-09-30": -66.7, "2017-06-30": -76.5, "2017-03-31": "-36.90000", "2016-12-31": -31.4, "2016-09-30": -35, "2016-06-30": -89.9, "2016-03-31": "-46.80000", "2015-12-31": -48.4, "2015-09-30": -67.6, "2015-06-30": -49.8, "2015-03-31": "-33.70000", "2014-12-31": -36.5, "2014-09-30": -58.1, "2014-06-30": -41.7, "2014-03-31": "-39.80000", "2013-12-31": 21.5, "2013-09-30": -53.1, "2013-06-30": -74.7, "2013-03-31": "-68.70000", "2012-12-31": -54.504, "2012-09-30": -37.474, "2012-06-30": -31.149, "2012-03-31": "-26.17300", "2011-12-31": -51.93, "2011-09-30": -28.335, "2011-06-30": -30.592, "2011-03-31": "-20.84300", "2010-12-31": -18.467, "2010-09-30": -20.444, "2010-06-30": -17.562, "2010-03-31": "-18.42700", "2009-12-31": -19.154, "2009-09-30": -23.732, "2009-06-30": -16.424, "2009-03-31": "-27.55500", "2008-12-31": -29.865, "2008-09-30": -48.539, "2008-06-30": -52.528, "2008-03-31": "-43.47800", "2007-12-31": -53.82, "2007-09-30": -11.788, "2007-06-30": 16.478, "2007-03-31": "-13.56900", "2006-12-31": -29.243, "2006-09-30": 2.095, "2006-06-30": -65.8, "2006-03-31": "-23.66700", "2005-12-31": -3.397, "2005-09-30": -44.778, "2005-06-30": -40.512, "2005-03-31": "-8.96800"}, "Net Change In Intangible Assets": {"2020-09-30": 0, "2020-06-30": 0, "2020-03-31": "", "2019-12-31": 0, "2019-09-30": 0, "2019-06-30": 0, "2019-03-31": "", "2018-12-31": 0, "2018-09-30": 0, "2018-06-30": 0, "2018-03-31": "", "2017-12-31": 0, "2017-09-30": 0, "2017-06-30": 0, "2017-03-31": "", "2016-12-31": 0, "2016-09-30": 0, "2016-06-30": 0, "2016-03-31": "", "2015-12-31": 0, "2015-09-30": 0, "2015-06-30": 0, "2015-03-31": "", "2014-12-31": 0, "2014-09-30": 0, "2014-06-30": 0, "2014-03-31": "", "2013-12-31": 0, "2013-09-30": 0, "2013-06-30": 0, "2013-03-31": "", "2012-12-31": 0, "2012-09-30": 0, "2012-06-30": 0, "2012-03-31": "", "2011-12-31": 0, "2011-09-30": 0, "2011-06-30": 0, "2011-03-31": "", "2010-12-31": 0, "2010-09-30": 0, "2010-06-30": 0, "2010-03-31": "", "2009-12-31": 0, "2009-09-30": 0, "2009-06-30": 0, "2009-03-31": "", "2008-12-31": 0, "2008-09-30": 0, "2008-06-30": 0, "2008-03-31": "", "2007-12-31": 0, "2007-09-30": 0, "2007-06-30": 0, "2007-03-31": "", "2006-12-31": 0, "2006-09-30": 0, "2006-06-30": 0, "2006-03-31": "", "2005-12-31": 0, "2005-09-30": 0, "2005-06-30": 0, "2005-03-31": ""}, "Net Acquisitions/Divestitures": {"2020-09-30": 0, "2020-06-30": 0, "2020-03-31": "10.30000", "2019-12-31": 15.5, "2019-09-30": -325.7, "2019-06-30": 0, "2019-03-31": "6.10000", "2018-12-31": -114.4, "2018-09-30": 0, "2018-06-30": -12.1, "2018-03-31": "-98.10000", "2017-12-31": 16.1, "2017-09-30": -256.9, "2017-06-30": -117.7, "2017-03-31": "-305.20000", "2016-12-31": -30.6, "2016-09-30": -539.1, "2016-06-30": -65, "2016-03-31": "-0.40000", "2015-12-31": -71.5, "2015-09-30": 1, "2015-06-30": 0, "2015-03-31": "-86.40000", "2014-12-31": -268.8, "2014-09-30": 0, "2014-06-30": -4.4, "2014-03-31": "-81.80000", "2013-12-31": -92.8, "2013-09-30": -190.5, "2013-06-30": -3.5, "2013-03-31": "-27.20000", "2012-12-31": -95.495, "2012-09-30": -26.283, "2012-06-30": -3.416, "2012-03-31": "-108.10600", "2011-12-31": 0.006, "2011-09-30": -218.095, "2011-06-30": 0, "2011-03-31": "-14.01100", "2010-12-31": -12.952, "2010-09-30": 0.082, "2010-06-30": 0, "2010-03-31": "-9.36200", "2009-12-31": 0, "2009-09-30": 0.093, "2009-06-30": 2.866, "2009-03-31": "-11.47600", "2008-12-31": -5.035, "2008-09-30": -73.403, "2008-06-30": -287.651, "2008-03-31": "", "2007-12-31": -25.848, "2007-09-30": 3.019, "2007-06-30": -150.61, "2007-03-31": "-7.28200", "2006-12-31": 1, "2006-09-30": -143.973, "2006-06-30": -48.99, "2006-03-31": "-176.23000", "2005-12-31": -28.488, "2005-09-30": -16.751, "2005-06-30": -17.234, "2005-03-31": "-63.10600"}, "Net Change In Short-term Investments": {"2020-09-30": 0, "2020-06-30": 0, "2020-03-31": "", "2019-12-31": 0, "2019-09-30": 0, "2019-06-30": 0, "2019-03-31": "", "2018-12-31": 0, "2018-09-30": 0, "2018-06-30": 0, "2018-03-31": "", "2017-12-31": 0, "2017-09-30": 0, "2017-06-30": 0, "2017-03-31": "", "2016-12-31": 0, "2016-09-30": 0, "2016-06-30": 0, "2016-03-31": "", "2015-12-31": 0, "2015-09-30": 0, "2015-06-30": 0, "2015-03-31": "", "2014-12-31": 0, "2014-09-30": 0, "2014-06-30": 0, "2014-03-31": "", "2013-12-31": 0, "2013-09-30": 0, "2013-06-30": 0, "2013-03-31": "", "2012-12-31": 0, "2012-09-30": 0, "2012-06-30": 0, "2012-03-31": "", "2011-12-31": 0, "2011-09-30": 0, "2011-06-30": 0, "2011-03-31": "", "2010-12-31": 0, "2010-09-30": 0, "2010-06-30": 0, "2010-03-31": "", "2009-12-31": 0, "2009-09-30": 0, "2009-06-30": 0, "2009-03-31": "", "2008-12-31": 0, "2008-09-30": 0, "2008-06-30": 0, "2008-03-31": "", "2007-12-31": 0, "2007-09-30": 0, "2007-06-30": 0, "2007-03-31": "", "2006-12-31": 0, "2006-09-30": 0, "2006-06-30": 0, "2006-03-31": "", "2005-12-31": 0, "2005-09-30": 0, "2005-06-30": 0, "2005-03-31": ""}, "Net Change In Long-Term Investments": {"2020-09-30": 0, "2020-06-30": 0, "2020-03-31": "", "2019-12-31": 0, "2019-09-30": 0, "2019-06-30": 0, "2019-03-31": "", "2018-12-31": 0, "2018-09-30": 0, "2018-06-30": 0, "2018-03-31": "", "2017-12-31": 0, "2017-09-30": 0, "2017-06-30": 0, "2017-03-31": "", "2016-12-31": 0, "2016-09-30": 0, "2016-06-30": 0, "2016-03-31": "", "2015-12-31": 0, "2015-09-30": 0, "2015-06-30": 0, "2015-03-31": "", "2014-12-31": 0, "2014-09-30": 0, "2014-06-30": 0, "2014-03-31": "", "2013-12-31": 0, "2013-09-30": 0, "2013-06-30": 0, "2013-03-31": "", "2012-12-31": 0, "2012-09-30": 0, "2012-06-30": 0, "2012-03-31": "", "2011-12-31": 0, "2011-09-30": 0, "2011-06-30": 0, "2011-03-31": "", "2010-12-31": 0, "2010-09-30": 0, "2010-06-30": 0, "2010-03-31": "", "2009-12-31": 0, "2009-09-30": 0, "2009-06-30": 0, "2009-03-31": "", "2008-12-31": 0, "2008-09-30": 0, "2008-06-30": 0, "2008-03-31": "", "2007-12-31": 0, "2007-09-30": 0, "2007-06-30": 0, "2007-03-31": "", "2006-12-31": 0, "2006-09-30": 0, "2006-06-30": 0, "2006-03-31": "", "2005-12-31": 0, "2005-09-30": 0, "2005-06-30": 0, "2005-03-31": ""}, "Net Change In Investments - Total": {"2020-09-30": 0, "2020-06-30": 0, "2020-03-31": "", "2019-12-31": 0, "2019-09-30": 0, "2019-06-30": 0, "2019-03-31": "", "2018-12-31": 0, "2018-09-30": 0, "2018-06-30": 0, "2018-03-31": "", "2017-12-31": 0, "2017-09-30": 0, "2017-06-30": 0, "2017-03-31": "", "2016-12-31": 0, "2016-09-30": 0, "2016-06-30": 0, "2016-03-31": "", "2015-12-31": 0, "2015-09-30": 0, "2015-06-30": 0, "2015-03-31": "", "2014-12-31": 0, "2014-09-30": 0, "2014-06-30": 0, "2014-03-31": "", "2013-12-31": 0, "2013-09-30": 0, "2013-06-30": 0, "2013-03-31": "", "2012-12-31": 0, "2012-09-30": 0, "2012-06-30": 0, "2012-03-31": "", "2011-12-31": 0, "2011-09-30": 0, "2011-06-30": 0, "2011-03-31": "", "2010-12-31": 0, "2010-09-30": 0, "2010-06-30": 0, "2010-03-31": "", "2009-12-31": 0, "2009-09-30": 0, "2009-06-30": 0, "2009-03-31": "", "2008-12-31": 0, "2008-09-30": 0, "2008-06-30": 0, "2008-03-31": "", "2007-12-31": 0, "2007-09-30": 0, "2007-06-30": 0, "2007-03-31": "", "2006-12-31": 0, "2006-09-30": 0, "2006-06-30": 0, "2006-03-31": "", "2005-12-31": 0, "2005-09-30": 0, "2005-06-30": 0, "2005-03-31": ""}, "Investing Activities - Other": {"2020-09-30": -3.3, "2020-06-30": -0.4, "2020-03-31": "-0.70000", "2019-12-31": 5.2, "2019-09-30": -1.3, "2019-06-30": -5.9, "2019-03-31": "-0.20000", "2018-12-31": -2.2, "2018-09-30": -0.5, "2018-06-30": 3.3, "2018-03-31": "-6.30000", "2017-12-31": -44.5, "2017-09-30": -1.7, "2017-06-30": 6, "2017-03-31": "", "2016-12-31": 11, "2016-09-30": 15.5, "2016-06-30": 0.7, "2016-03-31": "-25.70000", "2015-12-31": 4.5, "2015-09-30": 0.2, "2015-06-30": 0, "2015-03-31": "", "2014-12-31": 2.7, "2014-09-30": -29.5, "2014-06-30": 4.2, "2014-03-31": "", "2013-12-31": 12.9, "2013-09-30": -5.8, "2013-06-30": -15.4, "2013-03-31": "5.70000", "2012-12-31": 5.304, "2012-09-30": 7.149, "2012-06-30": -3.653, "2012-03-31": "", "2011-12-31": 0.035, "2011-09-30": 0, "2011-06-30": -0.625, "2011-03-31": "3.49000", "2010-12-31": 13.822, "2010-09-30": 0, "2010-06-30": 0, "2010-03-31": "", "2009-12-31": 6.265, "2009-09-30": -0.95, "2009-06-30": 0, "2009-03-31": "12.67900", "2008-12-31": 0, "2008-09-30": 0, "2008-06-30": 0, "2008-03-31": "-1.50000", "2007-12-31": 0, "2007-09-30": 2.254, "2007-06-30": 4.5, "2007-03-31": "8.76400", "2006-12-31": 0, "2006-09-30": 0, "2006-06-30": 0, "2006-03-31": "", "2005-12-31": 0, "2005-09-30": 0, "2005-06-30": 0, "2005-03-31": ""}, "Cash Flow From Investing Activities": {"2020-09-30": -40.8, "2020-06-30": -31.7, "2020-03-31": "-16.10000", "2019-12-31": -29.3, "2019-09-30": -381.4, "2019-06-30": -72.1, "2019-03-31": "-49.90000", "2018-12-31": -233.7, "2018-09-30": -65.3, "2018-06-30": -57.1, "2018-03-31": "-169.10000", "2017-12-31": -73.1, "2017-09-30": -325.3, "2017-06-30": -188.2, "2017-03-31": "-342.10000", "2016-12-31": -51, "2016-09-30": -558.6, "2016-06-30": -154.2, "2016-03-31": "-72.90000", "2015-12-31": -115.4, "2015-09-30": -66.4, "2015-06-30": -49.8, "2015-03-31": "-120.10000", "2014-12-31": -302.6, "2014-09-30": -87.6, "2014-06-30": -41.9, "2014-03-31": "-121.60000", "2013-12-31": -58.4, "2013-09-30": -249.4, "2013-06-30": -93.6, "2013-03-31": "-90.20000", "2012-12-31": -144.695, "2012-09-30": -56.608, "2012-06-30": -38.218, "2012-03-31": "-134.27900", "2011-12-31": -51.889, "2011-09-30": -246.43, "2011-06-30": -31.217, "2011-03-31": "-31.36400", "2010-12-31": -17.597, "2010-09-30": -20.362, "2010-06-30": -17.562, "2010-03-31": "-27.78900", "2009-12-31": -12.889, "2009-09-30": -24.589, "2009-06-30": -13.558, "2009-03-31": "-26.35200", "2008-12-31": -34.9, "2008-09-30": -121.942, "2008-06-30": -340.179, "2008-03-31": "-44.97800", "2007-12-31": -79.668, "2007-09-30": -6.515, "2007-06-30": -129.632, "2007-03-31": "-12.08700", "2006-12-31": -28.243, "2006-09-30": -141.878, "2006-06-30": -114.79, "2006-03-31": "-199.89700", "2005-12-31": -31.885, "2005-09-30": -61.529, "2005-06-30": -57.746, "2005-03-31": "-72.07400"}, "Net Long-Term Debt": {"2020-09-30": -80.6, "2020-06-30": -810.3, "2020-03-31": "294.60000", "2019-12-31": 155.6, "2019-09-30": 135.7, "2019-06-30": -32.9, "2019-03-31": "49.50000", "2018-12-31": 204.1, "2018-09-30": -30.7999, "2018-06-30": -149.6001, "2018-03-31": "79.80000", "2017-12-31": -46.2, "2017-09-30": 236.2999, "2017-06-30": 53.1001, "2017-03-31": "216.10000", "2016-12-31": 91.7999, "2016-09-30": 394.2001, "2016-06-30": 71.5, "2016-03-31": "166.40000", "2015-12-31": 163.2, "2015-09-30": 2.8, "2015-06-30": -35.5, "2015-03-31": "-38.40000", "2014-12-31": 127.8, "2014-09-30": 131.8, "2014-06-30": 14.7, "2014-03-31": "-19.50000", "2013-12-31": 144.2, "2013-09-30": 183.7, "2013-06-30": -8.1, "2013-03-31": "-47.60000", "2012-12-31": 119.9449, "2012-09-30": 4.0421, "2012-06-30": -18.386, "2012-03-31": "9.39900", "2011-12-31": 102.24, "2011-09-30": 166.252, "2011-06-30": -39.722, "2011-03-31": "36.13000", "2010-12-31": -62.384, "2010-09-30": -38.044, "2010-06-30": -10.525, "2010-03-31": "-10.98400", "2009-12-31": 14.682, "2009-09-30": -38.506, "2009-06-30": -35.842, "2009-03-31": "-151.95900", "2008-12-31": -5.198, "2008-09-30": 7.616, "2008-06-30": 170.273, "2008-03-31": "24.40600", "2007-12-31": 89.68, "2007-09-30": -34.063, "2007-06-30": -63.511, "2007-03-31": "-152.04300", "2006-12-31": 228.165, "2006-09-30": 93.76, "2006-06-30": 33.769, "2006-03-31": "127.94400", "2005-12-31": 19.579, "2005-09-30": 2.093, "2005-06-30": -16.93, "2005-03-31": "12.51400"}, "Net Current Debt": {"2020-09-30": 0, "2020-06-30": 0, "2020-03-31": "", "2019-12-31": 0, "2019-09-30": 0, "2019-06-30": 0, "2019-03-31": "", "2018-12-31": 0, "2018-09-30": 0, "2018-06-30": 0, "2018-03-31": "", "2017-12-31": 0, "2017-09-30": 0, "2017-06-30": 0, "2017-03-31": "", "2016-12-31": 0, "2016-09-30": 0, "2016-06-30": 0, "2016-03-31": "", "2015-12-31": 0, "2015-09-30": 0, "2015-06-30": 0, "2015-03-31": "", "2014-12-31": 0, "2014-09-30": 0, "2014-06-30": 0, "2014-03-31": "", "2013-12-31": -73.9, "2013-09-30": -8.2, "2013-06-30": 32.3, "2013-03-31": "49.80000", "2012-12-31": 0, "2012-09-30": 0, "2012-06-30": 0, "2012-03-31": "", "2011-12-31": 0, "2011-09-30": 0, "2011-06-30": 0, "2011-03-31": "", "2010-12-31": 0, "2010-09-30": 0, "2010-06-30": 0, "2010-03-31": "", "2009-12-31": 0, "2009-09-30": 0, "2009-06-30": 0, "2009-03-31": "", "2008-12-31": 0, "2008-09-30": 0, "2008-06-30": 0, "2008-03-31": "", "2007-12-31": 0, "2007-09-30": 0, "2007-06-30": 0, "2007-03-31": "", "2006-12-31": 0, "2006-09-30": 0, "2006-06-30": 0, "2006-03-31": "", "2005-12-31": 0, "2005-09-30": 0, "2005-06-30": 0, "2005-03-31": ""}, "Debt Issuance/Retirement Net - Total": {"2020-09-30": -80.6, "2020-06-30": -810.3, "2020-03-31": "294.60000", "2019-12-31": 155.6, "2019-09-30": 135.7, "2019-06-30": -32.9, "2019-03-31": "49.50000", "2018-12-31": 204.1, "2018-09-30": -30.7999, "2018-06-30": -149.6001, "2018-03-31": "79.80000", "2017-12-31": -46.2, "2017-09-30": 236.2999, "2017-06-30": 53.1001, "2017-03-31": "216.10000", "2016-12-31": 91.7999, "2016-09-30": 394.2001, "2016-06-30": 71.5, "2016-03-31": "166.40000", "2015-12-31": 163.2, "2015-09-30": 2.8, "2015-06-30": -35.5, "2015-03-31": "-38.40000", "2014-12-31": 127.8, "2014-09-30": 131.8, "2014-06-30": 14.7, "2014-03-31": "-19.50000", "2013-12-31": 70.3, "2013-09-30": 175.5, "2013-06-30": 24.2, "2013-03-31": "2.20000", "2012-12-31": 119.9449, "2012-09-30": 4.0421, "2012-06-30": -18.386, "2012-03-31": "9.39900", "2011-12-31": 102.24, "2011-09-30": 166.252, "2011-06-30": -39.722, "2011-03-31": "36.13000", "2010-12-31": -62.384, "2010-09-30": -38.044, "2010-06-30": -10.525, "2010-03-31": "-10.98400", "2009-12-31": 14.682, "2009-09-30": -38.506, "2009-06-30": -35.842, "2009-03-31": "-151.95900", "2008-12-31": -5.198, "2008-09-30": 7.616, "2008-06-30": 170.273, "2008-03-31": "24.40600", "2007-12-31": 89.68, "2007-09-30": -34.063, "2007-06-30": -63.511, "2007-03-31": "-152.04300", "2006-12-31": 228.165, "2006-09-30": 93.76, "2006-06-30": 33.769, "2006-03-31": "127.94400", "2005-12-31": 19.579, "2005-09-30": 2.093, "2005-06-30": -16.93, "2005-03-31": "12.51400"}, "Net Common Equity Issued/Repurchased": {"2020-09-30": 0, "2020-06-30": 0, "2020-03-31": "-29.40000", "2019-12-31": 4.9, "2019-09-30": -43.5, "2019-06-30": -76.3, "2019-03-31": "-54.30000", "2018-12-31": -13.1, "2018-09-30": 0, "2018-06-30": -5.8, "2018-03-31": "-50.00000", "2017-12-31": 0, "2017-09-30": -10, "2017-06-30": -5.8, "2017-03-31": "-2.70000", "2016-12-31": 0, "2016-09-30": 0, "2016-06-30": -5.7, "2016-03-31": "-167.90000", "2015-12-31": -26.9, "2015-09-30": 0, "2015-06-30": -8, "2015-03-31": "-14.00000", "2014-12-31": 0, "2014-09-30": 0, "2014-06-30": -15.5, "2014-03-31": "", "2013-12-31": 0, "2013-09-30": 0, "2013-06-30": -3.1, "2013-03-31": "-12.70000", "2012-12-31": 0.029, "2012-09-30": 0, "2012-06-30": -1.307, "2012-03-31": "-8.52200", "2011-12-31": 0.345, "2011-09-30": -31.53, "2011-06-30": -11.36, "2011-03-31": "1.64500", "2010-12-31": 0.137, "2010-09-30": -0.559, "2010-06-30": 0, "2010-03-31": "0.21100", "2009-12-31": 0.273, "2009-09-30": 0.076, "2009-06-30": 0, "2009-03-31": "", "2008-12-31": -3.599, "2008-09-30": -50.061, "2008-06-30": 0.82, "2008-03-31": "", "2007-12-31": 0.097, "2007-09-30": 0.99, "2007-06-30": 1.194, "2007-03-31": "0.33300", "2006-12-31": 0.077, "2006-09-30": 0.5, "2006-06-30": 5.624, "2006-03-31": "-7.08700", "2005-12-31": 0.696, "2005-09-30": 1.797, "2005-06-30": 1.61, "2005-03-31": "0.57100"}, "Net Total Equity Issued/Repurchased": {"2020-09-30": 0, "2020-06-30": 0, "2020-03-31": "-29.40000", "2019-12-31": 4.9, "2019-09-30": -43.5, "2019-06-30": -76.3, "2019-03-31": "-54.30000", "2018-12-31": -13.1, "2018-09-30": 0, "2018-06-30": -5.8, "2018-03-31": "-50.00000", "2017-12-31": 0, "2017-09-30": -10, "2017-06-30": -5.8, "2017-03-31": "-2.70000", "2016-12-31": 0, "2016-09-30": 0, "2016-06-30": -5.7, "2016-03-31": "-167.90000", "2015-12-31": -26.9, "2015-09-30": 0, "2015-06-30": -8, "2015-03-31": "-14.00000", "2014-12-31": 0, "2014-09-30": 0, "2014-06-30": -15.5, "2014-03-31": "", "2013-12-31": 0, "2013-09-30": 0, "2013-06-30": -3.1, "2013-03-31": "-12.70000", "2012-12-31": 0.029, "2012-09-30": 0, "2012-06-30": -1.307, "2012-03-31": "-8.52200", "2011-12-31": 0.345, "2011-09-30": -31.53, "2011-06-30": -11.36, "2011-03-31": "1.64500", "2010-12-31": 0.137, "2010-09-30": -0.559, "2010-06-30": 0, "2010-03-31": "0.21100", "2009-12-31": 0.273, "2009-09-30": 0.076, "2009-06-30": 0, "2009-03-31": "", "2008-12-31": -3.599, "2008-09-30": -50.061, "2008-06-30": 0.82, "2008-03-31": "", "2007-12-31": 0.097, "2007-09-30": 0.99, "2007-06-30": 1.194, "2007-03-31": "0.33300", "2006-12-31": 0.077, "2006-09-30": 0.5, "2006-06-30": 5.624, "2006-03-31": "-7.08700", "2005-12-31": 0.696, "2005-09-30": 1.797, "2005-06-30": 1.61, "2005-03-31": "0.57100"}, "Total Common And Preferred Stock Dividends Paid": {"2020-09-30": 0, "2020-06-30": 0, "2020-03-31": "-34.20000", "2019-12-31": -33.5, "2019-09-30": -32.8, "2019-06-30": -32.3, "2019-03-31": "-32.20000", "2018-12-31": -31.5, "2018-09-30": -30.7, "2018-06-30": -29.8, "2018-03-31": "-29.20000", "2017-12-31": -28.3, "2017-09-30": -27.7, "2017-06-30": -26.8, "2017-03-31": "-25.60000", "2016-12-31": -24.8, "2016-09-30": -23.9, "2016-06-30": -23.1, "2016-03-31": "-23.30000", "2015-12-31": -22.5, "2015-09-30": -21.6, "2015-06-30": -20.8, "2015-03-31": "-19.90000", "2014-12-31": -19, "2014-09-30": -18, "2014-06-30": -17.3, "2014-03-31": "-16.20000", "2013-12-31": -15.3, "2013-09-30": -14.5, "2013-06-30": -13.6, "2013-03-31": "-12.60000", "2012-12-31": -11.74, "2012-09-30": -10.842, "2012-06-30": -9.945, "2012-03-31": "-8.97300", "2011-12-31": -8.134, "2011-09-30": -7.373, "2011-06-30": -6.493, "2011-03-31": "", "2010-12-31": 0, "2010-09-30": 0, "2010-06-30": 0, "2010-03-31": "", "2009-12-31": 0, "2009-09-30": 0, "2009-06-30": 0, "2009-03-31": "", "2008-12-31": -8.269, "2008-09-30": -8.499, "2008-06-30": -8.584, "2008-03-31": "-8.55000", "2007-12-31": -8.549, "2007-09-30": -6.646, "2007-06-30": -6.686, "2007-03-31": "-6.56600", "2006-12-31": -6.589, "2006-09-30": -6.563, "2006-06-30": -6.541, "2006-03-31": "-5.52200", "2005-12-31": -5.575, "2005-09-30": -5.112, "2005-06-30": -5.081, "2005-03-31": "-5.07600"}, "Financial Activities - Other": {"2020-09-30": -18.5, "2020-06-30": -4.8, "2020-03-31": "-21.10000", "2019-12-31": -5.4, "2019-09-30": -0.3, "2019-06-30": 0.5, "2019-03-31": "-0.10000", "2018-12-31": -1.5, "2018-09-30": -0.1, "2018-06-30": -6.1, "2018-03-31": "", "2017-12-31": 0, "2017-09-30": -4, "2017-06-30": -5.8, "2017-03-31": "", "2016-12-31": 0.3, "2016-09-30": 0, "2016-06-30": -17.9, "2016-03-31": "-4.60000", "2015-12-31": -6.3, "2015-09-30": -6.2, "2015-06-30": -0.3, "2015-03-31": "-1.20000", "2014-12-31": -4.3, "2014-09-30": -0.1, "2014-06-30": 0.3, "2014-03-31": "", "2013-12-31": 0, "2013-09-30": 0, "2013-06-30": 0.2, "2013-03-31": "", "2012-12-31": -1.198, "2012-09-30": -8.502, "2012-06-30": 0, "2012-03-31": "", "2011-12-31": 0, "2011-09-30": 0, "2011-06-30": 0, "2011-03-31": "", "2010-12-31": 0, "2010-09-30": 0, "2010-06-30": 0, "2010-03-31": "", "2009-12-31": 0, "2009-09-30": 0, "2009-06-30": 0, "2009-03-31": "", "2008-12-31": 0, "2008-09-30": -0.661, "2008-06-30": 0, "2008-03-31": "", "2007-12-31": 0, "2007-09-30": 0, "2007-06-30": 0, "2007-03-31": "", "2006-12-31": -4.58, "2006-09-30": -0.859, "2006-06-30": -0.258, "2006-03-31": "-11.51300", "2005-12-31": 0, "2005-09-30": 0, "2005-06-30": 0, "2005-03-31": ""}, "Cash Flow From Financial Activities": {"2020-09-30": -99.1, "2020-06-30": -815.1, "2020-03-31": "209.90000", "2019-12-31": 121.6, "2019-09-30": 59.1, "2019-06-30": -141, "2019-03-31": "-37.10000", "2018-12-31": 158, "2018-09-30": -61.6, "2018-06-30": -191.3, "2018-03-31": "0.60000", "2017-12-31": -74.5, "2017-09-30": 194.6, "2017-06-30": 14.7, "2017-03-31": "187.80000", "2016-12-31": 67.3, "2016-09-30": 370.3, "2016-06-30": 24.8, "2016-03-31": "-29.40000", "2015-12-31": 107.5, "2015-09-30": -25, "2015-06-30": -64.6, "2015-03-31": "-73.50000", "2014-12-31": 104.5, "2014-09-30": 113.7, "2014-06-30": -17.8, "2014-03-31": "-35.70000", "2013-12-31": 55, "2013-09-30": 161, "2013-06-30": 7.7, "2013-03-31": "-23.10000", "2012-12-31": 107.036, "2012-09-30": -15.302, "2012-06-30": -29.638, "2012-03-31": "-8.09600", "2011-12-31": 94.451, "2011-09-30": 127.349, "2011-06-30": -57.575, "2011-03-31": "37.77500", "2010-12-31": -62.247, "2010-09-30": -38.603, "2010-06-30": -10.525, "2010-03-31": "-10.77300", "2009-12-31": 14.955, "2009-09-30": -38.43, "2009-06-30": -35.842, "2009-03-31": "-151.95900", "2008-12-31": -17.066, "2008-09-30": -51.605, "2008-06-30": 162.509, "2008-03-31": "15.85600", "2007-12-31": 81.228, "2007-09-30": -39.719, "2007-06-30": -69.003, "2007-03-31": "-158.27600", "2006-12-31": 217.073, "2006-09-30": 86.838, "2006-06-30": 32.594, "2006-03-31": "103.82200", "2005-12-31": 14.7, "2005-09-30": -1.222, "2005-06-30": -20.401, "2005-03-31": "8.00900"}, "Net Cash Flow": {"2020-09-30": -66.6, "2020-06-30": -272.6, "2020-03-31": "403.80000", "2019-12-31": -49.4, "2019-09-30": 33.7, "2019-06-30": 0.3, "2019-03-31": "4.10000", "2018-12-31": 1.8, "2018-09-30": -8.2, "2018-06-30": -7, "2018-03-31": "7.10000", "2017-12-31": 8.5, "2017-09-30": 16.5, "2017-06-30": -51.5, "2017-03-31": "48.20000", "2016-12-31": -65.4, "2016-09-30": -8.1, "2016-06-30": 51.9, "2016-03-31": "-16.80000", "2015-12-31": 12.7, "2015-09-30": 10.3, "2015-06-30": -27.4, "2015-03-31": "30.50000", "2014-12-31": -114.2, "2014-09-30": 89.1, "2014-06-30": 6.3, "2014-03-31": "4.80000", "2013-12-31": -21.1, "2013-09-30": 45, "2013-06-30": -5.7, "2013-03-31": "-11.80000", "2012-12-31": 18.211, "2012-09-30": -10.061, "2012-06-30": 5.014, "2012-03-31": "3.93600", "2011-12-31": 18.905, "2011-09-30": 2.519, "2011-06-30": -33.254, "2011-03-31": "20.73000", "2010-12-31": 10.545, "2010-09-30": -10.03, "2010-06-30": -6.283, "2010-03-31": "9.87700", "2009-12-31": -9.001, "2009-09-30": 8.344, "2009-06-30": 10.108, "2009-03-31": "-7.04700", "2008-12-31": -12.941, "2008-09-30": 10.135, "2008-06-30": -0.739, "2008-03-31": "7.03700", "2007-12-31": -15.305, "2007-09-30": 6.009, "2007-06-30": -7.239, "2007-03-31": "12.08800", "2006-12-31": 0.317, "2006-09-30": -5.993, "2006-06-30": 17.222, "2006-03-31": "0.83400", "2005-12-31": 9.255, "2005-09-30": -9.028, "2005-06-30": -10.099, "2005-03-31": "0.65000"}, "Stock-Based Compensation": {"2020-09-30": 0, "2020-06-30": 0, "2020-03-31": "", "2019-12-31": 0, "2019-09-30": 0, "2019-06-30": 0, "2019-03-31": "", "2018-12-31": 0, "2018-09-30": 0, "2018-06-30": 0, "2018-03-31": "", "2017-12-31": 0, "2017-09-30": 0, "2017-06-30": 0, "2017-03-31": "", "2016-12-31": 0, "2016-09-30": 0, "2016-06-30": 0, "2016-03-31": "", "2015-12-31": 0, "2015-09-30": 0, "2015-06-30": 0, "2015-03-31": "", "2014-12-31": 0, "2014-09-30": 0, "2014-06-30": 0, "2014-03-31": "", "2013-12-31": 0, "2013-09-30": 0, "2013-06-30": 0, "2013-03-31": "", "2012-12-31": 0, "2012-09-30": 0, "2012-06-30": 0, "2012-03-31": "", "2011-12-31": 0, "2011-09-30": 0, "2011-06-30": 0, "2011-03-31": "", "2010-12-31": 0, "2010-09-30": 0, "2010-06-30": 0, "2010-03-31": "", "2009-12-31": 0, "2009-09-30": 0, "2009-06-30": 0, "2009-03-31": "", "2008-12-31": 0, "2008-09-30": 0, "2008-06-30": 0, "2008-03-31": "", "2007-12-31": 0, "2007-09-30": 0, "2007-06-30": 0, "2007-03-31": "", "2006-12-31": 0, "2006-09-30": 0, "2006-06-30": 0, "2006-03-31": "", "2005-12-31": 0, "2005-09-30": 0, "2005-06-30": 0, "2005-03-31": ""}, "Common Stock Dividends Paid": {"2020-09-30": 0, "2020-06-30": 0, "2020-03-31": "-34.20000", "2019-12-31": -33.5, "2019-09-30": -32.8, "2019-06-30": -32.3, "2019-03-31": "-32.20000", "2018-12-31": -31.5, "2018-09-30": -30.7, "2018-06-30": -29.8, "2018-03-31": "-29.20000", "2017-12-31": -28.3, "2017-09-30": -27.7, "2017-06-30": -26.8, "2017-03-31": "-25.60000", "2016-12-31": -24.8, "2016-09-30": -23.9, "2016-06-30": -23.1, "2016-03-31": "-23.30000", "2015-12-31": -22.5, "2015-09-30": -21.6, "2015-06-30": -20.8, "2015-03-31": "-19.90000", "2014-12-31": -19, "2014-09-30": -18, "2014-06-30": -17.3, "2014-03-31": "-16.20000", "2013-12-31": -15.3, "2013-09-30": -14.5, "2013-06-30": -13.6, "2013-03-31": "-12.60000", "2012-12-31": -11.74, "2012-09-30": -10.842, "2012-06-30": -9.945, "2012-03-31": "-8.97300", "2011-12-31": -8.134, "2011-09-30": -7.373, "2011-06-30": -6.493, "2011-03-31": "0.00000", "2010-12-31": 0, "2010-09-30": 0, "2010-06-30": 0, "2010-03-31": "", "2009-12-31": 0, "2009-09-30": 0, "2009-06-30": 0, "2009-03-31": "", "2008-12-31": -8.269, "2008-09-30": -8.499, "2008-06-30": -8.584, "2008-03-31": "-8.55000", "2007-12-31": -8.549, "2007-09-30": -6.646, "2007-06-30": -6.686, "2007-03-31": "-6.56600", "2006-12-31": -6.589, "2006-09-30": -6.563, "2006-06-30": -6.541, "2006-03-31": "-5.52200", "2005-12-31": -5.575, "2005-09-30": -5.112, "2005-06-30": -5.081, "2005-03-31": "-5.07600"}}, "financial ratios": {"Current Ratio": {"2019-12-31": "0.97860", "2018-12-31": "1.00930", "2017-12-31": "1.00520", "2016-12-31": "1.03880", "2015-12-31": "1.02820", "2014-12-31": "1.06330", "2013-12-31": "1.03090", "2012-12-31": "1.03290", "2011-12-31": "1.03390", "2010-12-31": "1.04360", "2009-12-31": "1.06960", "2008-12-31": "1.06730", "2007-12-31": "1.09770", "2006-12-31": "1.28400", "2005-12-31": "1.14860"}, "Long-term Debt / Capital": {"2019-12-31": "0.44530", "2018-12-31": "0.44640", "2017-12-31": "0.46260", "2016-12-31": "0.50680", "2015-12-31": "0.40460", "2014-12-31": "0.43910", "2013-12-31": "0.39210", "2012-12-31": "0.41060", "2011-12-31": "0.42420", "2010-12-31": "0.42380", "2009-12-31": "0.49680", "2008-12-31": "0.56550", "2007-12-31": "0.36870", "2006-12-31": "0.47420", "2005-12-31": "0.33480"}, "Debt/Equity Ratio": {"2019-12-31": "2.26450", "2018-12-31": "2.28010", "2017-12-31": "2.44030", "2016-12-31": "2.91930", "2015-12-31": "2.53670", "2014-12-31": "2.43850", "2013-12-31": "2.34490", "2012-12-31": "2.31930", "2011-12-31": "2.16200", "2010-12-31": "2.09260", "2009-12-31": "2.26140", "2008-12-31": "3.13300", "2007-12-31": "1.67460", "2006-12-31": "1.81490", "2005-12-31": "1.46940"}, "Gross Margin": {"2019-12-31": "14.90760", "2018-12-31": "14.98740", "2017-12-31": "15.06760", "2016-12-31": "14.74560", "2015-12-31": "14.86920", "2014-12-31": "14.96750", "2013-12-31": "15.19770", "2012-12-31": "15.31160", "2011-12-31": "15.87130", "2010-12-31": "15.94300", "2009-12-31": "16.72320", "2008-12-31": "15.38350", "2007-12-31": "14.83780", "2006-12-31": "15.14710", "2005-12-31": "15.20990"}, "Operating Margin": {"2019-12-31": "2.81590", "2018-12-31": "2.91810", "2017-12-31": "2.85880", "2016-12-31": "2.85760", "2015-12-31": "2.93750", "2014-12-31": "2.90390", "2013-12-31": "2.96770", "2012-12-31": "2.82970", "2011-12-31": "2.67410", "2010-12-31": "2.54880", "2009-12-31": "2.23280", "2008-12-31": "-3.44620", "2007-12-31": "2.65070", "2006-12-31": "2.75290", "2005-12-31": "2.92910"}, "EBIT Margin": {"2019-12-31": "2.81590", "2018-12-31": "2.91810", "2017-12-31": "2.85880", "2016-12-31": "2.85760", "2015-12-31": "2.93750", "2014-12-31": "2.90390", "2013-12-31": "2.96770", "2012-12-31": "2.82970", "2011-12-31": "2.67410", "2010-12-31": "2.54880", "2009-12-31": "2.23280", "2008-12-31": "-3.44620", "2007-12-31": "2.65070", "2006-12-31": "2.75290", "2005-12-31": "2.92910"}, "EBITDA Margin": {"2019-12-31": "3.28870", "2018-12-31": "3.37330", "2017-12-31": "3.30340", "2016-12-31": "3.30340", "2015-12-31": "3.34200", "2014-12-31": "3.31130", "2013-12-31": "3.37930", "2012-12-31": "3.23420", "2011-12-31": "3.10980", "2010-12-31": "3.08340", "2009-12-31": "2.94790", "2008-12-31": "-2.86300", "2007-12-31": "3.14280", "2006-12-31": "3.14030", "2005-12-31": "3.32020"}, "Pre-Tax Profit Margin": {"2019-12-31": "2.55180", "2018-12-31": "2.65130", "2017-12-31": "2.56330", "2016-12-31": "2.52550", "2015-12-31": "2.55070", "2014-12-31": "2.65730", "2013-12-31": "2.56720", "2012-12-31": "2.25380", "2011-12-31": "2.24650", "2010-12-31": "1.86690", "2009-12-31": "1.36750", "2008-12-31": "-4.44440", "2007-12-31": "1.43160", "2006-12-31": "1.84790", "2005-12-31": "1.97650"}, "Net Profit Margin": {"2019-12-31": "1.88010", "2018-12-31": "2.06710", "2017-12-31": "2.86760", "2016-12-31": "1.70440", "2015-12-31": "1.69100", "2014-12-31": "1.66380", "2013-12-31": "1.68620", "2012-12-31": "1.43770", "2011-12-31": "1.60240", "2010-12-31": "1.08900", "2009-12-31": "0.84840", "2008-12-31": "-3.60940", "2007-12-31": "0.94090", "2006-12-31": "1.13810", "2005-12-31": "1.24540"}, "Asset Turnover": {"2019-12-31": "1.66250", "2018-12-31": "2.08950", "2017-12-31": "2.02900", "2016-12-31": "2.27770", "2015-12-31": "2.40660", "2014-12-31": "2.38400", "2013-12-31": "2.25740", "2012-12-31": "2.39870", "2011-12-31": "2.45350", "2010-12-31": "2.44320", "2009-12-31": "2.37410", "2008-12-31": "2.93710", "2007-12-31": "2.73780", "2006-12-31": "2.45130", "2005-12-31": "2.65790"}, "Inventory Turnover Ratio": {"2019-12-31": "4.62930", "2018-12-31": "4.79450", "2017-12-31": "4.60550", "2016-12-31": "5.03250", "2015-12-31": "4.74010", "2014-12-31": "5.16600", "2013-12-31": "4.90990", "2012-12-31": "5.53070", "2011-12-31": "6.04880", "2010-12-31": "5.79100", "2009-12-31": "5.76210", "2008-12-31": "6.20510", "2007-12-31": "6.52780", "2006-12-31": "6.17250", "2005-12-31": "7.07680"}, "Receiveable Turnover": {"2019-12-31": "24.13770", "2018-12-31": "24.52380", "2017-12-31": "22.39700", "2016-12-31": "22.88790", "2015-12-31": "24.65150", "2014-12-31": "24.37000", "2013-12-31": "24.34440", "2012-12-31": "23.42100", "2011-12-31": "25.69500", "2010-12-31": "26.00370", "2009-12-31": "28.05570", "2008-12-31": "39.55120", "2007-12-31": "28.67320", "2006-12-31": "23.53390", "2005-12-31": "23.99470"}, "Days Sales In Receivables": {"2019-12-31": "15.12160", "2018-12-31": "14.88350", "2017-12-31": "16.29680", "2016-12-31": "15.94730", "2015-12-31": "14.80640", "2014-12-31": "14.97750", "2013-12-31": "14.99320", "2012-12-31": "15.58430", "2011-12-31": "14.20510", "2010-12-31": "14.03650", "2009-12-31": "13.00980", "2008-12-31": "9.22860", "2007-12-31": "12.72970", "2006-12-31": "15.50960", "2005-12-31": "15.21170"}, "ROE - Return On Equity": {"2019-12-31": "15.46450", "2018-12-31": "17.83130", "2017-12-31": "25.24710", "2016-12-31": "19.52230", "2015-12-31": "18.19720", "2014-12-31": "18.12990", "2013-12-31": "16.32610", "2012-12-31": "14.90540", "2011-12-31": "15.32750", "2010-12-31": "11.68380", "2009-12-31": "8.47590", "2008-12-31": "-50.89640", "2007-12-31": "8.52660", "2006-12-31": "10.16180", "2005-12-31": "10.34230"}, "Return On Tangible Equity": {"2019-12-31": "124.79880", "2018-12-31": "118.48670", "2017-12-31": "208.85890", "2016-12-31": "509.38360", "2015-12-31": "321.98670", "2014-12-31": "1259.49400", "2013-12-31": "270.10870", "2012-12-31": "288.52940", "2011-12-31": "668.29190", "2010-12-31": "290.08390", "2009-12-31": "-121.92860", "2008-12-31": "249.94330", "2007-12-31": "-49.41340", "2006-12-31": "-59.20220", "2005-12-31": "-324.28160"}, "ROA - Return On Assets": {"2019-12-31": "3.11850", "2018-12-31": "4.30830", "2017-12-31": "5.81560", "2016-12-31": "3.93300", "2015-12-31": "4.16680", "2014-12-31": "4.21680", "2013-12-31": "3.87340", "2012-12-31": "3.64750", "2011-12-31": "3.91610", "2010-12-31": "3.00250", "2009-12-31": "2.11240", "2008-12-31": "-10.38470", "2007-12-31": "2.59610", "2006-12-31": "2.94560", "2005-12-31": "3.29690"}, "ROI - Return On Investment": {"2019-12-31": "8.57830", "2018-12-31": "9.87100", "2017-12-31": "13.56680", "2016-12-31": "9.62780", "2015-12-31": "10.83420", "2014-12-31": "10.16950", "2013-12-31": "9.92450", "2012-12-31": "8.78480", "2011-12-31": "8.82610", "2010-12-31": "6.73200", "2009-12-31": "4.26510", "2008-12-31": "-22.11560", "2007-12-31": "5.38300", "2006-12-31": "5.34270", "2005-12-31": "6.87960"}, "Book Value Per Share": {"2019-12-31": "34.67470", "2018-12-31": "31.16260", "2017-12-31": "28.30230", "2016-12-31": "20.88270", "2015-12-31": "20.49600", "2014-12-31": "18.62930", "2013-12-31": "16.86650", "2012-12-31": "14.57780", "2011-12-31": "12.73380", "2010-12-31": "11.35560", "2009-12-31": "10.32590", "2008-12-31": "8.84190", "2007-12-31": "14.95960", "2006-12-31": "14.53150", "2005-12-31": "12.80710"}, "Operating Cash Flow Per Share": {"2019-12-31": -0.9291, "2018-12-31": -0.0427, "2017-12-31": 2.9372, "2016-12-31": -0.1144, "2015-12-31": 0.4553, "2014-12-31": 0.6676, "2013-12-31": -0.2963, "2012-12-31": 2.1064, "2011-12-31": -0.7535, "2010-12-31": -1.0464, "2009-12-31": -1.0078, "2008-12-31": 1.1449, "2007-12-31": 1.8278, "2006-12-31": -0.4741, "2005-12-31": 1.8079}, "Free Cash Flow Per Share": {"2019-12-31": -0.2108, "2018-12-31": -0.8877, "2017-12-31": 2.6811, "2016-12-31": -0.2534, "2015-12-31": 0.1816, "2014-12-31": 0.656, "2013-12-31": -0.581, "2012-12-31": 1.8967, "2011-12-31": -1.3831, "2010-12-31": -0.9119, "2009-12-31": -0.0993, "2008-12-31": -0.0517, "2007-12-31": 2.4063, "2006-12-31": -0.6726, "2005-12-31": 0.7682}}, "financial ratios, quarterly": {"Current Ratio": {"2020-09-30": "1.05860", "2020-06-30": "0.94220", "2020-03-31": "1.03190", "2019-12-31": "0.97860", "2019-09-30": "0.97030", "2019-06-30": "0.98170", "2019-03-31": "0.98270", "2018-12-31": "1.00930", "2018-09-30": "1.00840", "2018-06-30": "1.01050", "2018-03-31": "1.00520", "2017-12-31": "1.00520", "2017-09-30": "1.03550", "2017-06-30": "1.02300", "2017-03-31": "1.03830", "2016-12-31": "1.03880", "2016-09-30": "1.04160", "2016-06-30": "1.08510", "2016-03-31": "1.01510", "2015-12-31": "1.02820", "2015-09-30": "1.02240", "2015-06-30": "1.01100", "2015-03-31": "1.01460", "2014-12-31": "1.06330", "2014-09-30": "1.03450", "2014-06-30": "0.98830", "2014-03-31": "0.99260", "2013-12-31": "1.03090", "2013-09-30": "0.99780", "2013-06-30": "0.98940", "2013-03-31": "0.99390", "2012-12-31": "1.03290", "2012-09-30": "0.99340", "2012-06-30": "0.98550", "2012-03-31": "1.00040", "2011-12-31": "1.03390", "2011-09-30": "0.99960", "2011-06-30": "1.02380", "2011-03-31": "1.04770", "2010-12-31": "1.04360", "2010-09-30": "1.04410", "2010-06-30": "1.04390", "2010-03-31": "1.03820", "2009-12-31": "1.06960", "2009-09-30": "1.05860", "2009-06-30": "1.04160", "2009-03-31": "1.07440", "2008-12-31": "1.06730", "2008-09-30": "1.04570", "2008-06-30": "1.06920", "2008-03-31": "1.08920", "2007-12-31": "1.09770", "2007-09-30": "1.08770", "2007-06-30": "1.07930", "2007-03-31": "1.11590", "2006-12-31": "", "2006-09-30": "1.09320", "2006-06-30": "1.10130", "2006-03-31": "1.10670", "2005-12-31": "1.14860", "2005-09-30": "1.11450", "2005-06-30": "1.07240", "2005-03-31": "1.06810"}, "Long-term Debt / Capital": {"2020-09-30": "0.41820", "2020-06-30": "0.42510", "2020-03-31": "0.48170", "2019-12-31": "0.44530", "2019-09-30": "0.46190", "2019-06-30": "0.44510", "2019-03-31": "0.44320", "2018-12-31": "0.44640", "2018-09-30": "0.43280", "2018-06-30": "0.44920", "2018-03-31": "0.46140", "2017-12-31": "0.46260", "2017-09-30": "0.50680", "2017-06-30": "0.49230", "2017-03-31": "0.51190", "2016-12-31": "0.50680", "2016-09-30": "0.50620", "2016-06-30": "0.48210", "2016-03-31": "0.43550", "2015-12-31": "0.40460", "2015-09-30": "0.38810", "2015-06-30": "0.38860", "2015-03-31": "0.41260", "2014-12-31": "0.43910", "2014-09-30": "0.41240", "2014-06-30": "0.37940", "2014-03-31": "0.38960", "2013-12-31": "0.39210", "2013-09-30": "0.41030", "2013-06-30": "0.39220", "2013-03-31": "0.39680", "2012-12-31": "0.41060", "2012-09-30": "0.39150", "2012-06-30": "0.39580", "2012-03-31": "0.41790", "2011-12-31": "0.42420", "2011-09-30": "0.43080", "2011-06-30": "0.38680", "2011-03-31": "0.41640", "2010-12-31": "0.42380", "2010-09-30": "0.45030", "2010-06-30": "0.46750", "2010-03-31": "0.47780", "2009-12-31": "0.49680", "2009-09-30": "0.50970", "2009-06-30": "0.51380", "2009-03-31": "0.54890", "2008-12-31": "0.56550", "2008-09-30": "0.43560", "2008-06-30": "0.41470", "2008-03-31": "0.36430", "2007-12-31": "0.36870", "2007-09-30": "0.36090", "2007-06-30": "0.38160", "2007-03-31": "0.39880", "2006-12-31": "", "2006-09-30": "0.40660", "2006-06-30": "0.36860", "2006-03-31": "0.37050", "2005-12-31": "0.33480", "2005-09-30": "0.35550", "2005-06-30": "0.35500", "2005-03-31": "0.35660"}, "Debt/Equity Ratio": {"2020-09-30": "1.56710", "2020-06-30": "1.93650", "2020-03-31": "2.40440", "2019-12-31": "2.26450", "2019-09-30": "2.34440", "2019-06-30": "2.25980", "2019-03-31": "2.30020", "2018-12-31": "2.28010", "2018-09-30": "2.14950", "2018-06-30": "2.27870", "2018-03-31": "2.40160", "2017-12-31": "2.44030", "2017-09-30": "2.76940", "2017-06-30": "2.74790", "2017-03-31": "2.86710", "2016-12-31": "2.91930", "2016-09-30": "2.84890", "2016-06-30": "2.70760", "2016-03-31": "2.80420", "2015-12-31": "2.53670", "2015-09-30": "2.39060", "2015-06-30": "2.36630", "2015-03-31": "2.48050", "2014-12-31": "2.43850", "2014-09-30": "2.25510", "2014-06-30": "2.27100", "2014-03-31": "2.34060", "2013-12-31": "2.34490", "2013-09-30": "2.33310", "2013-06-30": "2.32090", "2013-03-31": "2.34470", "2012-12-31": "2.31930", "2012-09-30": "2.19970", "2012-06-30": "2.22060", "2012-03-31": "2.26460", "2011-12-31": "2.16200", "2011-09-30": "2.11410", "2011-06-30": "1.90490", "2011-03-31": "2.10260", "2010-12-31": "2.09260", "2010-09-30": "2.18570", "2010-06-30": "2.26530", "2010-03-31": "2.37110", "2009-12-31": "2.26140", "2009-09-30": "2.24060", "2009-06-30": "2.41340", "2009-03-31": "2.72360", "2008-12-31": "3.13300", "2008-09-30": "1.94160", "2008-06-30": "1.82510", "2008-03-31": "1.75760", "2007-12-31": "1.67460", "2007-09-30": "1.64350", "2007-06-30": "1.78650", "2007-03-31": "1.86310", "2006-12-31": "", "2006-09-30": "1.68660", "2006-06-30": "1.65590", "2006-03-31": "1.65430", "2005-12-31": "1.46940", "2005-09-30": "1.45730", "2005-06-30": "1.61730", "2005-03-31": "1.73190"}, "Gross Margin": {"2020-09-30": "16.01750", "2020-06-30": "15.14340", "2020-03-31": "15.50580", "2019-12-31": "14.70740", "2019-09-30": "14.57370", "2019-06-30": "15.07700", "2019-03-31": "15.30260", "2018-12-31": "14.85670", "2018-09-30": "15.06730", "2018-06-30": "14.97900", "2018-03-31": "15.04120", "2017-12-31": "14.97410", "2017-09-30": "14.89030", "2017-06-30": "15.18190", "2017-03-31": "15.23880", "2016-12-31": "14.87990", "2016-09-30": "14.44490", "2016-06-30": "14.68000", "2016-03-31": "15.00230", "2015-12-31": "14.57140", "2015-09-30": "14.70130", "2015-06-30": "14.86200", "2015-03-31": "15.38960", "2014-12-31": "14.89570", "2014-09-30": "14.72920", "2014-06-30": "14.98230", "2014-03-31": "15.29190", "2013-12-31": "14.52650", "2013-09-30": "15.19250", "2013-06-30": "15.41070", "2013-03-31": "15.72270", "2012-12-31": "15.35590", "2012-09-30": "15.03240", "2012-06-30": "15.23270", "2012-03-31": "15.64630", "2011-12-31": "15.40390", "2011-09-30": "15.89690", "2011-06-30": "16.11170", "2011-03-31": "15.96650", "2010-12-31": "15.61350", "2010-09-30": "15.66310", "2010-06-30": "15.94150", "2010-03-31": "16.53230", "2009-12-31": "16.13190", "2009-09-30": "16.33310", "2009-06-30": "16.98180", "2009-03-31": "17.06600", "2008-12-31": "16.11960", "2008-09-30": "15.39580", "2008-06-30": "14.89510", "2008-03-31": "15.38380", "2007-12-31": "15.00610", "2007-09-30": "14.75230", "2007-06-30": "14.63490", "2007-03-31": "14.99240", "2006-12-31": "", "2006-09-30": "14.92410", "2006-06-30": "15.13500", "2006-03-31": "15.62050", "2005-12-31": "16.02350", "2005-09-30": "14.83550", "2005-06-30": "14.94980", "2005-03-31": "15.28070"}, "Operating Margin": {"2020-09-30": "4.75920", "2020-06-30": "1.95560", "2020-03-31": "2.12410", "2019-12-31": "2.59360", "2019-09-30": "2.83870", "2019-06-30": "2.98480", "2019-03-31": "2.85210", "2018-12-31": "2.51140", "2018-09-30": "2.89650", "2018-06-30": "3.17660", "2018-03-31": "3.05730", "2017-12-31": "2.53800", "2017-09-30": "2.75510", "2017-06-30": "3.19500", "2017-03-31": "2.95610", "2016-12-31": "2.56150", "2016-09-30": "2.74650", "2016-06-30": "3.12330", "2016-03-31": "2.98680", "2015-12-31": "2.56230", "2015-09-30": "2.94350", "2015-06-30": "3.22930", "2015-03-31": "3.02260", "2014-12-31": "2.60470", "2014-09-30": "2.91130", "2014-06-30": "3.10720", "2014-03-31": "3.00610", "2013-12-31": "2.75680", "2013-09-30": "2.90760", "2013-06-30": "3.08770", "2013-03-31": "3.14100", "2012-12-31": "2.97700", "2012-09-30": "2.63010", "2012-06-30": "2.74550", "2012-03-31": "2.98450", "2011-12-31": "2.58710", "2011-09-30": "2.71020", "2011-06-30": "2.46320", "2011-03-31": "2.61920", "2010-12-31": "2.47020", "2010-09-30": "2.51820", "2010-06-30": "2.50950", "2010-03-31": "2.50350", "2009-12-31": "2.14550", "2009-09-30": "2.36230", "2009-06-30": "2.26660", "2009-03-31": "1.98090", "2008-12-31": "-29.39640", "2008-09-30": "2.12680", "2008-06-30": "2.69360", "2008-03-31": "2.55480", "2007-12-31": "2.31280", "2007-09-30": "2.84750", "2007-06-30": "2.80600", "2007-03-31": "2.58820", "2006-12-31": "", "2006-09-30": "2.74300", "2006-06-30": "2.96310", "2006-03-31": "2.59560", "2005-12-31": "3.41700", "2005-09-30": "2.91020", "2005-06-30": "2.92550", "2005-03-31": "2.57520"}, "EBIT Margin": {"2020-09-30": "4.75920", "2020-06-30": "1.95560", "2020-03-31": "2.12410", "2019-12-31": "2.59360", "2019-09-30": "2.83870", "2019-06-30": "2.98480", "2019-03-31": "2.85210", "2018-12-31": "2.51140", "2018-09-30": "2.89650", "2018-06-30": "3.17660", "2018-03-31": "3.05730", "2017-12-31": "2.53800", "2017-09-30": "2.75510", "2017-06-30": "3.19500", "2017-03-31": "2.95610", "2016-12-31": "2.56150", "2016-09-30": "2.74650", "2016-06-30": "3.12330", "2016-03-31": "2.98680", "2015-12-31": "2.56230", "2015-09-30": "2.94350", "2015-06-30": "3.22930", "2015-03-31": "3.02260", "2014-12-31": "2.60470", "2014-09-30": "2.91130", "2014-06-30": "3.10720", "2014-03-31": "3.00610", "2013-12-31": "2.75680", "2013-09-30": "2.90760", "2013-06-30": "3.08770", "2013-03-31": "3.14100", "2012-12-31": "2.97690", "2012-09-30": "2.63010", "2012-06-30": "2.74550", "2012-03-31": "2.98450", "2011-12-31": "2.58710", "2011-09-30": "2.71020", "2011-06-30": "2.46320", "2011-03-31": "2.61920", "2010-12-31": "2.47020", "2010-09-30": "2.51820", "2010-06-30": "2.50950", "2010-03-31": "2.50350", "2009-12-31": "2.14550", "2009-09-30": "2.36230", "2009-06-30": "2.26660", "2009-03-31": "1.98090", "2008-12-31": "-29.39640", "2008-09-30": "2.12680", "2008-06-30": "2.69360", "2008-03-31": "2.55480", "2007-12-31": "2.31290", "2007-09-30": "2.84750", "2007-06-30": "2.80600", "2007-03-31": "2.58820", "2006-12-31": "", "2006-09-30": "2.74300", "2006-06-30": "2.96310", "2006-03-31": "2.59560", "2005-12-31": "3.41700", "2005-09-30": "2.91020", "2005-06-30": "2.92550", "2005-03-31": "2.57520"}, "EBITDA Margin": {"2020-09-30": "", "2020-06-30": "", "2020-03-31": "", "2019-12-31": "", "2019-09-30": "", "2019-06-30": "", "2019-03-31": "", "2018-12-31": "", "2018-09-30": "", "2018-06-30": "", "2018-03-31": "", "2017-12-31": "", "2017-09-30": "", "2017-06-30": "", "2017-03-31": "", "2016-12-31": "", "2016-09-30": "", "2016-06-30": "", "2016-03-31": "", "2015-12-31": "", "2015-09-30": "", "2015-06-30": "", "2015-03-31": "", "2014-12-31": "", "2014-09-30": "", "2014-06-30": "", "2014-03-31": "", "2013-12-31": "", "2013-09-30": "", "2013-06-30": "", "2013-03-31": "", "2012-12-31": "", "2012-09-30": "", "2012-06-30": "", "2012-03-31": "", "2011-12-31": "", "2011-09-30": "", "2011-06-30": "", "2011-03-31": "", "2010-12-31": "", "2010-09-30": "", "2010-06-30": "", "2010-03-31": "", "2009-12-31": "", "2009-09-30": "", "2009-06-30": "", "2009-03-31": "", "2008-12-31": "", "2008-09-30": "", "2008-06-30": "", "2008-03-31": "", "2007-12-31": "", "2007-09-30": "", "2007-06-30": "", "2007-03-31": "", "2006-12-31": "", "2006-09-30": "", "2006-06-30": "", "2006-03-31": "", "2005-12-31": "", "2005-09-30": "", "2005-06-30": "", "2005-03-31": ""}, "Pre-Tax Profit Margin": {"2020-09-30": "5.21800", "2020-06-30": "1.67620", "2020-03-31": "1.42740", "2019-12-31": "2.36610", "2019-09-30": "2.65430", "2019-06-30": "2.77810", "2019-03-31": "2.40460", "2018-12-31": "2.32570", "2018-09-30": "2.77630", "2018-06-30": "2.96620", "2018-03-31": "2.51090", "2017-12-31": "2.36570", "2017-09-30": "2.51430", "2017-06-30": "2.91450", "2017-03-31": "2.45420", "2016-12-31": "2.35080", "2016-09-30": "2.52520", "2016-06-30": "2.73120", "2016-03-31": "2.47900", "2015-12-31": "2.10310", "2015-09-30": "2.60680", "2015-06-30": "2.91630", "2015-03-31": "2.57870", "2014-12-31": "2.60470", "2014-09-30": "2.66110", "2014-06-30": "2.80750", "2014-03-31": "2.54780", "2013-12-31": "2.40150", "2013-09-30": "2.59640", "2013-06-30": "2.71030", "2013-03-31": "2.56470", "2012-12-31": "2.54210", "2012-09-30": "1.71670", "2012-06-30": "2.34870", "2012-03-31": "2.43920", "2011-12-31": "2.20500", "2011-09-30": "2.42150", "2011-06-30": "2.12790", "2011-03-31": "1.89570", "2010-12-31": "1.96890", "2010-09-30": "1.96740", "2010-06-30": "1.83080", "2010-03-31": "1.54490", "2009-12-31": "1.21790", "2009-09-30": "1.66100", "2009-06-30": "1.30380", "2009-03-31": "1.21840", "2008-12-31": "-30.78480", "2008-09-30": "1.25250", "2008-06-30": "1.81830", "2008-03-31": "1.57730", "2007-12-31": "0.89140", "2007-09-30": "1.95650", "2007-06-30": "1.92610", "2007-03-31": "0.83190", "2006-12-31": "", "2006-09-30": "1.92390", "2006-06-30": "2.05800", "2006-03-31": "1.62620", "2005-12-31": "2.46620", "2005-09-30": "2.00980", "2005-06-30": "1.95690", "2005-03-31": "1.58040"}, "Net Profit Margin": {"2020-09-30": "4.12950", "2020-06-30": "1.23520", "2020-03-31": "1.03210", "2019-12-31": "1.72450", "2019-09-30": "1.94720", "2019-06-30": "2.04660", "2019-03-31": "1.80070", "2018-12-31": "1.80350", "2018-09-30": "2.30090", "2018-06-30": "2.26590", "2018-03-31": "1.88100", "2017-12-31": "6.11520", "2017-09-30": "1.70880", "2017-06-30": "1.97270", "2017-03-31": "1.62560", "2016-12-31": "1.68990", "2016-09-30": "1.69840", "2016-06-30": "1.77960", "2016-03-31": "1.64370", "2015-12-31": "1.42850", "2015-09-30": "1.74590", "2015-06-30": "1.91030", "2015-03-31": "1.67750", "2014-12-31": "1.61360", "2014-09-30": "1.69450", "2014-06-30": "1.66800", "2014-03-31": "1.68110", "2013-12-31": "1.58140", "2013-09-30": "1.73710", "2013-06-30": "1.70770", "2013-03-31": "1.72270", "2012-12-31": "1.56890", "2012-09-30": "1.22990", "2012-06-30": "1.48090", "2012-03-31": "1.48330", "2011-12-31": "1.61150", "2011-09-30": "1.92200", "2011-06-30": "1.39790", "2011-03-31": "1.23320", "2010-12-31": "1.06760", "2010-09-30": "1.12280", "2010-06-30": "1.12600", "2010-03-31": "0.82170", "2009-12-31": "0.76570", "2009-09-30": "1.05960", "2009-06-30": "0.60720", "2009-03-31": "0.75380", "2008-12-31": "-23.69750", "2008-09-30": "0.74680", "2008-06-30": "1.13570", "2008-03-31": "1.00450", "2007-12-31": "0.74300", "2007-09-30": "1.28180", "2007-06-30": "1.19920", "2007-03-31": "0.47340", "2006-12-31": "", "2006-09-30": "1.13490", "2006-06-30": "1.29300", "2006-03-31": "0.93840", "2005-12-31": "1.61920", "2005-09-30": "1.22470", "2005-06-30": "1.26620", "2005-03-31": "0.95550"}, "Asset Turnover": {"2020-09-30": "0.45900", "2020-06-30": "0.28360", "2020-03-31": "0.36250", "2019-12-31": "0.42260", "2019-09-30": "0.43590", "2019-06-30": "0.43080", "2019-03-31": "0.40990", "2018-12-31": "0.49880", "2018-09-30": "0.53750", "2018-06-30": "0.56200", "2018-03-31": "0.53000", "2017-12-31": "0.51210", "2017-09-30": "0.53730", "2017-06-30": "0.55430", "2017-03-31": "0.54080", "2016-12-31": "0.55340", "2016-09-30": "0.60190", "2016-06-30": "0.65060", "2016-03-31": "0.59030", "2015-12-31": "0.61410", "2015-09-30": "0.64630", "2015-06-30": "0.66190", "2015-03-31": "0.62020", "2014-12-31": "0.61560", "2014-09-30": "0.65800", "2014-06-30": "0.64820", "2014-03-31": "0.60720", "2013-12-31": "0.58350", "2013-09-30": "0.62540", "2013-06-30": "0.65560", "2013-03-31": "0.61850", "2012-12-31": "0.57540", "2012-09-30": "0.66400", "2012-06-30": "0.67750", "2012-03-31": "0.65290", "2011-12-31": "0.65770", "2011-09-30": "0.67480", "2011-06-30": "0.69250", "2011-03-31": "0.65190", "2010-12-31": "0.65610", "2010-09-30": "0.67150", "2010-06-30": "0.68110", "2010-03-31": "0.63260", "2009-12-31": "0.64250", "2009-09-30": "0.70460", "2009-06-30": "0.61810", "2009-03-31": "0.57980", "2008-12-31": "0.54520", "2008-09-30": "0.60260", "2008-06-30": "0.65880", "2008-03-31": "0.64260", "2007-12-31": "0.63200", "2007-09-30": "0.73310", "2007-06-30": "0.72350", "2007-03-31": "0.67040", "2006-12-31": "", "2006-09-30": "0.68500", "2006-06-30": "0.69830", "2006-03-31": "0.65740", "2005-12-31": "0.51760", "2005-09-30": "0.78140", "2005-06-30": "0.73390", "2005-03-31": "0.65340"}, "Inventory Turnover Ratio": {"2020-09-30": "1.56250", "2020-06-30": "0.90430", "2020-03-31": "0.99290", "2019-12-31": "1.17940", "2019-09-30": "1.26060", "2019-06-30": "1.22880", "2019-03-31": "1.14830", "2018-12-31": "1.14630", "2018-09-30": "1.27030", "2018-06-30": "1.29660", "2018-03-31": "1.22920", "2017-12-31": "1.16370", "2017-09-30": "1.24710", "2017-06-30": "1.23010", "2017-03-31": "1.20780", "2016-12-31": "1.22070", "2016-09-30": "1.34400", "2016-06-30": "1.33740", "2016-03-31": "1.16720", "2015-12-31": "1.21390", "2015-09-30": "1.32700", "2015-06-30": "1.37110", "2015-03-31": "1.31440", "2014-12-31": "1.33510", "2014-09-30": "1.51230", "2014-06-30": "1.42040", "2014-03-31": "1.33520", "2013-12-31": "1.27920", "2013-09-30": "1.39010", "2013-06-30": "1.44470", "2013-03-31": "1.39490", "2012-12-31": "1.32600", "2012-09-30": "1.52000", "2012-06-30": "1.53490", "2012-03-31": "1.50410", "2011-12-31": "1.63040", "2011-09-30": "1.64530", "2011-06-30": "1.63010", "2011-03-31": "1.50470", "2010-12-31": "1.56130", "2010-09-30": "1.56590", "2010-06-30": "1.61040", "2010-03-31": "1.49370", "2009-12-31": "1.57060", "2009-09-30": "1.84380", "2009-06-30": "1.52200", "2009-03-31": "1.31690", "2008-12-31": "1.14190", "2008-09-30": "1.45950", "2008-06-30": "1.58330", "2008-03-31": "1.47720", "2007-12-31": "1.50400", "2007-09-30": "1.85340", "2007-06-30": "1.75630", "2007-03-31": "1.63420", "2006-12-31": "", "2006-09-30": "1.73680", "2006-06-30": "1.69730", "2006-03-31": "1.57200", "2005-12-31": "1.36490", "2005-09-30": "1.98500", "2005-06-30": "1.75300", "2005-03-31": "1.46910"}, "Receiveable Turnover": {"2020-09-30": "7.04030", "2020-06-30": "4.82570", "2020-03-31": "8.12770", "2019-12-31": "6.13520", "2019-09-30": "6.16930", "2019-06-30": "6.09470", "2019-03-31": "5.38090", "2018-12-31": "5.85440", "2018-09-30": "5.93520", "2018-06-30": "6.45970", "2018-03-31": "5.55040", "2017-12-31": "5.65290", "2017-09-30": "5.88450", "2017-06-30": "6.50400", "2017-03-31": "5.96230", "2016-12-31": "5.56060", "2016-09-30": "6.03350", "2016-06-30": "6.34710", "2016-03-31": "5.77380", "2015-12-31": "6.29080", "2015-09-30": "6.39600", "2015-06-30": "6.66030", "2015-03-31": "6.00600", "2014-12-31": "6.29270", "2014-09-30": "6.82930", "2014-06-30": "6.81610", "2014-03-31": "5.92470", "2013-12-31": "6.29270", "2013-09-30": "6.38960", "2013-06-30": "6.84180", "2013-03-31": "6.34740", "2012-12-31": "5.61830", "2012-09-30": "6.59590", "2012-06-30": "7.13800", "2012-03-31": "6.40690", "2011-12-31": "6.88750", "2011-09-30": "7.52570", "2011-06-30": "7.73660", "2011-03-31": "6.48430", "2010-12-31": "6.98330", "2010-09-30": "7.25700", "2010-06-30": "7.44870", "2010-03-31": "6.54660", "2009-12-31": "7.59320", "2009-09-30": "8.02400", "2009-06-30": "7.20870", "2009-03-31": "6.92190", "2008-12-31": "7.34230", "2008-09-30": "7.99450", "2008-06-30": "7.69630", "2008-03-31": "6.30700", "2007-12-31": "6.61920", "2007-09-30": "6.83930", "2007-06-30": "7.08950", "2007-03-31": "6.04700", "2006-12-31": "", "2006-09-30": "6.40150", "2006-06-30": "7.00000", "2006-03-31": "6.41720", "2005-12-31": "4.67260", "2005-09-30": "7.04170", "2005-06-30": "6.41870", "2005-03-31": "6.10500"}, "Days Sales In Receivables": {"2020-09-30": "12.78350", "2020-06-30": "18.65030", "2020-03-31": "11.07330", "2019-12-31": "14.66950", "2019-09-30": "14.58830", "2019-06-30": "14.76700", "2019-03-31": "16.72580", "2018-12-31": "15.37310", "2018-09-30": "15.16380", "2018-06-30": "13.93260", "2018-03-31": "16.21500", "2017-12-31": "15.92090", "2017-09-30": "15.29430", "2017-06-30": "13.83750", "2017-03-31": "15.09480", "2016-12-31": "16.18520", "2016-09-30": "14.91670", "2016-06-30": "14.17980", "2016-03-31": "15.58760", "2015-12-31": "14.30660", "2015-09-30": "14.07130", "2015-06-30": "13.51300", "2015-03-31": "14.98490", "2014-12-31": "14.30220", "2014-09-30": "13.17850", "2014-06-30": "13.20400", "2014-03-31": "15.19050", "2013-12-31": "14.30240", "2013-09-30": "14.08530", "2013-06-30": "13.15440", "2013-03-31": "14.17900", "2012-12-31": "16.01900", "2012-09-30": "13.64480", "2012-06-30": "12.60860", "2012-03-31": "14.04730", "2011-12-31": "13.06710", "2011-09-30": "11.95900", "2011-06-30": "11.63310", "2011-03-31": "13.87970", "2010-12-31": "12.88780", "2010-09-30": "12.40180", "2010-06-30": "12.08260", "2010-03-31": "13.74770", "2009-12-31": "11.85280", "2009-09-30": "11.21640", "2009-06-30": "12.48500", "2009-03-31": "13.00220", "2008-12-31": "12.25770", "2008-09-30": "11.25770", "2008-06-30": "11.69390", "2008-03-31": "14.26990", "2007-12-31": "13.59680", "2007-09-30": "13.15930", "2007-06-30": "12.69490", "2007-03-31": "14.88350", "2006-12-31": "", "2006-09-30": "14.05920", "2006-06-30": "12.85720", "2006-03-31": "14.02480", "2005-12-31": "19.26120", "2005-09-30": "12.78100", "2005-06-30": "14.02150", "2005-03-31": "14.74210"}, "ROE - Return On Equity": {"2020-09-30": "8.02660", "2020-06-30": "1.60930", "2020-03-31": "1.89840", "2019-12-31": "3.60290", "2019-09-30": "4.36240", "2019-06-30": "4.44950", "2019-03-31": "3.72430", "2018-12-31": "3.67780", "2018-09-30": "4.97700", "2018-06-30": "5.35280", "2018-03-31": "4.31770", "2017-12-31": "13.52970", "2017-09-30": "4.46020", "2017-06-30": "5.29080", "2017-03-31": "4.40720", "2016-12-31": "4.64180", "2016-09-30": "4.94210", "2016-06-30": "5.55140", "2016-03-31": "4.65200", "2015-12-31": "4.01660", "2015-09-30": "4.81030", "2015-06-30": "5.38500", "2015-03-31": "4.59500", "2014-12-31": "4.66330", "2014-09-30": "4.66960", "2014-06-30": "4.94930", "2014-03-31": "4.26980", "2013-12-31": "4.01420", "2013-09-30": "4.54920", "2013-06-30": "4.68200", "2013-03-31": "4.41180", "2012-12-31": "4.06470", "2012-09-30": "3.29920", "2012-06-30": "4.19130", "2012-03-31": "4.23640", "2011-12-31": "3.73720", "2011-09-30": "5.11860", "2011-06-30": "3.54520", "2011-03-31": "3.31930", "2010-12-31": "3.38910", "2010-09-30": "3.43150", "2010-06-30": "3.24820", "2010-03-31": "2.54540", "2009-12-31": "2.07690", "2009-09-30": "3.03810", "2009-06-30": "2.21620", "2009-03-31": "1.98680", "2008-12-31": "-62.74360", "2008-09-30": "1.72840", "2008-06-30": "2.65070", "2008-03-31": "2.22810", "2007-12-31": "1.52760", "2007-09-30": "3.05600", "2007-06-30": "2.97180", "2007-03-31": "1.26880", "2006-12-31": "", "2006-09-30": "2.86900", "2006-06-30": "2.96080", "2006-03-31": "2.23230", "2005-12-31": "2.55380", "2005-09-30": "2.99860", "2005-06-30": "2.89090", "2005-03-31": "2.17980"}, "Return On Tangible Equity": {"2020-09-30": "39.41080", "2020-06-30": "12.63070", "2020-03-31": "17.26570", "2019-12-31": "29.07570", "2019-09-30": "49.31980", "2019-06-30": "27.79340", "2019-03-31": "23.99510", "2018-12-31": "24.43880", "2018-09-30": "29.05030", "2018-06-30": "38.51850", "2018-03-31": "38.30010", "2017-12-31": "111.92520", "2017-09-30": "-434.10240", "2017-06-30": "-115.60150", "2017-03-31": "-94.46370", "2016-12-31": "121.11430", "2016-09-30": "139.21230", "2016-06-30": "899.02850", "2016-03-31": "-742.58920", "2015-12-31": "71.07040", "2015-09-30": "67.02360", "2015-06-30": "100.84210", "2015-03-31": "560.58600", "2014-12-31": "323.96430", "2014-09-30": "44.75970", "2014-06-30": "63.52320", "2014-03-31": "83.14850", "2013-12-31": "66.41300", "2013-09-30": "118.61730", "2013-06-30": "50.76000", "2013-03-31": "72.01330", "2012-12-31": "78.68240", "2012-09-30": "72.86340", "2012-06-30": "284.63130", "2012-03-31": "-258.56920", "2011-12-31": "162.94640", "2011-09-30": "-158.92270", "2011-06-30": "45.48260", "2011-03-31": "59.64500", "2010-12-31": "84.14440", "2010-09-30": "621.40470", "2010-06-30": "-94.05690", "2010-03-31": "-39.13400", "2009-12-31": "-29.87660", "2009-09-30": "-30.70280", "2009-06-30": "-16.11720", "2009-03-31": "-11.57430", "2008-12-31": "308.12270", "2008-09-30": "-8.03550", "2008-06-30": "-17.50830", "2008-03-31": "-15.16900", "2007-12-31": "-8.85270", "2007-09-30": "-19.76700", "2007-06-30": "-14.39120", "2007-03-31": "-7.92150", "2006-12-31": "", "2006-09-30": "-15.43990", "2006-06-30": "-27.42840", "2006-03-31": "-16.47610", "2005-12-31": "-80.07500", "2005-09-30": "-33.66530", "2005-06-30": "-25.10160", "2005-03-31": "-14.94110"}, "ROA - Return On Assets": {"2020-09-30": "1.90240", "2020-06-30": "0.34720", "2020-03-31": "0.37200", "2019-12-31": "0.72650", "2019-09-30": "0.84740", "2019-06-30": "0.88620", "2019-03-31": "0.73000", "2018-12-31": "0.88860", "2018-09-30": "1.23490", "2018-06-30": "1.27900", "2018-03-31": "0.99330", "2017-12-31": "3.11650", "2017-09-30": "0.91610", "2017-06-30": "1.09870", "2017-03-31": "0.88980", "2016-12-31": "0.93510", "2016-09-30": "1.03280", "2016-06-30": "1.19130", "2016-03-31": "0.98130", "2015-12-31": "0.91970", "2015-09-30": "1.14140", "2015-06-30": "1.28870", "2015-03-31": "1.06260", "2014-12-31": "1.08460", "2014-09-30": "1.15680", "2014-06-30": "1.20880", "2014-03-31": "1.02240", "2013-12-31": "0.95240", "2013-09-30": "1.10300", "2013-06-30": "1.14670", "2013-03-31": "1.06370", "2012-12-31": "0.99470", "2012-09-30": "0.83290", "2012-06-30": "1.03760", "2012-03-31": "1.03590", "2011-12-31": "0.95480", "2011-09-30": "1.32560", "2011-06-30": "0.97170", "2011-03-31": "0.86450", "2010-12-31": "0.87090", "2010-09-30": "0.88280", "2010-06-30": "0.81380", "2010-03-31": "0.61290", "2009-12-31": "0.51760", "2009-09-30": "0.76010", "2009-06-30": "0.53050", "2009-03-31": "0.44190", "2008-12-31": "-12.80190", "2008-09-30": "0.48790", "2008-06-30": "0.78020", "2008-03-31": "0.65320", "2007-12-31": "0.46510", "2007-09-30": "0.92880", "2007-06-30": "0.86120", "2007-03-31": "0.35980", "2006-12-31": "", "2006-09-30": "0.83230", "2006-06-30": "0.89340", "2006-03-31": "0.66880", "2005-12-31": "0.81410", "2005-09-30": "0.98520", "2005-06-30": "0.88900", "2005-03-31": "0.64770"}, "ROI - Return On Investment": {"2020-09-30": "4.67020", "2020-06-30": "0.92510", "2020-03-31": "0.98400", "2019-12-31": "1.99860", "2019-09-30": "2.34740", "2019-06-30": "2.46910", "2019-03-31": "2.07360", "2018-12-31": "2.03600", "2018-09-30": "2.82280", "2018-06-30": "2.94850", "2018-03-31": "2.32550", "2017-12-31": "7.27030", "2017-09-30": "2.19970", "2017-06-30": "2.68600", "2017-03-31": "2.15140", "2016-12-31": "2.28920", "2016-09-30": "2.44050", "2016-06-30": "2.87510", "2016-03-31": "2.62600", "2015-12-31": "2.39140", "2015-09-30": "2.94330", "2015-06-30": "3.29230", "2015-03-31": "2.69900", "2014-12-31": "2.61580", "2014-09-30": "2.74410", "2014-06-30": "3.07140", "2014-03-31": "2.60650", "2013-12-31": "2.44020", "2013-09-30": "2.68260", "2013-06-30": "2.84550", "2013-03-31": "2.66140", "2012-12-31": "2.39560", "2012-09-30": "2.00770", "2012-06-30": "2.53220", "2012-03-31": "2.46610", "2011-12-31": "2.15200", "2011-09-30": "2.91350", "2011-06-30": "2.17400", "2011-03-31": "1.93700", "2010-12-31": "1.95270", "2010-09-30": "1.88620", "2010-06-30": "1.72970", "2010-03-31": "1.32930", "2009-12-31": "1.04510", "2009-09-30": "1.48950", "2009-06-30": "1.07750", "2009-03-31": "0.89620", "2008-12-31": "-27.26350", "2008-09-30": "0.97560", "2008-06-30": "1.55130", "2008-03-31": "1.41650", "2007-12-31": "0.96440", "2007-09-30": "1.95310", "2007-06-30": "1.83770", "2007-03-31": "0.76270", "2006-12-31": "", "2006-09-30": "1.70240", "2006-06-30": "1.86930", "2006-03-31": "1.40520", "2005-12-31": "1.69880", "2005-09-30": "1.93260", "2005-06-30": "1.86470", "2005-03-31": "1.40250"}, "Book Value Per Share": {"2020-09-30": "38.38260", "2020-06-30": "34.57310", "2020-03-31": "33.64900", "2019-12-31": "34.67470", "2019-09-30": "32.80130", "2019-06-30": "32.46860", "2019-03-31": "31.80920", "2018-12-31": "31.16260", "2018-09-30": "30.77900", "2018-06-30": "29.76260", "2018-03-31": "29.35450", "2017-12-31": "28.30230", "2017-09-30": "24.62460", "2017-06-30": "23.44460", "2017-03-31": "22.02090", "2016-12-31": "20.88270", "2016-09-30": "21.00010", "2016-06-30": "20.34520", "2016-03-31": "20.20750", "2015-12-31": "20.49600", "2015-09-30": "20.21890", "2015-06-30": "19.75000", "2015-03-31": "18.52130", "2014-12-31": "18.62930", "2014-09-30": "18.34710", "2014-06-30": "18.25020", "2014-03-31": "17.48430", "2013-12-31": "16.86650", "2013-09-30": "16.15730", "2013-06-30": "15.03590", "2013-03-31": "14.45770", "2012-12-31": "14.57780", "2012-09-30": "14.05190", "2012-06-30": "13.41850", "2012-03-31": "13.08870", "2011-12-31": "12.73380", "2011-09-30": "12.32710", "2011-06-30": "12.16820", "2011-03-31": "11.86510", "2010-12-31": "11.35560", "2010-09-30": "11.10630", "2010-06-30": "10.43750", "2010-03-31": "10.23450", "2009-12-31": "10.32590", "2009-09-30": "10.04020", "2009-06-30": "9.81130", "2009-03-31": "9.05130", "2008-12-31": "8.84190", "2008-09-30": "15.14680", "2008-06-30": "15.59550", "2008-03-31": "15.18860", "2007-12-31": "14.95960", "2007-09-30": "14.77470", "2007-06-30": "14.19860", "2007-03-31": "14.56700", "2006-12-31": "", "2006-09-30": "14.11890", "2006-06-30": "13.75960", "2006-03-31": "13.11630", "2005-12-31": "12.80710", "2005-09-30": "12.00680", "2005-06-30": "11.78510", "2005-03-31": "11.71130"}, "Operating Cash Flow Per Share": {"2020-09-30": 0.8218, "2020-06-30": 7.1313, "2020-03-31": "2.61280", "2019-12-31": -1.8053, "2019-09-30": 4.4138, "2019-06-30": 2.5914, "2019-03-31": "1.08290", "2018-12-31": 0.8998, "2018-09-30": 1.4062, "2018-06-30": 2.8733, "2018-03-31": "2.03260", "2017-12-31": 1.8267, "2017-09-30": 1.7055, "2017-06-30": 1.4023, "2017-03-31": "2.32010", "2016-12-31": -1.1204, "2016-09-30": 2.2655, "2016-06-30": 2.2369, "2016-03-31": "0.93540", "2015-12-31": 0.2875, "2015-09-30": 1.1443, "2015-06-30": 0.8594, "2015-03-31": "2.14060", "2014-12-31": 0.92, "2014-09-30": 0.7634, "2014-06-30": 0.829, "2014-03-31": "1.46410", "2013-12-31": 0.0207, "2013-09-30": 1.3613, "2013-06-30": 0.8446, "2013-03-31": "1.08230", "2012-12-31": 0.6953, "2012-09-30": 0.6743, "2012-06-30": 0.8496, "2012-03-31": "1.38600", "2011-12-31": -0.4592, "2011-09-30": 1.5199, "2011-06-30": 0.344, "2011-03-31": "0.10600", "2010-12-31": 0.9608, "2010-09-30": 0.6646, "2010-06-30": 0.2453, "2010-03-31": "0.37860", "2009-12-31": -0.1379, "2009-09-30": 0.7996, "2009-06-30": 0.7083, "2009-03-31": "1.92410", "2008-12-31": 0.5169, "2008-09-30": 1.9739, "2008-06-30": 1.5428, "2008-03-31": "0.38210", "2007-12-31": -0.3943, "2007-09-30": 0.5304, "2007-06-30": 1.8897, "2007-03-31": "1.14810", "2006-12-31": -2.4995, "2006-09-30": 0.5289, "2006-06-30": 0.9604, "2006-03-31": "1.01020", "2005-12-31": 0.0727, "2005-09-30": 0.45, "2005-06-30": 0.4248, "2005-03-31": "0.85190"}, "Free Cash Flow Per Share": {"2020-09-30": 0.3545, "2020-06-30": 6.7401, "2020-03-31": "2.29590", "2019-12-31": -2.3906, "2019-09-30": 3.7263, "2019-06-30": 1.7809, "2019-03-31": "0.42180", "2018-12-31": -0.4687, "2018-09-30": 0.6414, "2018-06-30": 2.2963, "2018-03-31": "1.28020", "2017-12-31": 1.3032, "2017-09-30": 0.9284, "2017-06-30": 0.5163, "2017-03-31": "1.88900", "2016-12-31": -1.4667, "2016-09-30": 1.8527, "2016-06-30": 1.1644, "2016-03-31": "0.40540", "2015-12-31": -0.2581, "2015-09-30": 0.393, "2015-06-30": 0.3069, "2015-03-31": "1.76740", "2014-12-31": 0.5171, "2014-09-30": 0.1189, "2014-06-30": 0.3673, "2014-03-31": "1.02430", "2013-12-31": 0.2618, "2013-09-30": 0.7709, "2013-06-30": 0.0161, "2013-03-31": "0.32280", "2012-12-31": 0.0926, "2012-09-30": 0.259, "2012-06-30": 0.5047, "2012-03-31": "1.09630", "2011-12-31": -1.0411, "2011-09-30": 1.203, "2011-06-30": 0.0136, "2011-03-31": "-0.11920", "2010-12-31": 0.761, "2010-09-30": 0.4424, "2010-06-30": 0.0553, "2010-03-31": "0.17830", "2009-12-31": -0.3453, "2009-09-30": 0.5408, "2009-06-30": 0.5292, "2009-03-31": "1.62300", "2008-12-31": 0.1545, "2008-09-30": 1.4383, "2008-06-30": 0.994, "2008-03-31": "-0.07440", "2007-12-31": -0.9628, "2007-09-30": 0.4059, "2007-06-30": 2.0641, "2007-03-31": "1.00440", "2006-12-31": -1.5729, "2006-09-30": 0.5477, "2006-06-30": 0.266, "2006-03-31": "0.75920", "2005-12-31": 0.038, "2005-09-30": -0.0242, "2005-06-30": -0.0054, "2005-03-31": "0.75620"}}, "revenue": {"Penske Automotive Annual Revenue (Millions of US $)": {"2019": "$23,179", "2018": "$22,785", "2017": "$21,387", "2016": "$20,119", "2015": "$19,285", "2014": "$17,232", "2013": "$14,483", "2012": "$12,903", "2011": "$11,039", "2010": "$9,943", "2009": "$9,012", "2008": "$11,637", "2007": "$12,782", "2006": "$10,957", "2005": "$9,553"}, "Penske Automotive Quarterly Revenue (Millions of US $)": {"2020-09-30": "$5,972", "2020-06-30": "$3,651", "2020-03-31": "$5,009", "2019-12-31": "$5,892", "2019-09-30": "$5,968", "2019-06-30": "$5,756", "2019-03-31": "$5,564", "2018-12-31": "$5,439", "2018-09-30": "$5,659", "2018-06-30": "$5,940", "2018-03-31": "$5,747", "2017-12-31": "$5,398", "2017-09-30": "$5,524", "2017-06-30": "$5,383", "2017-03-31": "$5,081", "2016-12-31": "$4,888", "2016-09-30": "$5,152", "2016-06-30": "$5,254", "2016-03-31": "$4,825", "2015-12-31": "$4,921", "2015-09-30": "$4,960", "2015-06-30": "$4,921", "2015-03-31": "$4,483", "2014-12-31": "$4,450", "2014-09-30": "$4,397", "2014-06-30": "$4,371", "2014-03-31": "$4,015", "2013-12-31": "$3,744", "2013-09-30": "$3,759", "2013-06-30": "$3,631", "2013-03-31": "$3,349", "2012-12-31": "$3,095", "2012-09-30": "$3,336", "2012-06-30": "$3,315", "2012-03-31": "$3,156", "2011-12-31": "$2,959", "2011-09-30": "$2,898", "2011-06-30": "$2,830", "2011-03-31": "$2,751", "2010-12-31": "$2,670", "2010-09-30": "$2,670", "2010-06-30": "$2,615", "2010-03-31": "$2,477", "2009-12-31": "$2,439", "2009-09-30": "$2,588", "2009-06-30": "$2,319", "2009-03-31": "$2,160", "2008-12-31": "$2,160", "2008-09-30": "$2,970", "2008-06-30": "$3,331", "2008-03-31": "$3,175", "2007-12-31": "$2,951", "2007-09-30": "$3,386", "2007-06-30": "$3,365", "2007-03-31": "$3,080", "2006-12-31": "$2,594", "2006-09-30": "$2,972", "2006-06-30": "$2,838", "2006-03-31": "$2,553", "2005-12-31": "$1,860", "2005-09-30": "$2,675", "2005-06-30": "$2,622", "2005-03-31": "$2,396"}}, "gross-profit": {"Penske Automotive Annual Gross Profit (Millions of US $)": {"2019": "$3,456", "2018": "$3,415", "2017": "$3,223", "2016": "$2,967", "2015": "$2,868", "2014": "$2,579", "2013": "$2,201", "2012": "$1,976", "2011": "$1,752", "2010": "$1,585", "2009": "$1,507", "2008": "$1,790", "2007": "$1,897", "2006": "$1,660", "2005": "$1,453"}, "Penske Automotive Quarterly Gross Profit (Millions of US $)": {"2020-09-30": "$957", "2020-06-30": "$553", "2020-03-31": "$777", "2019-12-31": "$867", "2019-09-30": "$870", "2019-06-30": "$868", "2019-03-31": "$852", "2018-12-31": "$808", "2018-09-30": "$853", "2018-06-30": "$890", "2018-03-31": "$864", "2017-12-31": "$808", "2017-09-30": "$823", "2017-06-30": "$817", "2017-03-31": "$774", "2016-12-31": "$727", "2016-09-30": "$744", "2016-06-30": "$771", "2016-03-31": "$724", "2015-12-31": "$717", "2015-09-30": "$729", "2015-06-30": "$731", "2015-03-31": "$690", "2014-12-31": "$663", "2014-09-30": "$648", "2014-06-30": "$655", "2014-03-31": "$614", "2013-12-31": "$544", "2013-09-30": "$571", "2013-06-30": "$560", "2013-03-31": "$527", "2012-12-31": "$475", "2012-09-30": "$501", "2012-06-30": "$505", "2012-03-31": "$494", "2011-12-31": "$456", "2011-09-30": "$461", "2011-06-30": "$456", "2011-03-31": "$439", "2010-12-31": "$417", "2010-09-30": "$418", "2010-06-30": "$417", "2010-03-31": "$410", "2009-12-31": "$393", "2009-09-30": "$423", "2009-06-30": "$394", "2009-03-31": "$369", "2008-12-31": "$348", "2008-09-30": "$457", "2008-06-30": "$496", "2008-03-31": "$488", "2007-12-31": "$443", "2007-09-30": "$499", "2007-06-30": "$492", "2007-03-31": "$462", "2006-12-31": "$388", "2006-09-30": "$444", "2006-06-30": "$429", "2006-03-31": "$399", "2005-12-31": "$298", "2005-09-30": "$397", "2005-06-30": "$392", "2005-03-31": "$366"}}, "operating-income": {"Penske Automotive Annual Operating Income (Millions of US $)": {"2019": "$653", "2018": "$665", "2017": "$611", "2016": "$575", "2015": "$567", "2014": "$500", "2013": "$430", "2012": "$365", "2011": "$295", "2010": "$253", "2009": "$201", "2008": "$-401", "2007": "$339", "2006": "$302", "2005": "$280"}, "Penske Automotive Quarterly Operating Income (Millions of US $)": {"2020-09-30": "$284", "2020-06-30": "$71", "2020-03-31": "$106", "2019-12-31": "$153", "2019-09-30": "$169", "2019-06-30": "$172", "2019-03-31": "$159", "2018-12-31": "$137", "2018-09-30": "$164", "2018-06-30": "$189", "2018-03-31": "$176", "2017-12-31": "$137", "2017-09-30": "$152", "2017-06-30": "$172", "2017-03-31": "$150", "2016-12-31": "$125", "2016-09-30": "$142", "2016-06-30": "$164", "2016-03-31": "$144", "2015-12-31": "$126", "2015-09-30": "$146", "2015-06-30": "$159", "2015-03-31": "$136", "2014-12-31": "$116", "2014-09-30": "$128", "2014-06-30": "$136", "2014-03-31": "$121", "2013-12-31": "$103", "2013-09-30": "$109", "2013-06-30": "$112", "2013-03-31": "$105", "2012-12-31": "$92", "2012-09-30": "$88", "2012-06-30": "$91", "2012-03-31": "$94", "2011-12-31": "$77", "2011-09-30": "$79", "2011-06-30": "$70", "2011-03-31": "$72", "2010-12-31": "$66", "2010-09-30": "$67", "2010-06-30": "$66", "2010-03-31": "$62", "2009-12-31": "$52", "2009-09-30": "$61", "2009-06-30": "$53", "2009-03-31": "$43", "2008-12-31": "$-635", "2008-09-30": "$63", "2008-06-30": "$90", "2008-03-31": "$81", "2007-12-31": "$68", "2007-09-30": "$96", "2007-06-30": "$94", "2007-03-31": "$80", "2006-12-31": "$70", "2006-09-30": "$82", "2006-06-30": "$84", "2006-03-31": "$66", "2005-12-31": "$64", "2005-09-30": "$78", "2005-06-30": "$77", "2005-03-31": "$62"}}, "ebitda": {"Penske Automotive Annual EBITDA (Millions of US $)": {"2019": "$762", "2018": "$769", "2017": "$707", "2016": "$665", "2015": "$645", "2014": "$571", "2013": "$489", "2012": "$417", "2011": "$343", "2010": "$307", "2009": "$266", "2008": "$-333", "2007": "$402", "2006": "$344", "2005": "$317"}, "Penske Automotive Quarterly EBITDA (Millions of US $)": {"2020-09-30": "$313", "2020-06-30": "$99", "2020-03-31": "$135", "2019-12-31": "$181", "2019-09-30": "$197", "2019-06-30": "$199", "2019-03-31": "$185", "2018-12-31": "$163", "2018-09-30": "$190", "2018-06-30": "$214", "2018-03-31": "$201", "2017-12-31": "$162", "2017-09-30": "$177", "2017-06-30": "$195", "2017-03-31": "$173", "2016-12-31": "$148", "2016-09-30": "$163", "2016-06-30": "$189", "2016-03-31": "$165", "2015-12-31": "$146", "2015-09-30": "$166", "2015-06-30": "$178", "2015-03-31": "$154", "2014-12-31": "$136", "2014-09-30": "$146", "2014-06-30": "$153", "2014-03-31": "$137", "2013-12-31": "$118", "2013-09-30": "$125", "2013-06-30": "$127", "2013-03-31": "$120", "2012-12-31": "$104", "2012-09-30": "$101", "2012-06-30": "$104", "2012-03-31": "$107", "2011-12-31": "$87", "2011-09-30": "$91", "2011-06-30": "$82", "2011-03-31": "$86", "2010-12-31": "$77", "2010-09-30": "$81", "2010-06-30": "$79", "2010-03-31": "$77", "2009-12-31": "$66", "2009-09-30": "$78", "2009-06-30": "$70", "2009-03-31": "$59", "2008-12-31": "$-618", "2008-09-30": "$81", "2008-06-30": "$107", "2008-03-31": "$98", "2007-12-31": "$93", "2007-09-30": "$109", "2007-06-30": "$107", "2007-03-31": "$92", "2006-12-31": "", "2006-09-30": "$93", "2006-06-30": "$95", "2006-03-31": "$76", "2005-12-31": "$72", "2005-09-30": "$87", "2005-06-30": "$86", "2005-03-31": "$72"}}, "net-income": {"Penske Automotive Annual Net Income (Millions of US $)": {"2019": "$436", "2018": "$471", "2017": "$613", "2016": "$343", "2015": "$326", "2014": "$287", "2013": "$244", "2012": "$186", "2011": "$177", "2010": "$108", "2009": "$76", "2008": "$-420", "2007": "$120", "2006": "$125", "2005": "$119"}, "Penske Automotive Quarterly Net Income (Millions of US $)": {"2020-09-30": "$247", "2020-06-30": "$45", "2020-03-31": "$52", "2019-12-31": "$102", "2019-09-30": "$116", "2019-06-30": "$118", "2019-03-31": "$100", "2018-12-31": "$98", "2018-09-30": "$130", "2018-06-30": "$135", "2018-03-31": "$108", "2017-12-31": "$330", "2017-09-30": "$94", "2017-06-30": "$106", "2017-03-31": "$83", "2016-12-31": "$83", "2016-09-30": "$88", "2016-06-30": "$94", "2016-03-31": "$79", "2015-12-31": "$70", "2015-09-30": "$87", "2015-06-30": "$94", "2015-03-31": "$75", "2014-12-31": "$72", "2014-09-30": "$75", "2014-06-30": "$73", "2014-03-31": "$68", "2013-12-31": "$59", "2013-09-30": "$65", "2013-06-30": "$62", "2013-03-31": "$58", "2012-12-31": "$49", "2012-09-30": "$41", "2012-06-30": "$49", "2012-03-31": "$47", "2011-12-31": "$48", "2011-09-30": "$56", "2011-06-30": "$40", "2011-03-31": "$34", "2010-12-31": "$29", "2010-09-30": "$30", "2010-06-30": "$29", "2010-03-31": "$20", "2009-12-31": "$19", "2009-09-30": "$27", "2009-06-30": "$14", "2009-03-31": "$16", "2008-12-31": "$-512", "2008-09-30": "$22", "2008-06-30": "$38", "2008-03-31": "$32", "2007-12-31": "$22", "2007-09-30": "$43", "2007-06-30": "$40", "2007-03-31": "$15", "2006-12-31": "$30", "2006-09-30": "$34", "2006-06-30": "$37", "2006-03-31": "$24", "2005-12-31": "$30", "2005-09-30": "$33", "2005-06-30": "$33", "2005-03-31": "$23"}}, "eps-earnings-per-share-diluted": {"Penske Automotive Annual EPS": {"2019": "$5.28", "2018": "$5.53", "2017": "$7.14", "2016": "$3.99", "2015": "$3.63", "2014": "$3.17", "2013": "$2.70", "2012": "$2.05", "2011": "$1.94", "2010": "$1.18", "2009": "$0.83", "2008": "$-4.47", "2007": "$1.27", "2006": "$1.32", "2005": "$1.27"}, "Penske Automotive Quarterly EPS": {"2020-09-30": "$3.07", "2020-06-30": "$0.56", "2020-03-31": "$0.64", "2019-12-31": "$1.25", "2019-09-30": "$1.42", "2019-06-30": "$1.42", "2019-03-31": "$1.19", "2018-12-31": "$1.16", "2018-09-30": "$1.53", "2018-06-30": "$1.58", "2018-03-31": "$1.26", "2017-12-31": "$3.85", "2017-09-30": "$1.10", "2017-06-30": "$1.23", "2017-03-31": "$0.96", "2016-12-31": "$0.96", "2016-09-30": "$1.03", "2016-06-30": "$1.10", "2016-03-31": "$0.90", "2015-12-31": "$0.80", "2015-09-30": "$0.96", "2015-06-30": "$1.04", "2015-03-31": "$0.83", "2014-12-31": "$0.78", "2014-09-30": "$0.83", "2014-06-30": "$0.81", "2014-03-31": "$0.75", "2013-12-31": "$0.65", "2013-09-30": "$0.72", "2013-06-30": "$0.69", "2013-03-31": "$0.64", "2012-12-31": "$0.54", "2012-09-30": "$0.45", "2012-06-30": "$0.54", "2012-03-31": "$0.52", "2011-12-31": "$0.53", "2011-09-30": "$0.61", "2011-06-30": "$0.43", "2011-03-31": "$0.37", "2010-12-31": "$0.31", "2010-09-30": "$0.33", "2010-06-30": "$0.32", "2010-03-31": "$0.22", "2009-12-31": "$0.20", "2009-09-30": "$0.30", "2009-06-30": "$0.15", "2009-03-31": "$0.18", "2008-12-31": "$-5.44", "2008-09-30": "$0.24", "2008-06-30": "$0.40", "2008-03-31": "$0.33", "2007-12-31": "$0.23", "2007-09-30": "$0.46", "2007-06-30": "$0.43", "2007-03-31": "$0.15", "2006-12-31": "$0.32", "2006-09-30": "$0.36", "2006-06-30": "$0.39", "2006-03-31": "$0.25", "2005-12-31": "$0.33", "2005-09-30": "$0.35", "2005-06-30": "$0.35", "2005-03-31": "$0.25"}}, "shares-outstanding": {"Penske Automotive Annual Shares Outstanding (Millions of Shares)": {"2019": "82", "2018": "85", "2017": "86", "2016": "86", "2015": "90", "2014": "90", "2013": "90", "2012": "90", "2011": "91", "2010": "92", "2009": "92", "2008": "94", "2007": "95", "2006": "94", "2005": "94"}, "Penske Automotive Quarterly Shares Outstanding (Millions of Shares)": {"2020-09-30": "80", "2020-06-30": "81", "2020-03-31": "81", "2019-12-31": "82", "2019-09-30": "82", "2019-06-30": "83", "2019-03-31": "84", "2018-12-31": "85", "2018-09-30": "85", "2018-06-30": "85", "2018-03-31": "86", "2017-12-31": "86", "2017-09-30": "86", "2017-06-30": "86", "2017-03-31": "86", "2016-12-31": "86", "2016-09-30": "85", "2016-06-30": "85", "2016-03-31": "88", "2015-12-31": "90", "2015-09-30": "90", "2015-06-30": "90", "2015-03-31": "90", "2014-12-31": "90", "2014-09-30": "90", "2014-06-30": "90", "2014-03-31": "91", "2013-12-31": "90", "2013-09-30": "90", "2013-06-30": "90", "2013-03-31": "90", "2012-12-31": "90", "2012-09-30": "90", "2012-06-30": "90", "2012-03-31": "90", "2011-12-31": "91", "2011-09-30": "91", "2011-06-30": "93", "2011-03-31": "93", "2010-12-31": "92", "2010-09-30": "92", "2010-06-30": "92", "2010-03-31": "92", "2009-12-31": "92", "2009-09-30": "92", "2009-06-30": "92", "2009-03-31": "92", "2008-12-31": "92", "2008-09-30": "94", "2008-06-30": "95", "2008-03-31": "95", "2007-12-31": "95", "2007-09-30": "95", "2007-06-30": "95", "2007-03-31": "94", "2006-12-31": "94", "2006-09-30": "94", "2006-06-30": "95", "2006-03-31": "94", "2005-12-31": "94", "2005-09-30": "94", "2005-06-30": "94", "2005-03-31": "94"}}, "total-assets": {"Penske Automotive Annual Total Assets (Millions of US $)": {"2019": "$13,943", "2018": "$10,905", "2017": "$10,541", "2016": "$8,833", "2015": "$8,013", "2014": "$7,228", "2013": "$6,416", "2012": "$5,379", "2011": "$4,499", "2010": "$4,070", "2009": "$3,796", "2008": "$3,962", "2007": "$4,669", "2006": "$4,470", "2005": "$3,594"}, "Penske Automotive Quarterly Total Assets (Millions of US $)": {"2020-09-30": "$13,010", "2020-06-30": "$12,876", "2020-03-31": "$13,817", "2019-12-31": "$13,943", "2019-09-30": "$13,690", "2019-06-30": "$13,361", "2019-03-31": "$13,575", "2018-12-31": "$10,905", "2018-09-30": "$10,527", "2018-06-30": "$10,571", "2018-03-31": "$10,843", "2017-12-31": "$10,541", "2017-09-30": "$10,282", "2017-06-30": "$9,712", "2017-03-31": "$9,395", "2016-12-31": "$8,833", "2016-09-30": "$8,559", "2016-06-30": "$8,075", "2016-03-31": "$8,173", "2015-12-31": "$8,013", "2015-09-30": "$7,675", "2015-06-30": "$7,434", "2015-03-31": "$7,228", "2014-12-31": "$7,228", "2014-09-30": "$6,682", "2014-06-30": "$6,742", "2014-03-31": "$6,612", "2013-12-31": "$6,416", "2013-09-30": "$6,011", "2013-06-30": "$5,538", "2013-03-31": "$5,415", "2012-12-31": "$5,379", "2012-09-30": "$5,024", "2012-06-30": "$4,893", "2012-03-31": "$4,835", "2011-12-31": "$4,499", "2011-09-30": "$4,295", "2011-06-30": "$4,087", "2011-03-31": "$4,220", "2010-12-31": "$4,070", "2010-09-30": "$3,976", "2010-06-30": "$3,839", "2010-03-31": "$3,916", "2009-12-31": "$3,796", "2009-09-30": "$3,673", "2009-06-30": "$3,752", "2009-03-31": "$3,725", "2008-12-31": "$3,962", "2008-09-30": "$4,930", "2008-06-30": "$5,056", "2008-03-31": "$4,941", "2007-12-31": "$4,669", "2007-09-30": "$4,619", "2007-06-30": "$4,651", "2007-03-31": "$4,594", "2006-12-31": "$4,470", "2006-09-30": "$4,339", "2006-06-30": "$4,064", "2006-03-31": "$3,883", "2005-12-31": "$3,594", "2005-09-30": "$3,424", "2005-06-30": "$3,572", "2005-03-31": "$3,666"}}, "cash-on-hand": {"Penske Automotive Annual Cash on Hand (Millions of US $)": {"2019": "$28", "2018": "$39", "2017": "$46", "2016": "$24", "2015": "$62", "2014": "$36", "2013": "$50", "2012": "$44", "2011": "$27", "2010": "$20", "2009": "$14", "2008": "$17", "2007": "$15", "2006": "$13", "2005": "$9"}, "Penske Automotive Quarterly Cash on Hand (Millions of US $)": {"2020-09-30": "$93", "2020-06-30": "$159", "2020-03-31": "$432", "2019-12-31": "$28", "2019-09-30": "$78", "2019-06-30": "$44", "2019-03-31": "$44", "2018-12-31": "$39", "2018-09-30": "$38", "2018-06-30": "$46", "2018-03-31": "$53", "2017-12-31": "$46", "2017-09-30": "$37", "2017-06-30": "$21", "2017-03-31": "$72", "2016-12-31": "$24", "2016-09-30": "$89", "2016-06-30": "$98", "2016-03-31": "$46", "2015-12-31": "$62", "2015-09-30": "$50", "2015-06-30": "$37", "2015-03-31": "$67", "2014-12-31": "$36", "2014-09-30": "$151", "2014-06-30": "$61", "2014-03-31": "$55", "2013-12-31": "$50", "2013-09-30": "$71", "2013-06-30": "$26", "2013-03-31": "$32", "2012-12-31": "$44", "2012-09-30": "$26", "2012-06-30": "$37", "2012-03-31": "$32", "2011-12-31": "$27", "2011-09-30": "$8", "2011-06-30": "$3", "2011-03-31": "$35", "2010-12-31": "$20", "2010-09-30": "$6", "2010-06-30": "$18", "2010-03-31": "$24", "2009-12-31": "$14", "2009-09-30": "$30", "2009-06-30": "$22", "2009-03-31": "$11", "2008-12-31": "$17", "2008-09-30": "$28", "2008-06-30": "$18", "2008-03-31": "$20", "2007-12-31": "$15", "2007-09-30": "$25", "2007-06-30": "$18", "2007-03-31": "$25", "2006-12-31": "$13", "2006-09-30": "$19", "2006-06-30": "$26", "2006-03-31": "$16", "2005-12-31": "$9", "2005-09-30": "$3", "2005-06-30": "$11", "2005-03-31": "$18"}}, "long-term-debt": {"Penske Automotive Annual Long Term Debt (Millions of US $)": {"2019": "$2,257", "2018": "$2,125", "2017": "$2,090", "2016": "$1,829", "2015": "$1,247", "2014": "$1,316", "2013": "$982", "2012": "$917", "2011": "$847", "2010": "$769", "2009": "$934", "2008": "$1,052", "2007": "$830", "2006": "$1,169", "2005": "$577"}, "Penske Automotive Quarterly Long Term Debt (Millions of US $)": {"2020-09-30": "$2,216", "2020-06-30": "$2,054", "2020-03-31": "$2,516", "2019-12-31": "$2,257", "2019-09-30": "$2,283", "2019-06-30": "$2,134", "2019-03-31": "$2,118", "2018-12-31": "$2,125", "2018-09-30": "$1,993", "2018-06-30": "$2,060", "2018-03-31": "$2,137", "2017-12-31": "$2,090", "2017-09-30": "$2,171", "2017-06-30": "$1,956", "2017-03-31": "$1,989", "2016-12-31": "$1,829", "2016-09-30": "$1,834", "2016-06-30": "$1,613", "2016-03-31": "$1,330", "2015-12-31": "$1,247", "2015-09-30": "$1,155", "2015-06-30": "$1,131", "2015-03-31": "$1,174", "2014-12-31": "$1,316", "2014-09-30": "$1,162", "2014-06-30": "$1,007", "2014-03-31": "$1,010", "2013-12-31": "$982", "2013-09-30": "$1,014", "2013-06-30": "$875", "2013-03-31": "$859", "2012-12-31": "$917", "2012-09-30": "$816", "2012-06-30": "$794", "2012-03-31": "$849", "2011-12-31": "$847", "2011-09-30": "$842", "2011-06-30": "$707", "2011-03-31": "$784", "2010-12-31": "$769", "2010-09-30": "$838", "2010-06-30": "$844", "2010-03-31": "$863", "2009-12-31": "$934", "2009-09-30": "$955", "2009-06-30": "$949", "2009-03-31": "$1,008", "2008-12-31": "$1,052", "2008-09-30": "$1,074", "2008-06-30": "$1,055", "2008-03-31": "$830", "2007-12-31": "$830", "2007-09-30": "$793", "2007-06-30": "$832", "2007-03-31": "$865", "2006-12-31": "$1,169", "2006-09-30": "$863", "2006-06-30": "$716", "2006-03-31": "$685", "2005-12-31": "$577", "2005-09-30": "$620", "2005-06-30": "$605", "2005-03-31": "$604"}}, "total-liabilities": {"Penske Automotive Annual Total Liabilities (Millions of US $)": {"2019": "$11,131", "2018": "$8,270", "2017": "$8,113", "2016": "$7,054", "2015": "$6,179", "2014": "$5,547", "2013": "$4,893", "2012": "$4,063", "2011": "$3,350", "2010": "$3,024", "2009": "$2,850", "2008": "$3,154", "2007": "$3,247", "2006": "$3,174", "2005": "$2,448"}, "Penske Automotive Quarterly Total Liabilities (Millions of US $)": {"2020-09-30": "$9,926", "2020-06-30": "$10,099", "2020-03-31": "$11,109", "2019-12-31": "$11,131", "2019-09-30": "$11,030", "2019-06-30": "$10,700", "2019-03-31": "$10,914", "2018-12-31": "$8,270", "2018-09-30": "$7,915", "2018-06-30": "$8,045", "2018-03-31": "$8,349", "2017-12-31": "$8,113", "2017-09-30": "$8,170", "2017-06-30": "$7,695", "2017-03-31": "$7,499", "2016-12-31": "$7,054", "2016-09-30": "$6,771", "2016-06-30": "$6,342", "2016-03-31": "$6,449", "2015-12-31": "$6,179", "2015-09-30": "$5,854", "2015-06-30": "$5,655", "2015-03-31": "$5,556", "2014-12-31": "$5,547", "2014-09-30": "$5,027", "2014-06-30": "$5,096", "2014-03-31": "$5,029", "2013-12-31": "$4,893", "2013-09-30": "$4,553", "2013-06-30": "$4,181", "2013-03-31": "$4,109", "2012-12-31": "$4,063", "2012-09-30": "$3,756", "2012-06-30": "$3,682", "2012-03-31": "$3,653", "2011-12-31": "$3,350", "2011-09-30": "$3,183", "2011-06-30": "$2,967", "2011-03-31": "$3,121", "2010-12-31": "$3,024", "2010-09-30": "$2,953", "2010-06-30": "$2,877", "2010-03-31": "$2,973", "2009-12-31": "$2,850", "2009-09-30": "$2,754", "2009-06-30": "$2,854", "2009-03-31": "$2,897", "2008-12-31": "$3,154", "2008-09-30": "$3,538", "2008-06-30": "$3,568", "2008-03-31": "$3,493", "2007-12-31": "$3,247", "2007-09-30": "$3,215", "2007-06-30": "$3,303", "2007-03-31": "$3,291", "2006-12-31": "$3,174", "2006-09-30": "$3,080", "2006-06-30": "$2,838", "2006-03-31": "$2,720", "2005-12-31": "$2,448", "2005-09-30": "$2,299", "2005-06-30": "$2,474", "2005-03-31": "$2,577"}}, "total-share-holder-equity": {"Penske Automotive Annual Share Holder Equity (Millions of US $)": {"2019": "$2,812", "2018": "$2,635", "2017": "$2,428", "2016": "$1,780", "2015": "$1,835", "2014": "$1,681", "2013": "$1,522", "2012": "$1,316", "2011": "$1,150", "2010": "$1,046", "2009": "$946", "2008": "$808", "2007": "$1,421", "2006": "$1,296", "2005": "$1,146"}, "Penske Automotive Quarterly Share Holder Equity (Millions of US $)": {"2020-09-30": "$3,084", "2020-06-30": "$2,778", "2020-03-31": "$2,708", "2019-12-31": "$2,812", "2019-09-30": "$2,659", "2019-06-30": "$2,661", "2019-03-31": "$2,661", "2018-12-31": "$2,635", "2018-09-30": "$2,612", "2018-06-30": "$2,526", "2018-03-31": "$2,494", "2017-12-31": "$2,428", "2017-09-30": "$2,112", "2017-06-30": "$2,017", "2017-03-31": "$1,897", "2016-12-31": "$1,780", "2016-09-30": "$1,789", "2016-06-30": "$1,733", "2016-03-31": "$1,724", "2015-12-31": "$1,835", "2015-09-30": "$1,821", "2015-06-30": "$1,779", "2015-03-31": "$1,671", "2014-12-31": "$1,681", "2014-09-30": "$1,655", "2014-06-30": "$1,647", "2014-03-31": "$1,583", "2013-12-31": "$1,522", "2013-09-30": "$1,457", "2013-06-30": "$1,356", "2013-03-31": "$1,306", "2012-12-31": "$1,316", "2012-09-30": "$1,268", "2012-06-30": "$1,211", "2012-03-31": "$1,182", "2011-12-31": "$1,150", "2011-09-30": "$1,112", "2011-06-30": "$1,120", "2011-03-31": "$1,099", "2010-12-31": "$1,046", "2010-09-30": "$1,023", "2010-06-30": "$962", "2010-03-31": "$943", "2009-12-31": "$946", "2009-09-30": "$919", "2009-06-30": "$898", "2009-03-31": "$828", "2008-12-31": "$808", "2008-09-30": "$1,392", "2008-06-30": "$1,488", "2008-03-31": "$1,448", "2007-12-31": "$1,421", "2007-09-30": "$1,404", "2007-06-30": "$1,348", "2007-03-31": "$1,303", "2006-12-31": "$1,296", "2006-09-30": "$1,259", "2006-06-30": "$1,226", "2006-03-31": "$1,163", "2005-12-31": "$1,146", "2005-09-30": "$1,125", "2005-06-30": "$1,098", "2005-03-31": "$1,089"}}, "profit-margins": {"current": "2.17%"}, "gross margin": {"2020-09-30": "15.37%", "2020-06-30": "14.95%", "2020-03-31": "14.95%", "2019-12-31": "14.91%", "2019-09-30": "14.95%", "2019-06-30": "15.08%", "2019-03-31": "15.06%", "2018-12-31": "14.99%", "2018-09-30": "15.01%", "2018-06-30": "14.97%", "2018-03-31": "15.02%", "2017-12-31": "15.07%", "2017-09-30": "15.05%", "2017-06-30": "14.93%", "2017-03-31": "14.80%", "2016-12-31": "14.74%", "2016-09-30": "14.67%", "2016-06-30": "14.73%", "2016-03-31": "14.78%", "2015-12-31": "14.87%", "2015-09-30": "14.95%", "2015-06-30": "14.97%", "2015-03-31": "15.00%", "2014-12-31": "14.97%", "2014-09-30": "14.89%", "2014-06-30": "15.00%", "2014-03-31": "15.11%", "2013-12-31": "15.20%", "2013-09-30": "15.42%", "2013-06-30": "15.38%", "2013-03-31": "15.33%", "2012-12-31": "15.31%", "2012-09-30": "15.32%", "2012-06-30": "15.54%", "2012-03-31": "15.76%", "2011-12-31": "15.84%", "2011-09-30": "15.90%", "2011-06-30": "15.84%", "2011-03-31": "15.79%", "2010-12-31": "15.93%", "2010-09-30": "16.06%", "2010-06-30": "16.24%", "2010-03-31": "16.49%", "2009-12-31": "16.61%", "2009-09-30": "16.63%", "2009-06-30": "16.32%", "2009-03-31": "15.72%", "2008-12-31": "15.37%", "2008-09-30": "15.16%", "2008-06-30": "15.00%", "2008-03-31": "14.93%", "2007-12-31": "14.83%", "2007-09-30": "14.82%", "2007-06-30": "14.87%", "2007-03-31": "15.00%", "2006-12-31": "15.15%", "2006-09-30": "15.36%", "2006-06-30": "15.34%", "2006-03-31": "15.30%", "2005-12-31": "15.21%"}, "operating margin": {"2020-09-30": "2.99%", "2020-06-30": "2.43%", "2020-03-31": "2.65%", "2019-12-31": "2.82%", "2019-09-30": "2.80%", "2019-06-30": "2.82%", "2019-03-31": "2.87%", "2018-12-31": "2.92%", "2018-09-30": "2.93%", "2018-06-30": "2.89%", "2018-03-31": "2.89%", "2017-12-31": "2.86%", "2017-09-30": "2.87%", "2017-06-30": "2.87%", "2017-03-31": "2.85%", "2016-12-31": "2.86%", "2016-09-30": "2.86%", "2016-06-30": "2.91%", "2016-03-31": "2.93%", "2015-12-31": "2.94%", "2015-09-30": "2.96%", "2015-06-30": "2.95%", "2015-03-31": "2.92%", "2014-12-31": "2.91%", "2014-09-30": "2.95%", "2014-06-30": "2.95%", "2014-03-31": "2.94%", "2013-12-31": "2.96%", "2013-09-30": "3.02%", "2013-06-30": "2.96%", "2013-03-31": "2.87%", "2012-12-31": "2.83%", "2012-09-30": "2.74%", "2012-06-30": "2.77%", "2012-03-31": "2.70%", "2011-12-31": "2.61%", "2011-09-30": "2.57%", "2011-06-30": "2.52%", "2011-03-31": "2.53%", "2010-12-31": "2.50%", "2010-09-30": "2.42%", "2010-06-30": "2.38%", "2010-03-31": "2.32%", "2009-12-31": "2.20%", "2009-09-30": "-5.18%", "2009-06-30": "-4.95%", "2009-03-31": "-4.13%", "2008-12-31": "-3.45%", "2008-09-30": "2.43%", "2008-06-30": "2.61%", "2008-03-31": "2.63%", "2007-12-31": "2.64%", "2007-09-30": "2.74%", "2007-06-30": "2.71%", "2007-03-31": "2.75%", "2006-12-31": "2.76%", "2006-09-30": "2.90%", "2006-06-30": "2.94%", "2006-03-31": "2.94%", "2005-12-31": "2.94%"}, "ebitda margin": {"2020-09-30": "3.55%", "2020-06-30": "2.98%", "2020-03-31": "3.15%", "2019-12-31": "3.29%", "2019-09-30": "3.27%", "2019-06-30": "3.29%", "2019-03-31": "3.33%", "2018-12-31": "3.37%", "2018-09-30": "3.37%", "2018-06-30": "3.33%", "2018-03-31": "3.33%", "2017-12-31": "3.31%", "2017-09-30": "3.32%", "2017-06-30": "3.31%", "2017-03-31": "3.30%", "2016-12-31": "3.31%", "2016-09-30": "3.29%", "2016-06-30": "3.34%", "2016-03-31": "3.34%", "2015-12-31": "3.34%", "2015-09-30": "3.37%", "2015-06-30": "3.36%", "2015-03-31": "3.33%", "2014-12-31": "3.32%", "2014-09-30": "3.35%", "2014-06-30": "3.35%", "2014-03-31": "3.35%", "2013-12-31": "3.38%", "2013-09-30": "3.44%", "2013-06-30": "3.37%", "2013-03-31": "3.28%", "2012-12-31": "3.22%", "2012-09-30": "3.13%", "2012-06-30": "3.16%", "2012-03-31": "3.10%", "2011-12-31": "3.03%", "2011-09-30": "3.01%", "2011-06-30": "2.99%", "2011-03-31": "3.02%", "2010-12-31": "3.01%", "2010-09-30": "2.97%", "2010-06-30": "2.96%", "2010-03-31": "2.96%", "2009-12-31": "2.87%", "2009-09-30": "-4.45%", "2009-06-30": "-4.25%", "2009-03-31": "-3.49%", "2008-12-31": "-2.85%", "2008-09-30": "3.05%", "2008-06-30": "3.17%", "2008-03-31": "3.16%", "2007-12-31": "3.14%", "2007-09-30": "2.48%", "2007-06-30": "2.43%", "2007-03-31": "2.44%", "2006-12-31": "2.41%", "2006-09-30": "3.29%", "2006-06-30": "3.32%", "2006-03-31": "3.31%", "2005-12-31": "3.32%"}, "pre tax profit margin": {"2020-09-30": "2.85%", "2020-06-30": "2.10%", "2020-03-31": "2.34%", "2019-12-31": "2.55%", "2019-09-30": "2.55%", "2019-06-30": "2.58%", "2019-03-31": "2.63%", "2018-12-31": "2.65%", "2018-09-30": "2.66%", "2018-06-30": "2.60%", "2018-03-31": "2.58%", "2017-12-31": "2.57%", "2017-09-30": "2.57%", "2017-06-30": "2.57%", "2017-03-31": "2.52%", "2016-12-31": "2.53%", "2016-09-30": "2.47%", "2016-06-30": "2.49%", "2016-03-31": "2.53%", "2015-12-31": "2.56%", "2015-09-30": "2.68%", "2015-06-30": "2.70%", "2015-03-31": "2.67%", "2014-12-31": "2.66%", "2014-09-30": "2.61%", "2014-06-30": "2.60%", "2014-03-31": "2.56%", "2013-12-31": "2.57%", "2013-09-30": "2.61%", "2013-06-30": "2.39%", "2013-03-31": "2.29%", "2012-12-31": "2.26%", "2012-09-30": "2.17%", "2012-06-30": "2.35%", "2012-03-31": "2.30%", "2011-12-31": "2.16%", "2011-09-30": "2.11%", "2011-06-30": "2.00%", "2011-03-31": "1.92%", "2010-12-31": "1.84%", "2010-09-30": "1.66%", "2010-06-30": "1.57%", "2010-03-31": "1.44%", "2009-12-31": "1.36%", "2009-09-30": "-6.13%", "2009-06-30": "-5.95%", "2009-03-31": "-5.09%", "2008-12-31": "-4.44%", "2008-09-30": "1.40%", "2008-06-30": "1.58%", "2008-03-31": "1.61%", "2007-12-31": "1.43%", "2007-09-30": "1.63%", "2007-06-30": "1.61%", "2007-03-31": "1.62%", "2006-12-31": "1.84%", "2006-09-30": "1.99%", "2006-06-30": "2.01%", "2006-03-31": "1.99%", "2005-12-31": "1.98%"}, "net profit margin": {"2020-09-30": "2.17%", "2020-06-30": "1.54%", "2020-03-31": "1.71%", "2019-12-31": "1.88%", "2019-09-30": "1.90%", "2019-06-30": "1.99%", "2019-03-31": "2.05%", "2018-12-31": "2.07%", "2018-09-30": "3.09%", "2018-06-30": "2.95%", "2018-03-31": "2.89%", "2017-12-31": "2.87%", "2017-09-30": "1.75%", "2017-06-30": "1.76%", "2017-03-31": "1.71%", "2016-12-31": "1.71%", "2016-09-30": "1.64%", "2016-06-30": "1.65%", "2016-03-31": "1.68%", "2015-12-31": "1.69%", "2015-09-30": "1.74%", "2015-06-30": "1.73%", "2015-03-31": "1.67%", "2014-12-31": "1.67%", "2014-09-30": "1.66%", "2014-06-30": "1.67%", "2014-03-31": "1.68%", "2013-12-31": "1.68%", "2013-09-30": "1.69%", "2013-06-30": "1.57%", "2013-03-31": "1.50%", "2012-12-31": "1.44%", "2012-09-30": "1.45%", "2012-06-30": "1.62%", "2012-03-31": "1.61%", "2011-12-31": "1.56%", "2011-09-30": "1.43%", "2011-06-30": "1.22%", "2011-03-31": "1.14%", "2010-12-31": "1.04%", "2010-09-30": "0.96%", "2010-06-30": "0.94%", "2010-03-31": "0.81%", "2009-12-31": "0.80%", "2009-09-30": "-4.93%", "2009-06-30": "-4.79%", "2009-03-31": "-4.11%", "2008-12-31": "-3.61%", "2008-09-30": "0.92%", "2008-06-30": "1.05%", "2008-03-31": "1.06%", "2007-12-31": "0.94%", "2007-09-30": "1.03%", "2007-06-30": "0.99%", "2007-03-31": "1.01%", "2006-12-31": "1.14%", "2006-09-30": "1.22%", "2006-06-30": "1.25%", "2006-03-31": "1.24%", "2005-12-31": "1.25%"}, "pe ratio": {"current": "12.27", "2021-02-05": "11.83", "2020-09-30": "8.57", "2020-06-30": "9.93", "2020-03-31": "5.88", "2019-12-31": "9.37", "2019-09-30": "8.90", "2019-06-30": "8.64", "2019-03-31": "7.85", "2018-12-31": "6.94", "2018-09-30": "5.44", "2018-06-30": "5.64", "2018-03-31": "5.54", "2017-12-31": "6.19", "2017-09-30": "10.24", "2017-06-30": "9.54", "2017-03-31": "10.42", "2016-12-31": "11.64", "2016-09-30": "11.29", "2016-06-30": "7.45", "2016-03-31": "9.06", "2015-12-31": "10.23", "2015-09-30": "11.58", "2015-06-30": "12.86", "2015-03-31": "13.54", "2014-12-31": "13.17", "2014-09-30": "11.34", "2014-06-30": "14.29", "2014-03-31": "12.82", "2013-12-31": "14.64", "2013-09-30": "13.83", "2013-06-30": "10.99", "2013-03-31": "12.77", "2012-12-31": "12.14", "2012-09-30": "12.14", "2012-06-30": "7.91", "2012-03-31": "9.61", "2011-12-31": "8.06", "2011-09-30": "7.52", "2011-06-30": "12.71", "2011-03-31": "12.08", "2010-12-31": "11.85", "2010-09-30": "9.90", "2010-06-30": "8.76", "2010-03-31": "13.30", "2009-12-31": "14.67", "2009-09-30": "0.00", "2009-06-30": "0.00", "2009-03-31": "0.00", "2008-12-31": "0.00", "2008-09-30": "6.73", "2008-06-30": "7.49", "2008-03-31": "9.78", "2007-12-31": "10.09", "2007-09-30": "11.56", "2007-06-30": "13.08", "2007-03-31": "12.83", "2006-12-31": "13.68"}, "price sales": {"2021-02-05": "0.26", "2020-09-30": "0.19", "2020-06-30": "0.15", "2020-03-31": "0.10", "2019-12-31": "0.18", "2019-09-30": "0.17", "2019-06-30": "0.17", "2019-03-31": "0.16", "2018-12-31": "0.14", "2018-09-30": "0.17", "2018-06-30": "0.17", "2018-03-31": "0.16", "2017-12-31": "0.18", "2017-09-30": "0.18", "2017-06-30": "0.17", "2017-03-31": "0.18", "2016-12-31": "0.20", "2016-09-30": "0.19", "2016-06-30": "0.12", "2016-03-31": "0.15", "2015-12-31": "0.17", "2015-09-30": "0.20", "2015-06-30": "0.22", "2015-03-31": "0.23", "2014-12-31": "0.22", "2014-09-30": "0.19", "2014-06-30": "0.24", "2014-03-31": "0.22", "2013-12-31": "0.25", "2013-09-30": "0.23", "2013-06-30": "0.17", "2013-03-31": "0.19", "2012-12-31": "0.17", "2012-09-30": "0.18", "2012-06-30": "0.13", "2012-03-31": "0.15", "2011-12-31": "0.13", "2011-09-30": "0.11", "2011-06-30": "0.15", "2011-03-31": "0.14", "2010-12-31": "0.12", "2010-09-30": "0.10", "2010-06-30": "0.08", "2010-03-31": "0.11", "2009-12-31": "0.12", "2009-09-30": "0.15", "2009-06-30": "0.13", "2009-03-31": "0.07", "2008-12-31": "0.05", "2008-09-30": "0.07", "2008-06-30": "0.09", "2008-03-31": "0.11", "2007-12-31": "0.10", "2007-09-30": "0.12", "2007-06-30": "0.13", "2007-03-31": "0.13", "2006-12-31": "0.16"}, "price book": {"current": "1.70", "2021-02-05": "1.70", "2020-09-30": "1.23", "2020-06-30": "1.11", "2020-03-31": "0.83", "2019-12-31": "1.43", "2019-09-30": "1.41", "2019-06-30": "1.41", "2019-03-31": "1.35", "2018-12-31": "1.23", "2018-09-30": "1.45", "2018-06-30": "1.47", "2018-03-31": "1.40", "2017-12-31": "1.56", "2017-09-30": "1.77", "2017-06-30": "1.70", "2017-03-31": "1.92", "2016-12-31": "2.23", "2016-09-30": "2.05", "2016-06-30": "1.37", "2016-03-31": "1.65", "2015-12-31": "1.80", "2015-09-30": "2.08", "2015-06-30": "2.28", "2015-03-31": "2.39", "2014-12-31": "2.26", "2014-09-30": "1.89", "2014-06-30": "2.30", "2014-03-31": "2.07", "2013-12-31": "2.35", "2013-09-30": "2.22", "2013-06-30": "1.70", "2013-03-31": "1.92", "2012-12-31": "1.71", "2012-09-30": "1.76", "2012-06-30": "1.30", "2012-03-31": "1.53", "2011-12-31": "1.23", "2011-09-30": "1.05", "2011-06-30": "1.50", "2011-03-31": "1.35", "2010-12-31": "1.23", "2010-09-30": "0.95", "2010-06-30": "0.87", "2010-03-31": "1.13", "2009-12-31": "1.18", "2009-09-30": "1.53", "2009-06-30": "1.36", "2009-03-31": "0.83", "2008-12-31": "0.70", "2008-09-30": "0.60", "2008-06-30": "0.74", "2008-03-31": "1.00", "2007-12-31": "0.91", "2007-09-30": "1.06", "2007-06-30": "1.16", "2007-03-31": "1.07", "2006-12-31": "0.00", "2006-09-30": "1.27", "2006-06-30": "1.19", "2006-03-31": "1.25"}, "price fcf": {"2021-02-05": "", "2020-09-30": "$7.00", "2020-06-30": "$10.37", "2020-03-31": "$5.41", "2019-12-31": "$3.54", "2019-09-30": "$5.46", "2019-06-30": "$2.38", "2019-03-31": "$2.89", "2018-12-31": "$3.75", "2018-09-30": "$5.52", "2018-06-30": "$5.81", "2018-03-31": "$4.03", "2017-12-31": "$4.64", "2017-09-30": "$1.87", "2017-06-30": "$2.79", "2017-03-31": "$3.44", "2016-12-31": "$1.96", "2016-09-30": "$3.16", "2016-06-30": "$1.70", "2016-03-31": "$0.85", "2015-12-31": "$2.21", "2015-09-30": "$2.98", "2015-06-30": "$2.71", "2015-03-31": "$2.77", "2014-12-31": "$2.03", "2014-09-30": "$1.77", "2014-06-30": "$2.42", "2014-03-31": "$2.07", "2013-12-31": "$1.37", "2013-09-30": "$1.20", "2013-06-30": "$0.69", "2013-03-31": "$1.18", "2012-12-31": "$1.95", "2012-09-30": "$0.82", "2012-06-30": "$1.76", "2012-03-31": "$1.27", "2011-12-31": "$0.06", "2011-09-30": "$1.86", "2011-06-30": "$1.10", "2011-03-31": "$1.14", "2010-12-31": "$1.44", "2010-09-30": "$0.33", "2010-06-30": "$0.43", "2010-03-31": "$0.90", "2009-12-31": "$2.35", "2009-09-30": "$2.85", "2009-06-30": "$3.75", "2009-03-31": "$4.21", "2008-12-31": "$2.51", "2008-09-30": "$1.40", "2008-06-30": "$0.36", "2008-03-31": "$1.43", "2007-12-31": "$2.51", "2007-09-30": "$1.90", "2007-06-30": "$2.04", "2007-03-31": "$0.25", "2006-12-31": "$-0.00"}, "net worth": {"value": "$5.25B"}, "current ratio": {"current": "1.06", "2020-09-30": "1.06", "2020-06-30": "0.94", "2020-03-31": "1.03", "2019-12-31": "0.98", "2019-09-30": "0.97", "2019-06-30": "0.98", "2019-03-31": "0.98", "2018-12-31": "1.01", "2018-09-30": "1.01", "2018-06-30": "1.01", "2018-03-31": "1.01", "2017-12-31": "1.01", "2017-09-30": "1.04", "2017-06-30": "1.02", "2017-03-31": "1.04", "2016-12-31": "1.04", "2016-09-30": "1.04", "2016-06-30": "1.09", "2016-03-31": "1.02", "2015-12-31": "1.03", "2015-09-30": "1.02", "2015-06-30": "1.01", "2015-03-31": "1.02", "2014-12-31": "1.06", "2014-09-30": "1.04", "2014-06-30": "0.99", "2014-03-31": "0.99", "2013-12-31": "1.03", "2013-09-30": "1.00", "2013-06-30": "0.99", "2013-03-31": "0.99", "2012-12-31": "1.03", "2012-09-30": "0.99", "2012-06-30": "0.99", "2012-03-31": "1.00", "2011-12-31": "1.03", "2011-09-30": "1.00", "2011-06-30": "1.02", "2011-03-31": "1.05", "2010-12-31": "1.04", "2010-09-30": "1.04", "2010-06-30": "1.04", "2010-03-31": "1.04", "2009-12-31": "1.07", "2009-09-30": "1.06", "2009-06-30": "1.04", "2009-03-31": "1.07", "2008-12-31": "1.07", "2008-09-30": "1.05", "2008-06-30": "1.07", "2008-03-31": "1.09", "2007-12-31": "1.10", "2007-09-30": "1.09", "2007-06-30": "1.08", "2007-03-31": "1.12", "2006-12-31": "1.28", "2006-09-30": "1.09", "2006-06-30": "1.10", "2006-03-31": "1.11", "2005-12-31": "1.15", "2005-09-30": "1.12", "2005-06-30": "1.07", "2005-03-31": "1.07"}, "quick ratio": {"2020-09-30": "0.28", "2020-06-30": "0.21", "2020-03-31": "0.22", "2019-12-31": "0.20", "2019-09-30": "0.21", "2019-06-30": "0.21", "2019-03-31": "0.22", "2018-12-31": "0.21", "2018-09-30": "0.22", "2018-06-30": "0.22", "2018-03-31": "0.23", "2017-12-31": "0.22", "2017-09-30": "0.23", "2017-06-30": "0.21", "2017-03-31": "0.23", "2016-12-31": "0.23", "2016-09-30": "0.25", "2016-06-30": "0.26", "2016-03-31": "0.22", "2015-12-31": "0.22", "2015-09-30": "0.24", "2015-06-30": "0.24", "2015-03-31": "0.26", "2014-12-31": "0.28", "2014-09-30": "0.28", "2014-06-30": "0.25", "2014-03-31": "0.26", "2013-12-31": "0.29", "2013-09-30": "0.24", "2013-06-30": "0.24", "2013-03-31": "0.27", "2012-12-31": "0.30", "2012-09-30": "0.26", "2012-06-30": "0.25", "2012-03-31": "0.27", "2011-12-31": "0.32", "2011-09-30": "0.27", "2011-06-30": "0.27", "2011-03-31": "0.29", "2010-12-31": "0.31", "2010-09-30": "0.26", "2010-06-30": "0.27", "2010-03-31": "0.28", "2009-12-31": "0.27", "2009-09-30": "0.30", "2009-06-30": "0.27", "2009-03-31": "0.26", "2008-12-31": "0.22", "2008-09-30": "0.23", "2008-06-30": "0.25", "2008-03-31": "0.31", "2007-12-31": "0.30", "2007-09-30": "0.36", "2007-06-30": "0.33", "2007-03-31": "0.37", "2006-12-31": "0.42", "2006-09-30": "0.36", "2006-06-30": "0.36", "2006-03-31": "0.36", "2005-12-31": "0.46", "2005-09-30": "0.34", "2005-06-30": "0.29", "2005-03-31": "0.27"}, "debt equity ratio": {"current": "0.72", "2020-09-30": "3.22", "2020-06-30": "3.64", "2020-03-31": "4.10", "2019-12-31": "3.96", "2019-09-30": "4.15", "2019-06-30": "4.02", "2019-03-31": "4.10", "2018-12-31": "3.14", "2018-09-30": "3.03", "2018-06-30": "3.19", "2018-03-31": "3.35", "2017-12-31": "3.34", "2017-09-30": "3.87", "2017-06-30": "3.82", "2017-03-31": "3.95", "2016-12-31": "3.96", "2016-09-30": "3.79", "2016-06-30": "3.66", "2016-03-31": "3.74", "2015-12-31": "3.37", "2015-09-30": "3.21", "2015-06-30": "3.18", "2015-03-31": "3.32", "2014-12-31": "3.30", "2014-09-30": "3.04", "2014-06-30": "3.09", "2014-03-31": "3.18", "2013-12-31": "3.22", "2013-09-30": "3.12", "2013-06-30": "3.08", "2013-03-31": "3.15", "2012-12-31": "3.09", "2012-09-30": "2.96", "2012-06-30": "3.04", "2012-03-31": "3.09", "2011-12-31": "2.91", "2011-09-30": "2.86", "2011-06-30": "2.65", "2011-03-31": "2.84", "2010-12-31": "2.89", "2010-09-30": "2.89", "2010-06-30": "2.99", "2010-03-31": "3.15", "2009-12-31": "3.01", "2009-09-30": "3.00", "2009-06-30": "3.18", "2009-03-31": "3.50", "2008-12-31": "3.90", "2008-09-30": "2.54", "2008-06-30": "2.40", "2008-03-31": "2.41", "2007-12-31": "2.28", "2007-09-30": "2.29", "2007-06-30": "2.45", "2007-03-31": "2.53", "2006-12-31": "2.45", "2006-09-30": "2.45", "2006-06-30": "2.31", "2006-03-31": "2.34", "2005-12-31": "2.14", "2005-09-30": "2.04", "2005-06-30": "2.25", "2005-03-31": "2.37"}, "return on equity": {"2020-09-30": "15.67%", "2020-06-30": "11.50%", "2020-03-31": "14.32%", "2019-12-31": "16.16%", "2019-09-30": "16.28%", "2019-06-30": "16.88%", "2019-03-31": "17.75%", "2018-12-31": "18.35%", "2018-09-30": "27.95%", "2018-06-30": "27.91%", "2018-03-31": "28.20%", "2017-12-31": "29.00%", "2017-09-30": "18.75%", "2017-06-30": "19.24%", "2017-03-31": "19.34%", "2016-12-31": "19.58%", "2016-09-30": "18.70%", "2016-06-30": "18.56%", "2016-03-31": "18.44%", "2015-12-31": "18.35%", "2015-09-30": "18.87%", "2015-06-30": "18.63%", "2015-03-31": "17.73%", "2014-12-31": "17.54%", "2014-09-30": "17.17%", "2014-06-30": "17.07%", "2014-03-31": "17.17%", "2013-12-31": "17.30%", "2013-09-30": "17.22%", "2013-06-30": "16.01%", "2013-03-31": "15.45%", "2012-12-31": "14.95%", "2012-09-30": "15.38%", "2012-06-30": "17.19%", "2012-03-31": "16.74%", "2011-12-31": "15.89%", "2011-09-30": "14.53%", "2011-06-30": "12.41%", "2011-03-31": "11.82%", "2010-12-31": "10.87%", "2010-09-30": "10.12%", "2010-06-30": "10.08%", "2010-03-31": "8.63%", "2009-12-31": "8.47%", "2009-09-30": "-52.71%", "2009-06-30": "-46.87%", "2009-03-31": "-38.62%", "2008-12-31": "-32.71%", "2008-09-30": "7.93%", "2008-06-30": "9.37%", "2008-03-31": "9.75%", "2007-12-31": "8.77%", "2007-09-30": "9.57%", "2007-06-30": "9.14%", "2007-03-31": "9.13%", "2006-12-31": "10.11%", "2006-09-30": "10.43%", "2006-06-30": "10.64%", "2006-03-31": "10.59%", "2005-12-31": "10.68%"}, "return on assets": {"2020-09-30": "3.33%", "2020-06-30": "2.32%", "2020-03-31": "2.83%", "2019-12-31": "3.20%", "2019-09-30": "3.35%", "2019-06-30": "3.69%", "2019-03-31": "4.06%", "2018-12-31": "4.40%", "2018-09-30": "6.62%", "2018-06-30": "6.32%", "2018-03-31": "6.17%", "2017-12-31": "6.14%", "2017-09-30": "3.83%", "2017-06-30": "3.95%", "2017-03-31": "3.99%", "2016-12-31": "4.09%", "2016-09-30": "4.03%", "2016-06-30": "4.13%", "2016-03-31": "4.22%", "2015-12-31": "4.30%", "2015-09-30": "4.44%", "2015-06-30": "4.42%", "2015-03-31": "4.23%", "2014-12-31": "4.23%", "2014-09-30": "4.16%", "2014-06-30": "4.11%", "2014-03-31": "4.13%", "2013-12-31": "4.17%", "2013-09-30": "4.19%", "2013-06-30": "3.93%", "2013-03-31": "3.80%", "2012-12-31": "3.70%", "2012-09-30": "3.84%", "2012-06-30": "4.32%", "2012-03-31": "4.31%", "2011-12-31": "4.16%", "2011-09-30": "3.81%", "2011-06-30": "3.25%", "2011-03-31": "3.03%", "2010-12-31": "2.73%", "2010-09-30": "2.52%", "2010-06-30": "2.50%", "2010-03-31": "2.11%", "2009-12-31": "2.03%", "2009-09-30": "-12.04%", "2009-06-30": "-11.24%", "2009-03-31": "-9.87%", "2008-12-31": "-8.89%", "2008-09-30": "2.33%", "2008-06-30": "2.80%", "2008-03-31": "2.90%", "2007-12-31": "2.59%", "2007-09-30": "2.79%", "2007-06-30": "2.64%", "2007-03-31": "2.66%", "2006-12-31": "2.98%", "2006-09-30": "3.15%", "2006-06-30": "3.31%", "2006-03-31": "3.32%", "2005-12-31": "3.34%"}, "return on investments": {"2020-09-30": "12.02%", "2020-06-30": "9.95%", "2020-03-31": "11.98%", "2019-12-31": "13.34%", "2019-09-30": "13.22%", "2019-06-30": "13.35%", "2019-03-31": "13.86%", "2018-12-31": "14.34%", "2018-09-30": "14.53%", "2018-06-30": "14.52%", "2018-03-31": "14.64%", "2017-12-31": "14.67%", "2017-09-30": "15.21%", "2017-06-30": "15.61%", "2017-03-31": "16.07%", "2016-12-31": "16.87%", "2016-09-30": "17.58%", "2016-06-30": "18.62%", "2016-03-31": "19.13%", "2015-12-31": "19.20%", "2015-09-30": "19.00%", "2015-06-30": "18.63%", "2015-03-31": "18.24%", "2014-12-31": "18.12%", "2014-09-30": "18.47%", "2014-06-30": "18.35%", "2014-03-31": "18.16%", "2013-12-31": "18.31%", "2013-09-30": "18.37%", "2013-06-30": "18.23%", "2013-03-31": "17.72%", "2012-12-31": "17.48%", "2012-09-30": "17.25%", "2012-06-30": "17.08%", "2012-03-31": "16.39%", "2011-12-31": "15.56%", "2011-09-30": "15.35%", "2011-06-30": "14.89%", "2011-03-31": "14.72%", "2010-12-31": "14.32%", "2010-09-30": "13.44%", "2010-06-30": "13.09%", "2010-03-31": "12.31%", "2009-12-31": "11.24%", "2009-09-30": "-25.78%", "2009-06-30": "-23.77%", "2009-03-31": "-20.17%", "2008-12-31": "-17.54%", "2008-09-30": "12.66%", "2008-06-30": "14.46%", "2008-03-31": "15.23%", "2007-12-31": "15.37%", "2007-09-30": "15.10%", "2007-06-30": "14.60%", "2007-03-31": "14.54%", "2006-12-31": "14.42%", "2006-09-30": "15.51%", "2006-06-30": "16.09%", "2006-03-31": "16.24%", "2005-12-31": "16.38%"}, "return on tangible equity": {"2020-09-30": "109.58%", "2020-06-30": "102.02%", "2020-03-31": "118.75%", "2019-12-31": "122.64%", "2019-09-30": "117.47%", "2019-06-30": "105.94%", "2019-03-31": "115.10%", "2018-12-31": "127.56%", "2018-09-30": "204.81%", "2018-06-30": "295.46%", "2018-03-31": "554.78%", "2017-12-31": "2694.51%", "2017-09-30": "-1092.54%", "2017-06-30": "-3000.00%", "2017-03-31": "2530.91%", "2016-12-31": "1042.42%", "2016-09-30": "788.10%", "2016-06-30": "561.70%", "2016-03-31": "413.79%", "2015-12-31": "379.07%", "2015-09-30": "496.97%", "2015-06-30": "413.07%", "2015-03-31": "348.08%", "2014-12-31": "283.74%", "2014-09-30": "232.07%", "2014-06-30": "296.92%", "2014-03-31": "287.01%", "2013-12-31": "276.49%", "2013-09-30": "284.50%", "2013-06-30": "254.55%", "2013-03-31": "353.36%", "2012-12-31": "600.00%", "2012-09-30": "902.44%", "2012-06-30": "-7272.73%", "2012-03-31": "1317.24%", "2011-12-31": "515.94%", "2011-09-30": "412.99%", "2011-06-30": "271.43%", "2011-03-31": "642.11%", "2010-12-31": "-939.13%", "2010-09-30": "-254.55%", "2010-06-30": "-151.39%", "2010-03-31": "-93.84%", "2009-12-31": "-72.04%", "2009-09-30": "349.33%", "2009-06-30": "252.40%", "2009-03-31": "209.87%", "2008-12-31": "186.25%", "2008-09-30": "-46.44%", "2008-06-30": "-60.00%", "2008-03-31": "-57.50%", "2007-12-31": "-50.58%", "2007-09-30": "-55.29%", "2007-06-30": "-50.48%", "2007-03-31": "-58.22%", "2006-12-31": "-67.02%", "2006-09-30": "-89.13%", "2006-06-30": "-116.16%", "2006-03-31": "-113.74%", "2005-12-31": "-112.53%"}, "dividend yield history": {"last payout": "$1.68", "last yield": "2.57%"}}