{"ticker": "PEN", "price": {"title": "Penumbra Historical Annual Stock Price Data", "value": 259.37, "historical": {"2020": {"Average Stock Price": "193.1285", "Year Open": "163.7900", "Year High": "272.8300", "Year Low": "124.3400", "Year Close": "175.0000", "Annual % Change": "6.53%"}, "2019": {"Average Stock Price": "150.3881", "Year Open": "123.0700", "Year High": "183.4000", "Year Low": "115.8400", "Year Close": "164.2700", "Annual % Change": "34.43%"}, "2018": {"Average Stock Price": "130.1708", "Year Open": "90.3500", "Year High": "165.9500", "Year Low": "84.6000", "Year Close": "122.2000", "Annual % Change": "29.86%"}, "2017": {"Average Stock Price": "86.5337", "Year Open": "64.0500", "Year High": "115.8500", "Year Low": "64.0500", "Year Close": "94.1000", "Annual % Change": "47.49%"}, "2016": {"Average Stock Price": "59.2329", "Year Open": "55.7100", "Year High": "79.3900", "Year Low": "42.0000", "Year Close": "63.8000", "Annual % Change": "18.57%"}, "2015": {"Average Stock Price": "44.6995", "Year Open": "41.3000", "Year High": "55.6000", "Year Low": "36.5000", "Year Close": "53.8100", "Annual % Change": "0.00%"}}}, "market cap": {"value": "$9.42B"}, "income statement": {"Revenue": {"2019-12-31": "547.40500", "2018-12-31": "444.93800", "2017-12-31": "333.76400", "2016-12-31": "263.31700", "2015-12-31": "186.09500", "2014-12-31": "125.51000", "2013-12-31": "88.84800"}, "Cost Of Goods Sold": {"2019-12-31": "175.44100", "2018-12-31": "152.40500", "2017-12-31": "116.62200", "2016-12-31": "92.48800", "2015-12-31": "62.03700", "2014-12-31": "42.66800", "2013-12-31": "30.97200"}, "Gross Profit": {"2019-12-31": "371.96410", "2018-12-31": "292.53300", "2017-12-31": "217.14200", "2016-12-31": "170.82900", "2015-12-31": "124.05800", "2014-12-31": "82.84200", "2013-12-31": "57.87600"}, "Research And Development Expenses": {"2019-12-31": "51.72300", "2018-12-31": "36.16500", "2017-12-31": "31.66100", "2016-12-31": "23.87500", "2015-12-31": "18.02700", "2014-12-31": "15.57500", "2013-12-31": "14.08400"}, "SG&A Expenses": {"2019-12-31": "272.73300", "2018-12-31": "226.38500", "2017-12-31": "184.31600", "2016-12-31": "148.30400", "2015-12-31": "101.85200", "2014-12-31": "64.25800", "2013-12-31": "44.91800"}, "Other Operating Income Or Expenses": {"2019-12-31": "", "2018-12-31": "", "2017-12-31": "", "2016-12-31": "", "2015-12-31": "", "2014-12-31": "", "2013-12-31": ""}, "Operating Expenses": {"2019-12-31": "499.89700", "2018-12-31": "445.79000", "2017-12-31": "332.59900", "2016-12-31": "264.66700", "2015-12-31": "181.91600", "2014-12-31": "122.50100", "2013-12-31": "89.97400"}, "Operating Income": {"2019-12-31": "47.50800", "2018-12-31": "-0.85200", "2017-12-31": "1.16500", "2016-12-31": "-1.35000", "2015-12-31": "4.17900", "2014-12-31": "3.00900", "2013-12-31": "-1.12600"}, "Total Non-Operating Income/Expense": {"2019-12-31": "2.62700", "2018-12-31": "2.46000", "2017-12-31": "1.31100", "2016-12-31": "0.48100", "2015-12-31": "-0.15500", "2014-12-31": "0.13000", "2013-12-31": "-0.12900"}, "Pre-Tax Income": {"2019-12-31": "50.13500", "2018-12-31": "1.60800", "2017-12-31": "2.47600", "2016-12-31": "-0.86900", "2015-12-31": "4.02400", "2014-12-31": "3.13900", "2013-12-31": "-1.25500"}, "Income Taxes": {"2019-12-31": "3.13100", "2018-12-31": "-4.40300", "2017-12-31": "-3.61100", "2016-12-31": "-15.68300", "2015-12-31": "1.65900", "2014-12-31": "0.89400", "2013-12-31": "-5.35400"}, "Income After Taxes": {"2019-12-31": "47.00400", "2018-12-31": "6.01100", "2017-12-31": "6.08700", "2016-12-31": "14.81400", "2015-12-31": "2.36500", "2014-12-31": "2.24500", "2013-12-31": "4.09900"}, "Other Income": {"2019-12-31": "", "2018-12-31": "", "2017-12-31": "", "2016-12-31": "", "2015-12-31": "", "2014-12-31": "", "2013-12-31": ""}, "Income From Continuous Operations": {"2019-12-31": "47.00400", "2018-12-31": "2.91000", "2017-12-31": "4.65700", "2016-12-31": "14.81400", "2015-12-31": "2.36500", "2014-12-31": "2.24500", "2013-12-31": "4.09900"}, "Income From Discontinued Operations": {"2019-12-31": "", "2018-12-31": "", "2017-12-31": "", "2016-12-31": "", "2015-12-31": "", "2014-12-31": "", "2013-12-31": ""}, "Net Income": {"2019-12-31": "48.45800", "2018-12-31": "6.60100", "2017-12-31": "4.65700", "2016-12-31": "14.81400", "2015-12-31": "1.08400", "2014-12-31": "-0.83300", "2013-12-31": "0.88700"}, "EBITDA": {"2019-12-31": "55.61200", "2018-12-31": "5.31600", "2017-12-31": "4.94600", "2016-12-31": "1.94400", "2015-12-31": "6.01400", "2014-12-31": "3.76000", "2013-12-31": "-0.44900"}, "EBIT": {"2019-12-31": "47.50800", "2018-12-31": "-0.85200", "2017-12-31": "1.16500", "2016-12-31": "-1.35000", "2015-12-31": "4.17900", "2014-12-31": "3.00900", "2013-12-31": "-1.12600"}, "Basic Shares Outstanding": {"2019-12-31": "34.75100", "2018-12-31": "34.13800", "2017-12-31": "32.97800", "2016-12-31": "30.46500", "2015-12-31": "11.99300", "2014-12-31": "4.60900", "2013-12-31": "4.30400"}, "Shares Outstanding": {"2019-12-31": "36.26600", "2018-12-31": "36.08700", "2017-12-31": "35.31900", "2016-12-31": "33.47800", "2015-12-31": "14.22000", "2014-12-31": "4.60900", "2013-12-31": "6.50100"}, "Basic EPS": {"2019-12-31": "1.39000", "2018-12-31": "0.19000", "2017-12-31": "0.14000", "2016-12-31": "0.49000", "2015-12-31": "0.09000", "2014-12-31": "-0.18000", "2013-12-31": "0.21000"}, "EPS - Earnings Per Share": {"2019-12-31": "1.34000", "2018-12-31": "0.18000", "2017-12-31": "0.13000", "2016-12-31": "0.44000", "2015-12-31": "0.08000", "2014-12-31": "-0.18000", "2013-12-31": "0.14000"}}, "income statement, quarterly": {"Revenue": {"2020-09-30": "151.07600", "2020-06-30": "105.10900", "2020-03-31": "137.32900", "2019-12-31": "145.26300", "2019-09-30": "139.50200", "2019-06-30": "134.20100", "2019-03-31": "128.43900", "2018-12-31": "120.79300", "2018-09-30": "111.80600", "2018-06-30": "109.63800", "2018-03-31": "102.70100", "2017-12-31": "96.05100", "2017-09-30": "83.91100", "2017-06-30": "80.58900", "2017-03-31": "73.21300", "2016-12-31": "73.10500", "2016-09-30": "67.18700", "2016-06-30": "65.10600", "2016-03-31": "57.91900", "2015-12-31": "54.41600", "2015-09-30": "50.41600", "2015-06-30": "42.31100", "2015-03-31": "38.95200", "2014-12-31": "", "2014-09-30": "32.46400", "2013-12-31": ""}, "Cost Of Goods Sold": {"2020-09-30": "60.15300", "2020-06-30": "40.17900", "2020-03-31": "49.32000", "2019-12-31": "47.13500", "2019-09-30": "43.50400", "2019-06-30": "40.27300", "2019-03-31": "44.52900", "2018-12-31": "42.08100", "2018-09-30": "36.79400", "2018-06-30": "37.38600", "2018-03-31": "36.14400", "2017-12-31": "32.32400", "2017-09-30": "29.13400", "2017-06-30": "29.66000", "2017-03-31": "25.50400", "2016-12-31": "26.52500", "2016-09-30": "24.31300", "2016-06-30": "23.63600", "2016-03-31": "18.01400", "2015-12-31": "17.95800", "2015-09-30": "16.91900", "2015-06-30": "14.93600", "2015-03-31": "12.22400", "2014-12-31": "", "2014-09-30": "11.66700", "2013-12-31": ""}, "Gross Profit": {"2020-09-30": "90.92300", "2020-06-30": "64.93000", "2020-03-31": "88.00900", "2019-12-31": "98.12800", "2019-09-30": "95.99800", "2019-06-30": "93.92800", "2019-03-31": "83.91000", "2018-12-31": "78.71200", "2018-09-30": "75.01200", "2018-06-30": "72.25200", "2018-03-31": "66.55700", "2017-12-31": "63.72700", "2017-09-30": "54.77700", "2017-06-30": "50.92900", "2017-03-31": "47.70900", "2016-12-31": "46.58000", "2016-09-30": "42.87400", "2016-06-30": "41.47000", "2016-03-31": "39.90500", "2015-12-31": "36.45800", "2015-09-30": "33.49700", "2015-06-30": "27.37500", "2015-03-31": "26.72800", "2014-12-31": "", "2014-09-30": "20.79700", "2013-12-31": ""}, "Research And Development Expenses": {"2020-09-30": "34.92300", "2020-06-30": "22.72500", "2020-03-31": "12.94600", "2019-12-31": "12.86100", "2019-09-30": "13.73300", "2019-06-30": "13.46200", "2019-03-31": "11.66700", "2018-12-31": "10.86700", "2018-09-30": "9.09200", "2018-06-30": "8.19300", "2018-03-31": "8.01300", "2017-12-31": "8.40100", "2017-09-30": "8.13200", "2017-06-30": "8.09400", "2017-03-31": "7.03400", "2016-12-31": "6.11300", "2016-09-30": "6.49700", "2016-06-30": "6.26400", "2016-03-31": "5.00100", "2015-12-31": "5.48400", "2015-09-30": "4.56000", "2015-06-30": "4.79200", "2015-03-31": "3.19100", "2014-12-31": "", "2014-09-30": "3.89700", "2013-12-31": ""}, "SG&A Expenses": {"2020-09-30": "76.15800", "2020-06-30": "59.85400", "2020-03-31": "74.45300", "2019-12-31": "74.68800", "2019-09-30": "69.28900", "2019-06-30": "67.66500", "2019-03-31": "61.09100", "2018-12-31": "61.17600", "2018-09-30": "55.93400", "2018-06-30": "54.77600", "2018-03-31": "54.49900", "2017-12-31": "51.47000", "2017-09-30": "45.96200", "2017-06-30": "44.16300", "2017-03-31": "42.72100", "2016-12-31": "41.61900", "2016-09-30": "37.74000", "2016-06-30": "35.87600", "2016-03-31": "33.06900", "2015-12-31": "29.15400", "2015-09-30": "26.75500", "2015-06-30": "26.39600", "2015-03-31": "19.54700", "2014-12-31": "", "2014-09-30": "16.58900", "2013-12-31": ""}, "Other Operating Income Or Expenses": {"2020-09-30": "", "2020-06-30": "", "2020-03-31": "", "2019-12-31": "", "2019-09-30": "", "2019-06-30": "", "2019-03-31": "", "2018-12-31": "", "2018-09-30": "", "2018-06-30": "", "2018-03-31": "", "2017-12-31": "", "2017-09-30": "", "2017-06-30": "", "2017-03-31": "", "2016-12-31": "", "2016-09-30": "", "2016-06-30": "", "2016-03-31": "", "2015-12-31": "", "2015-09-30": "", "2015-06-30": "", "2015-03-31": "", "2014-12-31": "", "2014-09-30": "", "2013-12-31": ""}, "Operating Expenses": {"2020-09-30": "171.23400", "2020-06-30": "122.75800", "2020-03-31": "136.71900", "2019-12-31": "134.68400", "2019-09-30": "126.52600", "2019-06-30": "121.40000", "2019-03-31": "117.28700", "2018-12-31": "114.12400", "2018-09-30": "132.65500", "2018-06-30": "100.35500", "2018-03-31": "98.65600", "2017-12-31": "92.19500", "2017-09-30": "83.22800", "2017-06-30": "81.91700", "2017-03-31": "75.25900", "2016-12-31": "74.25700", "2016-09-30": "68.55000", "2016-06-30": "65.77600", "2016-03-31": "56.08400", "2015-12-31": "52.59600", "2015-09-30": "48.23400", "2015-06-30": "46.12400", "2015-03-31": "34.96200", "2014-12-31": "", "2014-09-30": "32.15300", "2013-12-31": ""}, "Operating Income": {"2020-09-30": "-20.15800", "2020-06-30": "-17.64900", "2020-03-31": "0.61000", "2019-12-31": "10.57900", "2019-09-30": "12.97600", "2019-06-30": "12.80100", "2019-03-31": "11.15200", "2018-12-31": "6.66900", "2018-09-30": "-20.84900", "2018-06-30": "9.28300", "2018-03-31": "4.04500", "2017-12-31": "3.85600", "2017-09-30": "0.68300", "2017-06-30": "-1.32800", "2017-03-31": "-2.04600", "2016-12-31": "-1.15200", "2016-09-30": "-1.36300", "2016-06-30": "-0.67000", "2016-03-31": "1.83500", "2015-12-31": "1.82000", "2015-09-30": "2.18200", "2015-06-30": "-3.81300", "2015-03-31": "3.99000", "2014-12-31": "", "2014-09-30": "0.31100", "2013-12-31": ""}, "Total Non-Operating Income/Expense": {"2020-09-30": "0.42700", "2020-06-30": "0.61900", "2020-03-31": "-1.35600", "2019-12-31": "1.17000", "2019-09-30": "-0.01300", "2019-06-30": "0.71300", "2019-03-31": "0.75700", "2018-12-31": "0.68000", "2018-09-30": "0.94100", "2018-06-30": "0.38000", "2018-03-31": "0.45900", "2017-12-31": "0.05000", "2017-09-30": "0.55600", "2017-06-30": "0.41000", "2017-03-31": "0.29500", "2016-12-31": "-0.36300", "2016-09-30": "0.27100", "2016-06-30": "0.28700", "2016-03-31": "0.28600", "2015-12-31": "0.05600", "2015-09-30": "-0.09800", "2015-06-30": "-0.36500", "2015-03-31": "0.25200", "2014-12-31": "", "2014-09-30": "0.08800", "2013-12-31": ""}, "Pre-Tax Income": {"2020-09-30": "-19.73100", "2020-06-30": "-17.03000", "2020-03-31": "-0.74600", "2019-12-31": "11.74900", "2019-09-30": "12.96300", "2019-06-30": "13.51400", "2019-03-31": "11.90900", "2018-12-31": "7.34900", "2018-09-30": "-19.90800", "2018-06-30": "9.66300", "2018-03-31": "4.50400", "2017-12-31": "3.90600", "2017-09-30": "1.23900", "2017-06-30": "-0.91800", "2017-03-31": "-1.75100", "2016-12-31": "-1.51500", "2016-09-30": "-1.09200", "2016-06-30": "-0.38300", "2016-03-31": "2.12100", "2015-12-31": "1.87600", "2015-09-30": "2.08400", "2015-06-30": "-4.17800", "2015-03-31": "4.24200", "2014-12-31": "", "2014-09-30": "0.39900", "2013-12-31": ""}, "Income Taxes": {"2020-09-30": "-9.85500", "2020-06-30": "-4.12900", "2020-03-31": "-1.63400", "2019-12-31": "2.44800", "2019-09-30": "1.96300", "2019-06-30": "-2.73500", "2019-03-31": "1.45500", "2018-12-31": "0.88500", "2018-09-30": "1.59800", "2018-06-30": "-4.94800", "2018-03-31": "-1.93800", "2017-12-31": "-5.90400", "2017-09-30": "0.45600", "2017-06-30": "0.48200", "2017-03-31": "1.35500", "2016-12-31": "0.88100", "2016-09-30": "-12.99800", "2016-06-30": "-3.39600", "2016-03-31": "-0.17000", "2015-12-31": "0.24300", "2015-09-30": "1.18300", "2015-06-30": "-1.50700", "2015-03-31": "1.74000", "2014-12-31": "", "2014-09-30": "0.22700", "2013-12-31": ""}, "Income After Taxes": {"2020-09-30": "-9.87600", "2020-06-30": "-12.90100", "2020-03-31": "0.88800", "2019-12-31": "9.30100", "2019-09-30": "11.00000", "2019-06-30": "16.24900", "2019-03-31": "10.45400", "2018-12-31": "6.46400", "2018-09-30": "-21.50600", "2018-06-30": "14.61100", "2018-03-31": "6.44200", "2017-12-31": "9.81000", "2017-09-30": "0.78300", "2017-06-30": "-1.40000", "2017-03-31": "-3.10600", "2016-12-31": "-2.39600", "2016-09-30": "11.90600", "2016-06-30": "3.01300", "2016-03-31": "2.29100", "2015-12-31": "1.63300", "2015-09-30": "0.90100", "2015-06-30": "-2.67100", "2015-03-31": "2.50200", "2014-12-31": "", "2014-09-30": "0.17200", "2013-12-31": ""}, "Other Income": {"2020-09-30": "", "2020-06-30": "", "2020-03-31": "", "2019-12-31": "", "2019-09-30": "", "2019-06-30": "", "2019-03-31": "", "2018-12-31": "", "2018-09-30": "", "2018-06-30": "", "2018-03-31": "", "2017-12-31": "", "2017-09-30": "", "2017-06-30": "", "2017-03-31": "", "2016-12-31": "", "2016-09-30": "", "2016-06-30": "", "2016-03-31": "", "2015-12-31": "", "2015-09-30": "", "2015-06-30": "", "2015-03-31": "", "2014-12-31": "", "2014-09-30": "", "2013-12-31": ""}, "Income From Continuous Operations": {"2020-09-30": "-9.87600", "2020-06-30": "-12.90100", "2020-03-31": "0.88800", "2019-12-31": "9.30100", "2019-09-30": "11.00000", "2019-06-30": "16.24900", "2019-03-31": "10.45400", "2018-12-31": "6.46400", "2018-09-30": "-22.42600", "2018-06-30": "13.38100", "2018-03-31": "5.49100", "2017-12-31": "9.08300", "2017-09-30": "0.23800", "2017-06-30": "-1.55800", "2017-03-31": "-3.10600", "2016-12-31": "-2.39600", "2016-09-30": "11.90600", "2016-06-30": "3.01300", "2016-03-31": "2.29100", "2015-12-31": "1.63300", "2015-09-30": "0.90100", "2015-06-30": "-2.67100", "2015-03-31": "2.50200", "2014-12-31": "", "2014-09-30": "0.17200", "2013-12-31": ""}, "Income From Discontinued Operations": {"2020-09-30": "", "2020-06-30": "", "2020-03-31": "", "2019-12-31": "", "2019-09-30": "", "2019-06-30": "", "2019-03-31": "", "2018-12-31": "", "2018-09-30": "", "2018-06-30": "", "2018-03-31": "", "2017-12-31": "", "2017-09-30": "", "2017-06-30": "", "2017-03-31": "", "2016-12-31": "", "2016-09-30": "", "2016-06-30": "", "2016-03-31": "", "2015-12-31": "", "2015-09-30": "", "2015-06-30": "", "2015-03-31": "", "2014-12-31": "", "2014-09-30": "", "2013-12-31": ""}, "Net Income": {"2020-09-30": "-8.81500", "2020-06-30": "-11.96000", "2020-03-31": "1.42500", "2019-12-31": "9.68900", "2019-09-30": "11.48300", "2019-06-30": "16.58800", "2019-03-31": "10.69800", "2018-12-31": "6.65900", "2018-09-30": "-18.93000", "2018-06-30": "13.38100", "2018-03-31": "5.49100", "2017-12-31": "9.08300", "2017-09-30": "0.23800", "2017-06-30": "-1.55800", "2017-03-31": "-3.10600", "2016-12-31": "-2.39600", "2016-09-30": "11.90600", "2016-06-30": "3.01300", "2016-03-31": "2.29100", "2015-12-31": "0.85800", "2015-09-30": "0.27600", "2015-06-30": "-0.55300", "2015-03-31": "0.50300", "2014-12-31": "", "2014-09-30": "-1.19200", "2013-12-31": ""}, "EBITDA": {"2020-09-30": "-16.81500", "2020-06-30": "-12.01800", "2020-03-31": "3.56900", "2019-12-31": "12.89300", "2019-09-30": "15.02900", "2019-06-30": "14.73400", "2019-03-31": "12.95600", "2018-12-31": "8.37800", "2018-09-30": "-19.33800", "2018-06-30": "10.83200", "2018-03-31": "5.44400", "2017-12-31": "4.55600", "2017-09-30": "1.90600", "2017-06-30": "-0.42300", "2017-03-31": "-1.09300", "2016-12-31": "-0.40000", "2016-09-30": "-0.41200", "2016-06-30": "0.19400", "2016-03-31": "2.56200", "2015-12-31": "2.42800", "2015-09-30": "2.66400", "2015-06-30": "-3.40600", "2015-03-31": "4.32800", "2014-12-31": "", "2014-09-30": "0.31100", "2013-12-31": ""}, "EBIT": {"2020-09-30": "-20.15800", "2020-06-30": "-17.64900", "2020-03-31": "0.61000", "2019-12-31": "10.57900", "2019-09-30": "12.97600", "2019-06-30": "12.80100", "2019-03-31": "11.15200", "2018-12-31": "6.66900", "2018-09-30": "-20.84900", "2018-06-30": "9.28300", "2018-03-31": "4.04500", "2017-12-31": "3.85600", "2017-09-30": "0.68300", "2017-06-30": "-1.32800", "2017-03-31": "-2.04600", "2016-12-31": "-1.15200", "2016-09-30": "-1.36300", "2016-06-30": "-0.67000", "2016-03-31": "1.83500", "2015-12-31": "1.82000", "2015-09-30": "2.18200", "2015-06-30": "-3.81300", "2015-03-31": "3.99000", "2014-12-31": "", "2014-09-30": "0.31100", "2013-12-31": ""}, "Basic Shares Outstanding": {"2020-09-30": "36.20800", "2020-06-30": "35.40100", "2020-03-31": "35.04300", "2019-12-31": "34.75100", "2019-09-30": "34.84000", "2019-06-30": "34.69400", "2019-03-31": "34.50700", "2018-12-31": "34.13800", "2018-09-30": "34.24800", "2018-06-30": "34.07200", "2018-03-31": "33.84600", "2017-12-31": "32.97800", "2017-09-30": "33.44700", "2017-06-30": "33.21900", "2017-03-31": "31.61200", "2016-12-31": "30.46500", "2016-09-30": "30.60400", "2016-06-30": "30.21000", "2016-03-31": "29.99000", "2015-12-31": "11.99300", "2015-09-30": "7.85000", "2015-06-30": "5.09600", "2015-03-31": "4.90400", "2014-12-31": "", "2014-09-30": "4.68800", "2013-12-31": ""}, "Shares Outstanding": {"2020-09-30": "36.20800", "2020-06-30": "35.40100", "2020-03-31": "36.36300", "2019-12-31": "36.26600", "2019-09-30": "36.27100", "2019-06-30": "36.21400", "2019-03-31": "36.21300", "2018-12-31": "36.08700", "2018-09-30": "34.24800", "2018-06-30": "36.11600", "2018-03-31": "35.91700", "2017-12-31": "35.31900", "2017-09-30": "35.66400", "2017-06-30": "33.21900", "2017-03-31": "31.61200", "2016-12-31": "33.47800", "2016-09-30": "33.75500", "2016-06-30": "33.30800", "2016-03-31": "33.02300", "2015-12-31": "14.22000", "2015-09-30": "10.18900", "2015-06-30": "5.09600", "2015-03-31": "7.19300", "2014-12-31": "", "2014-09-30": "4.68800", "2013-12-31": ""}, "Basic EPS": {"2020-09-30": "-0.24000", "2020-06-30": "-0.34000", "2020-03-31": "0.04000", "2019-12-31": "0.27000", "2019-09-30": "0.33000", "2019-06-30": "0.48000", "2019-03-31": "0.31000", "2018-12-31": "0.19000", "2018-09-30": "-0.55000", "2018-06-30": "0.39000", "2018-03-31": "0.16000", "2017-12-31": "0.28000", "2017-09-30": "0.01000", "2017-06-30": "-0.05000", "2017-03-31": "-0.10000", "2016-12-31": "-0.08000", "2016-09-30": "0.39000", "2016-06-30": "0.10000", "2016-03-31": "0.08000", "2015-12-31": "0.06000", "2015-09-30": "0.04000", "2015-06-30": "-0.11000", "2015-03-31": "0.10000", "2014-12-31": "", "2014-09-30": "-0.25000", "2013-12-31": ""}, "EPS - Earnings Per Share": {"2020-09-30": "-0.24000", "2020-06-30": "-0.34000", "2020-03-31": "0.04000", "2019-12-31": "0.26000", "2019-09-30": "0.32000", "2019-06-30": "0.46000", "2019-03-31": "0.30000", "2018-12-31": "0.21000", "2018-09-30": "-0.55000", "2018-06-30": "0.37000", "2018-03-31": "0.15000", "2017-12-31": "0.27000", "2017-09-30": "0.01000", "2017-06-30": "-0.05000", "2017-03-31": "-0.10000", "2016-12-31": "-0.07000", "2016-09-30": "0.35000", "2016-06-30": "0.09000", "2016-03-31": "0.07000", "2015-12-31": "0.09000", "2015-09-30": "0.03000", "2015-06-30": "-0.11000", "2015-03-31": "0.07000", "2014-12-31": "0.00000", "2014-09-30": "-0.25000", "2013-12-31": "0.00000"}}, "balance sheet": {"Cash On Hand": {"2019-12-31": "189.38900", "2018-12-31": "200.88900", "2017-12-31": "214.59100", "2016-12-31": "128.75300", "2015-12-31": "148.80400", "2014-12-31": "51.54300", "2013-12-31": "13.67600"}, "Receivables": {"2019-12-31": "105.90100", "2018-12-31": "81.89600", "2017-12-31": "58.00700", "2016-12-31": "43.33500", "2015-12-31": "29.44400", "2014-12-31": "18.91200", "2013-12-31": "13.07400"}, "Inventory": {"2019-12-31": "152.99200", "2018-12-31": "115.74100", "2017-12-31": "94.90100", "2016-12-31": "73.01200", "2015-12-31": "56.76100", "2014-12-31": "33.45100", "2013-12-31": "27.06700"}, "Pre-Paid Expenses": {"2019-12-31": "14.85200", "2018-12-31": "12.20000", "2017-12-31": "14.73500", "2016-12-31": "18.72700", "2015-12-31": "9.35200", "2014-12-31": "5.11500", "2013-12-31": "3.28700"}, "Other Current Assets": {"2019-12-31": "", "2018-12-31": "", "2017-12-31": "", "2016-12-31": "", "2015-12-31": "", "2014-12-31": "", "2013-12-31": ""}, "Total Current Assets": {"2019-12-31": "463.13400", "2018-12-31": "410.72600", "2017-12-31": "382.23400", "2016-12-31": "263.82700", "2015-12-31": "244.36100", "2014-12-31": "115.30100", "2013-12-31": "62.23800"}, "Property, Plant, And Equipment": {"2019-12-31": "51.81200", "2018-12-31": "35.40700", "2017-12-31": "30.89900", "2016-12-31": "21.46400", "2015-12-31": "8.95100", "2014-12-31": "5.18100", "2013-12-31": "2.03100"}, "Long-Term Investments": {"2019-12-31": "", "2018-12-31": "", "2017-12-31": "3.87200", "2016-12-31": "", "2015-12-31": "", "2014-12-31": "", "2013-12-31": "6.00000"}, "Goodwill And Intangible Assets": {"2019-12-31": "33.06300", "2018-12-31": "35.05800", "2017-12-31": "31.95600", "2016-12-31": "", "2015-12-31": "", "2014-12-31": "", "2013-12-31": ""}, "Other Long-Term Assets": {"2019-12-31": "2.94600", "2018-12-31": "0.87500", "2017-12-31": "1.01600", "2016-12-31": "0.48700", "2015-12-31": "0.39300", "2014-12-31": "0.32800", "2013-12-31": "0.45400"}, "Total Long-Term Assets": {"2019-12-31": "202.76700", "2018-12-31": "104.28000", "2017-12-31": "94.43300", "2016-12-31": "44.42700", "2015-12-31": "19.48700", "2014-12-31": "6.08000", "2013-12-31": "8.90900"}, "Total Assets": {"2019-12-31": "665.90100", "2018-12-31": "515.00600", "2017-12-31": "476.66700", "2016-12-31": "308.25400", "2015-12-31": "263.84800", "2014-12-31": "121.38100", "2013-12-31": "71.14700"}, "Total Current Liabilities": {"2019-12-31": "91.04800", "2018-12-31": "66.06200", "2017-12-31": "51.58200", "2016-12-31": "35.80000", "2015-12-31": "28.14800", "2014-12-31": "20.82300", "2013-12-31": "15.83700"}, "Long Term Debt": {"2019-12-31": "26.74800", "2018-12-31": "", "2017-12-31": "", "2016-12-31": "", "2015-12-31": "", "2014-12-31": "", "2013-12-31": "6.00000"}, "Other Non-Current Liabilities": {"2019-12-31": "15.25000", "2018-12-31": "26.52900", "2017-12-31": "24.67700", "2016-12-31": "5.90700", "2015-12-31": "3.17800", "2014-12-31": "1.46100", "2013-12-31": "1.15000"}, "Total Long Term Liabilities": {"2019-12-31": "89.24000", "2018-12-31": "26.52900", "2017-12-31": "24.67700", "2016-12-31": "5.90700", "2015-12-31": "3.17800", "2014-12-31": "1.46100", "2013-12-31": "7.15000"}, "Total Liabilities": {"2019-12-31": "180.28800", "2018-12-31": "92.59100", "2017-12-31": "76.25900", "2016-12-31": "41.70700", "2015-12-31": "31.32600", "2014-12-31": "22.28400", "2013-12-31": "22.98700"}, "Common Stock Net": {"2019-12-31": "0.03500", "2018-12-31": "0.03400", "2017-12-31": "0.03300", "2016-12-31": "0.03100", "2015-12-31": "0.03000", "2014-12-31": "0.00500", "2013-12-31": "0.00400"}, "Retained Earnings (Accumulated Deficit)": {"2019-12-31": "57.52200", "2018-12-31": "9.06400", "2017-12-31": "1.99600", "2016-12-31": "-2.66100", "2015-12-31": "-17.47500", "2014-12-31": "-19.84000", "2013-12-31": "-14.99300"}, "Comprehensive Income": {"2019-12-31": "-2.32400", "2018-12-31": "-1.94200", "2017-12-31": "1.56900", "2016-12-31": "-4.68800", "2015-12-31": "-2.11500", "2014-12-31": "-0.86400", "2013-12-31": "0.79600"}, "Other Share Holders Equity": {"2019-12-31": "", "2018-12-31": "", "2017-12-31": "", "2016-12-31": "", "2015-12-31": "-0.00500", "2014-12-31": "-0.11700", "2013-12-31": "-0.13800"}, "Share Holder Equity": {"2019-12-31": "485.61300", "2018-12-31": "422.41500", "2017-12-31": "400.40800", "2016-12-31": "266.54700", "2015-12-31": "232.52200", "2014-12-31": "99.09700", "2013-12-31": "48.16000"}, "Total Liabilities And Share Holders Equity": {"2019-12-31": "665.90100", "2018-12-31": "515.00600", "2017-12-31": "476.66700", "2016-12-31": "308.25400", "2015-12-31": "263.84800", "2014-12-31": "121.38100", "2013-12-31": "71.14700"}}, "balance sheet, quarterly": {"Cash On Hand": {"2020-09-30": "268.72600", "2020-06-30": "278.29500", "2020-03-31": "168.22200", "2019-12-31": "189.38900", "2019-09-30": "194.44500", "2019-06-30": "187.25700", "2019-03-31": "194.84700", "2018-12-31": "200.88900", "2018-09-30": "193.91800", "2018-06-30": "206.89000", "2018-03-31": "215.44100", "2017-12-31": "214.59100", "2017-09-30": "218.82400", "2017-06-30": "220.46300", "2017-03-31": "233.34300", "2016-12-31": "128.75300", "2016-09-30": "141.83100", "2016-06-30": "139.86300", "2016-03-31": "144.41900", "2015-12-31": "148.80400", "2015-09-30": "159.09800", "2015-06-30": "", "2015-03-31": "", "2014-12-31": "", "2014-09-30": "", "2013-12-31": "13.67000"}, "Receivables": {"2020-09-30": "112.81700", "2020-06-30": "97.61300", "2020-03-31": "103.96300", "2019-12-31": "105.90100", "2019-09-30": "101.82800", "2019-06-30": "99.01100", "2019-03-31": "94.67900", "2018-12-31": "81.89600", "2018-09-30": "80.43500", "2018-06-30": "74.05900", "2018-03-31": "65.10700", "2017-12-31": "58.00700", "2017-09-30": "47.96400", "2017-06-30": "48.71400", "2017-03-31": "45.27800", "2016-12-31": "43.33500", "2016-09-30": "36.63500", "2016-06-30": "34.57700", "2016-03-31": "31.15600", "2015-12-31": "29.44400", "2015-09-30": "26.05500", "2015-06-30": "", "2015-03-31": "", "2014-12-31": "", "2014-09-30": "", "2013-12-31": "13.07000"}, "Inventory": {"2020-09-30": "191.54700", "2020-06-30": "183.44200", "2020-03-31": "166.15200", "2019-12-31": "152.99200", "2019-09-30": "140.35900", "2019-06-30": "132.73500", "2019-03-31": "121.69100", "2018-12-31": "115.74100", "2018-09-30": "109.70600", "2018-06-30": "97.55600", "2018-03-31": "94.61600", "2017-12-31": "94.90100", "2017-09-30": "90.52900", "2017-06-30": "81.14100", "2017-03-31": "79.18700", "2016-12-31": "73.01200", "2016-09-30": "70.09200", "2016-06-30": "68.40600", "2016-03-31": "66.56400", "2015-12-31": "56.76100", "2015-09-30": "50.32400", "2015-06-30": "", "2015-03-31": "", "2014-12-31": "", "2014-09-30": "", "2013-12-31": "27.06000"}, "Pre-Paid Expenses": {"2020-09-30": "17.10900", "2020-06-30": "16.54500", "2020-03-31": "15.40300", "2019-12-31": "14.85200", "2019-09-30": "14.70200", "2019-06-30": "15.60100", "2019-03-31": "11.86900", "2018-12-31": "12.20000", "2018-09-30": "13.53600", "2018-06-30": "13.99400", "2018-03-31": "12.77400", "2017-12-31": "14.73500", "2017-09-30": "14.46400", "2017-06-30": "14.39900", "2017-03-31": "14.55400", "2016-12-31": "18.72700", "2016-09-30": "18.66500", "2016-06-30": "17.40600", "2016-03-31": "11.51200", "2015-12-31": "9.35200", "2015-09-30": "6.26700", "2015-06-30": "", "2015-03-31": "", "2014-12-31": "", "2014-09-30": "", "2013-12-31": ""}, "Other Current Assets": {"2020-09-30": "", "2020-06-30": "", "2020-03-31": "", "2019-12-31": "", "2019-09-30": "", "2019-06-30": "", "2019-03-31": "", "2018-12-31": "", "2018-09-30": "", "2018-06-30": "", "2018-03-31": "", "2017-12-31": "", "2017-09-30": "", "2017-06-30": "", "2017-03-31": "", "2016-12-31": "", "2016-09-30": "", "2016-06-30": "", "2016-03-31": "", "2015-12-31": "", "2015-09-30": "", "2015-06-30": "", "2015-03-31": "", "2014-12-31": "", "2014-09-30": "", "2013-12-31": "8.42000"}, "Total Current Assets": {"2020-09-30": "590.19900", "2020-06-30": "575.89500", "2020-03-31": "453.74000", "2019-12-31": "463.13400", "2019-09-30": "451.33400", "2019-06-30": "434.60400", "2019-03-31": "423.08600", "2018-12-31": "410.72600", "2018-09-30": "397.59500", "2018-06-30": "392.49900", "2018-03-31": "387.93800", "2017-12-31": "382.23400", "2017-09-30": "371.78100", "2017-06-30": "364.71700", "2017-03-31": "372.36200", "2016-12-31": "263.82700", "2016-09-30": "267.22300", "2016-06-30": "260.25200", "2016-03-31": "253.65100", "2015-12-31": "244.36100", "2015-09-30": "249.07700", "2015-06-30": "", "2015-03-31": "", "2014-12-31": "", "2014-09-30": "", "2013-12-31": "62.23000"}, "Property, Plant, And Equipment": {"2020-09-30": "64.90600", "2020-06-30": "62.18800", "2020-03-31": "58.69800", "2019-12-31": "51.81200", "2019-09-30": "45.62500", "2019-06-30": "37.94000", "2019-03-31": "35.38000", "2018-12-31": "35.40700", "2018-09-30": "34.13300", "2018-06-30": "33.71900", "2018-03-31": "31.99500", "2017-12-31": "30.89900", "2017-09-30": "28.25900", "2017-06-30": "24.41900", "2017-03-31": "22.90500", "2016-12-31": "21.46400", "2016-09-30": "16.22400", "2016-06-30": "11.86400", "2016-03-31": "9.71700", "2015-12-31": "8.95100", "2015-09-30": "8.64600", "2015-06-30": "", "2015-03-31": "", "2014-12-31": "", "2014-09-30": "", "2013-12-31": "4.90000"}, "Long-Term Investments": {"2020-09-30": "", "2020-06-30": "", "2020-03-31": "", "2019-12-31": "", "2019-09-30": "", "2019-06-30": "", "2019-03-31": "", "2018-12-31": "", "2018-09-30": "", "2018-06-30": "2.59700", "2018-03-31": "3.28600", "2017-12-31": "3.87200", "2017-09-30": "", "2017-06-30": "", "2017-03-31": "", "2016-12-31": "", "2016-09-30": "", "2016-06-30": "", "2016-03-31": "", "2015-12-31": "", "2015-09-30": "", "2015-06-30": "", "2015-03-31": "", "2014-12-31": "", "2014-09-30": "", "2013-12-31": "6.00000"}, "Goodwill And Intangible Assets": {"2020-09-30": "18.64400", "2020-06-30": "18.31000", "2020-03-31": "32.53300", "2019-12-31": "33.06300", "2019-09-30": "32.94600", "2019-06-30": "33.79600", "2019-03-31": "34.47200", "2018-12-31": "35.05800", "2018-09-30": "35.20700", "2018-06-30": "35.32100", "2018-03-31": "36.65500", "2017-12-31": "31.95600", "2017-09-30": "31.27000", "2017-06-30": "", "2017-03-31": "", "2016-12-31": "", "2016-09-30": "", "2016-06-30": "", "2016-03-31": "", "2015-12-31": "", "2015-09-30": "", "2015-06-30": "0.00000", "2015-03-31": "0.00000", "2014-12-31": "", "2014-09-30": "0.00000", "2013-12-31": "0.00000"}, "Other Long-Term Assets": {"2020-09-30": "8.06800", "2020-06-30": "6.73700", "2020-03-31": "3.86900", "2019-12-31": "2.94600", "2019-09-30": "9.63000", "2019-06-30": "1.63200", "2019-03-31": "1.61300", "2018-12-31": "0.87500", "2018-09-30": "1.08500", "2018-06-30": "1.04900", "2018-03-31": "0.96800", "2017-12-31": "1.01600", "2017-09-30": "5.28100", "2017-06-30": "5.37100", "2017-03-31": "0.61200", "2016-12-31": "0.48700", "2016-09-30": "0.43800", "2016-06-30": "0.44100", "2016-03-31": "0.43500", "2015-12-31": "0.39300", "2015-09-30": "0.29300", "2015-06-30": "", "2015-03-31": "", "2014-12-31": "", "2014-09-30": "", "2013-12-31": "0.45000"}, "Total Long-Term Assets": {"2020-09-30": "220.10400", "2020-06-30": "204.30500", "2020-03-31": "210.50000", "2019-12-31": "202.76700", "2019-09-30": "162.83600", "2019-06-30": "150.50500", "2019-03-31": "145.70300", "2018-12-31": "104.28000", "2018-09-30": "103.41000", "2018-06-30": "106.81500", "2018-03-31": "101.76900", "2017-12-31": "94.43300", "2017-09-30": "87.31300", "2017-06-30": "52.28600", "2017-03-31": "46.00300", "2016-12-31": "44.42700", "2016-09-30": "30.05600", "2016-06-30": "23.72700", "2016-03-31": "21.47000", "2015-12-31": "19.48700", "2015-09-30": "10.24800", "2015-06-30": "", "2015-03-31": "", "2014-12-31": "", "2014-09-30": "", "2013-12-31": "11.77000"}, "Total Assets": {"2020-09-30": "810.30300", "2020-06-30": "780.20000", "2020-03-31": "664.24000", "2019-12-31": "665.90100", "2019-09-30": "614.17000", "2019-06-30": "585.10900", "2019-03-31": "568.78900", "2018-12-31": "515.00600", "2018-09-30": "501.00500", "2018-06-30": "499.31400", "2018-03-31": "489.70700", "2017-12-31": "476.66700", "2017-09-30": "459.09400", "2017-06-30": "417.00300", "2017-03-31": "418.36500", "2016-12-31": "308.25400", "2016-09-30": "297.27900", "2016-06-30": "283.97900", "2016-03-31": "275.12100", "2015-12-31": "263.84800", "2015-09-30": "259.32500", "2015-06-30": "0.00000", "2015-03-31": "0.00000", "2014-12-31": "0.00000", "2014-09-30": "0.00000", "2013-12-31": "71.14000"}, "Total Current Liabilities": {"2020-09-30": "108.05500", "2020-06-30": "77.61200", "2020-03-31": "88.07400", "2019-12-31": "91.04800", "2019-09-30": "86.16700", "2019-06-30": "69.76100", "2019-03-31": "69.41200", "2018-12-31": "66.06200", "2018-09-30": "65.05200", "2018-06-30": "49.68700", "2018-03-31": "50.25300", "2017-12-31": "51.58200", "2017-09-30": "51.08000", "2017-06-30": "37.51100", "2017-03-31": "38.56400", "2016-12-31": "35.80000", "2016-09-30": "37.34400", "2016-06-30": "32.18900", "2016-03-31": "33.97900", "2015-12-31": "28.14800", "2015-09-30": "28.27700", "2015-06-30": "", "2015-03-31": "", "2014-12-31": "", "2014-09-30": "", "2013-12-31": "15.83000"}, "Long Term Debt": {"2020-09-30": "27.39100", "2020-06-30": "26.20200", "2020-03-31": "26.48300", "2019-12-31": "26.74800", "2019-09-30": "", "2019-06-30": "", "2019-03-31": "", "2018-12-31": "", "2018-09-30": "", "2018-06-30": "", "2018-03-31": "", "2017-12-31": "", "2017-09-30": "", "2017-06-30": "", "2017-03-31": "", "2016-12-31": "", "2016-09-30": "", "2016-06-30": "", "2016-03-31": "", "2015-12-31": "", "2015-09-30": "", "2015-06-30": "", "2015-03-31": "", "2014-12-31": "", "2014-09-30": "", "2013-12-31": "6.00000"}, "Other Non-Current Liabilities": {"2020-09-30": "10.14700", "2020-06-30": "7.30000", "2020-03-31": "15.15000", "2019-12-31": "15.25000", "2019-09-30": "15.66200", "2019-06-30": "15.01900", "2019-03-31": "16.64400", "2018-12-31": "26.52900", "2018-09-30": "26.66500", "2018-06-30": "24.42800", "2018-03-31": "24.53300", "2017-12-31": "24.67700", "2017-09-30": "24.18200", "2017-06-30": "6.51400", "2017-03-31": "6.32900", "2016-12-31": "5.90700", "2016-09-30": "6.08100", "2016-06-30": "4.19900", "2016-03-31": "3.09400", "2015-12-31": "3.17800", "2015-09-30": "2.45800", "2015-06-30": "", "2015-03-31": "", "2014-12-31": "", "2014-09-30": "", "2013-12-31": "1.15000"}, "Total Long Term Liabilities": {"2020-09-30": "82.53600", "2020-06-30": "79.42700", "2020-03-31": "88.04900", "2019-12-31": "89.24000", "2019-09-30": "61.06200", "2019-06-30": "61.16500", "2019-03-31": "62.71400", "2018-12-31": "26.52900", "2018-09-30": "26.66500", "2018-06-30": "24.42800", "2018-03-31": "24.53300", "2017-12-31": "24.67700", "2017-09-30": "24.18200", "2017-06-30": "6.51400", "2017-03-31": "6.32900", "2016-12-31": "5.90700", "2016-09-30": "6.08100", "2016-06-30": "4.19900", "2016-03-31": "3.09400", "2015-12-31": "3.17800", "2015-09-30": "2.45800", "2015-06-30": "", "2015-03-31": "", "2014-12-31": "", "2014-09-30": "", "2013-12-31": "7.15000"}, "Total Liabilities": {"2020-09-30": "190.59100", "2020-06-30": "157.03900", "2020-03-31": "176.12300", "2019-12-31": "180.28800", "2019-09-30": "147.22900", "2019-06-30": "130.92600", "2019-03-31": "132.12600", "2018-12-31": "92.59100", "2018-09-30": "91.71700", "2018-06-30": "74.11500", "2018-03-31": "74.78600", "2017-12-31": "76.25900", "2017-09-30": "75.26200", "2017-06-30": "44.02500", "2017-03-31": "44.89300", "2016-12-31": "41.70700", "2016-09-30": "43.42500", "2016-06-30": "36.38800", "2016-03-31": "37.07300", "2015-12-31": "31.32600", "2015-09-30": "30.73500", "2015-06-30": "0.00000", "2015-03-31": "0.00000", "2014-12-31": "", "2014-09-30": "0.00000", "2013-12-31": "22.98000"}, "Common Stock Net": {"2020-09-30": "0.03600", "2020-06-30": "0.03600", "2020-03-31": "0.03500", "2019-12-31": "0.03500", "2019-09-30": "0.03500", "2019-06-30": "0.03500", "2019-03-31": "0.03400", "2018-12-31": "0.03400", "2018-09-30": "0.03400", "2018-06-30": "0.03400", "2018-03-31": "0.03400", "2017-12-31": "0.03300", "2017-09-30": "0.03300", "2017-06-30": "0.03300", "2017-03-31": "0.03300", "2016-12-31": "0.03100", "2016-09-30": "0.03100", "2016-06-30": "0.03000", "2016-03-31": "0.03000", "2015-12-31": "0.03000", "2015-09-30": "0.03000", "2015-06-30": "0.00000", "2015-03-31": "0.00000", "2014-12-31": "", "2014-09-30": "0.00000", "2013-12-31": "0.00400"}, "Retained Earnings (Accumulated Deficit)": {"2020-09-30": "36.97400", "2020-06-30": "45.78900", "2020-03-31": "57.74900", "2019-12-31": "57.52200", "2019-09-30": "47.83300", "2019-06-30": "36.35000", "2019-03-31": "19.76200", "2018-12-31": "9.06400", "2018-09-30": "2.40300", "2018-06-30": "21.33300", "2018-03-31": "7.95100", "2017-12-31": "1.99600", "2017-09-30": "-7.08700", "2017-06-30": "-7.32500", "2017-03-31": "-5.76700", "2016-12-31": "-2.66100", "2016-09-30": "-17.61600", "2016-06-30": "-16.51000", "2016-03-31": "-16.69500", "2015-12-31": "-17.47500", "2015-09-30": "-19.10800", "2015-06-30": "", "2015-03-31": "", "2014-12-31": "", "2014-09-30": "", "2013-12-31": "-14.99000"}, "Comprehensive Income": {"2020-09-30": "0.10100", "2020-06-30": "-2.09700", "2020-03-31": "-4.57500", "2019-12-31": "-2.32400", "2019-09-30": "-4.01000", "2019-06-30": "-1.51400", "2019-03-31": "-2.57800", "2018-12-31": "-1.94200", "2018-09-30": "-0.89900", "2018-06-30": "-0.66100", "2018-03-31": "2.63700", "2017-12-31": "1.56900", "2017-09-30": "1.20400", "2017-06-30": "-4.69500", "2017-03-31": "-3.92600", "2016-12-31": "-4.68800", "2016-09-30": "-3.59200", "2016-06-30": "-2.57900", "2016-03-31": "-0.78600", "2015-12-31": "-2.11500", "2015-09-30": "-1.53600", "2015-06-30": "", "2015-03-31": "", "2014-12-31": "", "2014-09-30": "", "2013-12-31": ""}, "Other Share Holders Equity": {"2020-09-30": "", "2020-06-30": "", "2020-03-31": "", "2019-12-31": "", "2019-09-30": "", "2019-06-30": "", "2019-03-31": "", "2018-12-31": "", "2018-09-30": "", "2018-06-30": "", "2018-03-31": "", "2017-12-31": "", "2017-09-30": "", "2017-06-30": "", "2017-03-31": "", "2016-12-31": "", "2016-09-30": "", "2016-06-30": "", "2016-03-31": "", "2015-12-31": "-0.00500", "2015-09-30": "-0.02600", "2015-06-30": "0.00000", "2015-03-31": "0.00000", "2014-12-31": "", "2014-09-30": "0.00000", "2013-12-31": "0.65000"}, "Share Holder Equity": {"2020-09-30": "619.71200", "2020-06-30": "623.16100", "2020-03-31": "488.11700", "2019-12-31": "485.61300", "2019-09-30": "466.94100", "2019-06-30": "454.18300", "2019-03-31": "436.66300", "2018-12-31": "422.41500", "2018-09-30": "409.28800", "2018-06-30": "425.19900", "2018-03-31": "414.92100", "2017-12-31": "400.40800", "2017-09-30": "383.83200", "2017-06-30": "372.97800", "2017-03-31": "373.47200", "2016-12-31": "266.54700", "2016-09-30": "253.85400", "2016-06-30": "247.59100", "2016-03-31": "238.04800", "2015-12-31": "232.52200", "2015-09-30": "228.59000", "2015-06-30": "0.00000", "2015-03-31": "0.00000", "2014-12-31": "", "2014-09-30": "0.00000", "2013-12-31": "48.16000"}, "Total Liabilities And Share Holders Equity": {"2020-09-30": "810.30300", "2020-06-30": "780.20000", "2020-03-31": "664.24000", "2019-12-31": "665.90100", "2019-09-30": "614.17000", "2019-06-30": "585.10900", "2019-03-31": "568.78900", "2018-12-31": "515.00600", "2018-09-30": "501.00500", "2018-06-30": "499.31400", "2018-03-31": "489.70700", "2017-12-31": "476.66700", "2017-09-30": "459.09400", "2017-06-30": "417.00300", "2017-03-31": "418.36500", "2016-12-31": "308.25400", "2016-09-30": "297.27900", "2016-06-30": "283.97900", "2016-03-31": "275.12100", "2015-12-31": "263.84800", "2015-09-30": "259.32500", "2015-06-30": "0.00000", "2015-03-31": "0.00000", "2014-12-31": "", "2014-09-30": "0.00000", "2013-12-31": "71.14000"}}, "cash flow statement": {"Net Income/Loss": {"2019-12-31": "47.00400", "2018-12-31": "2.91000", "2017-12-31": "4.65700", "2016-12-31": "14.81400", "2015-12-31": "2.36500", "2014-12-31": "2.24500", "2013-12-31": "4.09900"}, "Total Depreciation And Amortization - Cash Flow": {"2019-12-31": "8.10400", "2018-12-31": "6.16800", "2017-12-31": "3.78100", "2016-12-31": "3.29400", "2015-12-31": "1.83500", "2014-12-31": "0.75100", "2013-12-31": "0.67700"}, "Other Non-Cash Items": {"2019-12-31": "23.97500", "2018-12-31": "48.29000", "2017-12-31": "16.70500", "2016-12-31": "2.61000", "2015-12-31": "4.72900", "2014-12-31": "0.88300", "2013-12-31": "-4.06900"}, "Total Non-Cash Items": {"2019-12-31": "32.07900", "2018-12-31": "54.45800", "2017-12-31": "20.48600", "2016-12-31": "5.90400", "2015-12-31": "6.56400", "2014-12-31": "1.63400", "2013-12-31": "-3.39200"}, "Change In Accounts Receivable": {"2019-12-31": "-25.02900", "2018-12-31": "-25.76200", "2017-12-31": "-9.11800", "2016-12-31": "-14.56000", "2015-12-31": "-11.06300", "2014-12-31": "-7.42600", "2013-12-31": "-1.55000"}, "Change In Inventories": {"2019-12-31": "-36.99600", "2018-12-31": "-20.58800", "2017-12-31": "-17.78900", "2016-12-31": "-17.07000", "2015-12-31": "-23.96300", "2014-12-31": "-7.59200", "2013-12-31": "-2.88700"}, "Change In Accounts Payable": {"2019-12-31": "6.03800", "2018-12-31": "1.32900", "2017-12-31": "1.85100", "2016-12-31": "1.37500", "2015-12-31": "0.13200", "2014-12-31": "1.29900", "2013-12-31": "-0.45100"}, "Change In Assets/Liabilities": {"2019-12-31": "-4.00100", "2018-12-31": "2.23100", "2017-12-31": "2.43600", "2016-12-31": "-9.04300", "2015-12-31": "-4.01300", "2014-12-31": "-1.90600", "2013-12-31": "-0.96100"}, "Total Change In Assets/Liabilities": {"2019-12-31": "-52.43100", "2018-12-31": "-28.56000", "2017-12-31": "-12.45200", "2016-12-31": "-33.52500", "2015-12-31": "-29.61800", "2014-12-31": "-10.26800", "2013-12-31": "-4.10300"}, "Cash Flow From Operating Activities": {"2019-12-31": "26.65200", "2018-12-31": "28.80800", "2017-12-31": "12.69100", "2016-12-31": "-12.80700", "2015-12-31": "-20.68900", "2014-12-31": "-6.38900", "2013-12-31": "-3.39600"}, "Net Change In Property, Plant, And Equipment": {"2019-12-31": "-22.10900", "2018-12-31": "-9.60300", "2017-12-31": "-12.53200", "2016-12-31": "-13.63500", "2015-12-31": "-5.47400", "2014-12-31": "-3.88800", "2013-12-31": "-0.79800"}, "Net Change In Intangible Assets": {"2019-12-31": "", "2018-12-31": "", "2017-12-31": "-2.50000", "2016-12-31": "0.00000", "2015-12-31": "", "2014-12-31": "", "2013-12-31": ""}, "Net Acquisitions/Divestitures": {"2019-12-31": "", "2018-12-31": "-20.41400", "2017-12-31": "-9.25300", "2016-12-31": "", "2015-12-31": "", "2014-12-31": "", "2013-12-31": ""}, "Net Change In Short-term Investments": {"2019-12-31": "18.03400", "2018-12-31": "29.63200", "2017-12-31": "-53.36800", "2016-12-31": "14.32200", "2015-12-31": "-80.34200", "2014-12-31": "-33.11300", "2013-12-31": "-0.45300"}, "Net Change In Long-Term Investments": {"2019-12-31": "", "2018-12-31": "", "2017-12-31": "", "2016-12-31": "", "2015-12-31": "", "2014-12-31": "", "2013-12-31": ""}, "Net Change In Investments - Total": {"2019-12-31": "18.03400", "2018-12-31": "29.63200", "2017-12-31": "-53.36800", "2016-12-31": "14.32200", "2015-12-31": "-80.34200", "2014-12-31": "-33.11300", "2013-12-31": "-0.45300"}, "Investing Activities - Other": {"2019-12-31": "-8.63600", "2018-12-31": "", "2017-12-31": "", "2016-12-31": "", "2015-12-31": "", "2014-12-31": "", "2013-12-31": ""}, "Cash Flow From Investing Activities": {"2019-12-31": "-12.71100", "2018-12-31": "-0.38500", "2017-12-31": "-77.65300", "2016-12-31": "0.68700", "2015-12-31": "-85.81600", "2014-12-31": "-37.00100", "2013-12-31": "-1.25100"}, "Net Long-Term Debt": {"2019-12-31": "-2.57000", "2018-12-31": "-0.40400", "2017-12-31": "-1.07900", "2016-12-31": "", "2015-12-31": "", "2014-12-31": "-6.00000", "2013-12-31": "2.00000"}, "Net Current Debt": {"2019-12-31": "", "2018-12-31": "", "2017-12-31": "", "2016-12-31": "", "2015-12-31": "", "2014-12-31": "", "2013-12-31": ""}, "Debt Issuance/Retirement Net - Total": {"2019-12-31": "-2.57000", "2018-12-31": "-0.40400", "2017-12-31": "-1.07900", "2016-12-31": "", "2015-12-31": "", "2014-12-31": "-6.00000", "2013-12-31": "2.00000"}, "Net Common Equity Issued/Repurchased": {"2019-12-31": "13.10400", "2018-12-31": "12.29500", "2017-12-31": "117.12400", "2016-12-31": "9.75000", "2015-12-31": "125.35900", "2014-12-31": "-0.00400", "2013-12-31": "0.17800"}, "Net Total Equity Issued/Repurchased": {"2019-12-31": "13.10400", "2018-12-31": "12.29500", "2017-12-31": "117.12400", "2016-12-31": "9.75000", "2015-12-31": "125.35900", "2014-12-31": "48.89700", "2013-12-31": "0.17800"}, "Total Common And Preferred Stock Dividends Paid": {"2019-12-31": "", "2018-12-31": "", "2017-12-31": "", "2016-12-31": "", "2015-12-31": "", "2014-12-31": "", "2013-12-31": ""}, "Financial Activities - Other": {"2019-12-31": "-19.49300", "2018-12-31": "-21.70600", "2017-12-31": "-11.68600", "2016-12-31": "-2.62400", "2015-12-31": "-2.52500", "2014-12-31": "", "2013-12-31": ""}, "Cash Flow From Financial Activities": {"2019-12-31": "-8.95900", "2018-12-31": "-9.81500", "2017-12-31": "104.35900", "2016-12-31": "7.12600", "2015-12-31": "122.83400", "2014-12-31": "42.89700", "2013-12-31": "2.17800"}, "Net Cash Flow": {"2019-12-31": "4.92900", "2018-12-31": "17.21300", "2017-12-31": "37.40100", "2016-12-31": "-6.31100", "2015-12-31": "16.25700", "2014-12-31": "-0.84100", "2013-12-31": "-3.30400"}, "Stock-Based Compensation": {"2019-12-31": "21.48500", "2018-12-31": "18.42200", "2017-12-31": "17.81200", "2016-12-31": "14.63700", "2015-12-31": "7.27100", "2014-12-31": "1.43300", "2013-12-31": "1.01800"}, "Common Stock Dividends Paid": {"2019-12-31": "", "2018-12-31": "", "2017-12-31": "", "2016-12-31": "", "2015-12-31": "", "2014-12-31": "", "2013-12-31": ""}}, "cash flow statement, quarterly": {"Net Income/Loss": {"2020-09-30": -9.876, "2020-06-30": -12.901, "2020-03-31": "0.88800", "2019-12-31": 9.301, "2019-09-30": 11, "2019-06-30": 16.249, "2019-03-31": "10.45400", "2018-12-31": 6.464, "2018-09-30": -22.426, "2018-06-30": 13.381, "2018-03-31": "5.49100", "2017-12-31": 9.083, "2017-09-30": 0.238, "2017-06-30": -1.558, "2017-03-31": "-3.10600", "2016-12-31": -2.396, "2016-09-30": 11.906, "2016-06-30": 3.013, "2016-03-31": "2.29100", "2015-12-31": 1.633, "2015-09-30": 0.901, "2015-06-30": -2.671, "2015-03-31": "2.50200", "2014-12-31": 0.411, "2014-09-30": -2.261, "2013-12-31": 4.09}, "Total Depreciation And Amortization - Cash Flow": {"2020-09-30": 3.343, "2020-06-30": 5.631, "2020-03-31": "2.95900", "2019-12-31": 2.314, "2019-09-30": 2.053, "2019-06-30": 1.933, "2019-03-31": "1.80400", "2018-12-31": 1.709, "2018-09-30": 1.511, "2018-06-30": 1.549, "2018-03-31": "1.39900", "2017-12-31": 0.7, "2017-09-30": 1.223, "2017-06-30": 0.905, "2017-03-31": "0.95300", "2016-12-31": 0.752, "2016-09-30": 0.951, "2016-06-30": 0.864, "2016-03-31": "0.72700", "2015-12-31": 0.608, "2015-09-30": 0.482, "2015-06-30": 0.407, "2015-03-31": "0.33800", "2014-12-31": 0.23, "2014-09-30": -0.15, "2013-12-31": 0.67}, "Other Non-Cash Items": {"2020-09-30": -4.588, "2020-06-30": 4.282, "2020-03-31": "4.35500", "2019-12-31": 6.668, "2019-09-30": 8.195, "2019-06-30": 2.543, "2019-03-31": "6.56900", "2018-12-31": 5.534, "2018-09-30": 37.837, "2018-06-30": 1.192, "2018-03-31": "3.72700", "2017-12-31": 2.436, "2017-09-30": 5.297, "2017-06-30": 4.847, "2017-03-31": "4.12500", "2016-12-31": -8.255, "2016-09-30": 4.406, "2016-06-30": 2.093, "2016-03-31": "4.36600", "2015-12-31": 0.324, "2015-09-30": -0.147, "2015-06-30": 4.24, "2015-03-31": "0.31200", "2014-12-31": -1.574, "2014-09-30": 1.574, "2013-12-31": 0}, "Total Non-Cash Items": {"2020-09-30": -1.245, "2020-06-30": 9.913, "2020-03-31": "7.31400", "2019-12-31": 8.982, "2019-09-30": 10.248, "2019-06-30": 4.476, "2019-03-31": "8.37300", "2018-12-31": 7.243, "2018-09-30": 39.348, "2018-06-30": 2.741, "2018-03-31": "5.12600", "2017-12-31": 3.136, "2017-09-30": 6.52, "2017-06-30": 5.752, "2017-03-31": "5.07800", "2016-12-31": -7.503, "2016-09-30": 5.357, "2016-06-30": 2.957, "2016-03-31": "5.09300", "2015-12-31": 0.932, "2015-09-30": 0.335, "2015-06-30": 4.647, "2015-03-31": "0.65000", "2014-12-31": -1.344, "2014-09-30": 1.424, "2013-12-31": 0.67}, "Change In Accounts Receivable": {"2020-09-30": -14.2, "2020-06-30": 6.995, "2020-03-31": "-0.23800", "2019-12-31": -3.509, "2019-09-30": -3.968, "2019-06-30": -4.179, "2019-03-31": "-13.37300", "2018-12-31": -2.478, "2018-09-30": -6.987, "2018-06-30": -10.188, "2018-03-31": "-6.10900", "2017-12-31": -9.822, "2017-09-30": 5.255, "2017-06-30": -2.671, "2017-03-31": "-1.88000", "2016-12-31": -7.472, "2016-09-30": -2.03, "2016-06-30": -3.715, "2016-03-31": "-1.34300", "2015-12-31": -3.68, "2015-09-30": -2.443, "2015-06-30": -2.007, "2015-03-31": "-2.93300", "2014-12-31": 4.971, "2014-09-30": -4.971, "2013-12-31": 0}, "Change In Inventories": {"2020-09-30": -7.441, "2020-06-30": -16.226, "2020-03-31": "-13.99300", "2019-12-31": -11.911, "2019-09-30": -8.232, "2019-06-30": -10.783, "2019-03-31": "-6.07000", "2018-12-31": -6.239, "2018-09-30": -11.071, "2018-06-30": -3.786, "2018-03-31": "0.50800", "2017-12-31": -4.069, "2017-09-30": -7.333, "2017-06-30": -0.586, "2017-03-31": "-5.80100", "2016-12-31": -4.242, "2016-09-30": -1.617, "2016-06-30": -2.445, "2016-03-31": "-8.76600", "2015-12-31": -6.655, "2015-09-30": -6.291, "2015-06-30": -3.96, "2015-03-31": "-7.05700", "2014-12-31": 3.759, "2014-09-30": -3.759, "2013-12-31": 0}, "Change In Accounts Payable": {"2020-09-30": -0.223, "2020-06-30": -0.927, "2020-03-31": "0.92100", "2019-12-31": 2.715, "2019-09-30": 2.908, "2019-06-30": 1.918, "2019-03-31": "-1.50300", "2018-12-31": -0.359, "2018-09-30": 1.063, "2018-06-30": 0.003, "2018-03-31": "0.62200", "2017-12-31": 0.978, "2017-09-30": 0.58, "2017-06-30": -0.596, "2017-03-31": "0.88900", "2016-12-31": 0.428, "2016-09-30": -0.383, "2016-06-30": -0.02, "2016-03-31": "1.35000", "2015-12-31": -1.369, "2015-09-30": 0.953, "2015-06-30": -1.096, "2015-03-31": "1.64400", "2014-12-31": -0.888, "2014-09-30": 0.888, "2013-12-31": 0}, "Change In Assets/Liabilities": {"2020-09-30": -1.751, "2020-06-30": -2.711, "2020-03-31": "-1.54400", "2019-12-31": -0.613, "2019-09-30": 0.424, "2019-06-30": -3.857, "2019-03-31": "0.04500", "2018-12-31": 1.498, "2018-09-30": -0.672, "2018-06-30": -1.581, "2018-03-31": "2.98600", "2017-12-31": -0.867, "2017-09-30": 0.4, "2017-06-30": 0.655, "2017-03-31": "2.24800", "2016-12-31": 13.852, "2016-09-30": -13.048, "2016-06-30": -5.088, "2016-03-31": "-4.75900", "2015-12-31": -2.307, "2015-09-30": 1.053, "2015-06-30": -3.682, "2015-03-31": "0.92300", "2014-12-31": 0.207, "2014-09-30": -0.207, "2013-12-31": 0}, "Total Change In Assets/Liabilities": {"2020-09-30": 7.571, "2020-06-30": -18.701, "2020-03-31": "-14.12200", "2019-12-31": -13.516, "2019-09-30": 0.802, "2019-06-30": -18.822, "2019-03-31": "-20.89500", "2018-12-31": -6.176, "2018-09-30": -6.477, "2018-06-30": -15.998, "2018-03-31": "0.09100", "2017-12-31": -13.126, "2017-09-30": 3.996, "2017-06-30": -3.544, "2017-03-31": "0.22200", "2016-12-31": -0.458, "2016-09-30": -11.531, "2016-06-30": -12.078, "2016-03-31": "-9.45800", "2015-12-31": -10.623, "2015-09-30": -5.536, "2015-06-30": -7.645, "2015-03-31": "-5.81400", "2014-12-31": -5.334, "2014-09-30": -0.816, "2013-12-31": -4.1}, "Cash Flow From Operating Activities": {"2020-09-30": -3.55, "2020-06-30": -21.689, "2020-03-31": "-5.92000", "2019-12-31": 4.767, "2019-09-30": 22.05, "2019-06-30": 1.903, "2019-03-31": "-2.06800", "2018-12-31": 7.531, "2018-09-30": 10.445, "2018-06-30": 0.124, "2018-03-31": "10.70800", "2017-12-31": -0.907, "2017-09-30": 10.754, "2017-06-30": 0.65, "2017-03-31": "2.19400", "2016-12-31": -10.357, "2016-09-30": 5.732, "2016-06-30": -6.108, "2016-03-31": "-2.07400", "2015-12-31": -8.058, "2015-09-30": -4.3, "2015-06-30": -5.669, "2015-03-31": "-2.66200", "2014-12-31": -5.387, "2014-09-30": 2.397, "2013-12-31": -3.39}, "Net Change In Property, Plant, And Equipment": {"2020-09-30": -4.153, "2020-06-30": -6.719, "2020-03-31": "-10.13100", "2019-12-31": -7.984, "2019-09-30": -7.917, "2019-06-30": -3.745, "2019-03-31": "-2.46300", "2018-12-31": -3.04, "2018-09-30": -1.458, "2018-06-30": -2.282, "2018-03-31": "-2.82300", "2017-12-31": -5.727, "2017-09-30": -1.441, "2017-06-30": -2.17, "2017-03-31": "-3.19400", "2016-12-31": -6.557, "2016-09-30": -3.383, "2016-06-30": -2.58, "2016-03-31": "-1.11500", "2015-12-31": -0.967, "2015-09-30": -1.434, "2015-06-30": -1.775, "2015-03-31": "-1.29800", "2014-12-31": -2.082, "2014-09-30": -1.008, "2013-12-31": -0.79}, "Net Change In Intangible Assets": {"2020-09-30": 0, "2020-06-30": 0, "2020-03-31": "", "2019-12-31": 0, "2019-09-30": 0, "2019-06-30": 0, "2019-03-31": "", "2018-12-31": 0, "2018-09-30": 0, "2018-06-30": 0, "2018-03-31": "", "2017-12-31": 0, "2017-09-30": -2.5, "2017-06-30": 0, "2017-03-31": "", "2016-12-31": 0, "2016-09-30": 0, "2016-06-30": 0, "2016-03-31": "", "2015-12-31": 0, "2015-09-30": 0, "2015-06-30": 0, "2015-03-31": "", "2014-12-31": 0, "2014-09-30": 0, "2013-12-31": 0}, "Net Acquisitions/Divestitures": {"2020-09-30": 0, "2020-06-30": 0, "2020-03-31": "", "2019-12-31": 0, "2019-09-30": 0, "2019-06-30": 0, "2019-03-31": "", "2018-12-31": -0.5, "2018-09-30": -19.914, "2018-06-30": 0, "2018-03-31": "", "2017-12-31": 0, "2017-09-30": -8.799, "2017-06-30": -0.454, "2017-03-31": "", "2016-12-31": 0, "2016-09-30": 0, "2016-06-30": 0, "2016-03-31": "", "2015-12-31": 0, "2015-09-30": 0, "2015-06-30": 0, "2015-03-31": "", "2014-12-31": 0, "2014-09-30": 0, "2013-12-31": 0}, "Net Change In Short-term Investments": {"2020-09-30": -44.263, "2020-06-30": -45.765, "2020-03-31": "20.16800", "2019-12-31": -33.195, "2019-09-30": 27.279, "2019-06-30": -10.368, "2019-03-31": "34.31800", "2018-12-31": 13.165, "2018-09-30": 0.725, "2018-06-30": 15.106, "2018-03-31": "0.63600", "2017-12-31": -10.667, "2017-09-30": -11.079, "2017-06-30": -24.84, "2017-03-31": "-6.78200", "2016-12-31": 10.764, "2016-09-30": -0.441, "2016-06-30": 1.28, "2016-03-31": "2.71900", "2015-12-31": -128.433, "2015-09-30": 0, "2015-06-30": 39.253, "2015-03-31": "8.83800", "2014-12-31": 36.034, "2014-09-30": -36.034, "2013-12-31": 0}, "Net Change In Long-Term Investments": {"2020-09-30": 0, "2020-06-30": 0, "2020-03-31": "", "2019-12-31": 0, "2019-09-30": 0, "2019-06-30": 0, "2019-03-31": "", "2018-12-31": 0, "2018-09-30": 0, "2018-06-30": 0, "2018-03-31": "", "2017-12-31": 0, "2017-09-30": 0, "2017-06-30": 0, "2017-03-31": "", "2016-12-31": 0, "2016-09-30": 0, "2016-06-30": 0, "2016-03-31": "", "2015-12-31": 0, "2015-09-30": 0, "2015-06-30": 0, "2015-03-31": "", "2014-12-31": 0, "2014-09-30": 0, "2013-12-31": 0}, "Net Change In Investments - Total": {"2020-09-30": -44.263, "2020-06-30": -45.765, "2020-03-31": "20.16800", "2019-12-31": -33.195, "2019-09-30": 27.279, "2019-06-30": -10.368, "2019-03-31": "34.31800", "2018-12-31": 13.165, "2018-09-30": 0.725, "2018-06-30": 15.106, "2018-03-31": "0.63600", "2017-12-31": -10.667, "2017-09-30": -11.079, "2017-06-30": -24.84, "2017-03-31": "-6.78200", "2016-12-31": 10.764, "2016-09-30": -0.441, "2016-06-30": 1.28, "2016-03-31": "2.71900", "2015-12-31": -128.433, "2015-09-30": 0, "2015-06-30": 39.253, "2015-03-31": "8.83800", "2014-12-31": 2.924, "2014-09-30": -35.584, "2013-12-31": -0.45}, "Investing Activities - Other": {"2020-09-30": -1, "2020-06-30": -2.06, "2020-03-31": "", "2019-12-31": -2.555, "2019-09-30": -5.081, "2019-06-30": -1, "2019-03-31": "", "2018-12-31": 0, "2018-09-30": 0, "2018-06-30": 0, "2018-03-31": "", "2017-12-31": 0, "2017-09-30": 0, "2017-06-30": 0, "2017-03-31": "", "2016-12-31": 0, "2016-09-30": 0, "2016-06-30": 0, "2016-03-31": "", "2015-12-31": 0, "2015-09-30": 0, "2015-06-30": 0, "2015-03-31": "", "2014-12-31": 0, "2014-09-30": 0, "2013-12-31": 0}, "Cash Flow From Investing Activities": {"2020-09-30": -49.416, "2020-06-30": -54.544, "2020-03-31": "10.03700", "2019-12-31": -43.734, "2019-09-30": 14.281, "2019-06-30": -15.113, "2019-03-31": "31.85500", "2018-12-31": 9.625, "2018-09-30": -20.647, "2018-06-30": 12.824, "2018-03-31": "-2.18700", "2017-12-31": -16.394, "2017-09-30": -23.819, "2017-06-30": -27.464, "2017-03-31": "-9.97600", "2016-12-31": 4.207, "2016-09-30": -3.824, "2016-06-30": -1.3, "2016-03-31": "1.60400", "2015-12-31": -129.4, "2015-09-30": -1.434, "2015-06-30": 37.478, "2015-03-31": "7.54000", "2014-12-31": 0.832, "2014-09-30": -36.582, "2013-12-31": -1.25}, "Net Long-Term Debt": {"2020-09-30": -0.095, "2020-06-30": -1.018, "2020-03-31": "-1.95800", "2019-12-31": -2.57, "2019-09-30": 0, "2019-06-30": 0, "2019-03-31": "", "2018-12-31": -0.404, "2018-09-30": 0, "2018-06-30": 0, "2018-03-31": "", "2017-12-31": -1.079, "2017-09-30": 0, "2017-06-30": 0, "2017-03-31": "", "2016-12-31": 0, "2016-09-30": 0, "2016-06-30": 0, "2016-03-31": "", "2015-12-31": 0, "2015-09-30": 0, "2015-06-30": 0, "2015-03-31": "", "2014-12-31": 6, "2014-09-30": -6, "2013-12-31": 0}, "Net Current Debt": {"2020-09-30": 0, "2020-06-30": 0, "2020-03-31": "", "2019-12-31": 0, "2019-09-30": 0, "2019-06-30": 0, "2019-03-31": "", "2018-12-31": 0, "2018-09-30": 0, "2018-06-30": 0, "2018-03-31": "", "2017-12-31": 0, "2017-09-30": 0, "2017-06-30": 0, "2017-03-31": "", "2016-12-31": 0, "2016-09-30": 0, "2016-06-30": 0, "2016-03-31": "", "2015-12-31": 0, "2015-09-30": 0, "2015-06-30": 0, "2015-03-31": "", "2014-12-31": 0, "2014-09-30": 0, "2013-12-31": 0}, "Debt Issuance/Retirement Net - Total": {"2020-09-30": -0.095, "2020-06-30": -1.018, "2020-03-31": "-1.95800", "2019-12-31": -2.57, "2019-09-30": 0, "2019-06-30": 0, "2019-03-31": "", "2018-12-31": -0.404, "2018-09-30": 0, "2018-06-30": 0, "2018-03-31": "", "2017-12-31": -1.079, "2017-09-30": 0, "2017-06-30": 0, "2017-03-31": "", "2016-12-31": 0, "2016-09-30": 0, "2016-06-30": 0, "2016-03-31": "", "2015-12-31": 0, "2015-09-30": 0, "2015-06-30": 0, "2015-03-31": "", "2014-12-31": 0, "2014-09-30": -8, "2013-12-31": 2}, "Net Common Equity Issued/Repurchased": {"2020-09-30": 3.208, "2020-06-30": 141.495, "2020-03-31": "0.39600", "2019-12-31": 4.759, "2019-09-30": 1.301, "2019-06-30": 5.973, "2019-03-31": "1.07100", "2018-12-31": 4.417, "2018-09-30": 1.123, "2018-06-30": 5.427, "2018-03-31": "1.32800", "2017-12-31": 3.701, "2017-09-30": 1.619, "2017-06-30": 4.191, "2017-03-31": "107.61300", "2016-12-31": 3.074, "2016-09-30": 1.4, "2016-06-30": 5.147, "2016-03-31": "0.12900", "2015-12-31": -1.103, "2015-09-30": 125.947, "2015-06-30": 0.189, "2015-03-31": "0.32600", "2014-12-31": 0.099, "2014-09-30": -0.099, "2013-12-31": 0}, "Net Total Equity Issued/Repurchased": {"2020-09-30": 3.208, "2020-06-30": 141.495, "2020-03-31": "0.39600", "2019-12-31": 4.759, "2019-09-30": 1.301, "2019-06-30": 5.973, "2019-03-31": "1.07100", "2018-12-31": 4.417, "2018-09-30": 1.123, "2018-06-30": 5.427, "2018-03-31": "1.32800", "2017-12-31": 3.701, "2017-09-30": 1.619, "2017-06-30": 4.191, "2017-03-31": "107.61300", "2016-12-31": 3.074, "2016-09-30": 1.4, "2016-06-30": 5.147, "2016-03-31": "0.12900", "2015-12-31": -1.103, "2015-09-30": 125.947, "2015-06-30": 0.189, "2015-03-31": "0.32600", "2014-12-31": 0.088, "2014-09-30": 48.632, "2013-12-31": 0.17}, "Total Common And Preferred Stock Dividends Paid": {"2020-09-30": 0, "2020-06-30": 0, "2020-03-31": "", "2019-12-31": 0, "2019-09-30": 0, "2019-06-30": 0, "2019-03-31": "", "2018-12-31": 0, "2018-09-30": 0, "2018-06-30": 0, "2018-03-31": "", "2017-12-31": 0, "2017-09-30": 0, "2017-06-30": 0, "2017-03-31": "", "2016-12-31": 0, "2016-09-30": 0, "2016-06-30": 0, "2016-03-31": "", "2015-12-31": 0, "2015-09-30": 0, "2015-06-30": 0, "2015-03-31": "", "2014-12-31": 0, "2014-09-30": 0, "2013-12-31": 0}, "Financial Activities - Other": {"2020-09-30": -4.764, "2020-06-30": -2.016, "2020-03-31": "-2.78800", "2019-12-31": -2.691, "2019-09-30": -2.74, "2019-06-30": -11.281, "2019-03-31": "-2.78100", "2018-12-31": -0.845, "2018-09-30": -2.17, "2018-06-30": -10.619, "2018-03-31": "-8.07200", "2017-12-31": -0.177, "2017-09-30": -2.319, "2017-06-30": -7.101, "2017-03-31": "-2.08900", "2016-12-31": -0.6, "2016-09-30": -0.178, "2016-06-30": -0.204, "2016-03-31": "-1.64200", "2015-12-31": -1.257, "2015-09-30": 2.221, "2015-06-30": -3.489, "2015-03-31": "", "2014-12-31": 0, "2014-09-30": 0, "2013-12-31": 0}, "Cash Flow From Financial Activities": {"2020-09-30": -1.651, "2020-06-30": 138.461, "2020-03-31": "-4.35000", "2019-12-31": -0.502, "2019-09-30": -1.439, "2019-06-30": -5.308, "2019-03-31": "-1.71000", "2018-12-31": 3.168, "2018-09-30": -1.047, "2018-06-30": -5.192, "2018-03-31": "-6.74400", "2017-12-31": 2.445, "2017-09-30": -0.7, "2017-06-30": -2.91, "2017-03-31": "105.52400", "2016-12-31": 2.474, "2016-09-30": 1.222, "2016-06-30": 4.943, "2016-03-31": "-1.51300", "2015-12-31": -2.36, "2015-09-30": 128.168, "2015-06-30": -3.3, "2015-03-31": "0.32600", "2014-12-31": 0.088, "2014-09-30": 40.632, "2013-12-31": 2.17}, "Net Cash Flow": {"2020-09-30": -54.266, "2020-06-30": 61.925, "2020-03-31": "-0.32300", "2019-12-31": -38.802, "2019-09-30": 34.32, "2019-06-30": -18.345, "2019-03-31": "27.75600", "2018-12-31": 20.108, "2018-09-30": -11.963, "2018-06-30": 6.9, "2018-03-31": "2.16800", "2017-12-31": -14.984, "2017-09-30": -12.774, "2017-06-30": -32.692, "2017-03-31": "97.85100", "2016-12-31": -2.62, "2016-09-30": 1.942, "2016-06-30": -3.692, "2016-03-31": "-1.94100", "2015-12-31": -139.551, "2015-09-30": 122.334, "2015-06-30": 28.632, "2015-03-31": "4.84200", "2014-12-31": -4.897, "2014-09-30": 7.357, "2013-12-31": -3.3}, "Stock-Based Compensation": {"2020-09-30": 6.238, "2020-06-30": 5.559, "2020-03-31": "5.68900", "2019-12-31": 5.014, "2019-09-30": 6.241, "2019-06-30": 5.135, "2019-03-31": "5.09500", "2018-12-31": 4.871, "2018-09-30": 4.412, "2018-06-30": 4.985, "2018-03-31": "4.15400", "2017-12-31": 4.72, "2017-09-30": 4.487, "2017-06-30": 4.593, "2017-03-31": "4.01200", "2016-12-31": 3.837, "2016-09-30": 4.263, "2016-06-30": 3.522, "2016-03-31": "3.01500", "2015-12-31": 2.145, "2015-09-30": 1.51, "2015-06-30": 3.261, "2015-03-31": "0.35500", "2014-12-31": -1.074, "2014-09-30": 1.074, "2013-12-31": 0}, "Common Stock Dividends Paid": {"2020-09-30": 0, "2020-06-30": 0, "2020-03-31": "", "2019-12-31": 0, "2019-09-30": 0, "2019-06-30": 0, "2019-03-31": "", "2018-12-31": 0, "2018-09-30": 0, "2018-06-30": 0, "2018-03-31": "", "2017-12-31": 0, "2017-09-30": 0, "2017-06-30": 0, "2017-03-31": "", "2016-12-31": 0, "2016-09-30": 0, "2016-06-30": 0, "2016-03-31": "", "2015-12-31": 0, "2015-09-30": 0, "2015-06-30": 0, "2015-03-31": "", "2014-12-31": 0, "2014-09-30": 0, "2013-12-31": 0}}, "financial ratios": {"Current Ratio": {"2019-12-31": "5.08670", "2018-12-31": "6.21730", "2017-12-31": "7.41020", "2016-12-31": "7.36950", "2015-12-31": "8.68130", "2014-12-31": "5.53720", "2013-12-31": "3.92990"}, "Long-term Debt / Capital": {"2019-12-31": "0.05220", "2018-12-31": "", "2017-12-31": "", "2016-12-31": "", "2015-12-31": "", "2014-12-31": "", "2013-12-31": "0.11080"}, "Debt/Equity Ratio": {"2019-12-31": "0.06370", "2018-12-31": "", "2017-12-31": "", "2016-12-31": "", "2015-12-31": "", "2014-12-31": "", "2013-12-31": "0.12460"}, "Gross Margin": {"2019-12-31": "67.95040", "2018-12-31": "65.74690", "2017-12-31": "65.05850", "2016-12-31": "64.87580", "2015-12-31": "66.66380", "2014-12-31": "66.00430", "2013-12-31": "65.14050"}, "Operating Margin": {"2019-12-31": "8.67880", "2018-12-31": "-0.19150", "2017-12-31": "0.34910", "2016-12-31": "-0.51270", "2015-12-31": "2.24560", "2014-12-31": "2.39740", "2013-12-31": "-1.26730"}, "EBIT Margin": {"2019-12-31": "8.67880", "2018-12-31": "-0.19150", "2017-12-31": "0.34910", "2016-12-31": "-0.51270", "2015-12-31": "2.24560", "2014-12-31": "2.39740", "2013-12-31": "-1.26730"}, "EBITDA Margin": {"2019-12-31": "10.15920", "2018-12-31": "1.19480", "2017-12-31": "1.48190", "2016-12-31": "0.73830", "2015-12-31": "3.23170", "2014-12-31": "2.99580", "2013-12-31": "-0.50540"}, "Pre-Tax Profit Margin": {"2019-12-31": "9.15870", "2018-12-31": "0.36140", "2017-12-31": "0.74180", "2016-12-31": "-0.33000", "2015-12-31": "2.16230", "2014-12-31": "2.50100", "2013-12-31": "-1.41250"}, "Net Profit Margin": {"2019-12-31": "8.85230", "2018-12-31": "1.48360", "2017-12-31": "1.39530", "2016-12-31": "5.62590", "2015-12-31": "0.58250", "2014-12-31": "-0.66370", "2013-12-31": "0.99830"}, "Asset Turnover": {"2019-12-31": "0.82210", "2018-12-31": "0.86390", "2017-12-31": "0.70020", "2016-12-31": "0.85420", "2015-12-31": "0.70530", "2014-12-31": "1.03400", "2013-12-31": "1.24880"}, "Inventory Turnover Ratio": {"2019-12-31": "1.14670", "2018-12-31": "1.31680", "2017-12-31": "1.22890", "2016-12-31": "1.26680", "2015-12-31": "1.09300", "2014-12-31": "1.27550", "2013-12-31": "1.14430"}, "Receiveable Turnover": {"2019-12-31": "5.16900", "2018-12-31": "5.43300", "2017-12-31": "5.75390", "2016-12-31": "6.07630", "2015-12-31": "6.32030", "2014-12-31": "6.63650", "2013-12-31": "6.79580"}, "Days Sales In Receivables": {"2019-12-31": "70.61290", "2018-12-31": "67.18250", "2017-12-31": "63.43570", "2016-12-31": "60.06930", "2015-12-31": "57.75040", "2014-12-31": "54.99870", "2013-12-31": "53.70980"}, "ROE - Return On Equity": {"2019-12-31": "9.67930", "2018-12-31": "0.68890", "2017-12-31": "1.16310", "2016-12-31": "5.55770", "2015-12-31": "1.01710", "2014-12-31": "-18.14880", "2013-12-31": "-50.84350"}, "Return On Tangible Equity": {"2019-12-31": "10.38650", "2018-12-31": "0.75120", "2017-12-31": "1.26390", "2016-12-31": "5.55770", "2015-12-31": "1.01710", "2014-12-31": "2.26550", "2013-12-31": "8.51120"}, "ROA - Return On Assets": {"2019-12-31": "7.05870", "2018-12-31": "0.56500", "2017-12-31": "0.97700", "2016-12-31": "4.80580", "2015-12-31": "0.89630", "2014-12-31": "1.84950", "2013-12-31": "5.76130"}, "ROI - Return On Investment": {"2019-12-31": "9.17400", "2018-12-31": "0.68890", "2017-12-31": "1.16310", "2016-12-31": "5.55770", "2015-12-31": "1.01710", "2014-12-31": "2.26550", "2013-12-31": "7.56830"}, "Book Value Per Share": {"2019-12-31": "13.87390", "2018-12-31": "12.26630", "2017-12-31": "11.88680", "2016-12-31": "8.56820", "2015-12-31": "7.77720", "2014-12-31": "20.91980", "2013-12-31": "10.96540"}, "Operating Cash Flow Per Share": {"2019-12-31": -0.0634, "2018-12-31": 0.439, "2017-12-31": 0.7418, "2016-12-31": 1.0724, "2015-12-31": -0.0687, "2014-12-31": -0.8638, "2013-12-31": -0.5224}, "Free Cash Flow Per Share": {"2019-12-31": -0.4069, "2018-12-31": 0.5277, "2017-12-31": 0.7943, "2016-12-31": 1.0501, "2015-12-31": 0.3899, "2014-12-31": -1.5847, "2013-12-31": -0.6451}}, "financial ratios, quarterly": {"Current Ratio": {"2020-09-30": "5.46200", "2020-06-30": "7.42020", "2020-03-31": "5.15180", "2019-12-31": "5.08670", "2019-09-30": "5.23790", "2019-06-30": "6.22990", "2019-03-31": "6.09530", "2018-12-31": "6.21730", "2018-09-30": "6.11200", "2018-06-30": "7.89940", "2018-03-31": "7.71970", "2017-12-31": "7.41020", "2017-09-30": "7.27840", "2017-06-30": "9.72290", "2017-03-31": "9.65570", "2016-12-31": "7.36950", "2016-09-30": "7.15570", "2016-06-30": "8.08510", "2016-03-31": "7.46490", "2015-12-31": "8.68130", "2015-09-30": "8.80850", "2015-06-30": "", "2015-03-31": "", "2014-12-31": "", "2014-09-30": "", "2013-12-31": ""}, "Long-term Debt / Capital": {"2020-09-30": "0.04230", "2020-06-30": "0.04040", "2020-03-31": "0.05150", "2019-12-31": "0.05220", "2019-09-30": "", "2019-06-30": "", "2019-03-31": "", "2018-12-31": "", "2018-09-30": "", "2018-06-30": "", "2018-03-31": "", "2017-12-31": "", "2017-09-30": "", "2017-06-30": "", "2017-03-31": "", "2016-12-31": "", "2016-09-30": "", "2016-06-30": "", "2016-03-31": "", "2015-12-31": "", "2015-09-30": "", "2015-06-30": "", "2015-03-31": "", "2014-12-31": "", "2014-09-30": "", "2013-12-31": ""}, "Debt/Equity Ratio": {"2020-09-30": "0.04640", "2020-06-30": "0.04370", "2020-03-31": "0.05930", "2019-12-31": "0.06370", "2019-09-30": "", "2019-06-30": "", "2019-03-31": "", "2018-12-31": "", "2018-09-30": "", "2018-06-30": "", "2018-03-31": "", "2017-12-31": "", "2017-09-30": "", "2017-06-30": "", "2017-03-31": "", "2016-12-31": "", "2016-09-30": "", "2016-06-30": "", "2016-03-31": "", "2015-12-31": "", "2015-09-30": "", "2015-06-30": "", "2015-03-31": "", "2014-12-31": "", "2014-09-30": "", "2013-12-31": ""}, "Gross Margin": {"2020-09-30": "60.18360", "2020-06-30": "61.77400", "2020-03-31": "64.08630", "2019-12-31": "67.55190", "2019-09-30": "68.81480", "2019-06-30": "69.99050", "2019-03-31": "65.33060", "2018-12-31": "65.16270", "2018-09-30": "67.09120", "2018-06-30": "65.90050", "2018-03-31": "64.80660", "2017-12-31": "66.34700", "2017-09-30": "65.27990", "2017-06-30": "63.19600", "2017-03-31": "65.16470", "2016-12-31": "63.71660", "2016-09-30": "63.81290", "2016-06-30": "63.69610", "2016-03-31": "68.89790", "2015-12-31": "66.99870", "2015-09-30": "66.44120", "2015-06-30": "64.69950", "2015-03-31": "68.61780", "2014-12-31": "", "2014-09-30": "64.06170", "2013-12-31": ""}, "Operating Margin": {"2020-09-30": "-13.34300", "2020-06-30": "-16.79110", "2020-03-31": "0.44420", "2019-12-31": "7.28270", "2019-09-30": "9.30170", "2019-06-30": "9.53870", "2019-03-31": "8.68270", "2018-12-31": "5.52100", "2018-09-30": "-18.64750", "2018-06-30": "8.46700", "2018-03-31": "3.93860", "2017-12-31": "4.01450", "2017-09-30": "0.81400", "2017-06-30": "-1.64790", "2017-03-31": "-2.79460", "2016-12-31": "-1.57580", "2016-09-30": "-2.02870", "2016-06-30": "-1.02910", "2016-03-31": "3.16820", "2015-12-31": "3.34460", "2015-09-30": "4.32800", "2015-06-30": "-9.01180", "2015-03-31": "10.24340", "2014-12-31": "", "2014-09-30": "0.95800", "2013-12-31": ""}, "EBIT Margin": {"2020-09-30": "-13.34300", "2020-06-30": "-16.79110", "2020-03-31": "0.44420", "2019-12-31": "7.28270", "2019-09-30": "9.30170", "2019-06-30": "9.53870", "2019-03-31": "8.68270", "2018-12-31": "5.52100", "2018-09-30": "-18.64750", "2018-06-30": "8.46700", "2018-03-31": "3.93860", "2017-12-31": "4.01450", "2017-09-30": "0.81400", "2017-06-30": "-1.64790", "2017-03-31": "-2.79460", "2016-12-31": "-1.57580", "2016-09-30": "-2.02870", "2016-06-30": "-1.02910", "2016-03-31": "3.16820", "2015-12-31": "3.34460", "2015-09-30": "4.32800", "2015-06-30": "-9.01180", "2015-03-31": "10.24340", "2014-12-31": "", "2014-09-30": "0.95800", "2013-12-31": ""}, "EBITDA Margin": {"2020-09-30": "", "2020-06-30": "", "2020-03-31": "", "2019-12-31": "", "2019-09-30": "", "2019-06-30": "", "2019-03-31": "", "2018-12-31": "", "2018-09-30": "", "2018-06-30": "", "2018-03-31": "", "2017-12-31": "", "2017-09-30": "", "2017-06-30": "", "2017-03-31": "", "2016-12-31": "", "2016-09-30": "", "2016-06-30": "", "2016-03-31": "", "2015-12-31": "", "2015-09-30": "", "2015-06-30": "", "2015-03-31": "", "2014-12-31": "", "2014-09-30": "", "2013-12-31": ""}, "Pre-Tax Profit Margin": {"2020-09-30": "-13.06030", "2020-06-30": "-16.20220", "2020-03-31": "-0.54320", "2019-12-31": "8.08810", "2019-09-30": "9.29230", "2019-06-30": "10.07000", "2019-03-31": "9.27210", "2018-12-31": "6.08400", "2018-09-30": "-17.80580", "2018-06-30": "8.81360", "2018-03-31": "4.38550", "2017-12-31": "4.06660", "2017-09-30": "1.47660", "2017-06-30": "-1.13910", "2017-03-31": "-2.39170", "2016-12-31": "-2.07240", "2016-09-30": "-1.62530", "2016-06-30": "-0.58830", "2016-03-31": "3.66200", "2015-12-31": "3.44750", "2015-09-30": "4.13360", "2015-06-30": "-9.87450", "2015-03-31": "10.89030", "2014-12-31": "", "2014-09-30": "1.22910", "2013-12-31": ""}, "Net Profit Margin": {"2020-09-30": "-5.83480", "2020-06-30": "-11.37870", "2020-03-31": "1.03770", "2019-12-31": "6.67000", "2019-09-30": "8.23140", "2019-06-30": "12.36060", "2019-03-31": "8.32920", "2018-12-31": "5.51270", "2018-09-30": "-16.93110", "2018-06-30": "12.20470", "2018-03-31": "5.34660", "2017-12-31": "9.45640", "2017-09-30": "0.28360", "2017-06-30": "-1.93330", "2017-03-31": "-4.24240", "2016-12-31": "-3.27750", "2016-09-30": "17.72070", "2016-06-30": "4.62780", "2016-03-31": "3.95550", "2015-12-31": "1.57670", "2015-09-30": "0.54740", "2015-06-30": "-1.30700", "2015-03-31": "1.29130", "2014-12-31": "", "2014-09-30": "-3.67180", "2013-12-31": ""}, "Asset Turnover": {"2020-09-30": "0.18640", "2020-06-30": "0.13470", "2020-03-31": "0.20670", "2019-12-31": "0.21810", "2019-09-30": "0.22710", "2019-06-30": "0.22940", "2019-03-31": "0.22580", "2018-12-31": "0.23450", "2018-09-30": "0.22320", "2018-06-30": "0.21960", "2018-03-31": "0.20970", "2017-12-31": "0.20150", "2017-09-30": "0.18280", "2017-06-30": "0.19330", "2017-03-31": "0.17500", "2016-12-31": "0.23720", "2016-09-30": "0.22600", "2016-06-30": "0.22930", "2016-03-31": "0.21050", "2015-12-31": "0.20620", "2015-09-30": "0.19440", "2015-06-30": "", "2015-03-31": "", "2014-12-31": "", "2014-09-30": "", "2013-12-31": ""}, "Inventory Turnover Ratio": {"2020-09-30": "0.31400", "2020-06-30": "0.21900", "2020-03-31": "0.29680", "2019-12-31": "0.30810", "2019-09-30": "0.30990", "2019-06-30": "0.30340", "2019-03-31": "0.36590", "2018-12-31": "0.36360", "2018-09-30": "0.33540", "2018-06-30": "0.38320", "2018-03-31": "0.38200", "2017-12-31": "0.34060", "2017-09-30": "0.32180", "2017-06-30": "0.36550", "2017-03-31": "0.32210", "2016-12-31": "0.36330", "2016-09-30": "0.34690", "2016-06-30": "0.34550", "2016-03-31": "0.27060", "2015-12-31": "0.31640", "2015-09-30": "0.33620", "2015-06-30": "", "2015-03-31": "", "2014-12-31": "", "2014-09-30": "", "2013-12-31": ""}, "Receiveable Turnover": {"2020-09-30": "1.33910", "2020-06-30": "1.07680", "2020-03-31": "1.32090", "2019-12-31": "1.37170", "2019-09-30": "1.37000", "2019-06-30": "1.35540", "2019-03-31": "1.35660", "2018-12-31": "1.47500", "2018-09-30": "1.39000", "2018-06-30": "1.48040", "2018-03-31": "1.57740", "2017-12-31": "1.65590", "2017-09-30": "1.74950", "2017-06-30": "1.65430", "2017-03-31": "1.61700", "2016-12-31": "1.68700", "2016-09-30": "1.83400", "2016-06-30": "1.88290", "2016-03-31": "1.85900", "2015-12-31": "1.84810", "2015-09-30": "1.93500", "2015-06-30": "", "2015-03-31": "", "2014-12-31": "", "2014-09-30": "", "2013-12-31": ""}, "Days Sales In Receivables": {"2020-09-30": "67.20810", "2020-06-30": "83.58150", "2020-03-31": "68.13320", "2019-12-31": "65.61260", "2019-09-30": "65.69450", "2019-06-30": "66.40030", "2019-03-31": "66.34360", "2018-12-31": "61.01880", "2018-09-30": "64.74740", "2018-06-30": "60.79380", "2018-03-31": "57.05520", "2017-12-31": "54.35270", "2017-09-30": "51.44450", "2017-06-30": "54.40270", "2017-03-31": "55.65980", "2016-12-31": "53.35000", "2016-09-30": "49.07420", "2016-06-30": "47.79790", "2016-03-31": "48.41310", "2015-12-31": "48.69820", "2015-09-30": "46.51200", "2015-06-30": "", "2015-03-31": "", "2014-12-31": "", "2014-09-30": "", "2013-12-31": ""}, "ROE - Return On Equity": {"2020-09-30": "-1.59360", "2020-06-30": "-2.07030", "2020-03-31": "0.18190", "2019-12-31": "1.91530", "2019-09-30": "2.35580", "2019-06-30": "3.57760", "2019-03-31": "2.39410", "2018-12-31": "1.53020", "2018-09-30": "-5.47930", "2018-06-30": "3.14700", "2018-03-31": "1.32340", "2017-12-31": "2.26840", "2017-09-30": "0.06200", "2017-06-30": "-0.41770", "2017-03-31": "-0.83170", "2016-12-31": "-0.89890", "2016-09-30": "4.69010", "2016-06-30": "1.21690", "2016-03-31": "0.96240", "2015-12-31": "0.70230", "2015-09-30": "0.39420", "2015-06-30": "", "2015-03-31": "", "2014-12-31": "", "2014-09-30": "", "2013-12-31": ""}, "Return On Tangible Equity": {"2020-09-30": "-1.64310", "2020-06-30": "-2.13290", "2020-03-31": "0.19490", "2019-12-31": "2.05520", "2019-09-30": "2.53460", "2019-06-30": "3.86520", "2019-03-31": "2.59930", "2018-12-31": "1.66870", "2018-09-30": "-5.99500", "2018-06-30": "3.43210", "2018-03-31": "1.45160", "2017-12-31": "2.46520", "2017-09-30": "0.06750", "2017-06-30": "-0.41770", "2017-03-31": "-0.83170", "2016-12-31": "-0.89890", "2016-09-30": "4.69010", "2016-06-30": "1.21690", "2016-03-31": "0.96240", "2015-12-31": "0.70230", "2015-09-30": "0.39420", "2015-06-30": "", "2015-03-31": "", "2014-12-31": "", "2014-09-30": "", "2013-12-31": ""}, "ROA - Return On Assets": {"2020-09-30": "-1.21880", "2020-06-30": "-1.65360", "2020-03-31": "0.13370", "2019-12-31": "1.39680", "2019-09-30": "1.79100", "2019-06-30": "2.77710", "2019-03-31": "1.83790", "2018-12-31": "1.25510", "2018-09-30": "-4.47620", "2018-06-30": "2.67990", "2018-03-31": "1.12130", "2017-12-31": "1.90550", "2017-09-30": "0.05180", "2017-06-30": "-0.37360", "2017-03-31": "-0.74240", "2016-12-31": "-0.77730", "2016-09-30": "4.00500", "2016-06-30": "1.06100", "2016-03-31": "0.83270", "2015-12-31": "0.61890", "2015-09-30": "0.34740", "2015-06-30": "", "2015-03-31": "", "2014-12-31": "", "2014-09-30": "", "2013-12-31": ""}, "ROI - Return On Investment": {"2020-09-30": "-1.52620", "2020-06-30": "-1.98670", "2020-03-31": "0.17260", "2019-12-31": "1.81530", "2019-09-30": "2.35580", "2019-06-30": "3.57760", "2019-03-31": "2.39410", "2018-12-31": "1.53020", "2018-09-30": "-5.47930", "2018-06-30": "3.14700", "2018-03-31": "1.32340", "2017-12-31": "2.26840", "2017-09-30": "0.06200", "2017-06-30": "-0.41770", "2017-03-31": "-0.83170", "2016-12-31": "-0.89890", "2016-09-30": "4.69010", "2016-06-30": "1.21690", "2016-03-31": "0.96240", "2015-12-31": "0.70230", "2015-09-30": "0.39420", "2015-06-30": "", "2015-03-31": "", "2014-12-31": "", "2014-09-30": "", "2013-12-31": ""}, "Book Value Per Share": {"2020-09-30": "17.07240", "2020-06-30": "17.29270", "2020-03-31": "13.91800", "2019-12-31": "13.87390", "2019-09-30": "13.37520", "2019-06-30": "13.05610", "2019-03-31": "12.63350", "2018-12-31": "12.26630", "2018-09-30": "11.86240", "2018-06-30": "12.36800", "2018-03-31": "12.10990", "2017-12-31": "11.88680", "2017-09-30": "11.30950", "2017-06-30": "11.04400", "2017-03-31": "11.10630", "2016-12-31": "8.56820", "2016-09-30": "8.02220", "2016-06-30": "7.97270", "2016-03-31": "7.75350", "2015-12-31": "7.77720", "2015-09-30": "7.64950", "2015-06-30": "", "2015-03-31": "", "2014-12-31": "", "2014-09-30": "", "2013-12-31": ""}, "Operating Cash Flow Per Share": {"2020-09-30": -0.0807, "2020-06-30": -0.6171, "2020-03-31": "-0.16280", "2019-12-31": 0.1315, "2019-09-30": 0.608, "2019-06-30": 0.0525, "2019-03-31": "-0.05710", "2018-12-31": 0.177, "2018-09-30": 0.3214, "2018-06-30": 0.0018, "2018-03-31": "0.29810", "2017-12-31": -0.022, "2017-09-30": 0.2957, "2017-06-30": 0.0162, "2017-03-31": "0.06940", "2016-12-31": -0.3099, "2016-09-30": 0.173, "2016-06-30": -0.1828, "2016-03-31": "-0.06280", "2015-12-31": -0.2152, "2015-09-30": 0.3951, "2015-06-30": -1.2647, "2015-03-31": "-0.37010", "2014-12-31": 0.2118, "2014-09-30": -0.2118, "2013-12-31": 0}, "Free Cash Flow Per Share": {"2020-09-30": -0.1847, "2020-06-30": -0.8145, "2020-03-31": "-0.44140", "2019-12-31": -0.0886, "2019-09-30": 0.3899, "2019-06-30": -0.0509, "2019-03-31": "-0.12510", "2018-12-31": 0.1026, "2018-09-30": 0.271, "2018-06-30": -0.0609, "2018-03-31": "0.21950", "2017-12-31": -0.186, "2017-09-30": 0.2664, "2017-06-30": -0.0443, "2017-03-31": "-0.03160", "2016-12-31": -0.5075, "2016-09-30": 0.0743, "2016-06-30": -0.26, "2016-03-31": "-0.09660", "2015-12-31": -0.1579, "2015-09-30": 0.5558, "2015-06-30": -1.6873, "2015-03-31": "-0.55050", "2014-12-31": 0.5953, "2014-09-30": -0.5953, "2013-12-31": 0}}, "revenue": {"Penumbra Annual Revenue (Millions of US $)": {"2019": "$547", "2018": "$445", "2017": "$334", "2016": "$263", "2015": "$186", "2014": "$126", "2013": "$89"}, "Penumbra Quarterly Revenue (Millions of US $)": {"2020-09-30": "$151", "2020-06-30": "$105", "2020-03-31": "$137", "2019-12-31": "$145", "2019-09-30": "$140", "2019-06-30": "$134", "2019-03-31": "$128", "2018-12-31": "$121", "2018-09-30": "$112", "2018-06-30": "$110", "2018-03-31": "$103", "2017-12-31": "$96", "2017-09-30": "$84", "2017-06-30": "$81", "2017-03-31": "$73", "2016-12-31": "$73", "2016-09-30": "$67", "2016-06-30": "$65", "2016-03-31": "$58", "2015-12-31": "$54", "2015-09-30": "$50", "2015-06-30": "$42", "2015-03-31": "$39", "2014-12-31": "", "2014-09-30": "$32", "2013-12-31": ""}}, "gross-profit": {"Penumbra Annual Gross Profit (Millions of US $)": {"2019": "$372", "2018": "$293", "2017": "$217", "2016": "$171", "2015": "$124", "2014": "$83", "2013": "$58"}, "Penumbra Quarterly Gross Profit (Millions of US $)": {"2020-09-30": "$91", "2020-06-30": "$65", "2020-03-31": "$88", "2019-12-31": "$98", "2019-09-30": "$96", "2019-06-30": "$94", "2019-03-31": "$84", "2018-12-31": "$79", "2018-09-30": "$75", "2018-06-30": "$72", "2018-03-31": "$67", "2017-12-31": "$64", "2017-09-30": "$55", "2017-06-30": "$51", "2017-03-31": "$48", "2016-12-31": "$47", "2016-09-30": "$43", "2016-06-30": "$41", "2016-03-31": "$40", "2015-12-31": "$36", "2015-09-30": "$33", "2015-06-30": "$27", "2015-03-31": "$27", "2014-12-31": "", "2014-09-30": "$21", "2013-12-31": ""}}, "operating-income": {"Penumbra Annual Operating Income (Millions of US $)": {"2019": "$48", "2018": "$-1", "2017": "$1", "2016": "$-1", "2015": "$4", "2014": "$3", "2013": "$-1"}, "Penumbra Quarterly Operating Income (Millions of US $)": {"2020-09-30": "$-20", "2020-06-30": "$-18", "2020-03-31": "$1", "2019-12-31": "$11", "2019-09-30": "$13", "2019-06-30": "$13", "2019-03-31": "$11", "2018-12-31": "$7", "2018-09-30": "$-21", "2018-06-30": "$9", "2018-03-31": "$4", "2017-12-31": "$4", "2017-09-30": "$1", "2017-06-30": "$-1", "2017-03-31": "$-2", "2016-12-31": "$-1", "2016-09-30": "$-1", "2016-06-30": "$-1", "2016-03-31": "$2", "2015-12-31": "$2", "2015-09-30": "$2", "2015-06-30": "$-4", "2015-03-31": "$4", "2014-12-31": "", "2014-09-30": "$0", "2013-12-31": ""}}, "ebitda": {"Penumbra Annual EBITDA (Millions of US $)": {"2019": "$56", "2018": "$5", "2017": "$5", "2016": "$2", "2015": "$6", "2014": "$4", "2013": "$-0"}, "Penumbra Quarterly EBITDA (Millions of US $)": {"2020-09-30": "$-17", "2020-06-30": "$-12", "2020-03-31": "$4", "2019-12-31": "$13", "2019-09-30": "$15", "2019-06-30": "$15", "2019-03-31": "$13", "2018-12-31": "$8", "2018-09-30": "$-19", "2018-06-30": "$11", "2018-03-31": "$5", "2017-12-31": "$5", "2017-09-30": "$2", "2017-06-30": "$-0", "2017-03-31": "$-1", "2016-12-31": "$-0", "2016-09-30": "$-0", "2016-06-30": "$0", "2016-03-31": "$3", "2015-12-31": "$2", "2015-09-30": "$3", "2015-06-30": "$-3", "2015-03-31": "$4", "2014-12-31": "", "2014-09-30": "$0", "2013-12-31": ""}}, "net-income": {"Penumbra Annual Net Income (Millions of US $)": {"2019": "$48", "2018": "$7", "2017": "$5", "2016": "$15", "2015": "$1", "2014": "$-1", "2013": "$1"}, "Penumbra Quarterly Net Income (Millions of US $)": {"2020-09-30": "$-9", "2020-06-30": "$-12", "2020-03-31": "$1", "2019-12-31": "$10", "2019-09-30": "$11", "2019-06-30": "$17", "2019-03-31": "$11", "2018-12-31": "$7", "2018-09-30": "$-19", "2018-06-30": "$13", "2018-03-31": "$5", "2017-12-31": "$9", "2017-09-30": "$0", "2017-06-30": "$-2", "2017-03-31": "$-3", "2016-12-31": "$-2", "2016-09-30": "$12", "2016-06-30": "$3", "2016-03-31": "$2", "2015-12-31": "$1", "2015-09-30": "$0", "2015-06-30": "$-1", "2015-03-31": "$1", "2014-12-31": "", "2014-09-30": "$-1", "2013-12-31": ""}}, "eps-earnings-per-share-diluted": {"Penumbra Annual EPS": {"2019": "$1.34", "2018": "$0.18", "2017": "$0.13", "2016": "$0.44", "2015": "$0.08", "2014": "$-0.18", "2013": "$0.14"}, "Penumbra Quarterly EPS": {"2020-09-30": "$-0.24", "2020-06-30": "$-0.34", "2020-03-31": "$0.04", "2019-12-31": "$0.26", "2019-09-30": "$0.32", "2019-06-30": "$0.46", "2019-03-31": "$0.30", "2018-12-31": "$0.21", "2018-09-30": "$-0.55", "2018-06-30": "$0.37", "2018-03-31": "$0.15", "2017-12-31": "$0.27", "2017-09-30": "$0.01", "2017-06-30": "$-0.05", "2017-03-31": "$-0.10", "2016-12-31": "$-0.07", "2016-09-30": "$0.35", "2016-06-30": "$0.09", "2016-03-31": "$0.07", "2015-12-31": "$0.09", "2015-09-30": "$0.03", "2015-06-30": "$-0.11", "2015-03-31": "$0.07", "2014-12-31": "$0.00", "2014-09-30": "$-0.25", "2013-12-31": "$0.00"}}, "shares-outstanding": {"Penumbra Annual Shares Outstanding (Millions of Shares)": {"2019": "36", "2018": "36", "2017": "35", "2016": "33", "2015": "14", "2014": "5", "2013": "7"}, "Penumbra Quarterly Shares Outstanding (Millions of Shares)": {"2020-09-30": "36", "2020-06-30": "35", "2020-03-31": "36", "2019-12-31": "36", "2019-09-30": "36", "2019-06-30": "36", "2019-03-31": "36", "2018-12-31": "36", "2018-09-30": "34", "2018-06-30": "36", "2018-03-31": "36", "2017-12-31": "35", "2017-09-30": "36", "2017-06-30": "33", "2017-03-31": "32", "2016-12-31": "33", "2016-09-30": "34", "2016-06-30": "33", "2016-03-31": "33", "2015-12-31": "14", "2015-09-30": "10", "2015-06-30": "5", "2015-03-31": "7", "2014-12-31": "", "2014-09-30": "5", "2013-12-31": ""}}, "total-assets": {"Penumbra Annual Total Assets (Millions of US $)": {"2019": "$666", "2018": "$515", "2017": "$477", "2016": "$308", "2015": "$264", "2014": "$121", "2013": "$71"}, "Penumbra Quarterly Total Assets (Millions of US $)": {"2020-09-30": "$810", "2020-06-30": "$780", "2020-03-31": "$664", "2019-12-31": "$666", "2019-09-30": "$614", "2019-06-30": "$585", "2019-03-31": "$569", "2018-12-31": "$515", "2018-09-30": "$501", "2018-06-30": "$499", "2018-03-31": "$490", "2017-12-31": "$477", "2017-09-30": "$459", "2017-06-30": "$417", "2017-03-31": "$418", "2016-12-31": "$308", "2016-09-30": "$297", "2016-06-30": "$284", "2016-03-31": "$275", "2015-12-31": "$264", "2015-09-30": "$259", "2015-06-30": "$0", "2015-03-31": "$0", "2014-12-31": "$0", "2014-09-30": "$0", "2013-12-31": "$71"}}, "cash-on-hand": {"Penumbra Annual Cash on Hand (Millions of US $)": {"2019": "$189", "2018": "$201", "2017": "$215", "2016": "$129", "2015": "$149", "2014": "$52", "2013": "$14"}, "Penumbra Quarterly Cash on Hand (Millions of US $)": {"2020-09-30": "$269", "2020-06-30": "$278", "2020-03-31": "$168", "2019-12-31": "$189", "2019-09-30": "$194", "2019-06-30": "$187", "2019-03-31": "$195", "2018-12-31": "$201", "2018-09-30": "$194", "2018-06-30": "$207", "2018-03-31": "$215", "2017-12-31": "$215", "2017-09-30": "$219", "2017-06-30": "$220", "2017-03-31": "$233", "2016-12-31": "$129", "2016-09-30": "$142", "2016-06-30": "$140", "2016-03-31": "$144", "2015-12-31": "$149", "2015-09-30": "$159", "2015-06-30": "", "2015-03-31": "", "2014-12-31": "", "2014-09-30": "", "2013-12-31": "$14"}}, "long-term-debt": {"Penumbra Annual Long Term Debt (Millions of US $)": {"2019": "$27", "2018": "$", "2017": "$", "2016": "$", "2015": "$", "2014": "$", "2013": "$6"}, "Penumbra Quarterly Long Term Debt (Millions of US $)": {"2020-09-30": "$27", "2020-06-30": "$26", "2020-03-31": "$26", "2019-12-31": "$27", "2019-09-30": "", "2019-06-30": "", "2019-03-31": "", "2018-12-31": "", "2018-09-30": "", "2018-06-30": "", "2018-03-31": "", "2017-12-31": "", "2017-09-30": "", "2017-06-30": "", "2017-03-31": "", "2016-12-31": "", "2016-09-30": "", "2016-06-30": "", "2016-03-31": "", "2015-12-31": "", "2015-09-30": "", "2015-06-30": "", "2015-03-31": "", "2014-12-31": "", "2014-09-30": "", "2013-12-31": "$6"}}, "total-liabilities": {"Penumbra Annual Total Liabilities (Millions of US $)": {"2019": "$180", "2018": "$93", "2017": "$76", "2016": "$42", "2015": "$31", "2014": "$22", "2013": "$23"}, "Penumbra Quarterly Total Liabilities (Millions of US $)": {"2020-09-30": "$191", "2020-06-30": "$157", "2020-03-31": "$176", "2019-12-31": "$180", "2019-09-30": "$147", "2019-06-30": "$131", "2019-03-31": "$132", "2018-12-31": "$93", "2018-09-30": "$92", "2018-06-30": "$74", "2018-03-31": "$75", "2017-12-31": "$76", "2017-09-30": "$75", "2017-06-30": "$44", "2017-03-31": "$45", "2016-12-31": "$42", "2016-09-30": "$43", "2016-06-30": "$36", "2016-03-31": "$37", "2015-12-31": "$31", "2015-09-30": "$31", "2015-06-30": "$0", "2015-03-31": "$0", "2014-12-31": "", "2014-09-30": "$0", "2013-12-31": "$23"}}, "total-share-holder-equity": {"Penumbra Annual Share Holder Equity (Millions of US $)": {"2019": "$486", "2018": "$422", "2017": "$400", "2016": "$267", "2015": "$233", "2014": "$99", "2013": "$48"}, "Penumbra Quarterly Share Holder Equity (Millions of US $)": {"2020-09-30": "$620", "2020-06-30": "$623", "2020-03-31": "$488", "2019-12-31": "$486", "2019-09-30": "$467", "2019-06-30": "$454", "2019-03-31": "$437", "2018-12-31": "$422", "2018-09-30": "$409", "2018-06-30": "$425", "2018-03-31": "$415", "2017-12-31": "$400", "2017-09-30": "$384", "2017-06-30": "$373", "2017-03-31": "$373", "2016-12-31": "$267", "2016-09-30": "$254", "2016-06-30": "$248", "2016-03-31": "$238", "2015-12-31": "$233", "2015-09-30": "$229", "2015-06-30": "$0", "2015-03-31": "$0", "2014-12-31": "", "2014-09-30": "$0", "2013-12-31": "$48"}}, "profit-margins": {"current": "-1.79%"}, "gross margin": {"2020-09-30": "63.57%", "2020-06-30": "65.84%", "2020-03-31": "67.63%", "2019-12-31": "68.01%", "2019-09-30": "67.50%", "2019-06-30": "67.07%", "2019-03-31": "65.82%", "2018-12-31": "65.70%", "2018-09-30": "66.03%", "2018-06-30": "65.65%", "2018-03-31": "65.11%", "2017-12-31": "65.27%", "2017-09-30": "64.63%", "2017-06-30": "64.29%", "2017-03-31": "64.39%", "2016-12-31": "65.02%", "2016-09-30": "65.57%", "2016-06-30": "66.08%", "2016-03-31": "66.67%", "2015-12-31": "66.49%", "2015-06-30": "66.37%"}, "operating margin": {"2020-09-30": "-4.83%", "2020-06-30": "1.33%", "2020-03-31": "6.83%", "2019-12-31": "8.78%", "2019-09-30": "8.41%", "2019-06-30": "2.02%", "2019-03-31": "1.27%", "2018-12-31": "-0.22%", "2018-09-30": "-0.95%", "2018-06-30": "4.58%", "2018-03-31": "2.20%", "2017-12-31": "0.60%", "2017-09-30": "-0.96%", "2017-06-30": "-1.70%", "2017-03-31": "-1.80%", "2016-12-31": "-0.38%", "2016-09-30": "0.82%", "2016-06-30": "2.20%", "2016-03-31": "0.98%", "2015-12-31": "2.16%", "2015-06-30": "0.00%"}, "ebitda margin": {"2020-09-30": "-2.23%", "2020-06-30": "3.80%", "2020-03-31": "8.45%", "2019-12-31": "10.24%", "2019-09-30": "9.75%", "2019-06-30": "3.43%", "2019-03-31": "2.76%", "2018-12-31": "1.12%", "2018-09-30": "0.48%", "2018-06-30": "5.85%", "2018-03-31": "3.30%", "2017-12-31": "1.80%", "2017-09-30": "0.32%", "2017-06-30": "-0.34%", "2017-03-31": "-0.36%", "2016-12-31": "1.14%", "2016-09-30": "2.05%", "2016-06-30": "3.52%", "2016-03-31": "2.45%", "2015-12-31": "3.24%", "2015-06-30": "0.88%"}, "pre tax profit margin": {"2020-09-30": "-4.83%", "2020-06-30": "1.33%", "2020-03-31": "6.83%", "2019-12-31": "9.32%", "2019-09-30": "8.80%", "2019-06-30": "2.63%", "2019-03-31": "1.91%", "2018-12-31": "0.45%", "2018-09-30": "-0.24%", "2018-06-30": "5.09%", "2018-03-31": "2.47%", "2017-12-31": "0.60%", "2017-09-30": "-1.29%", "2017-06-30": "-2.04%", "2017-03-31": "-1.80%", "2016-12-31": "-0.38%", "2016-09-30": "1.23%", "2016-06-30": "2.64%", "2016-03-31": "0.98%", "2015-12-31": "2.16%", "2015-06-30": "0.00%"}, "net profit margin": {"2020-09-30": "-1.86%", "2020-06-30": "1.90%", "2020-03-31": "7.01%", "2019-12-31": "8.96%", "2019-09-30": "8.80%", "2019-06-30": "3.23%", "2019-03-31": "2.55%", "2018-12-31": "1.35%", "2018-09-30": "1.90%", "2018-06-30": "6.87%", "2018-03-31": "3.30%", "2017-12-31": "1.20%", "2017-09-30": "-2.25%", "2017-06-30": "1.70%", "2017-03-31": "3.60%", "2016-12-31": "5.70%", "2016-09-30": "7.38%", "2016-06-30": "2.64%", "2016-03-31": "0.98%", "2015-12-31": "0.54%", "2015-06-30": "-0.88%"}, "pe ratio": {"current": "0.00", "2021-02-05": "0.00", "2020-09-30": "0.00", "2020-06-30": "616.62", "2020-03-31": "148.01", "2019-12-31": "121.68", "2019-09-30": "106.74", "2019-06-30": "410.26", "2019-03-31": "490.03", "2018-12-31": "814.67", "2018-09-30": "680.45", "2018-06-30": "177.12", "2018-03-31": "321.25", "2017-12-31": "855.45", "2017-09-30": "0.00", "2017-06-30": "0.00", "2017-03-31": "0.00", "2016-12-31": "0.00", "2016-09-30": "1899.75", "2016-06-30": "540.91"}, "price sales": {"2021-02-05": "17.38", "2020-09-30": "13.02", "2020-06-30": "12.25", "2020-03-31": "10.52", "2019-12-31": "10.88", "2019-09-30": "9.31", "2019-06-30": "11.54", "2019-03-31": "11.14", "2018-12-31": "9.77", "2018-09-30": "12.60", "2018-06-30": "12.60", "2018-03-31": "11.17", "2017-12-31": "9.59", "2017-09-30": "9.73", "2017-06-30": "9.84", "2017-03-31": "9.88", "2016-12-31": "8.09", "2016-09-30": "7.98", "2016-06-30": "4.77"}, "price book": {"current": "15.20", "2021-02-05": "15.19", "2020-09-30": "11.39", "2020-06-30": "10.34", "2020-03-31": "11.59", "2019-12-31": "11.84", "2019-09-30": "10.06", "2019-06-30": "12.25", "2019-03-31": "11.64", "2018-12-31": "9.96", "2018-09-30": "12.62", "2018-06-30": "11.17", "2018-03-31": "9.55", "2017-12-31": "7.92", "2017-09-30": "7.98", "2017-06-30": "7.95", "2017-03-31": "7.51", "2016-12-31": "7.45", "2016-09-30": "9.47", "2016-06-30": "7.46", "2016-03-31": "5.93", "2015-12-31": "6.92", "2015-09-30": "5.24"}, "price fcf": {"2021-02-05": "", "2020-09-30": "$-1.53", "2020-06-30": "$-0.95", "2020-03-31": "$-0.19", "2019-12-31": "$0.13", "2019-09-30": "$0.32", "2019-06-30": "$0.20", "2019-03-31": "$0.19", "2018-12-31": "$0.53", "2018-09-30": "$0.24", "2018-06-30": "$0.24", "2018-03-31": "$0.26", "2017-12-31": "$0.00", "2017-09-30": "$-0.32", "2017-06-30": "$-0.51", "2017-03-31": "$-0.72", "2016-12-31": "$-0.79", "2016-09-30": "$-0.44", "2016-06-30": "$-2.20"}, "net worth": {"value": "$9.42B"}, "current ratio": {"current": "5.46", "2020-09-30": "5.46", "2020-06-30": "7.42", "2020-03-31": "5.15", "2019-12-31": "5.09", "2019-09-30": "5.24", "2019-06-30": "6.23", "2019-03-31": "6.10", "2018-12-31": "6.22", "2018-09-30": "6.11", "2018-06-30": "7.90", "2018-03-31": "7.72", "2017-12-31": "7.41", "2017-09-30": "7.28", "2017-06-30": "9.72", "2017-03-31": "9.66", "2016-12-31": "7.37", "2016-09-30": "7.16", "2016-06-30": "8.09", "2016-03-31": "7.47", "2015-12-31": "8.68", "2015-09-30": "8.81", "2015-06-30": "0.00", "2015-03-31": "0.00", "2014-12-31": "0.00", "2014-09-30": "0.00", "2013-12-31": "3.93"}, "quick ratio": {"2020-09-30": "3.69", "2020-06-30": "5.06", "2020-03-31": "3.27", "2019-12-31": "3.41", "2019-09-30": "3.61", "2019-06-30": "4.33", "2019-03-31": "4.34", "2018-12-31": "4.47", "2018-09-30": "4.43", "2018-06-30": "5.94", "2018-03-31": "5.84", "2017-12-31": "5.57", "2017-09-30": "5.51", "2017-06-30": "7.56", "2017-03-31": "7.60", "2016-12-31": "5.33", "2016-09-30": "5.28", "2016-06-30": "5.96", "2016-03-31": "5.51", "2015-12-31": "6.67", "2015-09-30": "7.03", "2015-06-30": "0.00", "2015-03-31": "0.00", "2014-12-31": "0.00", "2014-09-30": "0.00", "2013-12-31": "2.22"}, "debt equity ratio": {"current": "0.04", "2020-09-30": "0.31", "2020-06-30": "0.25", "2020-03-31": "0.36", "2019-12-31": "0.37", "2019-09-30": "0.32", "2019-06-30": "0.29", "2019-03-31": "0.30", "2018-12-31": "0.22", "2018-09-30": "0.22", "2018-06-30": "0.17", "2018-03-31": "0.18", "2017-12-31": "0.19", "2017-09-30": "0.20", "2017-06-30": "0.12", "2017-03-31": "0.12", "2016-12-31": "0.16", "2016-09-30": "0.17", "2016-06-30": "0.15", "2016-03-31": "0.16", "2015-12-31": "0.14", "2015-09-30": "0.13", "2015-06-30": "0.00", "2015-03-31": "0.00", "2014-12-31": "0.00", "2014-09-30": "0.00", "2013-12-31": "0.48"}, "return on equity": {"2020-09-30": "-1.80%", "2020-06-30": "1.94%", "2020-03-31": "8.23%", "2019-12-31": "10.63%", "2019-09-30": "10.34%", "2019-06-30": "3.72%", "2019-03-31": "2.84%", "2018-12-31": "1.44%", "2018-09-30": "1.94%", "2018-06-30": "6.65%", "2018-03-31": "3.05%", "2017-12-31": "1.05%", "2017-09-30": "-2.00%", "2017-06-30": "1.58%", "2017-03-31": "3.50%", "2016-12-31": "5.96%", "2016-09-30": "7.40%", "2016-06-30": "2.53%", "2016-03-31": "1.14%", "2015-12-31": "0.87%", "2015-06-30": "inf%"}, "return on assets": {"2020-09-30": "-1.37%", "2020-06-30": "1.47%", "2020-03-31": "6.17%", "2019-12-31": "8.05%", "2019-09-30": "8.06%", "2019-06-30": "2.95%", "2019-03-31": "2.30%", "2018-12-31": "1.20%", "2018-09-30": "1.63%", "2018-06-30": "5.61%", "2018-03-31": "2.60%", "2017-12-31": "0.90%", "2017-09-30": "-1.75%", "2017-06-30": "1.39%", "2017-03-31": "3.06%", "2016-12-31": "5.15%", "2016-09-30": "6.43%", "2016-06-30": "2.22%", "2016-03-31": "1.00%", "2015-12-31": "0.76%", "2015-06-30": "inf%"}, "return on investments": {"2020-09-30": "-4.48%", "2020-06-30": "1.67%", "2020-03-31": "14.80%", "2019-12-31": "37.50%", "2019-09-30": "inf%", "2019-06-30": "inf%", "2019-03-31": "inf%", "2018-12-31": "inf%", "2018-09-30": "inf%", "2018-06-30": "inf%", "2018-03-31": "inf%", "2017-12-31": "inf%", "2017-09-30": "inf%", "2017-06-30": "inf%", "2017-03-31": "inf%", "2016-12-31": "inf%", "2016-09-30": "inf%", "2016-06-30": "inf%", "2016-03-31": "inf%", "2015-12-31": "inf%", "2015-06-30": "nan%"}, "return on tangible equity": {"2020-09-30": "-1.89%", "2020-06-30": "2.05%", "2020-03-31": "8.85%", "2019-12-31": "11.47%", "2019-09-30": "11.20%", "2019-06-30": "4.04%", "2019-03-31": "3.09%", "2018-12-31": "1.57%", "2018-09-30": "2.12%", "2018-06-30": "7.25%", "2018-03-31": "3.26%", "2017-12-31": "1.09%", "2017-09-30": "-2.05%", "2017-06-30": "1.58%", "2017-03-31": "3.50%", "2016-12-31": "5.96%", "2016-09-30": "7.40%", "2016-06-30": "2.53%", "2016-03-31": "1.14%", "2015-12-31": "0.87%", "2015-06-30": "inf%"}, "dividend yield history": {"last payout": "$0.00", "last yield": "0.00%"}}