{"ticker": "PBCT", "price": {"title": "People's United Financial Historical Annual Stock Price Data", "value": 14.52, "historical": {"2021": {"Average Stock Price": "14.1063", "Year Open": "12.8700", "Year High": "14.7000", "Year Low": "12.8700", "Year Close": "14.5200", "Annual % Change": "12.30%"}, "2020": {"Average Stock Price": "12.3104", "Year Open": "16.7600", "Year High": "16.7600", "Year Low": "9.5100", "Year Close": "12.9300", "Annual % Change": "-23.49%"}, "2019": {"Average Stock Price": "16.3170", "Year Open": "14.6900", "Year High": "17.9000", "Year Low": "13.9400", "Year Close": "16.9000", "Annual % Change": "17.12%"}, "2018": {"Average Stock Price": "18.0286", "Year Open": "18.8000", "Year High": "20.1500", "Year Low": "13.8000", "Year Close": "14.4300", "Annual % Change": "-22.83%"}, "2017": {"Average Stock Price": "18.0137", "Year Open": "19.2900", "Year High": "19.6900", "Year Low": "16.0700", "Year Close": "18.7000", "Annual % Change": "-3.41%"}, "2016": {"Average Stock Price": "15.9354", "Year Open": "15.7700", "Year High": "20.0000", "Year Low": "13.6400", "Year Close": "19.3600", "Annual % Change": "19.88%"}, "2015": {"Average Stock Price": "15.6382", "Year Open": "15.1500", "Year High": "16.8500", "Year Low": "13.9900", "Year Close": "16.1500", "Annual % Change": "6.39%"}, "2014": {"Average Stock Price": "14.6638", "Year Open": "15.0100", "Year High": "15.5900", "Year Low": "13.8200", "Year Close": "15.1800", "Annual % Change": "0.40%"}, "2013": {"Average Stock Price": "14.0309", "Year Open": "12.4400", "Year High": "15.6100", "Year Low": "12.3200", "Year Close": "15.1200", "Annual % Change": "25.06%"}, "2012": {"Average Stock Price": "12.2310", "Year Open": "12.9500", "Year High": "13.6600", "Year Low": "11.3400", "Year Close": "12.0900", "Annual % Change": "-5.91%"}, "2011": {"Average Stock Price": "12.6824", "Year Open": "14.0900", "Year High": "14.4200", "Year Low": "10.5600", "Year Close": "12.8500", "Annual % Change": "-8.28%"}, "2010": {"Average Stock Price": "14.2818", "Year Open": "16.7500", "Year High": "17.0000", "Year Low": "12.2300", "Year Close": "14.0100", "Annual % Change": "-16.11%"}, "2009": {"Average Stock Price": "16.3348", "Year Open": "17.7900", "Year High": "18.2900", "Year Low": "14.9400", "Year Close": "16.7000", "Annual % Change": "-6.34%"}, "2008": {"Average Stock Price": "17.1025", "Year Open": "17.3700", "Year High": "21.7500", "Year Low": "14.5800", "Year Close": "17.8300", "Annual % Change": "0.17%"}, "2007": {"Average Stock Price": "18.8424", "Year Open": "21.2762", "Year High": "21.8048", "Year Low": "14.9900", "Year Close": "17.8000", "Annual % Change": "-16.23%"}, "2006": {"Average Stock Price": "17.0777", "Year Open": "14.9048", "Year High": "21.5810", "Year Low": "14.4048", "Year Close": "21.2476", "Annual % Change": "43.66%"}, "2005": {"Average Stock Price": "13.8453", "Year Open": "12.1206", "Year High": "15.8857", "Year Low": "11.5873", "Year Close": "14.7905", "Annual % Change": "19.80%"}, "2004": {"Average Stock Price": "10.2187", "Year Open": "6.8995", "Year High": "14.0476", "Year Low": "6.8995", "Year Close": "12.3460", "Annual % Change": "79.22%"}, "2003": {"Average Stock Price": "6.0654", "Year Open": "5.4582", "Year High": "7.1725", "Year Low": "5.1831", "Year Close": "6.8889", "Annual % Change": "29.17%"}, "2002": {"Average Stock Price": "5.1614", "Year Open": "4.4339", "Year High": "5.9048", "Year Low": "4.3915", "Year Close": "5.3333", "Annual % Change": "18.53%"}, "2001": {"Average Stock Price": "5.0550", "Year Open": "5.2635", "Year High": "5.9788", "Year Low": "4.4466", "Year Close": "4.4995", "Annual % Change": "-17.82%"}, "2000": {"Average Stock Price": "4.3306", "Year Open": "4.4190", "Year High": "5.6741", "Year Low": "3.5979", "Year Close": "5.4751", "Annual % Change": "22.43%"}, "1999": {"Average Stock Price": "5.7326", "Year Open": "5.7926", "Year High": "6.7598", "Year Low": "4.2328", "Year Close": "4.4720", "Annual % Change": "-23.50%"}, "1998": {"Average Stock Price": "6.8716", "Year Open": "7.9365", "Year High": "8.7026", "Year Low": "4.0487", "Year Close": "5.8455", "Annual % Change": "-27.32%"}, "1997": {"Average Stock Price": "5.7354", "Year Open": "4.0127", "Year High": "8.0423", "Year Low": "4.0127", "Year Close": "8.0423", "Annual % Change": "97.43%"}, "1996": {"Average Stock Price": "3.1671", "Year Open": "2.6638", "Year High": "4.2328", "Year Low": "2.6286", "Year Close": "4.0734", "Annual % Change": "51.95%"}, "1995": {"Average Stock Price": "2.3927", "Year Open": "1.6395", "Year High": "3.2635", "Year Low": "1.6395", "Year Close": "2.6808", "Annual % Change": "59.93%"}, "1994": {"Average Stock Price": "1.6920", "Year Open": "1.2515", "Year High": "2.2307", "Year Low": "1.1824", "Year Close": "1.6762", "Annual % Change": "32.01%"}, "1993": {"Average Stock Price": "1.1149", "Year Open": "0.8198", "Year High": "1.3404", "Year Low": "0.7760", "Year Close": "1.2698", "Annual % Change": "60.15%"}, "1992": {"Average Stock Price": "0.7508", "Year Open": "0.3358", "Year High": "1.0229", "Year Low": "0.3175", "Year Close": "0.7929", "Annual % Change": "200.57%"}, "1991": {"Average Stock Price": "0.4678", "Year Open": "0.3880", "Year High": "0.6702", "Year Low": "0.2638", "Year Close": "0.2638", "Annual % Change": "-34.85%"}}}, "market cap": {"value": "$6.17B"}, "income statement": {"Revenue": {"2020-12-31": "2307.70000", "2019-12-31": "2312.20000", "2018-12-31": "1922.70000", "2017-12-31": "1655.30000", "2016-12-31": "1470.00000", "2015-12-31": "1421.30000", "2014-12-31": "1381.40000", "2013-12-31": "1346.10000", "2012-12-31": "1355.30000", "2011-12-31": "1349.50000", "2010-12-31": "1093.80000", "2009-12-31": "1051.10000", "2008-12-31": "1220.80000", "2007-12-31": "892.40000", "2006-12-31": "729.50000", "2005-12-31": "681.20000"}, "Cost Of Goods Sold": {"2020-12-31": "239.20000", "2019-12-31": "468.80000", "2018-12-31": "320.30000", "2017-12-31": "201.90000", "2016-12-31": "155.10000", "2015-12-31": "136.80000", "2014-12-31": "118.70000", "2013-12-31": "115.80000", "2012-12-31": "106.20000", "2011-12-31": "128.50000", "2010-12-31": "129.80000", "2009-12-31": "190.00000", "2008-12-31": "280.80000", "2007-12-31": "220.40000", "2006-12-31": "199.70000", "2005-12-31": "138.20000"}, "Gross Profit": {"2020-12-31": "2068.50000", "2019-12-31": "1843.40000", "2018-12-31": "1602.40000", "2017-12-31": "1453.40000", "2016-12-31": "1314.90000", "2015-12-31": "1284.50000", "2014-12-31": "1262.70000", "2013-12-31": "1230.30000", "2012-12-31": "1249.10000", "2011-12-31": "1221.00000", "2010-12-31": "964.00010", "2009-12-31": "861.10000", "2008-12-31": "940.00010", "2007-12-31": "672.00000", "2006-12-31": "529.80000", "2005-12-31": "543.00000"}, "Research And Development Expenses": {"2020-12-31": "", "2019-12-31": "", "2018-12-31": "", "2017-12-31": "", "2016-12-31": "", "2015-12-31": "", "2014-12-31": "", "2013-12-31": "", "2012-12-31": "", "2011-12-31": "", "2010-12-31": "", "2009-12-31": "", "2008-12-31": "", "2007-12-31": "", "2006-12-31": "", "2005-12-31": ""}, "SG&A Expenses": {"2020-12-31": "1326.10000", "2019-12-31": "1158.50000", "2018-12-31": "1004.30000", "2017-12-31": "956.30000", "2016-12-31": "881.80000", "2015-12-31": "870.10000", "2014-12-31": "857.30000", "2013-12-31": "856.50000", "2012-12-31": "853.00000", "2011-12-31": "909.80000", "2010-12-31": "780.90000", "2009-12-31": "714.80000", "2008-12-31": "711.30000", "2007-12-31": "447.30000", "2006-12-31": "350.30000", "2005-12-31": "351.00000"}, "Other Operating Income Or Expenses": {"2020-12-31": "", "2019-12-31": "", "2018-12-31": "", "2017-12-31": "", "2016-12-31": "", "2015-12-31": "", "2014-12-31": "", "2013-12-31": "", "2012-12-31": "", "2011-12-31": "", "2010-12-31": "", "2009-12-31": "", "2008-12-31": "", "2007-12-31": "", "2006-12-31": "", "2005-12-31": ""}, "Operating Expenses": {"2020-12-31": "1606.10000", "2019-12-31": "1659.80000", "2018-12-31": "1346.40000", "2017-12-31": "1188.20000", "2016-12-31": "1060.50000", "2015-12-31": "1030.80000", "2014-12-31": "1000.80000", "2013-12-31": "998.50000", "2012-12-31": "986.00000", "2011-12-31": "1064.10000", "2010-12-31": "948.50000", "2009-12-31": "904.80000", "2008-12-31": "992.10000", "2007-12-31": "667.70000", "2006-12-31": "550.00000", "2005-12-31": "491.20000"}, "Operating Income": {"2020-12-31": "701.59990", "2019-12-31": "652.39990", "2018-12-31": "576.30000", "2017-12-31": "467.10000", "2016-12-31": "409.50000", "2015-12-31": "390.50000", "2014-12-31": "380.59990", "2013-12-31": "347.60010", "2012-12-31": "369.30000", "2011-12-31": "285.40000", "2010-12-31": "145.30000", "2009-12-31": "146.30000", "2008-12-31": "228.70000", "2007-12-31": "224.70010", "2006-12-31": "179.50000", "2005-12-31": "190.00000"}, "Total Non-Operating Income/Expense": {"2020-12-31": "", "2019-12-31": "", "2018-12-31": "", "2017-12-31": "", "2016-12-31": "", "2015-12-31": "", "2014-12-31": "", "2013-12-31": "", "2012-12-31": "", "2011-12-31": "", "2010-12-31": "-23.30000", "2009-12-31": "-2.00000", "2008-12-31": "-23.90000", "2007-12-31": "", "2006-12-31": "", "2005-12-31": ""}, "Pre-Tax Income": {"2020-12-31": "701.60000", "2019-12-31": "652.40000", "2018-12-31": "576.30000", "2017-12-31": "467.10000", "2016-12-31": "409.50000", "2015-12-31": "390.50000", "2014-12-31": "380.60000", "2013-12-31": "347.60000", "2012-12-31": "369.30000", "2011-12-31": "285.40000", "2010-12-31": "122.00000", "2009-12-31": "144.30000", "2008-12-31": "204.80000", "2007-12-31": "224.70000", "2006-12-31": "179.50000", "2005-12-31": "190.00000"}, "Income Taxes": {"2020-12-31": "129.00000", "2019-12-31": "132.00000", "2018-12-31": "108.20000", "2017-12-31": "129.90000", "2016-12-31": "128.50000", "2015-12-31": "130.40000", "2014-12-31": "128.90000", "2013-12-31": "115.20000", "2012-12-31": "124.00000", "2011-12-31": "93.00000", "2010-12-31": "39.50000", "2009-12-31": "43.10000", "2008-12-31": "67.00000", "2007-12-31": "75.50000", "2006-12-31": "57.80000", "2005-12-31": "64.10000"}, "Income After Taxes": {"2020-12-31": "572.60000", "2019-12-31": "520.40000", "2018-12-31": "468.10000", "2017-12-31": "337.20000", "2016-12-31": "281.00000", "2015-12-31": "260.10000", "2014-12-31": "251.70000", "2013-12-31": "232.40000", "2012-12-31": "245.30000", "2011-12-31": "192.40000", "2010-12-31": "82.50000", "2009-12-31": "101.20000", "2008-12-31": "137.80000", "2007-12-31": "149.20000", "2006-12-31": "121.70000", "2005-12-31": "125.90000"}, "Other Income": {"2020-12-31": "", "2019-12-31": "", "2018-12-31": "", "2017-12-31": "", "2016-12-31": "", "2015-12-31": "", "2014-12-31": "", "2013-12-31": "", "2012-12-31": "", "2011-12-31": "", "2010-12-31": "", "2009-12-31": "", "2008-12-31": "", "2007-12-31": "", "2006-12-31": "", "2005-12-31": ""}, "Income From Continuous Operations": {"2020-12-31": "572.60000", "2019-12-31": "520.40000", "2018-12-31": "468.10000", "2017-12-31": "337.20000", "2016-12-31": "281.00000", "2015-12-31": "260.10000", "2014-12-31": "251.70000", "2013-12-31": "232.40000", "2012-12-31": "245.30000", "2011-12-31": "192.40000", "2010-12-31": "82.50000", "2009-12-31": "101.20000", "2008-12-31": "137.80000", "2007-12-31": "149.20000", "2006-12-31": "121.70000", "2005-12-31": "125.90000"}, "Income From Discontinued Operations": {"2020-12-31": "", "2019-12-31": "", "2018-12-31": "", "2017-12-31": "", "2016-12-31": "", "2015-12-31": "", "2014-12-31": "", "2013-12-31": "", "2012-12-31": "", "2011-12-31": "", "2010-12-31": "", "2009-12-31": "", "2008-12-31": "", "2007-12-31": "1.50000", "2006-12-31": "2.30000", "2005-12-31": "11.20000"}, "Net Income": {"2020-12-31": "558.50000", "2019-12-31": "506.30000", "2018-12-31": "454.00000", "2017-12-31": "323.10000", "2016-12-31": "279.20000", "2015-12-31": "260.10000", "2014-12-31": "251.70000", "2013-12-31": "231.20000", "2012-12-31": "245.30000", "2011-12-31": "191.10000", "2010-12-31": "80.70000", "2009-12-31": "99.40000", "2008-12-31": "137.80000", "2007-12-31": "150.70000", "2006-12-31": "124.00000", "2005-12-31": "137.10000"}, "EBITDA": {"2020-12-31": "", "2019-12-31": "", "2018-12-31": "", "2017-12-31": "", "2016-12-31": "", "2015-12-31": "", "2014-12-31": "", "2013-12-31": "", "2012-12-31": "", "2011-12-31": "", "2010-12-31": "", "2009-12-31": "", "2008-12-31": "", "2007-12-31": "", "2006-12-31": "", "2005-12-31": ""}, "EBIT": {"2020-12-31": "", "2019-12-31": "", "2018-12-31": "", "2017-12-31": "", "2016-12-31": "", "2015-12-31": "", "2014-12-31": "", "2013-12-31": "", "2012-12-31": "", "2011-12-31": "", "2010-12-31": "", "2009-12-31": "", "2008-12-31": "", "2007-12-31": "", "2006-12-31": "", "2005-12-31": ""}, "Basic Shares Outstanding": {"2020-12-31": "419.92480", "2019-12-31": "394.00000", "2018-12-31": "348.10000", "2017-12-31": "330.30000", "2016-12-31": "303.10000", "2015-12-31": "300.40000", "2014-12-31": "298.20000", "2013-12-31": "311.90000", "2012-12-31": "338.30000", "2011-12-31": "348.60000", "2010-12-31": "352.50000", "2009-12-31": "332.00000", "2008-12-31": "329.30000", "2007-12-31": "290.80000", "2006-12-31": "297.40000", "2005-12-31": "296.20000"}, "Shares Outstanding": {"2020-12-31": "422.55000", "2019-12-31": "397.20000", "2018-12-31": "351.70000", "2017-12-31": "332.90000", "2016-12-31": "304.00000", "2015-12-31": "300.40000", "2014-12-31": "298.30000", "2013-12-31": "312.00000", "2012-12-31": "338.40000", "2011-12-31": "348.70000", "2010-12-31": "352.60000", "2009-12-31": "332.30000", "2008-12-31": "330.10000", "2007-12-31": "292.10000", "2006-12-31": "298.90000", "2005-12-31": "297.70000"}, "Basic EPS": {"2020-12-31": "1.33000", "2019-12-31": "1.28000", "2018-12-31": "1.30000", "2017-12-31": "0.98000", "2016-12-31": "0.92000", "2015-12-31": "0.86000", "2014-12-31": "0.84000", "2013-12-31": "0.74000", "2012-12-31": "0.72000", "2011-12-31": "0.55000", "2010-12-31": "0.23000", "2009-12-31": "0.30000", "2008-12-31": "0.41000", "2007-12-31": "0.52000", "2006-12-31": "0.42000", "2005-12-31": "0.46000"}, "EPS - Earnings Per Share": {"2020-12-31": "1.32000", "2019-12-31": "1.27000", "2018-12-31": "1.29000", "2017-12-31": "0.97000", "2016-12-31": "0.92000", "2015-12-31": "0.86000", "2014-12-31": "0.84000", "2013-12-31": "0.74000", "2012-12-31": "0.72000", "2011-12-31": "0.55000", "2010-12-31": "0.23000", "2009-12-31": "0.30000", "2008-12-31": "0.41000", "2007-12-31": "0.52000", "2006-12-31": "0.41000", "2005-12-31": "0.46000"}}, "income statement, quarterly": {"Revenue": {"2020-12-31": "599.70000", "2020-09-30": "537.90000", "2020-06-30": "547.20000", "2020-03-31": "622.90000", "2019-12-31": "621.10000", "2019-09-30": "576.90000", "2019-06-30": "579.10000", "2019-03-31": "535.10000", "2018-12-31": "520.60020", "2018-09-30": "482.30000", "2018-06-30": "470.30000", "2018-03-31": "449.50000", "2017-12-31": "438.00010", "2017-09-30": "428.50000", "2017-06-30": "413.60000", "2017-03-31": "375.20000", "2016-12-31": "370.49990", "2016-09-30": "375.30000", "2016-06-30": "363.90000", "2016-03-31": "360.30000", "2015-12-31": "367.50010", "2015-09-30": "357.00000", "2015-06-30": "347.50000", "2015-03-31": "349.30000", "2014-12-31": "346.39980", "2014-09-30": "342.90000", "2014-06-30": "356.80000", "2014-03-31": "335.30000", "2013-12-31": "335.90010", "2013-09-30": "338.30000", "2013-06-30": "338.30000", "2013-03-31": "333.60000", "2012-12-31": "342.90010", "2012-09-30": "341.70000", "2012-06-30": "338.10000", "2012-03-31": "332.60000", "2011-12-31": "336.30000", "2011-09-30": "356.40000", "2011-06-30": "329.40000", "2011-03-31": "327.40000", "2010-12-31": "283.90010", "2010-09-30": "275.50000", "2010-06-30": "276.60000", "2010-03-31": "257.80000", "2009-12-31": "234.40000", "2009-09-30": "272.10000", "2009-06-30": "277.20000", "2009-03-31": "267.40000", "2008-12-31": "286.10000", "2008-09-30": "296.60000", "2008-06-30": "300.90000", "2008-03-31": "337.20000", "2007-12-31": "226.80000", "2007-09-30": "239.60000", "2007-06-30": "233.00000", "2007-03-31": "193.00000", "2006-12-31": "195.90000", "2006-09-30": "169.90000", "2006-06-30": "183.50000", "2006-03-31": "180.20000", "2005-12-31": "185.50000", "2005-09-30": "172.70000", "2005-06-30": "164.30000", "2005-03-31": "157.20000"}, "Cost Of Goods Sold": {"2020-12-31": "38.70000", "2020-09-30": "45.40000", "2020-06-30": "52.00000", "2020-03-31": "103.10000", "2019-12-31": "114.20000", "2019-09-30": "122.20000", "2019-06-30": "124.70000", "2019-03-31": "107.70000", "2018-12-31": "99.20000", "2018-09-30": "83.60000", "2018-06-30": "74.20000", "2018-03-31": "63.30000", "2017-12-31": "58.30000", "2017-09-30": "54.60000", "2017-06-30": "47.10000", "2017-03-31": "41.90000", "2016-12-31": "39.50000", "2016-09-30": "39.20000", "2016-06-30": "38.50000", "2016-03-31": "37.90000", "2015-12-31": "35.40000", "2015-09-30": "35.10000", "2015-06-30": "34.10000", "2015-03-31": "32.20000", "2014-12-31": "31.50000", "2014-09-30": "30.40000", "2014-06-30": "28.50000", "2014-03-31": "28.30000", "2013-12-31": "28.50000", "2013-09-30": "28.70000", "2013-06-30": "29.20000", "2013-03-31": "29.40000", "2012-12-31": "26.90000", "2012-09-30": "25.50000", "2012-06-30": "26.80000", "2012-03-31": "27.00000", "2011-12-31": "30.40000", "2011-09-30": "34.00000", "2011-06-30": "31.60000", "2011-03-31": "32.50000", "2010-12-31": "31.00000", "2010-09-30": "31.70000", "2010-06-30": "33.10000", "2010-03-31": "34.00000", "2009-12-31": "40.00000", "2009-09-30": "46.60000", "2009-06-30": "51.00000", "2009-03-31": "52.40000", "2008-12-31": "59.10000", "2008-09-30": "62.60000", "2008-06-30": "70.50000", "2008-03-31": "88.60000", "2007-12-31": "55.70000", "2007-09-30": "55.10000", "2007-06-30": "55.50000", "2007-03-31": "54.10000", "2006-12-31": "54.50000", "2006-09-30": "53.20000", "2006-06-30": "48.20000", "2006-03-31": "43.80000", "2005-12-31": "73.40000", "2005-09-30": "36.10000", "2005-06-30": "", "2005-03-31": "28.70000"}, "Gross Profit": {"2020-12-31": "561.00000", "2020-09-30": "492.50000", "2020-06-30": "495.20000", "2020-03-31": "519.80000", "2019-12-31": "506.90000", "2019-09-30": "454.70000", "2019-06-30": "454.40000", "2019-03-31": "427.40000", "2018-12-31": "421.40020", "2018-09-30": "398.70000", "2018-06-30": "396.10000", "2018-03-31": "386.20000", "2017-12-31": "379.70010", "2017-09-30": "373.90000", "2017-06-30": "366.50000", "2017-03-31": "333.30000", "2016-12-31": "330.99990", "2016-09-30": "336.10000", "2016-06-30": "325.40000", "2016-03-31": "322.40000", "2015-12-31": "332.10010", "2015-09-30": "321.90000", "2015-06-30": "313.40000", "2015-03-31": "317.10000", "2014-12-31": "314.89980", "2014-09-30": "312.50000", "2014-06-30": "328.30000", "2014-03-31": "307.00000", "2013-12-31": "307.40010", "2013-09-30": "309.60000", "2013-06-30": "309.10000", "2013-03-31": "304.20000", "2012-12-31": "316.00010", "2012-09-30": "316.20000", "2012-06-30": "311.30000", "2012-03-31": "305.60000", "2011-12-31": "305.90000", "2011-09-30": "322.40000", "2011-06-30": "297.80000", "2011-03-31": "294.90000", "2010-12-31": "252.90010", "2010-09-30": "243.80000", "2010-06-30": "243.50000", "2010-03-31": "223.80000", "2009-12-31": "194.40000", "2009-09-30": "225.50000", "2009-06-30": "226.20000", "2009-03-31": "215.00000", "2008-12-31": "227.00010", "2008-09-30": "234.00000", "2008-06-30": "230.40000", "2008-03-31": "248.60000", "2007-12-31": "171.10010", "2007-09-30": "184.50000", "2007-06-30": "177.50000", "2007-03-31": "138.90000", "2006-12-31": "141.40000", "2006-09-30": "116.70000", "2006-06-30": "135.30000", "2006-03-31": "136.40000", "2005-12-31": "112.10000", "2005-09-30": "136.60000", "2005-06-30": "164.30000", "2005-03-31": "128.50000"}, "Research And Development Expenses": {"2020-12-31": "", "2020-09-30": "", "2020-06-30": "", "2020-03-31": "", "2019-12-31": "", "2019-09-30": "", "2019-06-30": "", "2019-03-31": "", "2018-12-31": "", "2018-09-30": "", "2018-06-30": "", "2018-03-31": "", "2017-12-31": "", "2017-09-30": "", "2017-06-30": "", "2017-03-31": "", "2016-12-31": "", "2016-09-30": "", "2016-06-30": "", "2016-03-31": "", "2015-12-31": "", "2015-09-30": "", "2015-06-30": "", "2015-03-31": "", "2014-12-31": "", "2014-09-30": "", "2014-06-30": "", "2014-03-31": "", "2013-12-31": "", "2013-09-30": "", "2013-06-30": "", "2013-03-31": "", "2012-12-31": "", "2012-09-30": "", "2012-06-30": "", "2012-03-31": "", "2011-12-31": "", "2011-09-30": "", "2011-06-30": "", "2011-03-31": "", "2010-12-31": "", "2010-09-30": "", "2010-06-30": "", "2010-03-31": "", "2009-12-31": "", "2009-09-30": "", "2009-06-30": "", "2009-03-31": "", "2008-12-31": "", "2008-09-30": "", "2008-06-30": "", "2008-03-31": "", "2007-12-31": "", "2007-09-30": "", "2007-06-30": "", "2007-03-31": "", "2006-12-31": "", "2006-09-30": "", "2006-06-30": "", "2006-03-31": "", "2005-12-31": "", "2005-09-30": "", "2005-06-30": "", "2005-03-31": ""}, "SG&A Expenses": {"2020-12-31": "298.40000", "2020-09-30": "310.20000", "2020-06-30": "374.60000", "2020-03-31": "342.90000", "2019-12-31": "323.20000", "2019-09-30": "281.20000", "2019-06-30": "278.00000", "2019-03-31": "276.10000", "2018-12-31": "265.70000", "2018-09-30": "244.60000", "2018-06-30": "250.20000", "2018-03-31": "243.80000", "2017-12-31": "239.40000", "2017-09-30": "236.20000", "2017-06-30": "256.50000", "2017-03-31": "224.20000", "2016-12-31": "218.70000", "2016-09-30": "224.00000", "2016-06-30": "217.10000", "2016-03-31": "222.00000", "2015-12-31": "220.60000", "2015-09-30": "214.50000", "2015-06-30": "213.50000", "2015-03-31": "221.50000", "2014-12-31": "211.40000", "2014-09-30": "215.00000", "2014-06-30": "210.90000", "2014-03-31": "220.00000", "2013-12-31": "212.10000", "2013-09-30": "218.10000", "2013-06-30": "208.40000", "2013-03-31": "217.90000", "2012-12-31": "212.70000", "2012-09-30": "217.30000", "2012-06-30": "209.50000", "2012-03-31": "213.50000", "2011-12-31": "254.70000", "2011-09-30": "226.20000", "2011-06-30": "214.60000", "2011-03-31": "214.30000", "2010-12-31": "167.40000", "2010-09-30": "207.10000", "2010-06-30": "217.70000", "2010-03-31": "188.70000", "2009-12-31": "159.00000", "2009-09-30": "186.60000", "2009-06-30": "190.20000", "2009-03-31": "179.00000", "2008-12-31": "189.50000", "2008-09-30": "165.50000", "2008-06-30": "165.30000", "2008-03-31": "191.00000", "2007-12-31": "102.90000", "2007-09-30": "98.00000", "2007-06-30": "157.50000", "2007-03-31": "88.90000", "2006-12-31": "87.00000", "2006-09-30": "91.20000", "2006-06-30": "86.80000", "2006-03-31": "85.30000", "2005-12-31": "26.00000", "2005-09-30": "86.90000", "2005-06-30": "", "2005-03-31": "82.60000"}, "Other Operating Income Or Expenses": {"2020-12-31": "", "2020-09-30": "", "2020-06-30": "", "2020-03-31": "", "2019-12-31": "", "2019-09-30": "", "2019-06-30": "", "2019-03-31": "", "2018-12-31": "", "2018-09-30": "", "2018-06-30": "", "2018-03-31": "", "2017-12-31": "", "2017-09-30": "", "2017-06-30": "", "2017-03-31": "", "2016-12-31": "", "2016-09-30": "", "2016-06-30": "", "2016-03-31": "", "2015-12-31": "", "2015-09-30": "", "2015-06-30": "", "2015-03-31": "", "2014-12-31": "", "2014-09-30": "", "2014-06-30": "", "2014-03-31": "", "2013-12-31": "", "2013-09-30": "", "2013-06-30": "", "2013-03-31": "", "2012-12-31": "", "2012-09-30": "", "2012-06-30": "", "2012-03-31": "", "2011-12-31": "", "2011-09-30": "", "2011-06-30": "", "2011-03-31": "", "2010-12-31": "", "2010-09-30": "", "2010-06-30": "", "2010-03-31": "", "2009-12-31": "", "2009-09-30": "", "2009-06-30": "", "2009-03-31": "", "2008-12-31": "", "2008-09-30": "", "2008-06-30": "", "2008-03-31": "", "2007-12-31": "", "2007-09-30": "", "2007-06-30": "", "2007-03-31": "", "2006-12-31": "", "2006-09-30": "", "2006-06-30": "", "2006-03-31": "", "2005-12-31": "", "2005-09-30": "", "2005-06-30": "", "2005-03-31": ""}, "Operating Expenses": {"2020-12-31": "346.80000", "2020-09-30": "365.80000", "2020-06-30": "436.80000", "2020-03-31": "456.70000", "2019-12-31": "447.20000", "2019-09-30": "411.40000", "2019-06-30": "410.70000", "2019-03-31": "390.50000", "2018-12-31": "371.80000", "2018-09-30": "333.10000", "2018-06-30": "329.30000", "2018-03-31": "312.20000", "2017-12-31": "305.60000", "2017-09-30": "298.70000", "2017-06-30": "311.50000", "2017-03-31": "272.40000", "2016-12-31": "264.40010", "2016-09-30": "269.00000", "2016-06-30": "261.40000", "2016-03-31": "265.70000", "2015-12-31": "262.10000", "2015-09-30": "255.50000", "2015-06-30": "253.60000", "2015-03-31": "259.60000", "2014-12-31": "249.10000", "2014-09-30": "251.60000", "2014-06-30": "245.60000", "2014-03-31": "254.50000", "2013-12-31": "247.20000", "2013-09-30": "253.30000", "2013-06-30": "244.20000", "2013-03-31": "253.80000", "2012-12-31": "246.30000", "2012-09-30": "249.50000", "2012-06-30": "243.10000", "2012-03-31": "247.10000", "2011-12-31": "285.10000", "2011-09-30": "260.20000", "2011-06-30": "246.20000", "2011-03-31": "246.80000", "2010-12-31": "198.40000", "2010-09-30": "238.80000", "2010-06-30": "250.80000", "2010-03-31": "222.70000", "2009-12-31": "199.00000", "2009-09-30": "233.20000", "2009-06-30": "241.20000", "2009-03-31": "231.40000", "2008-12-31": "248.60000", "2008-09-30": "228.10000", "2008-06-30": "235.80000", "2008-03-31": "279.60000", "2007-12-31": "158.60000", "2007-09-30": "153.10000", "2007-06-30": "213.00000", "2007-03-31": "143.00000", "2006-12-31": "141.50000", "2006-09-30": "144.40000", "2006-06-30": "135.00000", "2006-03-31": "129.10000", "2005-12-31": "99.40000", "2005-09-30": "123.00000", "2005-06-30": "", "2005-03-31": "111.30000"}, "Operating Income": {"2020-12-31": "252.90000", "2020-09-30": "172.09990", "2020-06-30": "110.40000", "2020-03-31": "166.20000", "2019-12-31": "173.90000", "2019-09-30": "165.50000", "2019-06-30": "168.40000", "2019-03-31": "144.60000", "2018-12-31": "148.80020", "2018-09-30": "149.20000", "2018-06-30": "141.00000", "2018-03-31": "137.30000", "2017-12-31": "132.40010", "2017-09-30": "129.80000", "2017-06-30": "102.10000", "2017-03-31": "102.80000", "2016-12-31": "106.09990", "2016-09-30": "106.30000", "2016-06-30": "102.50000", "2016-03-31": "94.60000", "2015-12-31": "105.40010", "2015-09-30": "101.50000", "2015-06-30": "93.90000", "2015-03-31": "89.70000", "2014-12-31": "97.29980", "2014-09-30": "91.30000", "2014-06-30": "111.20000", "2014-03-31": "80.80000", "2013-12-31": "88.70010", "2013-09-30": "85.00000", "2013-06-30": "94.10000", "2013-03-31": "79.80000", "2012-12-31": "96.60010", "2012-09-30": "92.20000", "2012-06-30": "95.00000", "2012-03-31": "85.50000", "2011-12-31": "51.20000", "2011-09-30": "96.20000", "2011-06-30": "83.20000", "2011-03-31": "80.60000", "2010-12-31": "85.50010", "2010-09-30": "36.70000", "2010-06-30": "25.80000", "2010-03-31": "35.10000", "2009-12-31": "35.40000", "2009-09-30": "38.90000", "2009-06-30": "36.00000", "2009-03-31": "36.00000", "2008-12-31": "37.50000", "2008-09-30": "68.50000", "2008-06-30": "65.10000", "2008-03-31": "57.60000", "2007-12-31": "68.20000", "2007-09-30": "86.50000", "2007-06-30": "20.00000", "2007-03-31": "50.00000", "2006-12-31": "54.40000", "2006-09-30": "25.50000", "2006-06-30": "48.50000", "2006-03-31": "51.10000", "2005-12-31": "86.10000", "2005-09-30": "49.70000", "2005-06-30": "164.30000", "2005-03-31": "45.90000"}, "Total Non-Operating Income/Expense": {"2020-12-31": "", "2020-09-30": "", "2020-06-30": "", "2020-03-31": "", "2019-12-31": "", "2019-09-30": "", "2019-06-30": "", "2019-03-31": "", "2018-12-31": "", "2018-09-30": "", "2018-06-30": "", "2018-03-31": "", "2017-12-31": "", "2017-09-30": "", "2017-06-30": "", "2017-03-31": "", "2016-12-31": "", "2016-09-30": "", "2016-06-30": "", "2016-03-31": "", "2015-12-31": "", "2015-09-30": "", "2015-06-30": "", "2015-03-31": "", "2014-12-31": "", "2014-09-30": "", "2014-06-30": "", "2014-03-31": "", "2013-12-31": "", "2013-09-30": "", "2013-06-30": "", "2013-03-31": "", "2012-12-31": "", "2012-09-30": "", "2012-06-30": "", "2012-03-31": "", "2011-12-31": "", "2011-09-30": "-20.10000", "2011-06-30": "-6.40000", "2011-03-31": "-3.10000", "2010-12-31": "-4.80000", "2010-09-30": "-1.00000", "2010-06-30": "-2.80000", "2010-03-31": "-14.70000", "2009-12-31": "", "2009-09-30": "", "2009-06-30": "", "2009-03-31": "", "2008-12-31": "12.60000", "2008-09-30": "", "2008-06-30": "", "2008-03-31": "-36.50000", "2007-12-31": "", "2007-09-30": "", "2007-06-30": "", "2007-03-31": "", "2006-12-31": "", "2006-09-30": "", "2006-06-30": "", "2006-03-31": "", "2005-12-31": "", "2005-09-30": "", "2005-06-30": "", "2005-03-31": ""}, "Pre-Tax Income": {"2020-12-31": "252.90000", "2020-09-30": "172.10000", "2020-06-30": "110.40000", "2020-03-31": "166.20000", "2019-12-31": "173.90000", "2019-09-30": "165.50000", "2019-06-30": "168.40000", "2019-03-31": "144.60000", "2018-12-31": "148.80000", "2018-09-30": "149.20000", "2018-06-30": "141.00000", "2018-03-31": "137.30000", "2017-12-31": "132.40000", "2017-09-30": "129.80000", "2017-06-30": "102.10000", "2017-03-31": "102.80000", "2016-12-31": "106.10000", "2016-09-30": "106.30000", "2016-06-30": "102.50000", "2016-03-31": "94.60000", "2015-12-31": "105.40000", "2015-09-30": "101.50000", "2015-06-30": "93.90000", "2015-03-31": "89.70000", "2014-12-31": "97.30000", "2014-09-30": "91.30000", "2014-06-30": "111.20000", "2014-03-31": "80.80000", "2013-12-31": "88.70000", "2013-09-30": "85.00000", "2013-06-30": "94.10000", "2013-03-31": "79.80000", "2012-12-31": "96.60000", "2012-09-30": "92.20000", "2012-06-30": "95.00000", "2012-03-31": "85.50000", "2011-12-31": "55.00000", "2011-09-30": "76.10000", "2011-06-30": "76.80000", "2011-03-31": "77.50000", "2010-12-31": "42.90000", "2010-09-30": "35.70000", "2010-06-30": "23.00000", "2010-03-31": "20.40000", "2009-12-31": "33.40000", "2009-09-30": "38.90000", "2009-06-30": "36.00000", "2009-03-31": "36.00000", "2008-12-31": "50.10000", "2008-09-30": "68.50000", "2008-06-30": "65.10000", "2008-03-31": "21.10000", "2007-12-31": "68.20000", "2007-09-30": "86.50000", "2007-06-30": "20.00000", "2007-03-31": "50.00000", "2006-12-31": "54.40000", "2006-09-30": "25.50000", "2006-06-30": "48.50000", "2006-03-31": "51.10000", "2005-12-31": "185.50000", "2005-09-30": "49.70000", "2005-06-30": "164.30000", "2005-03-31": "45.90000"}, "Income Taxes": {"2020-12-31": "45.20000", "2020-09-30": "27.50000", "2020-06-30": "20.50000", "2020-03-31": "35.80000", "2019-12-31": "36.40000", "2019-09-30": "30.40000", "2019-06-30": "35.20000", "2019-03-31": "30.00000", "2018-12-31": "15.80000", "2018-09-30": "32.20000", "2018-06-30": "30.80000", "2018-03-31": "29.40000", "2017-12-31": "26.10000", "2017-09-30": "39.00000", "2017-06-30": "32.80000", "2017-03-31": "32.00000", "2016-12-31": "30.20000", "2016-09-30": "32.60000", "2016-06-30": "34.00000", "2016-03-31": "31.70000", "2015-12-31": "34.60000", "2015-09-30": "33.10000", "2015-06-30": "32.20000", "2015-03-31": "30.50000", "2014-12-31": "32.60000", "2014-09-30": "29.70000", "2014-06-30": "38.90000", "2014-03-31": "27.70000", "2013-12-31": "29.40000", "2013-09-30": "26.50000", "2013-06-30": "32.00000", "2013-03-31": "27.30000", "2012-12-31": "35.40000", "2012-09-30": "30.00000", "2012-06-30": "30.40000", "2012-03-31": "28.20000", "2011-12-31": "17.00000", "2011-09-30": "24.60000", "2011-06-30": "25.60000", "2011-03-31": "25.80000", "2010-12-31": "14.10000", "2010-09-30": "11.60000", "2010-06-30": "7.00000", "2010-03-31": "6.80000", "2009-12-31": "8.50000", "2009-09-30": "12.10000", "2009-06-30": "10.70000", "2009-03-31": "11.80000", "2008-12-31": "16.40000", "2008-09-30": "22.50000", "2008-06-30": "22.10000", "2008-03-31": "6.00000", "2007-12-31": "22.50000", "2007-09-30": "29.20000", "2007-06-30": "6.90000", "2007-03-31": "16.90000", "2006-12-31": "15.70000", "2006-09-30": "8.60000", "2006-06-30": "16.30000", "2006-03-31": "17.20000", "2005-12-31": "30.70000", "2005-09-30": "17.30000", "2005-06-30": "", "2005-03-31": "16.10000"}, "Income After Taxes": {"2020-12-31": "207.70000", "2020-09-30": "144.60000", "2020-06-30": "89.90000", "2020-03-31": "130.40000", "2019-12-31": "137.50000", "2019-09-30": "135.10000", "2019-06-30": "133.20000", "2019-03-31": "114.60000", "2018-12-31": "133.00000", "2018-09-30": "117.00000", "2018-06-30": "110.20000", "2018-03-31": "107.90000", "2017-12-31": "106.30000", "2017-09-30": "90.80000", "2017-06-30": "69.30000", "2017-03-31": "70.80000", "2016-12-31": "75.90000", "2016-09-30": "73.70000", "2016-06-30": "68.50000", "2016-03-31": "62.90000", "2015-12-31": "70.80000", "2015-09-30": "68.40000", "2015-06-30": "61.70000", "2015-03-31": "59.20000", "2014-12-31": "64.70000", "2014-09-30": "61.60000", "2014-06-30": "72.30000", "2014-03-31": "53.10000", "2013-12-31": "59.30000", "2013-09-30": "58.50000", "2013-06-30": "62.10000", "2013-03-31": "52.50000", "2012-12-31": "61.20000", "2012-09-30": "62.20000", "2012-06-30": "64.60000", "2012-03-31": "57.30000", "2011-12-31": "38.00000", "2011-09-30": "51.50000", "2011-06-30": "51.20000", "2011-03-31": "51.70000", "2010-12-31": "28.80000", "2010-09-30": "24.10000", "2010-06-30": "16.00000", "2010-03-31": "13.60000", "2009-12-31": "24.90000", "2009-09-30": "26.80000", "2009-06-30": "25.30000", "2009-03-31": "24.20000", "2008-12-31": "33.70000", "2008-09-30": "46.00000", "2008-06-30": "43.00000", "2008-03-31": "15.10000", "2007-12-31": "45.70000", "2007-09-30": "57.30000", "2007-06-30": "13.10000", "2007-03-31": "33.10000", "2006-12-31": "38.70000", "2006-09-30": "16.90000", "2006-06-30": "32.20000", "2006-03-31": "33.90000", "2005-12-31": "185.50000", "2005-09-30": "32.40000", "2005-06-30": "164.30000", "2005-03-31": "29.80000"}, "Other Income": {"2020-12-31": "", "2020-09-30": "", "2020-06-30": "", "2020-03-31": "", "2019-12-31": "", "2019-09-30": "", "2019-06-30": "", "2019-03-31": "", "2018-12-31": "", "2018-09-30": "", "2018-06-30": "", "2018-03-31": "", "2017-12-31": "", "2017-09-30": "", "2017-06-30": "", "2017-03-31": "", "2016-12-31": "", "2016-09-30": "", "2016-06-30": "", "2016-03-31": "", "2015-12-31": "", "2015-09-30": "", "2015-06-30": "", "2015-03-31": "", "2014-12-31": "", "2014-09-30": "", "2014-06-30": "", "2014-03-31": "", "2013-12-31": "", "2013-09-30": "", "2013-06-30": "", "2013-03-31": "", "2012-12-31": "", "2012-09-30": "", "2012-06-30": "", "2012-03-31": "", "2011-12-31": "", "2011-09-30": "", "2011-06-30": "", "2011-03-31": "", "2010-12-31": "", "2010-09-30": "", "2010-06-30": "", "2010-03-31": "", "2009-12-31": "", "2009-09-30": "", "2009-06-30": "", "2009-03-31": "", "2008-12-31": "", "2008-09-30": "", "2008-06-30": "", "2008-03-31": "", "2007-12-31": "", "2007-09-30": "", "2007-06-30": "", "2007-03-31": "", "2006-12-31": "", "2006-09-30": "", "2006-06-30": "", "2006-03-31": "", "2005-12-31": "", "2005-09-30": "", "2005-06-30": "", "2005-03-31": ""}, "Income From Continuous Operations": {"2020-12-31": "207.70000", "2020-09-30": "144.60000", "2020-06-30": "89.90000", "2020-03-31": "130.40000", "2019-12-31": "137.50000", "2019-09-30": "135.10000", "2019-06-30": "133.20000", "2019-03-31": "114.60000", "2018-12-31": "133.00000", "2018-09-30": "117.00000", "2018-06-30": "110.20000", "2018-03-31": "107.90000", "2017-12-31": "106.30000", "2017-09-30": "90.80000", "2017-06-30": "69.30000", "2017-03-31": "70.80000", "2016-12-31": "75.90000", "2016-09-30": "73.70000", "2016-06-30": "68.50000", "2016-03-31": "62.90000", "2015-12-31": "70.80000", "2015-09-30": "68.40000", "2015-06-30": "61.70000", "2015-03-31": "59.20000", "2014-12-31": "64.70000", "2014-09-30": "61.60000", "2014-06-30": "72.30000", "2014-03-31": "53.10000", "2013-12-31": "59.30000", "2013-09-30": "58.50000", "2013-06-30": "62.10000", "2013-03-31": "52.50000", "2012-12-31": "61.20000", "2012-09-30": "62.20000", "2012-06-30": "64.60000", "2012-03-31": "57.30000", "2011-12-31": "38.00000", "2011-09-30": "51.50000", "2011-06-30": "51.20000", "2011-03-31": "51.70000", "2010-12-31": "28.80000", "2010-09-30": "24.10000", "2010-06-30": "16.00000", "2010-03-31": "13.60000", "2009-12-31": "24.90000", "2009-09-30": "26.80000", "2009-06-30": "25.30000", "2009-03-31": "24.20000", "2008-12-31": "33.70000", "2008-09-30": "46.00000", "2008-06-30": "43.00000", "2008-03-31": "15.10000", "2007-12-31": "45.70000", "2007-09-30": "57.30000", "2007-06-30": "13.10000", "2007-03-31": "33.10000", "2006-12-31": "38.70000", "2006-09-30": "16.90000", "2006-06-30": "32.20000", "2006-03-31": "33.90000", "2005-12-31": "34.30000", "2005-09-30": "32.40000", "2005-06-30": "29.40000", "2005-03-31": "29.80000"}, "Income From Discontinued Operations": {"2020-12-31": "", "2020-09-30": "", "2020-06-30": "", "2020-03-31": "", "2019-12-31": "", "2019-09-30": "", "2019-06-30": "", "2019-03-31": "", "2018-12-31": "", "2018-09-30": "", "2018-06-30": "", "2018-03-31": "", "2017-12-31": "", "2017-09-30": "", "2017-06-30": "", "2017-03-31": "", "2016-12-31": "", "2016-09-30": "", "2016-06-30": "", "2016-03-31": "", "2015-12-31": "", "2015-09-30": "", "2015-06-30": "", "2015-03-31": "", "2014-12-31": "", "2014-09-30": "", "2014-06-30": "", "2014-03-31": "", "2013-12-31": "", "2013-09-30": "", "2013-06-30": "", "2013-03-31": "", "2012-12-31": "", "2012-09-30": "", "2012-06-30": "", "2012-03-31": "", "2011-12-31": "", "2011-09-30": "", "2011-06-30": "", "2011-03-31": "", "2010-12-31": "", "2010-09-30": "", "2010-06-30": "", "2010-03-31": "", "2009-12-31": "", "2009-09-30": "", "2009-06-30": "", "2009-03-31": "", "2008-12-31": "", "2008-09-30": "", "2008-06-30": "", "2008-03-31": "", "2007-12-31": "0.30000", "2007-09-30": "0.30000", "2007-06-30": "0.40000", "2007-03-31": "0.50000", "2006-12-31": "0.60000", "2006-09-30": "0.10000", "2006-06-30": "0.70000", "2006-03-31": "0.90000", "2005-12-31": "0.90000", "2005-09-30": "1.10000", "2005-06-30": "7.60000", "2005-03-31": "1.60000"}, "Net Income": {"2020-12-31": "204.20000", "2020-09-30": "141.10000", "2020-06-30": "86.40000", "2020-03-31": "126.90000", "2019-12-31": "133.90000", "2019-09-30": "131.60000", "2019-06-30": "129.70000", "2019-03-31": "111.10000", "2018-12-31": "129.40000", "2018-09-30": "113.50000", "2018-06-30": "106.70000", "2018-03-31": "104.40000", "2017-12-31": "102.70000", "2017-09-30": "87.30000", "2017-06-30": "65.80000", "2017-03-31": "67.30000", "2016-12-31": "74.10000", "2016-09-30": "73.70000", "2016-06-30": "68.50000", "2016-03-31": "62.90000", "2015-12-31": "71.40000", "2015-09-30": "68.40000", "2015-06-30": "61.40000", "2015-03-31": "58.90000", "2014-12-31": "65.50000", "2014-09-30": "61.30000", "2014-06-30": "72.00000", "2014-03-31": "52.90000", "2013-12-31": "58.10000", "2013-09-30": "58.50000", "2013-06-30": "62.10000", "2013-03-31": "52.50000", "2012-12-31": "61.80000", "2012-09-30": "61.90000", "2012-06-30": "64.60000", "2012-03-31": "57.00000", "2011-12-31": "37.70000", "2011-09-30": "51.20000", "2011-06-30": "50.80000", "2011-03-31": "51.40000", "2010-12-31": "27.00000", "2010-09-30": "24.10000", "2010-06-30": "16.00000", "2010-03-31": "13.60000", "2009-12-31": "23.10000", "2009-09-30": "26.80000", "2009-06-30": "25.30000", "2009-03-31": "24.20000", "2008-12-31": "33.70000", "2008-09-30": "46.00000", "2008-06-30": "43.00000", "2008-03-31": "15.10000", "2007-12-31": "46.00000", "2007-09-30": "57.60000", "2007-06-30": "13.50000", "2007-03-31": "33.60000", "2006-12-31": "39.30000", "2006-09-30": "17.00000", "2006-06-30": "32.90000", "2006-03-31": "34.80000", "2005-12-31": "35.20000", "2005-09-30": "33.50000", "2005-06-30": "37.00000", "2005-03-31": "31.40000"}, "EBITDA": {"2020-12-31": "", "2020-09-30": "", "2020-06-30": "", "2020-03-31": "", "2019-12-31": "", "2019-09-30": "", "2019-06-30": "", "2019-03-31": "", "2018-12-31": "", "2018-09-30": "", "2018-06-30": "", "2018-03-31": "", "2017-12-31": "", "2017-09-30": "", "2017-06-30": "", "2017-03-31": "", "2016-12-31": "", "2016-09-30": "", "2016-06-30": "", "2016-03-31": "", "2015-12-31": "", "2015-09-30": "", "2015-06-30": "", "2015-03-31": "", "2014-12-31": "", "2014-09-30": "", "2014-06-30": "", "2014-03-31": "", "2013-12-31": "", "2013-09-30": "", "2013-06-30": "", "2013-03-31": "", "2012-12-31": "", "2012-09-30": "", "2012-06-30": "", "2012-03-31": "", "2011-12-31": "", "2011-09-30": "", "2011-06-30": "", "2011-03-31": "", "2010-12-31": "", "2010-09-30": "", "2010-06-30": "", "2010-03-31": "", "2009-12-31": "", "2009-09-30": "", "2009-06-30": "", "2009-03-31": "", "2008-12-31": "", "2008-09-30": "", "2008-06-30": "", "2008-03-31": "", "2007-12-31": "", "2007-09-30": "", "2007-06-30": "", "2007-03-31": "", "2006-12-31": "", "2006-09-30": "", "2006-06-30": "", "2006-03-31": "", "2005-12-31": "", "2005-09-30": "", "2005-06-30": "", "2005-03-31": ""}, "EBIT": {"2020-12-31": "", "2020-09-30": "", "2020-06-30": "", "2020-03-31": "", "2019-12-31": "", "2019-09-30": "", "2019-06-30": "", "2019-03-31": "", "2018-12-31": "", "2018-09-30": "", "2018-06-30": "", "2018-03-31": "", "2017-12-31": "", "2017-09-30": "", "2017-06-30": "", "2017-03-31": "", "2016-12-31": "", "2016-09-30": "", "2016-06-30": "", "2016-03-31": "", "2015-12-31": "", "2015-09-30": "", "2015-06-30": "", "2015-03-31": "", "2014-12-31": "", "2014-09-30": "", "2014-06-30": "", "2014-03-31": "", "2013-12-31": "", "2013-09-30": "", "2013-06-30": "", "2013-03-31": "", "2012-12-31": "", "2012-09-30": "", "2012-06-30": "", "2012-03-31": "", "2011-12-31": "", "2011-09-30": "", "2011-06-30": "", "2011-03-31": "", "2010-12-31": "", "2010-09-30": "", "2010-06-30": "", "2010-03-31": "", "2009-12-31": "", "2009-09-30": "", "2009-06-30": "", "2009-03-31": "", "2008-12-31": "", "2008-09-30": "", "2008-06-30": "", "2008-03-31": "", "2007-12-31": "", "2007-09-30": "", "2007-06-30": "", "2007-03-31": "", "2006-12-31": "", "2006-09-30": "", "2006-06-30": "", "2006-03-31": "", "2005-12-31": "", "2005-09-30": "", "2005-06-30": "", "2005-03-31": ""}, "Basic Shares Outstanding": {"2020-12-31": "416.73470", "2020-09-30": "418.00000", "2020-06-30": "417.90000", "2020-03-31": "427.20000", "2019-12-31": "394.00000", "2019-09-30": "391.70000", "2019-06-30": "391.30000", "2019-03-31": "370.70000", "2018-12-31": "348.10000", "2018-09-30": "341.40000", "2018-06-30": "340.70000", "2018-03-31": "339.80000", "2017-12-31": "330.30000", "2017-09-30": "336.90000", "2017-06-30": "336.60000", "2017-03-31": "308.80000", "2016-12-31": "303.10000", "2016-09-30": "302.90000", "2016-06-30": "302.50000", "2016-03-31": "301.90000", "2015-12-31": "300.40000", "2015-09-30": "301.00000", "2015-06-30": "300.10000", "2015-03-31": "299.10000", "2014-12-31": "298.20000", "2014-09-30": "298.40000", "2014-06-30": "298.20000", "2014-03-31": "297.70000", "2013-12-31": "311.90000", "2013-09-30": "307.50000", "2013-06-30": "313.40000", "2013-03-31": "325.10000", "2012-12-31": "338.30000", "2012-09-30": "336.40000", "2012-06-30": "340.60000", "2012-03-31": "344.90000", "2011-12-31": "348.60000", "2011-09-30": "358.20000", "2011-06-30": "343.80000", "2011-03-31": "345.90000", "2010-12-31": "352.50000", "2010-09-30": "354.90000", "2010-06-30": "358.10000", "2010-03-31": "344.60000", "2009-12-31": "332.00000", "2009-09-30": "332.00000", "2009-06-30": "331.80000", "2009-03-31": "331.60000", "2008-12-31": "329.30000", "2008-09-30": "329.70000", "2008-06-30": "328.70000", "2008-03-31": "327.90000", "2007-12-31": "290.80000", "2007-09-30": "289.70000", "2007-06-30": "291.00000", "2007-03-31": "297.80000", "2006-12-31": "297.40000", "2006-09-30": "297.50000", "2006-06-30": "297.40000", "2006-03-31": "141.40000", "2005-12-31": "295.68000", "2005-09-30": "293.12400", "2005-06-30": "298.84700", "2005-03-31": "299.72900"}, "Shares Outstanding": {"2020-12-31": "420.39000", "2020-09-30": "420.20000", "2020-06-30": "420.10000", "2020-03-31": "429.80000", "2019-12-31": "397.20000", "2019-09-30": "394.50000", "2019-06-30": "394.60000", "2019-03-31": "374.10000", "2018-12-31": "351.70000", "2018-09-30": "345.00000", "2018-06-30": "344.50000", "2018-03-31": "344.00000", "2017-12-31": "332.90000", "2017-09-30": "338.80000", "2017-06-30": "338.50000", "2017-03-31": "311.10000", "2016-12-31": "304.00000", "2016-09-30": "303.30000", "2016-06-30": "302.50000", "2016-03-31": "301.90000", "2015-12-31": "300.40000", "2015-09-30": "301.00000", "2015-06-30": "300.10000", "2015-03-31": "299.10000", "2014-12-31": "298.30000", "2014-09-30": "298.40000", "2014-06-30": "298.20000", "2014-03-31": "297.70000", "2013-12-31": "312.00000", "2013-09-30": "307.60000", "2013-06-30": "313.50000", "2013-03-31": "325.20000", "2012-12-31": "338.40000", "2012-09-30": "336.50000", "2012-06-30": "340.70000", "2012-03-31": "345.00000", "2011-12-31": "348.70000", "2011-09-30": "358.30000", "2011-06-30": "343.90000", "2011-03-31": "346.00000", "2010-12-31": "352.60000", "2010-09-30": "355.00000", "2010-06-30": "358.20000", "2010-03-31": "344.80000", "2009-12-31": "332.30000", "2009-09-30": "332.20000", "2009-06-30": "332.30000", "2009-03-31": "332.20000", "2008-12-31": "330.10000", "2008-09-30": "331.30000", "2008-06-30": "330.20000", "2008-03-31": "329.20000", "2007-12-31": "292.10000", "2007-09-30": "290.80000", "2007-06-30": "292.40000", "2007-03-31": "299.30000", "2006-12-31": "298.90000", "2006-09-30": "298.50000", "2006-06-30": "298.60000", "2006-03-31": "142.00000", "2005-12-31": "295.68000", "2005-09-30": "293.12400", "2005-06-30": "298.84700", "2005-03-31": "299.72900"}, "Basic EPS": {"2020-12-31": "0.49000", "2020-09-30": "0.34000", "2020-06-30": "0.21000", "2020-03-31": "0.30000", "2019-12-31": "0.31000", "2019-09-30": "0.34000", "2019-06-30": "0.33000", "2019-03-31": "0.30000", "2018-12-31": "0.35000", "2018-09-30": "0.33000", "2018-06-30": "0.31000", "2018-03-31": "0.31000", "2017-12-31": "0.30000", "2017-09-30": "0.26000", "2017-06-30": "0.20000", "2017-03-31": "0.22000", "2016-12-31": "0.24000", "2016-09-30": "0.24000", "2016-06-30": "0.23000", "2016-03-31": "0.21000", "2015-12-31": "0.23000", "2015-09-30": "0.23000", "2015-06-30": "0.20000", "2015-03-31": "0.20000", "2014-12-31": "0.21000", "2014-09-30": "0.21000", "2014-06-30": "0.24000", "2014-03-31": "0.18000", "2013-12-31": "0.19000", "2013-09-30": "0.19000", "2013-06-30": "0.20000", "2013-03-31": "0.16000", "2012-12-31": "0.18000", "2012-09-30": "0.18000", "2012-06-30": "0.19000", "2012-03-31": "0.17000", "2011-12-31": "0.11000", "2011-09-30": "0.14000", "2011-06-30": "0.15000", "2011-03-31": "0.15000", "2010-12-31": "0.08000", "2010-09-30": "0.07000", "2010-06-30": "0.04000", "2010-03-31": "0.04000", "2009-12-31": "0.07000", "2009-09-30": "0.08000", "2009-06-30": "0.08000", "2009-03-31": "0.07000", "2008-12-31": "0.09000", "2008-09-30": "0.14000", "2008-06-30": "0.13000", "2008-03-31": "0.05000", "2007-12-31": "0.16000", "2007-09-30": "0.20000", "2007-06-30": "0.05000", "2007-03-31": "0.11000", "2006-12-31": "0.01000", "2006-09-30": "0.06000", "2006-06-30": "0.11000", "2006-03-31": "0.24000", "2005-12-31": "0.11910", "2005-09-30": "0.11430", "2005-06-30": "0.12380", "2005-03-31": "0.10480"}, "EPS - Earnings Per Share": {"2020-12-31": "0.49000", "2020-09-30": "0.34000", "2020-06-30": "0.21000", "2020-03-31": "0.30000", "2019-12-31": "0.31000", "2019-09-30": "0.33000", "2019-06-30": "0.33000", "2019-03-31": "0.30000", "2018-12-31": "0.35000", "2018-09-30": "0.33000", "2018-06-30": "0.31000", "2018-03-31": "0.30000", "2017-12-31": "0.30000", "2017-09-30": "0.26000", "2017-06-30": "0.19000", "2017-03-31": "0.22000", "2016-12-31": "0.24000", "2016-09-30": "0.24000", "2016-06-30": "0.23000", "2016-03-31": "0.21000", "2015-12-31": "0.23000", "2015-09-30": "0.23000", "2015-06-30": "0.20000", "2015-03-31": "0.20000", "2014-12-31": "0.21000", "2014-09-30": "0.21000", "2014-06-30": "0.24000", "2014-03-31": "0.18000", "2013-12-31": "0.19000", "2013-09-30": "0.19000", "2013-06-30": "0.20000", "2013-03-31": "0.16000", "2012-12-31": "0.18000", "2012-09-30": "0.18000", "2012-06-30": "0.19000", "2012-03-31": "0.17000", "2011-12-31": "0.11000", "2011-09-30": "0.14000", "2011-06-30": "0.15000", "2011-03-31": "0.15000", "2010-12-31": "0.08000", "2010-09-30": "0.07000", "2010-06-30": "0.04000", "2010-03-31": "0.04000", "2009-12-31": "0.07000", "2009-09-30": "0.08000", "2009-06-30": "0.08000", "2009-03-31": "0.07000", "2008-12-31": "0.09000", "2008-09-30": "0.14000", "2008-06-30": "0.13000", "2008-03-31": "0.05000", "2007-12-31": "0.16000", "2007-09-30": "0.20000", "2007-06-30": "0.05000", "2007-03-31": "0.11000", "2006-12-31": "0.00000", "2006-09-30": "0.06000", "2006-06-30": "0.11000", "2006-03-31": "0.24000", "2005-12-31": "0.11910", "2005-09-30": "0.11430", "2005-06-30": "0.12380", "2005-03-31": "0.10480"}}, "balance sheet": {"Cash On Hand": {"2020-12-31": "4243.30000", "2019-12-31": "808.10000", "2018-12-31": "940.40000", "2017-12-31": "890.80000", "2016-12-31": "620.90000", "2015-12-31": "722.00000", "2014-12-31": "1122.00000", "2013-12-31": "482.70000", "2012-12-31": "607.90000", "2011-12-31": "852.70000", "2010-12-31": "1558.00000", "2009-12-31": "3893.70000", "2008-12-31": "1505.30000", "2007-12-31": "3830.90000", "2006-12-31": "598.30000", "2005-12-31": "475.80000"}, "Receivables": {"2020-12-31": "", "2019-12-31": "", "2018-12-31": "", "2017-12-31": "", "2016-12-31": "", "2015-12-31": "", "2014-12-31": "", "2013-12-31": "", "2012-12-31": "", "2011-12-31": "", "2010-12-31": "", "2009-12-31": "", "2008-12-31": "", "2007-12-31": "", "2006-12-31": "", "2005-12-31": ""}, "Inventory": {"2020-12-31": "", "2019-12-31": "", "2018-12-31": "", "2017-12-31": "", "2016-12-31": "", "2015-12-31": "", "2014-12-31": "", "2013-12-31": "", "2012-12-31": "", "2011-12-31": "", "2010-12-31": "", "2009-12-31": "", "2008-12-31": "", "2007-12-31": "", "2006-12-31": "", "2005-12-31": ""}, "Pre-Paid Expenses": {"2020-12-31": "", "2019-12-31": "", "2018-12-31": "", "2017-12-31": "", "2016-12-31": "", "2015-12-31": "", "2014-12-31": "", "2013-12-31": "", "2012-12-31": "", "2011-12-31": "", "2010-12-31": "", "2009-12-31": "", "2008-12-31": "", "2007-12-31": "", "2006-12-31": "", "2005-12-31": ""}, "Other Current Assets": {"2020-12-31": "", "2019-12-31": "", "2018-12-31": "", "2017-12-31": "", "2016-12-31": "", "2015-12-31": "", "2014-12-31": "", "2013-12-31": "", "2012-12-31": "", "2011-12-31": "", "2010-12-31": "", "2009-12-31": "", "2008-12-31": "", "2007-12-31": "", "2006-12-31": "", "2005-12-31": ""}, "Total Current Assets": {"2020-12-31": "47714.20000", "2019-12-31": "44668.90000", "2018-12-31": "35960.90000", "2017-12-31": "33248.30000", "2016-12-31": "30175.80000", "2015-12-31": "28956.40000", "2014-12-31": "27549.90000", "2013-12-31": "24708.50000", "2012-12-31": "22233.50000", "2011-12-31": "21156.50000", "2010-12-31": "18801.70000", "2009-12-31": "17955.00000", "2008-12-31": "15913.50000", "2007-12-31": "12707.90000", "2006-12-31": "9896.00000", "2005-12-31": "8973.70000"}, "Property, Plant, And Equipment": {"2020-12-31": "276.70000", "2019-12-31": "305.50000", "2018-12-31": "267.30000", "2017-12-31": "253.00000", "2016-12-31": "244.50000", "2015-12-31": "257.80000", "2014-12-31": "277.80000", "2013-12-31": "304.10000", "2012-12-31": "330.40000", "2011-12-31": "339.60000", "2010-12-31": "325.10000", "2009-12-31": "264.50000", "2008-12-31": "262.40000", "2007-12-31": "156.80000", "2006-12-31": "136.80000", "2005-12-31": "140.10000"}, "Long-Term Investments": {"2020-12-31": "9191.19900", "2019-12-31": "7782.80000", "2018-12-31": "7224.80000", "2017-12-31": "7034.40000", "2016-12-31": "6731.10000", "2015-12-31": "6442.70000", "2014-12-31": "5003.70000", "2013-12-31": "5024.40000", "2012-12-31": "4662.20000", "2011-12-31": "2859.60000", "2010-12-31": "2949.80000", "2009-12-31": "826.10000", "2008-12-31": "1880.30000", "2007-12-31": "42.80000", "2006-12-31": "47.90000", "2005-12-31": "1335.70000"}, "Goodwill And Intangible Assets": {"2020-12-31": "3198.90000", "2019-12-31": "3274.60000", "2018-12-31": "2865.70000", "2017-12-31": "2560.00000", "2016-12-31": "2142.10000", "2015-12-31": "2087.80000", "2014-12-31": "2102.50000", "2013-12-31": "2127.30000", "2012-12-31": "2153.50000", "2011-12-31": "2174.20000", "2010-12-31": "1962.00000", "2009-12-31": "1515.20000", "2008-12-31": "1535.80000", "2007-12-31": "104.00000", "2006-12-31": "105.00000", "2005-12-31": "106.10000"}, "Other Long-Term Assets": {"2020-12-31": "3063.80000", "2019-12-31": "2558.00000", "2018-12-31": "1558.60000", "2017-12-31": "1357.70000", "2016-12-31": "1316.30000", "2015-12-31": "1202.00000", "2014-12-31": "1063.20000", "2013-12-31": "1049.40000", "2012-12-31": "944.80000", "2011-12-31": "1028.40000", "2010-12-31": "998.50000", "2009-12-31": "696.40000", "2008-12-31": "575.70000", "2007-12-31": "543.30000", "2006-12-31": "501.20000", "2005-12-31": "376.90000"}, "Total Long-Term Assets": {"2020-12-31": "15730.60000", "2019-12-31": "13920.90000", "2018-12-31": "11916.40000", "2017-12-31": "11205.10000", "2016-12-31": "10434.00000", "2015-12-31": "9990.30000", "2014-12-31": "8447.20000", "2013-12-31": "8505.20100", "2012-12-31": "8090.90000", "2011-12-31": "6401.80000", "2010-12-31": "6235.40000", "2009-12-31": "3302.20000", "2008-12-31": "4254.20000", "2007-12-31": "846.90000", "2006-12-31": "790.90000", "2005-12-31": "1958.80000"}, "Total Assets": {"2020-12-31": "63444.80000", "2019-12-31": "58589.80000", "2018-12-31": "47877.30000", "2017-12-31": "44453.40000", "2016-12-31": "40609.80000", "2015-12-31": "38946.70000", "2014-12-31": "35997.10000", "2013-12-31": "33213.70000", "2012-12-31": "30324.40000", "2011-12-31": "27558.30000", "2010-12-31": "25037.10000", "2009-12-31": "21257.20000", "2008-12-31": "20167.70000", "2007-12-31": "13554.80000", "2006-12-31": "10686.90000", "2005-12-31": "10932.50000"}, "Total Current Liabilities": {"2020-12-31": "52715.60000", "2019-12-31": "45618.60000", "2018-12-31": "37347.90000", "2017-12-31": "34385.70000", "2016-12-31": "30856.50000", "2015-12-31": "29260.90000", "2014-12-31": "27538.20000", "2013-12-31": "23894.50000", "2012-12-31": "22958.70000", "2011-12-31": "21340.10000", "2010-12-31": "18435.40000", "2009-12-31": "15589.70000", "2008-12-31": "14442.20000", "2007-12-31": "8880.60000", "2006-12-31": "9086.69900", "2005-12-31": "9352.50000"}, "Long Term Debt": {"2020-12-31": "1579.30000", "2019-12-31": "4118.50000", "2018-12-31": "3300.30000", "2017-12-31": "3676.00000", "2016-12-31": "4091.20000", "2015-12-31": "4496.90000", "2014-12-31": "3325.20000", "2013-12-31": "4358.90000", "2012-12-31": "1837.30000", "2011-12-31": "492.00000", "2010-12-31": "690.50000", "2009-12-31": "196.60000", "2008-12-31": "195.60000", "2007-12-31": "65.40000", "2006-12-31": "65.30000", "2005-12-31": "133.60000"}, "Other Non-Current Liabilities": {"2020-12-31": "1194.10000", "2019-12-31": "905.50000", "2018-12-31": "695.20000", "2017-12-31": "571.80000", "2016-12-31": "520.20000", "2015-12-31": "457.30000", "2014-12-31": "500.60000", "2013-12-31": "391.90000", "2012-12-31": "489.60000", "2011-12-31": "510.80000", "2010-12-31": "691.90000", "2009-12-31": "370.20000", "2008-12-31": "356.10000", "2007-12-31": "163.40000", "2006-12-31": "195.40000", "2005-12-31": "157.80000"}, "Total Long Term Liabilities": {"2020-12-31": "2773.40000", "2019-12-31": "5024.00000", "2018-12-31": "3995.50000", "2017-12-31": "4247.80000", "2016-12-31": "4611.40000", "2015-12-31": "4954.20000", "2014-12-31": "3825.80000", "2013-12-31": "4750.80000", "2012-12-31": "2326.90000", "2011-12-31": "1002.80000", "2010-12-31": "1382.40000", "2009-12-31": "566.80000", "2008-12-31": "551.70000", "2007-12-31": "228.80000", "2006-12-31": "260.70000", "2005-12-31": "291.40000"}, "Total Liabilities": {"2020-12-31": "55489.00000", "2019-12-31": "50642.60000", "2018-12-31": "41343.40000", "2017-12-31": "38633.50000", "2016-12-31": "35467.90000", "2015-12-31": "34215.10000", "2014-12-31": "31364.00000", "2013-12-31": "28645.30000", "2012-12-31": "25285.60000", "2011-12-31": "22342.90000", "2010-12-31": "19817.80000", "2009-12-31": "16156.50000", "2008-12-31": "14993.90000", "2007-12-31": "9109.40000", "2006-12-31": "9347.40000", "2005-12-31": "9643.90000"}, "Common Stock Net": {"2020-12-31": "5.30000", "2019-12-31": "5.30000", "2018-12-31": "4.70000", "2017-12-31": "4.40000", "2016-12-31": "4.00000", "2015-12-31": "3.90000", "2014-12-31": "3.90000", "2013-12-31": "3.90000", "2012-12-31": "3.90000", "2011-12-31": "3.90000", "2010-12-31": "3.70000", "2009-12-31": "3.50000", "2008-12-31": "3.50000", "2007-12-31": "3.00000", "2006-12-31": "142.20000", "2005-12-31": "141.60000"}, "Retained Earnings (Accumulated Deficit)": {"2020-12-31": "1716.60000", "2019-12-31": "1512.80000", "2018-12-31": "1284.80000", "2017-12-31": "1040.20000", "2016-12-31": "949.30000", "2015-12-31": "880.80000", "2014-12-31": "826.70000", "2013-12-31": "779.00000", "2012-12-31": "756.20000", "2011-12-31": "734.50000", "2010-12-31": "772.60000", "2009-12-31": "914.50000", "2008-12-31": "1020.90000", "2007-12-31": "1079.60000", "2006-12-31": "1062.40000", "2005-12-31": "998.40000"}, "Comprehensive Income": {"2020-12-31": "-89.20000", "2019-12-31": "-166.90000", "2018-12-31": "-256.80000", "2017-12-31": "-181.70000", "2016-12-31": "-195.00000", "2015-12-31": "-177.20000", "2014-12-31": "-168.20000", "2013-12-31": "-155.10000", "2012-12-31": "-96.90000", "2011-12-31": "-95.80000", "2010-12-31": "-99.00000", "2009-12-31": "-74.80000", "2008-12-31": "-75.40000", "2007-12-31": "-18.60000", "2006-12-31": "-48.00000", "2005-12-31": "-23.40000"}, "Other Share Holders Equity": {"2020-12-31": "", "2019-12-31": "", "2018-12-31": "", "2017-12-31": "", "2016-12-31": "", "2015-12-31": "", "2014-12-31": "", "2013-12-31": "", "2012-12-31": "", "2011-12-31": "", "2010-12-31": "", "2009-12-31": "", "2008-12-31": "", "2007-12-31": "", "2006-12-31": "", "2005-12-31": ""}, "Share Holder Equity": {"2020-12-31": "7955.80000", "2019-12-31": "7947.20000", "2018-12-31": "6533.90000", "2017-12-31": "5819.90000", "2016-12-31": "5141.90000", "2015-12-31": "4731.60000", "2014-12-31": "4633.10000", "2013-12-31": "4568.40000", "2012-12-31": "5038.80000", "2011-12-31": "5215.40000", "2010-12-31": "5219.30000", "2009-12-31": "5100.70000", "2008-12-31": "5173.80000", "2007-12-31": "4445.40000", "2006-12-31": "1339.50000", "2005-12-31": "1288.60000"}, "Total Liabilities And Share Holders Equity": {"2020-12-31": "63444.80000", "2019-12-31": "58589.80000", "2018-12-31": "47877.30000", "2017-12-31": "44453.40000", "2016-12-31": "40609.80000", "2015-12-31": "38946.70000", "2014-12-31": "35997.10000", "2013-12-31": "33213.70000", "2012-12-31": "30324.40000", "2011-12-31": "27558.30000", "2010-12-31": "25037.10000", "2009-12-31": "21257.20000", "2008-12-31": "20167.70000", "2007-12-31": "13554.80000", "2006-12-31": "10686.90000", "2005-12-31": "10932.50000"}}, "balance sheet, quarterly": {"Cash On Hand": {"2020-12-31": "4243.30000", "2020-09-30": "1055.40000", "2020-06-30": "1479.30000", "2020-03-31": "1251.90000", "2019-12-31": "808.10000", "2019-09-30": "802.30000", "2019-06-30": "790.00000", "2019-03-31": "622.80000", "2018-12-31": "940.40000", "2018-09-30": "546.30000", "2018-06-30": "724.00000", "2018-03-31": "880.70000", "2017-12-31": "890.80000", "2017-09-30": "724.90000", "2017-06-30": "680.00000", "2017-03-31": "780.80000", "2016-12-31": "620.90000", "2016-09-30": "727.10000", "2016-06-30": "714.60000", "2016-03-31": "560.50000", "2015-12-31": "722.00000", "2015-09-30": "553.20000", "2015-06-30": "566.60000", "2015-03-31": "565.10000", "2014-12-31": "1122.00000", "2014-09-30": "827.90000", "2014-06-30": "571.30000", "2014-03-31": "508.70000", "2013-12-31": "482.70000", "2013-09-30": "601.50000", "2013-06-30": "505.50000", "2013-03-31": "454.10000", "2012-12-31": "607.90000", "2012-09-30": "428.30000", "2012-06-30": "499.90000", "2012-03-31": "1131.10000", "2011-12-31": "852.70000", "2011-09-30": "1219.90000", "2011-06-30": "1241.50000", "2011-03-31": "1326.30000", "2010-12-31": "1558.00000", "2010-09-30": "1621.90000", "2010-06-30": "2377.30000", "2010-03-31": "2899.30000", "2009-12-31": "3893.70000", "2009-09-30": "3498.20000", "2009-06-30": "3428.00000", "2009-03-31": "3083.20000", "2008-12-31": "1505.30000", "2008-09-30": "3004.30000", "2008-06-30": "2880.30000", "2008-03-31": "3302.90000", "2007-12-31": "3830.90000", "2007-09-30": "3876.80000", "2007-06-30": "4042.00000", "2007-03-31": "1583.90000", "2006-12-31": "598.30000", "2006-09-30": "564.90000", "2006-06-30": "500.60000", "2006-03-31": "435.40000", "2005-12-31": "507.70000", "2005-09-30": "454.60000", "2005-06-30": "", "2005-03-31": "412.10000"}, "Receivables": {"2020-12-31": "", "2020-09-30": "", "2020-06-30": "", "2020-03-31": "", "2019-12-31": "", "2019-09-30": "", "2019-06-30": "", "2019-03-31": "", "2018-12-31": "", "2018-09-30": "", "2018-06-30": "", "2018-03-31": "", "2017-12-31": "", "2017-09-30": "", "2017-06-30": "", "2017-03-31": "", "2016-12-31": "", "2016-09-30": "", "2016-06-30": "", "2016-03-31": "", "2015-12-31": "", "2015-09-30": "", "2015-06-30": "", "2015-03-31": "", "2014-12-31": "", "2014-09-30": "", "2014-06-30": "", "2014-03-31": "", "2013-12-31": "", "2013-09-30": "", "2013-06-30": "", "2013-03-31": "", "2012-12-31": "", "2012-09-30": "", "2012-06-30": "", "2012-03-31": "", "2011-12-31": "", "2011-09-30": "", "2011-06-30": "", "2011-03-31": "", "2010-12-31": "", "2010-09-30": "", "2010-06-30": "", "2010-03-31": "", "2009-12-31": "", "2009-09-30": "", "2009-06-30": "", "2009-03-31": "", "2008-12-31": "", "2008-09-30": "", "2008-06-30": "", "2008-03-31": "", "2007-12-31": "", "2007-09-30": "", "2007-06-30": "", "2007-03-31": "", "2006-12-31": "", "2006-09-30": "", "2006-06-30": "", "2006-03-31": "", "2005-12-31": "", "2005-09-30": "", "2005-06-30": "", "2005-03-31": ""}, "Inventory": {"2020-12-31": "", "2020-09-30": "", "2020-06-30": "", "2020-03-31": "", "2019-12-31": "", "2019-09-30": "", "2019-06-30": "", "2019-03-31": "", "2018-12-31": "", "2018-09-30": "", "2018-06-30": "", "2018-03-31": "", "2017-12-31": "", "2017-09-30": "", "2017-06-30": "", "2017-03-31": "", "2016-12-31": "", "2016-09-30": "", "2016-06-30": "", "2016-03-31": "", "2015-12-31": "", "2015-09-30": "", "2015-06-30": "", "2015-03-31": "", "2014-12-31": "", "2014-09-30": "", "2014-06-30": "", "2014-03-31": "", "2013-12-31": "", "2013-09-30": "", "2013-06-30": "", "2013-03-31": "", "2012-12-31": "", "2012-09-30": "", "2012-06-30": "", "2012-03-31": "", "2011-12-31": "", "2011-09-30": "", "2011-06-30": "", "2011-03-31": "", "2010-12-31": "", "2010-09-30": "", "2010-06-30": "", "2010-03-31": "", "2009-12-31": "", "2009-09-30": "", "2009-06-30": "", "2009-03-31": "", "2008-12-31": "", "2008-09-30": "", "2008-06-30": "", "2008-03-31": "", "2007-12-31": "", "2007-09-30": "", "2007-06-30": "", "2007-03-31": "", "2006-12-31": "", "2006-09-30": "", "2006-06-30": "", "2006-03-31": "", "2005-12-31": "", "2005-09-30": "", "2005-06-30": "", "2005-03-31": ""}, "Pre-Paid Expenses": {"2020-12-31": "", "2020-09-30": "", "2020-06-30": "", "2020-03-31": "", "2019-12-31": "", "2019-09-30": "", "2019-06-30": "", "2019-03-31": "", "2018-12-31": "", "2018-09-30": "", "2018-06-30": "", "2018-03-31": "", "2017-12-31": "", "2017-09-30": "", "2017-06-30": "", "2017-03-31": "", "2016-12-31": "", "2016-09-30": "", "2016-06-30": "", "2016-03-31": "", "2015-12-31": "", "2015-09-30": "", "2015-06-30": "", "2015-03-31": "", "2014-12-31": "", "2014-09-30": "", "2014-06-30": "", "2014-03-31": "", "2013-12-31": "", "2013-09-30": "", "2013-06-30": "", "2013-03-31": "", "2012-12-31": "", "2012-09-30": "", "2012-06-30": "", "2012-03-31": "", "2011-12-31": "", "2011-09-30": "", "2011-06-30": "", "2011-03-31": "", "2010-12-31": "", "2010-09-30": "", "2010-06-30": "", "2010-03-31": "", "2009-12-31": "", "2009-09-30": "", "2009-06-30": "", "2009-03-31": "", "2008-12-31": "", "2008-09-30": "", "2008-06-30": "", "2008-03-31": "", "2007-12-31": "", "2007-09-30": "", "2007-06-30": "", "2007-03-31": "", "2006-12-31": "", "2006-09-30": "", "2006-06-30": "", "2006-03-31": "", "2005-12-31": "", "2005-09-30": "", "2005-06-30": "", "2005-03-31": ""}, "Other Current Assets": {"2020-12-31": "", "2020-09-30": "", "2020-06-30": "", "2020-03-31": "", "2019-12-31": "", "2019-09-30": "", "2019-06-30": "", "2019-03-31": "", "2018-12-31": "", "2018-09-30": "", "2018-06-30": "", "2018-03-31": "", "2017-12-31": "", "2017-09-30": "", "2017-06-30": "", "2017-03-31": "", "2016-12-31": "", "2016-09-30": "", "2016-06-30": "", "2016-03-31": "", "2015-12-31": "", "2015-09-30": "", "2015-06-30": "", "2015-03-31": "", "2014-12-31": "", "2014-09-30": "", "2014-06-30": "", "2014-03-31": "", "2013-12-31": "", "2013-09-30": "", "2013-06-30": "", "2013-03-31": "", "2012-12-31": "", "2012-09-30": "", "2012-06-30": "", "2012-03-31": "", "2011-12-31": "", "2011-09-30": "", "2011-06-30": "", "2011-03-31": "", "2010-12-31": "", "2010-09-30": "", "2010-06-30": "", "2010-03-31": "", "2009-12-31": "", "2009-09-30": "", "2009-06-30": "", "2009-03-31": "", "2008-12-31": "", "2008-09-30": "", "2008-06-30": "", "2008-03-31": "", "2007-12-31": "", "2007-09-30": "", "2007-06-30": "", "2007-03-31": "", "2006-12-31": "", "2006-09-30": "", "2006-06-30": "", "2006-03-31": "", "2005-12-31": "", "2005-09-30": "", "2005-06-30": "", "2005-03-31": ""}, "Total Current Assets": {"2020-12-31": "47714.20000", "2020-09-30": "45883.60000", "2020-06-30": "46529.00000", "2020-03-31": "45213.40000", "2019-12-31": "44668.90000", "2019-09-30": "39362.50000", "2019-06-30": "39120.10000", "2019-03-31": "35904.90000", "2018-12-31": "35960.90000", "2018-09-30": "32522.80000", "2018-06-30": "33016.30000", "2018-03-31": "32760.20000", "2017-12-31": "33248.30000", "2017-09-30": "32891.00000", "2017-06-30": "32086.10000", "2017-03-31": "30253.90000", "2016-12-31": "30175.80000", "2016-09-30": "29915.10000", "2016-06-30": "29593.90000", "2016-03-31": "28887.20000", "2015-12-31": "28956.40000", "2015-09-30": "28054.10000", "2015-06-30": "27980.30000", "2015-03-31": "27343.20000", "2014-12-31": "27549.90000", "2014-09-30": "26618.70000", "2014-06-30": "25868.10000", "2014-03-31": "24965.00000", "2013-12-31": "24708.50000", "2013-09-30": "23669.20000", "2013-06-30": "23254.30000", "2013-03-31": "22478.40000", "2012-12-31": "22233.50000", "2012-09-30": "21342.30000", "2012-06-30": "20982.60000", "2012-03-31": "21494.10000", "2011-12-31": "21156.50000", "2011-09-30": "21236.50000", "2011-06-30": "18789.30000", "2011-03-31": "18689.90000", "2010-12-31": "18801.70000", "2010-09-30": "16664.20000", "2010-06-30": "17419.70000", "2010-03-31": "18038.10000", "2009-12-31": "17955.00000", "2009-09-30": "17627.30000", "2009-06-30": "17813.60000", "2009-03-31": "17572.00000", "2008-12-31": "15913.50000", "2008-09-30": "17180.40000", "2008-06-30": "17094.80000", "2008-03-31": "17643.20000", "2007-12-31": "12707.90000", "2007-09-30": "12738.90000", "2007-06-30": "13016.00000", "2007-03-31": "10819.50000", "2006-12-31": "9896.00000", "2006-09-30": "9675.80100", "2006-06-30": "9460.30000", "2006-03-31": "9120.70000", "2005-12-31": "17503.50000", "2005-09-30": "8764.19900", "2005-06-30": "", "2005-03-31": "8427.20000"}, "Property, Plant, And Equipment": {"2020-12-31": "276.70000", "2020-09-30": "281.30000", "2020-06-30": "285.70000", "2020-03-31": "300.80000", "2019-12-31": "305.50000", "2019-09-30": "258.50000", "2019-06-30": "261.00000", "2019-03-31": "255.80000", "2018-12-31": "267.30000", "2018-09-30": "243.80000", "2018-06-30": "246.30000", "2018-03-31": "250.00000", "2017-12-31": "253.00000", "2017-09-30": "264.70000", "2017-06-30": "270.20000", "2017-03-31": "239.40000", "2016-12-31": "244.50000", "2016-09-30": "245.10000", "2016-06-30": "249.50000", "2016-03-31": "252.10000", "2015-12-31": "257.80000", "2015-09-30": "258.70000", "2015-06-30": "262.90000", "2015-03-31": "268.40000", "2014-12-31": "277.80000", "2014-09-30": "282.50000", "2014-06-30": "289.30000", "2014-03-31": "292.50000", "2013-12-31": "304.10000", "2013-09-30": "314.20000", "2013-06-30": "320.10000", "2013-03-31": "327.00000", "2012-12-31": "330.40000", "2012-09-30": "334.70000", "2012-06-30": "337.40000", "2012-03-31": "330.40000", "2011-12-31": "339.60000", "2011-09-30": "363.10000", "2011-06-30": "323.60000", "2011-03-31": "326.00000", "2010-12-31": "325.10000", "2010-09-30": "254.10000", "2010-06-30": "255.00000", "2010-03-31": "258.20000", "2009-12-31": "264.50000", "2009-09-30": "261.70000", "2009-06-30": "258.20000", "2009-03-31": "260.40000", "2008-12-31": "262.40000", "2008-09-30": "265.60000", "2008-06-30": "267.20000", "2008-03-31": "269.10000", "2007-12-31": "156.80000", "2007-09-30": "151.40000", "2007-06-30": "147.40000", "2007-03-31": "143.20000", "2006-12-31": "136.80000", "2006-09-30": "", "2006-06-30": "", "2006-03-31": "", "2005-12-31": "140.10000", "2005-09-30": "", "2005-06-30": "", "2005-03-31": ""}, "Long-Term Investments": {"2020-12-31": "9191.19900", "2020-09-30": "8269.90000", "2020-06-30": "8233.00000", "2020-03-31": "8551.50000", "2019-12-31": "7782.80000", "2019-09-30": "7125.89900", "2019-06-30": "7076.60000", "2019-03-31": "7167.20000", "2018-12-31": "7224.80000", "2018-09-30": "7376.30000", "2018-06-30": "7315.90000", "2018-03-31": "7164.80000", "2017-12-31": "7034.40000", "2017-09-30": "6906.00000", "2017-06-30": "6872.20000", "2017-03-31": "6415.70000", "2016-12-31": "6731.10000", "2016-09-30": "7039.50000", "2016-06-30": "6778.60000", "2016-03-31": "6724.80000", "2015-12-31": "6442.70000", "2015-09-30": "5913.00000", "2015-06-30": "5747.40000", "2015-03-31": "5568.40000", "2014-12-31": "5003.70000", "2014-09-30": "4678.80000", "2014-06-30": "4571.80000", "2014-03-31": "4681.90000", "2013-12-31": "5024.40000", "2013-09-30": "4372.80000", "2013-06-30": "4611.40000", "2013-03-31": "4709.50000", "2012-12-31": "4662.20000", "2012-09-30": "3780.90000", "2012-06-30": "3690.10000", "2012-03-31": "2872.40000", "2011-12-31": "2859.60000", "2011-09-30": "2470.10000", "2011-06-30": "3141.10000", "2011-03-31": "3118.40000", "2010-12-31": "2949.80000", "2010-09-30": "2394.00000", "2010-06-30": "1711.00000", "2010-03-31": "810.49990", "2009-12-31": "826.10000", "2009-09-30": "539.80000", "2009-06-30": "478.70000", "2009-03-31": "789.40000", "2008-12-31": "1880.30000", "2008-09-30": "394.90000", "2008-06-30": "836.70000", "2008-03-31": "951.20000", "2007-12-31": "42.80000", "2007-09-30": "43.20000", "2007-06-30": "43.20000", "2007-03-31": "43.10000", "2006-12-31": "47.90000", "2006-09-30": "172.40000", "2006-06-30": "870.90000", "2006-03-31": "1283.40000", "2005-12-31": "2723.70000", "2005-09-30": "1522.90000", "2005-06-30": "", "2005-03-31": "1982.20000"}, "Goodwill And Intangible Assets": {"2020-12-31": "3198.90000", "2020-09-30": "3243.50000", "2020-06-30": "3253.70000", "2020-03-31": "3264.00000", "2019-12-31": "3274.60000", "2019-09-30": "3064.90000", "2019-06-30": "3072.90000", "2019-03-31": "2896.50000", "2018-12-31": "2865.70000", "2018-09-30": "2568.90000", "2018-06-30": "2573.80000", "2018-03-31": "2554.90000", "2017-12-31": "2560.00000", "2017-09-30": "2567.90000", "2017-06-30": "2426.30000", "2017-03-31": "2135.80000", "2016-12-31": "2142.10000", "2016-09-30": "2070.30000", "2016-06-30": "2076.10000", "2016-03-31": "2078.90000", "2015-12-31": "2087.80000", "2015-09-30": "2084.70000", "2015-06-30": "2090.60000", "2015-03-31": "2096.60000", "2014-12-31": "2102.50000", "2014-09-30": "2108.70000", "2014-06-30": "2114.90000", "2014-03-31": "2121.10000", "2013-12-31": "2127.30000", "2013-09-30": "2133.90000", "2013-06-30": "2140.40000", "2013-03-31": "2147.00000", "2012-12-31": "2153.50000", "2012-09-30": "2160.30000", "2012-06-30": "2166.40000", "2012-03-31": "2169.20000", "2011-12-31": "2174.20000", "2011-09-30": "2151.20000", "2011-06-30": "1946.70000", "2011-03-31": "1952.60000", "2010-12-31": "1962.00000", "2010-09-30": "1772.30000", "2010-06-30": "1778.20000", "2010-03-31": "1766.50000", "2009-12-31": "1515.20000", "2009-09-30": "1520.20000", "2009-06-30": "1525.30000", "2009-03-31": "1530.60000", "2008-12-31": "1535.80000", "2008-09-30": "1536.90000", "2008-06-30": "1541.30000", "2008-03-31": "1535.90000", "2007-12-31": "104.00000", "2007-09-30": "104.20000", "2007-06-30": "104.50000", "2007-03-31": "104.80000", "2006-12-31": "105.00000", "2006-09-30": "105.30000", "2006-06-30": "105.60000", "2006-03-31": "105.80000", "2005-12-31": "106.20000", "2005-09-30": "106.40000", "2005-06-30": "", "2005-03-31": "109.20000"}, "Other Long-Term Assets": {"2020-12-31": "3063.80000", "2020-09-30": "3192.90000", "2020-06-30": "3208.30000", "2020-03-31": "3103.60000", "2019-12-31": "2558.00000", "2019-09-30": "2260.00000", "2019-06-30": "2091.90000", "2019-03-31": "1867.50000", "2018-12-31": "1558.60000", "2018-09-30": "1421.40000", "2018-06-30": "1422.20000", "2018-03-31": "1370.60000", "2017-12-31": "1357.70000", "2017-09-30": "1368.60000", "2017-06-30": "1368.40000", "2017-03-31": "1184.80000", "2016-12-31": "1316.30000", "2016-09-30": "1422.10000", "2016-06-30": "1451.90000", "2016-03-31": "1320.80000", "2015-12-31": "1202.00000", "2015-09-30": "1167.20000", "2015-06-30": "1102.00000", "2015-03-31": "1130.70000", "2014-12-31": "1063.20000", "2014-09-30": "1086.20000", "2014-06-30": "1077.10000", "2014-03-31": "1051.90000", "2013-12-31": "1049.40000", "2013-09-30": "1020.50000", "2013-06-30": "1018.70000", "2013-03-31": "936.30000", "2012-12-31": "944.80000", "2012-09-30": "957.80000", "2012-06-30": "977.60000", "2012-03-31": "941.80000", "2011-12-31": "1028.40000", "2011-09-30": "992.10000", "2011-06-30": "1121.80000", "2011-03-31": "875.40000", "2010-12-31": "998.50000", "2010-09-30": "812.70000", "2010-06-30": "786.40000", "2010-03-31": "714.80000", "2009-12-31": "696.40000", "2009-09-30": "861.10000", "2009-06-30": "735.70000", "2009-03-31": "528.70000", "2008-12-31": "575.70000", "2008-09-30": "664.20000", "2008-06-30": "652.40000", "2008-03-31": "707.30000", "2007-12-31": "543.30000", "2007-09-30": "512.80000", "2007-06-30": "510.60000", "2007-03-31": "491.80000", "2006-12-31": "501.20000", "2006-09-30": "524.50000", "2006-06-30": "432.70000", "2006-03-31": "417.10000", "2005-12-31": "367.50000", "2005-09-30": "349.20000", "2005-06-30": "", "2005-03-31": "190.50000"}, "Total Long-Term Assets": {"2020-12-31": "15730.60000", "2020-09-30": "14987.60000", "2020-06-30": "14980.70000", "2020-03-31": "15219.90000", "2019-12-31": "13920.90000", "2019-09-30": "12709.30000", "2019-06-30": "12502.40000", "2019-03-31": "12187.00000", "2018-12-31": "11916.40000", "2018-09-30": "11610.40000", "2018-06-30": "11558.20000", "2018-03-31": "11340.30000", "2017-12-31": "11205.10000", "2017-09-30": "11107.20000", "2017-06-30": "10937.10000", "2017-03-31": "9975.70000", "2016-12-31": "10434.00000", "2016-09-30": "10777.00000", "2016-06-30": "10556.10000", "2016-03-31": "10376.60000", "2015-12-31": "9990.30000", "2015-09-30": "9423.60100", "2015-06-30": "9202.90000", "2015-03-31": "9064.10000", "2014-12-31": "8447.20000", "2014-09-30": "8156.20000", "2014-06-30": "8053.10000", "2014-03-31": "8147.40000", "2013-12-31": "8505.20100", "2013-09-30": "7841.40000", "2013-06-30": "8090.60000", "2013-03-31": "8119.80000", "2012-12-31": "8090.90000", "2012-09-30": "7233.70000", "2012-06-30": "7171.50000", "2012-03-31": "6313.80000", "2011-12-31": "6401.80000", "2011-09-30": "5976.50000", "2011-06-30": "6533.20000", "2011-03-31": "6272.40000", "2010-12-31": "6235.40000", "2010-09-30": "5233.10000", "2010-06-30": "4530.60000", "2010-03-31": "3550.00000", "2009-12-31": "3302.20000", "2009-09-30": "3182.80000", "2009-06-30": "2997.90000", "2009-03-31": "3109.10000", "2008-12-31": "4254.20000", "2008-09-30": "2861.60000", "2008-06-30": "3297.60000", "2008-03-31": "3463.50000", "2007-12-31": "846.90000", "2007-09-30": "811.60000", "2007-06-30": "805.70000", "2007-03-31": "782.90000", "2006-12-31": "790.90000", "2006-09-30": "802.20000", "2006-06-30": "1409.20000", "2006-03-31": "1806.30000", "2005-12-31": "3337.50000", "2005-09-30": "1978.50000", "2005-06-30": "", "2005-03-31": "2281.90000"}, "Total Assets": {"2020-12-31": "63444.80000", "2020-09-30": "60871.20000", "2020-06-30": "61509.70000", "2020-03-31": "60433.30000", "2019-12-31": "58589.80000", "2019-09-30": "52071.80000", "2019-06-30": "51622.50000", "2019-03-31": "48091.90000", "2018-12-31": "47877.30000", "2018-09-30": "44133.20000", "2018-06-30": "44574.50000", "2018-03-31": "44100.50000", "2017-12-31": "44453.40000", "2017-09-30": "43998.20000", "2017-06-30": "43023.20000", "2017-03-31": "40229.60000", "2016-12-31": "40609.80000", "2016-09-30": "40692.10000", "2016-06-30": "40150.00000", "2016-03-31": "39263.80000", "2015-12-31": "38946.70000", "2015-09-30": "37477.70000", "2015-06-30": "37183.20000", "2015-03-31": "36407.30000", "2014-12-31": "35997.10000", "2014-09-30": "34774.90000", "2014-06-30": "33921.20000", "2014-03-31": "33112.40000", "2013-12-31": "33213.70000", "2013-09-30": "31510.60000", "2013-06-30": "31344.90000", "2013-03-31": "30598.20000", "2012-12-31": "30324.40000", "2012-09-30": "28576.00000", "2012-06-30": "28154.10000", "2012-03-31": "27807.90000", "2011-12-31": "27558.30000", "2011-09-30": "27213.00000", "2011-06-30": "25322.50000", "2011-03-31": "24962.30000", "2010-12-31": "25037.10000", "2010-09-30": "21897.30000", "2010-06-30": "21950.30000", "2010-03-31": "21588.10000", "2009-12-31": "21257.20000", "2009-09-30": "20810.10000", "2009-06-30": "20811.50000", "2009-03-31": "20681.10000", "2008-12-31": "20167.70000", "2008-09-30": "20042.00000", "2008-06-30": "20392.40000", "2008-03-31": "21106.70000", "2007-12-31": "13554.80000", "2007-09-30": "13550.50000", "2007-06-30": "13821.70000", "2007-03-31": "11602.40000", "2006-12-31": "10686.90000", "2006-09-30": "10612.10000", "2006-06-30": "11004.70000", "2006-03-31": "11081.10000", "2005-12-31": "10932.50000", "2005-09-30": "10891.10000", "2005-06-30": "0.00000", "2005-03-31": "10857.30000"}, "Total Current Liabilities": {"2020-12-31": "52715.60000", "2020-09-30": "50294.00000", "2020-06-30": "50426.40000", "2020-03-31": "46162.20000", "2019-12-31": "45618.60000", "2019-09-30": "40254.10000", "2019-06-30": "40812.50000", "2019-03-31": "38187.30000", "2018-12-31": "37347.90000", "2018-09-30": "34232.50000", "2018-06-30": "33597.20000", "2018-03-31": "34160.00000", "2017-12-31": "34385.70000", "2017-09-30": "33617.20000", "2017-06-30": "32768.30000", "2017-03-31": "31528.30000", "2016-12-31": "30856.50000", "2016-09-30": "30830.20000", "2016-06-30": "29999.90000", "2016-03-31": "29759.70000", "2015-12-31": "29260.90000", "2015-09-30": "29112.00000", "2015-06-30": "28382.40000", "2015-03-31": "28126.90000", "2014-12-31": "27538.20000", "2014-09-30": "26209.60000", "2014-06-30": "25063.50000", "2014-03-31": "24933.90000", "2013-12-31": "23894.50000", "2013-09-30": "23440.40000", "2013-06-30": "23401.50000", "2013-03-31": "23233.50000", "2012-12-31": "22958.70000", "2012-09-30": "22257.60000", "2012-06-30": "21910.50000", "2012-03-31": "21720.30000", "2011-12-31": "21340.10000", "2011-09-30": "21033.80000", "2011-06-30": "19132.00000", "2011-03-31": "18786.40000", "2010-12-31": "18435.40000", "2010-09-30": "15919.10000", "2010-06-30": "15967.30000", "2010-03-31": "15561.50000", "2009-12-31": "15589.70000", "2009-09-30": "15189.40000", "2009-06-30": "15168.50000", "2009-03-31": "15016.20000", "2008-12-31": "14442.20000", "2008-09-30": "14288.40000", "2008-06-30": "14659.90000", "2008-03-31": "15291.00000", "2007-12-31": "8880.60000", "2007-09-30": "8781.80000", "2007-06-30": "9090.90000", "2007-03-31": "9975.39900", "2006-12-31": "9086.69900", "2006-09-30": "8992.19900", "2006-06-30": "9319.20000", "2006-03-31": "9503.40000", "2005-12-31": "18705.00000", "2005-09-30": "9478.70000", "2005-06-30": "", "2005-03-31": "9234.90000"}, "Long Term Debt": {"2020-12-31": "1579.30000", "2020-09-30": "1591.80000", "2020-06-30": "2304.20000", "2020-03-31": "5502.30000", "2019-12-31": "4118.50000", "2019-09-30": "3864.20000", "2019-06-30": "2965.90000", "2019-03-31": "2474.80000", "2018-12-31": "3300.30000", "2018-09-30": "3255.30000", "2018-06-30": "4398.80000", "2018-03-31": "3502.60000", "2017-12-31": "3676.00000", "2017-09-30": "3980.30000", "2017-06-30": "4037.30000", "2017-03-31": "3064.30000", "2016-12-31": "4091.20000", "2016-09-30": "4315.70000", "2016-06-30": "4620.60000", "2016-03-31": "4113.50000", "2015-12-31": "4496.90000", "2015-09-30": "3209.40000", "2015-06-30": "3645.00000", "2015-03-31": "3208.20000", "2014-12-31": "3325.20000", "2014-09-30": "3489.00000", "2014-06-30": "3838.20000", "2014-03-31": "3258.30000", "2013-12-31": "4358.90000", "2013-09-30": "3009.60000", "2013-06-30": "2845.30000", "2013-03-31": "2066.70000", "2012-12-31": "1837.30000", "2012-09-30": "789.70000", "2012-06-30": "667.00000", "2012-03-31": "518.10000", "2011-12-31": "492.00000", "2011-09-30": "492.80000", "2011-06-30": "636.60000", "2011-03-31": "657.90000", "2010-12-31": "690.50000", "2010-09-30": "192.60000", "2010-06-30": "190.00000", "2010-03-31": "192.70000", "2009-12-31": "196.60000", "2009-09-30": "196.50000", "2009-06-30": "195.80000", "2009-03-31": "195.60000", "2008-12-31": "195.60000", "2008-09-30": "195.50000", "2008-06-30": "195.20000", "2008-03-31": "196.60000", "2007-12-31": "65.40000", "2007-09-30": "65.30000", "2007-06-30": "65.30000", "2007-03-31": "65.30000", "2006-12-31": "65.30000", "2006-09-30": "108.80000", "2006-06-30": "213.70000", "2006-03-31": "108.70000", "2005-12-31": "158.60000", "2005-09-30": "", "2005-06-30": "", "2005-03-31": "221.90000"}, "Other Non-Current Liabilities": {"2020-12-31": "1194.10000", "2020-09-30": "1153.90000", "2020-06-30": "1016.10000", "2020-03-31": "1043.30000", "2019-12-31": "905.50000", "2019-09-30": "822.80000", "2019-06-30": "797.90000", "2019-03-31": "808.60000", "2018-12-31": "695.20000", "2018-09-30": "686.50000", "2018-06-30": "678.30000", "2018-03-31": "592.40000", "2017-12-31": "571.80000", "2017-09-30": "654.60000", "2017-06-30": "514.10000", "2017-03-31": "442.00000", "2016-12-31": "520.20000", "2016-09-30": "683.90000", "2016-06-30": "699.80000", "2016-03-31": "599.40000", "2015-12-31": "457.30000", "2015-09-30": "425.50000", "2015-06-30": "470.10000", "2015-03-31": "390.30000", "2014-12-31": "500.60000", "2014-09-30": "421.30000", "2014-06-30": "384.00000", "2014-03-31": "324.40000", "2013-12-31": "391.90000", "2013-09-30": "423.00000", "2013-06-30": "420.20000", "2013-03-31": "411.90000", "2012-12-31": "489.60000", "2012-09-30": "421.30000", "2012-06-30": "430.00000", "2012-03-31": "388.90000", "2011-12-31": "510.80000", "2011-09-30": "395.90000", "2011-06-30": "360.00000", "2011-03-31": "357.70000", "2010-12-31": "691.90000", "2010-09-30": "421.10000", "2010-06-30": "379.70000", "2010-03-31": "355.30000", "2009-12-31": "370.20000", "2009-09-30": "309.00000", "2009-06-30": "310.60000", "2009-03-31": "308.90000", "2008-12-31": "356.10000", "2008-09-30": "319.50000", "2008-06-30": "326.20000", "2008-03-31": "400.50000", "2007-12-31": "163.40000", "2007-09-30": "169.70000", "2007-06-30": "161.90000", "2007-03-31": "202.90000", "2006-12-31": "195.40000", "2006-09-30": "159.70000", "2006-06-30": "145.50000", "2006-03-31": "162.60000", "2005-12-31": "157.80000", "2005-09-30": "144.70000", "2005-06-30": "", "2005-03-31": "184.20000"}, "Total Long Term Liabilities": {"2020-12-31": "2773.40000", "2020-09-30": "2745.70000", "2020-06-30": "3320.30000", "2020-03-31": "6545.60100", "2019-12-31": "5024.00000", "2019-09-30": "4687.00000", "2019-06-30": "3763.80000", "2019-03-31": "3283.40000", "2018-12-31": "3995.50000", "2018-09-30": "3941.80000", "2018-06-30": "5077.10000", "2018-03-31": "4095.00000", "2017-12-31": "4247.80000", "2017-09-30": "4634.90000", "2017-06-30": "4551.40000", "2017-03-31": "3506.30000", "2016-12-31": "4611.40000", "2016-09-30": "4999.60000", "2016-06-30": "5320.39900", "2016-03-31": "4712.90000", "2015-12-31": "4954.20000", "2015-09-30": "3634.90000", "2015-06-30": "4115.10000", "2015-03-31": "3598.50000", "2014-12-31": "3825.80000", "2014-09-30": "3910.30000", "2014-06-30": "4222.20000", "2014-03-31": "3582.70000", "2013-12-31": "4750.80000", "2013-09-30": "3432.60000", "2013-06-30": "3265.50000", "2013-03-31": "2478.60000", "2012-12-31": "2326.90000", "2012-09-30": "1211.00000", "2012-06-30": "1097.00000", "2012-03-31": "907.00000", "2011-12-31": "1002.80000", "2011-09-30": "888.70000", "2011-06-30": "996.60000", "2011-03-31": "1015.60000", "2010-12-31": "1382.40000", "2010-09-30": "613.70000", "2010-06-30": "569.70000", "2010-03-31": "548.00000", "2009-12-31": "566.80000", "2009-09-30": "505.50000", "2009-06-30": "506.40000", "2009-03-31": "504.50000", "2008-12-31": "551.70000", "2008-09-30": "515.00000", "2008-06-30": "521.40000", "2008-03-31": "597.10000", "2007-12-31": "228.80000", "2007-09-30": "235.00000", "2007-06-30": "227.20000", "2007-03-31": "268.20000", "2006-12-31": "260.70000", "2006-09-30": "268.50000", "2006-06-30": "359.20000", "2006-03-31": "271.30000", "2005-12-31": "316.40000", "2005-09-30": "144.70000", "2005-06-30": "", "2005-03-31": "406.10000"}, "Total Liabilities": {"2020-12-31": "55489.00000", "2020-09-30": "53039.70000", "2020-06-30": "53746.70000", "2020-03-31": "52707.80000", "2019-12-31": "50642.60000", "2019-09-30": "44941.10000", "2019-06-30": "44576.30000", "2019-03-31": "41470.70000", "2018-12-31": "41343.40000", "2018-09-30": "38174.30000", "2018-06-30": "38674.30000", "2018-03-31": "38255.00000", "2017-12-31": "38633.50000", "2017-09-30": "38252.10000", "2017-06-30": "37319.70000", "2017-03-31": "35034.60000", "2016-12-31": "35467.90000", "2016-09-30": "35829.80000", "2016-06-30": "35320.30000", "2016-03-31": "34472.60000", "2015-12-31": "34215.10000", "2015-09-30": "32746.90000", "2015-06-30": "32497.50000", "2015-03-31": "31725.40000", "2014-12-31": "31364.00000", "2014-09-30": "30119.90000", "2014-06-30": "29285.70000", "2014-03-31": "28516.60000", "2013-12-31": "28645.30000", "2013-09-30": "26873.00000", "2013-06-30": "26667.00000", "2013-03-31": "25712.10000", "2012-12-31": "25285.60000", "2012-09-30": "23468.60000", "2012-06-30": "23007.50000", "2012-03-31": "22627.30000", "2011-12-31": "22342.90000", "2011-09-30": "21922.50000", "2011-06-30": "20128.60000", "2011-03-31": "19802.00000", "2010-12-31": "19817.80000", "2010-09-30": "16532.80000", "2010-06-30": "16537.00000", "2010-03-31": "16109.50000", "2009-12-31": "16156.50000", "2009-09-30": "15694.90000", "2009-06-30": "15674.90000", "2009-03-31": "15520.70000", "2008-12-31": "14993.90000", "2008-09-30": "14803.40000", "2008-06-30": "15181.30000", "2008-03-31": "15888.10000", "2007-12-31": "9109.40000", "2007-09-30": "9016.80000", "2007-06-30": "9318.10000", "2007-03-31": "10243.60000", "2006-12-31": "9347.40000", "2006-09-30": "9260.70000", "2006-06-30": "9678.40000", "2006-03-31": "9774.70000", "2005-12-31": "9643.90000", "2005-09-30": "9623.40000", "2005-06-30": "", "2005-03-31": "9641.00000"}, "Common Stock Net": {"2020-12-31": "5.30000", "2020-09-30": "5.30000", "2020-06-30": "5.30000", "2020-03-31": "5.30000", "2019-12-31": "5.30000", "2019-09-30": "4.90000", "2019-06-30": "4.90000", "2019-03-31": "4.70000", "2018-12-31": "4.70000", "2018-09-30": "4.40000", "2018-06-30": "4.40000", "2018-03-31": "4.40000", "2017-12-31": "4.40000", "2017-09-30": "4.30000", "2017-06-30": "4.30000", "2017-03-31": "4.10000", "2016-12-31": "4.00000", "2016-09-30": "4.00000", "2016-06-30": "3.90000", "2016-03-31": "3.90000", "2015-12-31": "3.90000", "2015-09-30": "3.90000", "2015-06-30": "3.90000", "2015-03-31": "3.90000", "2014-12-31": "3.90000", "2014-09-30": "3.90000", "2014-06-30": "3.90000", "2014-03-31": "3.90000", "2013-12-31": "3.90000", "2013-09-30": "3.90000", "2013-06-30": "3.90000", "2013-03-31": "3.90000", "2012-12-31": "3.90000", "2012-09-30": "3.90000", "2012-06-30": "3.90000", "2012-03-31": "3.90000", "2011-12-31": "3.90000", "2011-09-30": "3.90000", "2011-06-30": "3.70000", "2011-03-31": "3.70000", "2010-12-31": "3.70000", "2010-09-30": "3.70000", "2010-06-30": "3.80000", "2010-03-31": "3.80000", "2009-12-31": "3.50000", "2009-09-30": "3.50000", "2009-06-30": "3.50000", "2009-03-31": "3.50000", "2008-12-31": "3.50000", "2008-09-30": "3.50000", "2008-06-30": "3.50000", "2008-03-31": "3.50000", "2007-12-31": "3.00000", "2007-09-30": "3.00000", "2007-06-30": "3.00000", "2007-03-31": "142.30000", "2006-12-31": "142.20000", "2006-09-30": "142.10000", "2006-06-30": "142.00000", "2006-03-31": "141.70000", "2005-12-31": "141.60000", "2005-09-30": "141.60000", "2005-06-30": "", "2005-03-31": "94.20000"}, "Retained Earnings (Accumulated Deficit)": {"2020-12-31": "1716.60000", "2020-09-30": "1589.10000", "2020-06-30": "1524.60000", "2020-03-31": "1514.50000", "2019-12-31": "1512.80000", "2019-09-30": "1449.30000", "2019-06-30": "1388.10000", "2019-03-31": "1328.60000", "2018-12-31": "1284.80000", "2018-09-30": "1220.90000", "2018-06-30": "1167.90000", "2018-03-31": "1121.40000", "2017-12-31": "1040.20000", "2017-09-30": "996.40000", "2017-06-30": "967.80000", "2017-03-31": "960.90000", "2016-12-31": "949.30000", "2016-09-30": "927.30000", "2016-06-30": "905.80000", "2016-03-31": "889.60000", "2015-12-31": "880.80000", "2015-09-30": "861.00000", "2015-06-30": "843.80000", "2015-03-31": "833.20000", "2014-12-31": "826.70000", "2014-09-30": "812.10000", "2014-06-30": "800.60000", "2014-03-31": "778.20000", "2013-12-31": "779.00000", "2013-09-30": "770.50000", "2013-06-30": "763.10000", "2013-03-31": "753.60000", "2012-12-31": "756.20000", "2012-09-30": "750.10000", "2012-06-30": "754.40000", "2012-03-31": "745.50000", "2011-12-31": "734.50000", "2011-09-30": "757.70000", "2011-06-30": "763.20000", "2011-03-31": "767.20000", "2010-12-31": "772.60000", "2010-09-30": "798.50000", "2010-06-30": "831.10000", "2010-03-31": "874.50000", "2009-12-31": "914.50000", "2009-09-30": "943.40000", "2009-06-30": "974.70000", "2009-03-31": "998.80000", "2008-12-31": "1020.90000", "2008-09-30": "1037.60000", "2008-06-30": "1041.80000", "2008-03-31": "1049.00000", "2007-12-31": "1079.60000", "2007-09-30": "1073.70000", "2007-06-30": "1055.20000", "2007-03-31": "1080.50000", "2006-12-31": "1062.40000", "2006-09-30": "1038.60000", "2006-06-30": "1037.10000", "2006-03-31": "1019.60000", "2005-12-31": "998.40000", "2005-09-30": "976.70000", "2005-06-30": "", "2005-03-31": "933.30000"}, "Comprehensive Income": {"2020-12-31": "-89.20000", "2020-09-30": "-77.90000", "2020-06-30": "-73.90000", "2020-03-31": "-92.70000", "2019-12-31": "-166.90000", "2019-09-30": "-182.30000", "2019-06-30": "-193.00000", "2019-03-31": "-224.60000", "2018-12-31": "-256.80000", "2018-09-30": "-270.80000", "2018-06-30": "-260.70000", "2018-03-31": "-255.80000", "2017-12-31": "-181.70000", "2017-09-30": "-169.70000", "2017-06-30": "-174.60000", "2017-03-31": "-181.90000", "2016-12-31": "-195.00000", "2016-09-30": "-120.40000", "2016-06-30": "-120.30000", "2016-03-31": "-134.70000", "2015-12-31": "-177.20000", "2015-09-30": "-146.10000", "2015-06-30": "-164.50000", "2015-03-31": "-140.60000", "2014-12-31": "-168.20000", "2014-09-30": "-124.50000", "2014-06-30": "-126.20000", "2014-03-31": "-137.50000", "2013-12-31": "-155.10000", "2013-09-30": "-202.50000", "2013-06-30": "-178.80000", "2013-03-31": "-108.50000", "2012-12-31": "-96.90000", "2012-09-30": "-79.00000", "2012-06-30": "-90.20000", "2012-03-31": "-93.10000", "2011-12-31": "-95.80000", "2011-09-30": "-36.80000", "2011-06-30": "-70.20000", "2011-03-31": "-98.40000", "2010-12-31": "-99.00000", "2010-09-30": "-59.40000", "2010-06-30": "-60.50000", "2010-03-31": "-72.80000", "2009-12-31": "-74.80000", "2009-09-30": "-81.40000", "2009-06-30": "-83.30000", "2009-03-31": "-74.70000", "2008-12-31": "-75.40000", "2008-09-30": "-15.90000", "2008-06-30": "-17.30000", "2008-03-31": "-4.00000", "2007-12-31": "-18.60000", "2007-09-30": "-41.40000", "2007-06-30": "-49.10000", "2007-03-31": "-46.40000", "2006-12-31": "-48.00000", "2006-09-30": "", "2006-06-30": "", "2006-03-31": "", "2005-12-31": "-23.40000", "2005-09-30": "", "2005-06-30": "", "2005-03-31": ""}, "Other Share Holders Equity": {"2020-12-31": "", "2020-09-30": "", "2020-06-30": "", "2020-03-31": "", "2019-12-31": "", "2019-09-30": "", "2019-06-30": "", "2019-03-31": "", "2018-12-31": "", "2018-09-30": "", "2018-06-30": "", "2018-03-31": "", "2017-12-31": "", "2017-09-30": "", "2017-06-30": "", "2017-03-31": "", "2016-12-31": "", "2016-09-30": "", "2016-06-30": "", "2016-03-31": "", "2015-12-31": "", "2015-09-30": "", "2015-06-30": "", "2015-03-31": "", "2014-12-31": "", "2014-09-30": "", "2014-06-30": "", "2014-03-31": "", "2013-12-31": "", "2013-09-30": "", "2013-06-30": "", "2013-03-31": "", "2012-12-31": "", "2012-09-30": "", "2012-06-30": "", "2012-03-31": "", "2011-12-31": "", "2011-09-30": "", "2011-06-30": "", "2011-03-31": "", "2010-12-31": "", "2010-09-30": "", "2010-06-30": "", "2010-03-31": "", "2009-12-31": "", "2009-09-30": "", "2009-06-30": "", "2009-03-31": "", "2008-12-31": "", "2008-09-30": "", "2008-06-30": "", "2008-03-31": "", "2007-12-31": "", "2007-09-30": "", "2007-06-30": "", "2007-03-31": "", "2006-12-31": "", "2006-09-30": "-7.10000", "2006-06-30": "-29.00000", "2006-03-31": "-29.20000", "2005-12-31": "-23.40000", "2005-09-30": "-20.70000", "2005-06-30": "", "2005-03-31": "-21.70000"}, "Share Holder Equity": {"2020-12-31": "7955.80000", "2020-09-30": "7831.50000", "2020-06-30": "7763.00000", "2020-03-31": "7725.50000", "2019-12-31": "7947.20000", "2019-09-30": "7130.70000", "2019-06-30": "7046.20000", "2019-03-31": "6621.20000", "2018-12-31": "6533.90000", "2018-09-30": "5958.90000", "2018-06-30": "5900.20000", "2018-03-31": "5845.50000", "2017-12-31": "5819.90000", "2017-09-30": "5746.10000", "2017-06-30": "5703.50000", "2017-03-31": "5195.00000", "2016-12-31": "5141.90000", "2016-09-30": "4862.30000", "2016-06-30": "4829.70000", "2016-03-31": "4791.20000", "2015-12-31": "4731.60000", "2015-09-30": "4730.80000", "2015-06-30": "4685.70000", "2015-03-31": "4681.90000", "2014-12-31": "4633.10000", "2014-09-30": "4655.00000", "2014-06-30": "4635.50000", "2014-03-31": "4595.80000", "2013-12-31": "4568.40000", "2013-09-30": "4637.60000", "2013-06-30": "4677.90000", "2013-03-31": "4886.10000", "2012-12-31": "5038.80000", "2012-09-30": "5107.40000", "2012-06-30": "5146.60000", "2012-03-31": "5180.60000", "2011-12-31": "5215.40000", "2011-09-30": "5290.50000", "2011-06-30": "5193.90000", "2011-03-31": "5160.30000", "2010-12-31": "5219.30000", "2010-09-30": "5364.50000", "2010-06-30": "5413.30000", "2010-03-31": "5478.60000", "2009-12-31": "5100.70000", "2009-09-30": "5115.20000", "2009-06-30": "5136.60000", "2009-03-31": "5160.40000", "2008-12-31": "5173.80000", "2008-09-30": "5238.60000", "2008-06-30": "5211.10000", "2008-03-31": "5218.60000", "2007-12-31": "4445.40000", "2007-09-30": "4533.70000", "2007-06-30": "4503.60000", "2007-03-31": "1358.80000", "2006-12-31": "1339.50000", "2006-09-30": "1351.40000", "2006-06-30": "1326.30000", "2006-03-31": "1306.40000", "2005-12-31": "1288.60000", "2005-09-30": "1267.70000", "2005-06-30": "", "2005-03-31": "1216.30000"}, "Total Liabilities And Share Holders Equity": {"2020-12-31": "63444.80000", "2020-09-30": "60871.20000", "2020-06-30": "61509.70000", "2020-03-31": "60433.30000", "2019-12-31": "58589.80000", "2019-09-30": "52071.80000", "2019-06-30": "51622.50000", "2019-03-31": "48091.90000", "2018-12-31": "47877.30000", "2018-09-30": "44133.20000", "2018-06-30": "44574.50000", "2018-03-31": "44100.50000", "2017-12-31": "44453.40000", "2017-09-30": "43998.20000", "2017-06-30": "43023.20000", "2017-03-31": "40229.60000", "2016-12-31": "40609.80000", "2016-09-30": "40692.10000", "2016-06-30": "40150.00000", "2016-03-31": "39263.80000", "2015-12-31": "38946.70000", "2015-09-30": "37477.70000", "2015-06-30": "37183.20000", "2015-03-31": "36407.30000", "2014-12-31": "35997.10000", "2014-09-30": "34774.90000", "2014-06-30": "33921.20000", "2014-03-31": "33112.40000", "2013-12-31": "33213.70000", "2013-09-30": "31510.60000", "2013-06-30": "31344.90000", "2013-03-31": "30598.20000", "2012-12-31": "30324.40000", "2012-09-30": "28576.00000", "2012-06-30": "28154.10000", "2012-03-31": "27807.90000", "2011-12-31": "27558.30000", "2011-09-30": "27213.00000", "2011-06-30": "25322.50000", "2011-03-31": "24962.30000", "2010-12-31": "25037.10000", "2010-09-30": "21897.30000", "2010-06-30": "21950.30000", "2010-03-31": "21588.10000", "2009-12-31": "21257.20000", "2009-09-30": "20810.10000", "2009-06-30": "20811.50000", "2009-03-31": "20681.10000", "2008-12-31": "20167.70000", "2008-09-30": "20042.00000", "2008-06-30": "20392.40000", "2008-03-31": "21106.70000", "2007-12-31": "13554.80000", "2007-09-30": "13550.50000", "2007-06-30": "13821.70000", "2007-03-31": "11602.40000", "2006-12-31": "10686.90000", "2006-09-30": "10612.10000", "2006-06-30": "11004.70000", "2006-03-31": "11081.10000", "2005-12-31": "10932.50000", "2005-09-30": "10891.10000", "2005-06-30": "", "2005-03-31": "10857.30000"}}, "cash flow statement": {"Net Income/Loss": {"2020-12-31": "0.00000", "2019-12-31": "520.40000", "2018-12-31": "468.10000", "2017-12-31": "337.20000", "2016-12-31": "281.00000", "2015-12-31": "260.10000", "2014-12-31": "251.70000", "2013-12-31": "232.40000", "2012-12-31": "245.30000", "2011-12-31": "192.40000", "2010-12-31": "82.50000", "2009-12-31": "101.20000", "2008-12-31": "137.80000", "2007-12-31": "150.70000", "2006-12-31": "124.00000", "2005-12-31": "137.10000"}, "Total Depreciation And Amortization - Cash Flow": {"2020-12-31": "", "2019-12-31": "74.20000", "2018-12-31": "58.10000", "2017-12-31": "69.10000", "2016-12-31": "60.50000", "2015-12-31": "63.20000", "2014-12-31": "64.40000", "2013-12-31": "66.50000", "2012-12-31": "65.90000", "2011-12-31": "85.80000", "2010-12-31": "73.20000", "2009-12-31": "65.70000", "2008-12-31": "61.30000", "2007-12-31": "25.50000", "2006-12-31": "23.40000", "2005-12-31": "24.80000"}, "Other Non-Cash Items": {"2020-12-31": "", "2019-12-31": "112.10000", "2018-12-31": "108.00000", "2017-12-31": "139.70000", "2016-12-31": "103.20000", "2015-12-31": "97.90000", "2014-12-31": "81.10000", "2013-12-31": "109.30000", "2012-12-31": "139.60000", "2011-12-31": "143.10000", "2010-12-31": "84.00000", "2009-12-31": "50.80000", "2008-12-31": "49.90000", "2007-12-31": "49.60000", "2006-12-31": "-26.80000", "2005-12-31": "-18.90000"}, "Total Non-Cash Items": {"2020-12-31": "", "2019-12-31": "186.30000", "2018-12-31": "166.10000", "2017-12-31": "208.80000", "2016-12-31": "163.70000", "2015-12-31": "161.10000", "2014-12-31": "145.50000", "2013-12-31": "175.80000", "2012-12-31": "205.50000", "2011-12-31": "228.90000", "2010-12-31": "157.20000", "2009-12-31": "116.50000", "2008-12-31": "111.20000", "2007-12-31": "75.10000", "2006-12-31": "-3.40000", "2005-12-31": "5.90000"}, "Change In Accounts Receivable": {"2020-12-31": "", "2019-12-31": "-0.70000", "2018-12-31": "-4.70000", "2017-12-31": "20.30000", "2016-12-31": "-4.80000", "2015-12-31": "-2.00000", "2014-12-31": "-10.00000", "2013-12-31": "48.00000", "2012-12-31": "23.80000", "2011-12-31": "-20.90000", "2010-12-31": "-17.20000", "2009-12-31": "-39.60000", "2008-12-31": "-58.50000", "2007-12-31": "-51.50000", "2006-12-31": "-55.60000", "2005-12-31": "5.40000"}, "Change In Inventories": {"2020-12-31": "", "2019-12-31": "1.30000", "2018-12-31": "-0.20000", "2017-12-31": "-1.40000", "2016-12-31": "-0.10000", "2015-12-31": "1.60000", "2014-12-31": "", "2013-12-31": "-1.80000", "2012-12-31": "65.30000", "2011-12-31": "11.70000", "2010-12-31": "-7.80000", "2009-12-31": "-54.30000", "2008-12-31": "-2.70000", "2007-12-31": "10.90000", "2006-12-31": "-2.30000", "2005-12-31": "-15.60000"}, "Change In Accounts Payable": {"2020-12-31": "", "2019-12-31": "", "2018-12-31": "", "2017-12-31": "", "2016-12-31": "", "2015-12-31": "", "2014-12-31": "", "2013-12-31": "", "2012-12-31": "", "2011-12-31": "", "2010-12-31": "", "2009-12-31": "", "2008-12-31": "", "2007-12-31": "", "2006-12-31": "", "2005-12-31": ""}, "Change In Assets/Liabilities": {"2020-12-31": "", "2019-12-31": "-466.50000", "2018-12-31": "-40.00000", "2017-12-31": "38.10000", "2016-12-31": "-103.80000", "2015-12-31": "-92.50000", "2014-12-31": "-37.20000", "2013-12-31": "-75.00000", "2012-12-31": "-26.30000", "2011-12-31": "-237.70000", "2010-12-31": "10.80000", "2009-12-31": "-20.30000", "2008-12-31": "37.30000", "2007-12-31": "-5.40000", "2006-12-31": "-2.90000", "2005-12-31": "-29.80000"}, "Total Change In Assets/Liabilities": {"2020-12-31": "", "2019-12-31": "-465.90000", "2018-12-31": "-44.90000", "2017-12-31": "57.00000", "2016-12-31": "-108.70000", "2015-12-31": "-92.90000", "2014-12-31": "-47.20000", "2013-12-31": "-28.80000", "2012-12-31": "62.80000", "2011-12-31": "-246.90000", "2010-12-31": "-14.20000", "2009-12-31": "-114.20000", "2008-12-31": "-23.90000", "2007-12-31": "-46.00000", "2006-12-31": "-60.80000", "2005-12-31": "-40.00000"}, "Cash Flow From Operating Activities": {"2020-12-31": "", "2019-12-31": "240.80000", "2018-12-31": "589.30000", "2017-12-31": "603.00000", "2016-12-31": "336.00000", "2015-12-31": "328.30000", "2014-12-31": "350.00000", "2013-12-31": "379.40000", "2012-12-31": "513.60000", "2011-12-31": "174.40000", "2010-12-31": "225.50000", "2009-12-31": "103.50000", "2008-12-31": "225.10000", "2007-12-31": "179.80000", "2006-12-31": "59.80000", "2005-12-31": "103.00000"}, "Net Change In Property, Plant, And Equipment": {"2020-12-31": "", "2019-12-31": "-53.80000", "2018-12-31": "-78.80000", "2017-12-31": "-19.00000", "2016-12-31": "-25.60000", "2015-12-31": "-56.90000", "2014-12-31": "-39.00000", "2013-12-31": "-66.00000", "2012-12-31": "-58.80000", "2011-12-31": "-15.90000", "2010-12-31": "-48.60000", "2009-12-31": "-52.70000", "2008-12-31": "-46.80000", "2007-12-31": "-63.40000", "2006-12-31": "-36.90000", "2005-12-31": "-22.10000"}, "Net Change In Intangible Assets": {"2020-12-31": "", "2019-12-31": "", "2018-12-31": "", "2017-12-31": "", "2016-12-31": "", "2015-12-31": "", "2014-12-31": "", "2013-12-31": "", "2012-12-31": "", "2011-12-31": "", "2010-12-31": "", "2009-12-31": "", "2008-12-31": "", "2007-12-31": "", "2006-12-31": "", "2005-12-31": ""}, "Net Acquisitions/Divestitures": {"2020-12-31": "", "2019-12-31": "519.40000", "2018-12-31": "6.20000", "2017-12-31": "28.90000", "2016-12-31": "-59.80000", "2015-12-31": "-10.30000", "2014-12-31": "", "2013-12-31": "", "2012-12-31": "", "2011-12-31": "146.80000", "2010-12-31": "-188.90000", "2009-12-31": "", "2008-12-31": "-762.80000", "2007-12-31": "", "2006-12-31": "", "2005-12-31": ""}, "Net Change In Short-term Investments": {"2020-12-31": "", "2019-12-31": "-256.30000", "2018-12-31": "-405.10000", "2017-12-31": "-1580.40000", "2016-12-31": "-513.10000", "2015-12-31": "-703.30000", "2014-12-31": "-251.40000", "2013-12-31": "0.00000", "2012-12-31": "0.00000", "2011-12-31": "519.00000", "2010-12-31": "-120.00000", "2009-12-31": "-449.40000", "2008-12-31": "434.90000", "2007-12-31": "-428.00000", "2006-12-31": "24.70000", "2005-12-31": "-25.00000"}, "Net Change In Long-Term Investments": {"2020-12-31": "", "2019-12-31": "268.30000", "2018-12-31": "246.70000", "2017-12-31": "1392.00000", "2016-12-31": "193.10000", "2015-12-31": "-743.20000", "2014-12-31": "310.50010", "2013-12-31": "-537.10000", "2012-12-31": "-1736.10000", "2011-12-31": "387.50000", "2010-12-31": "-1449.10000", "2009-12-31": "1091.90000", "2008-12-31": "-875.09990", "2007-12-31": "10.60000", "2006-12-31": "1290.00000", "2005-12-31": "708.90000"}, "Net Change In Investments - Total": {"2020-12-31": "", "2019-12-31": "12.00010", "2018-12-31": "-158.40000", "2017-12-31": "-188.40000", "2016-12-31": "-320.00000", "2015-12-31": "-1446.50000", "2014-12-31": "59.10010", "2013-12-31": "-537.10000", "2012-12-31": "-1736.10000", "2011-12-31": "906.50000", "2010-12-31": "-1569.10000", "2009-12-31": "642.50010", "2008-12-31": "-440.19990", "2007-12-31": "-417.40000", "2006-12-31": "1314.70000", "2005-12-31": "683.90000"}, "Investing Activities - Other": {"2020-12-31": "", "2019-12-31": "-788.10000", "2018-12-31": "230.60000", "2017-12-31": "-515.00000", "2016-12-31": "-1348.00000", "2015-12-31": "-1833.50000", "2014-12-31": "-2230.40000", "2013-12-31": "-2699.60000", "2012-12-31": "-1107.90000", "2011-12-31": "-1318.40000", "2010-12-31": "162.40000", "2009-12-31": "281.10000", "2008-12-31": "63.50000", "2007-12-31": "448.60000", "2006-12-31": "-806.00000", "2005-12-31": "-860.90000"}, "Cash Flow From Investing Activities": {"2020-12-31": "", "2019-12-31": "-310.50000", "2018-12-31": "-0.40000", "2017-12-31": "-693.50000", "2016-12-31": "-1753.40000", "2015-12-31": "-3347.20000", "2014-12-31": "-2210.30000", "2013-12-31": "-3302.70000", "2012-12-31": "-2902.80000", "2011-12-31": "-281.00000", "2010-12-31": "-1644.20000", "2009-12-31": "870.90000", "2008-12-31": "-1186.30000", "2007-12-31": "-32.20000", "2006-12-31": "471.80000", "2005-12-31": "-199.10000"}, "Net Long-Term Debt": {"2020-12-31": "", "2019-12-31": "", "2018-12-31": "", "2017-12-31": "-125.00000", "2016-12-31": "", "2015-12-31": "", "2014-12-31": "375.40000", "2013-12-31": "-20.60000", "2012-12-31": "494.30000", "2011-12-31": "-43.70000", "2010-12-31": "-65.70000", "2009-12-31": "", "2008-12-31": "", "2007-12-31": "", "2006-12-31": "-43.50000", "2005-12-31": "-13.50000"}, "Net Current Debt": {"2020-12-31": "", "2019-12-31": "326.50000", "2018-12-31": "-1002.40000", "2017-12-31": "-674.50000", "2016-12-31": "-247.90000", "2015-12-31": "618.20000", "2014-12-31": "-1362.80000", "2013-12-31": "2673.60000", "2012-12-31": "1534.00000", "2011-12-31": "-368.60000", "2010-12-31": "-549.40000", "2009-12-31": "-29.20000", "2008-12-31": "44.00000", "2007-12-31": "-4.10000", "2006-12-31": "-290.80000", "2005-12-31": "-45.90000"}, "Debt Issuance/Retirement Net - Total": {"2020-12-31": "", "2019-12-31": "326.50000", "2018-12-31": "-1002.40000", "2017-12-31": "-799.50000", "2016-12-31": "-247.90000", "2015-12-31": "618.20000", "2014-12-31": "-987.39990", "2013-12-31": "2653.00000", "2012-12-31": "2028.30000", "2011-12-31": "-412.30000", "2010-12-31": "-615.10000", "2009-12-31": "-29.20000", "2008-12-31": "44.00000", "2007-12-31": "-4.10000", "2006-12-31": "-334.30000", "2005-12-31": "-59.40000"}, "Net Common Equity Issued/Repurchased": {"2020-12-31": "", "2019-12-31": "19.60000", "2018-12-31": "25.40000", "2017-12-31": "58.40000", "2016-12-31": "84.50000", "2015-12-31": "24.30000", "2014-12-31": "3.00000", "2013-12-31": "-458.70000", "2012-12-31": "-222.00000", "2011-12-31": "-248.40000", "2010-12-31": "-197.70000", "2009-12-31": "-2.00000", "2008-12-31": "28.40000", "2007-12-31": "2995.50000", "2006-12-31": "5.60000", "2005-12-31": "15.30000"}, "Net Total Equity Issued/Repurchased": {"2020-12-31": "", "2019-12-31": "19.60000", "2018-12-31": "25.40000", "2017-12-31": "58.40000", "2016-12-31": "328.60000", "2015-12-31": "24.30000", "2014-12-31": "3.00000", "2013-12-31": "-458.70000", "2012-12-31": "-222.00000", "2011-12-31": "-248.40000", "2010-12-31": "-197.70000", "2009-12-31": "-2.00000", "2008-12-31": "28.40000", "2007-12-31": "2995.50000", "2006-12-31": "5.60000", "2005-12-31": "15.30000"}, "Total Common And Preferred Stock Dividends Paid": {"2020-12-31": "", "2019-12-31": "-288.90000", "2018-12-31": "-257.90000", "2017-12-31": "-242.00000", "2016-12-31": "-207.50000", "2015-12-31": "-201.20000", "2014-12-31": "-196.90000", "2013-12-31": "-204.80000", "2012-12-31": "-217.90000", "2011-12-31": "-220.90000", "2010-12-31": "-218.10000", "2009-12-31": "-203.60000", "2008-12-31": "-194.40000", "2007-12-31": "-131.10000", "2006-12-31": "-60.00000", "2005-12-31": "-52.40000"}, "Financial Activities - Other": {"2020-12-31": "", "2019-12-31": "-118.50000", "2018-12-31": "695.40000", "2017-12-31": "1342.10000", "2016-12-31": "1443.00000", "2015-12-31": "2279.20000", "2014-12-31": "3580.90000", "2013-12-31": "806.80000", "2012-12-31": "621.30000", "2011-12-31": "814.60000", "2010-12-31": "-13.90000", "2009-12-31": "1194.50000", "2008-12-31": "-817.10000", "2007-12-31": "-193.90000", "2006-12-31": "", "2005-12-31": "281.30000"}, "Cash Flow From Financial Activities": {"2020-12-31": "", "2019-12-31": "-61.30000", "2018-12-31": "-539.50000", "2017-12-31": "359.00000", "2016-12-31": "1316.20000", "2015-12-31": "2720.50000", "2014-12-31": "2399.60000", "2013-12-31": "2796.30000", "2012-12-31": "2209.70000", "2011-12-31": "-67.00000", "2010-12-31": "-1044.80000", "2009-12-31": "959.70000", "2008-12-31": "-939.10000", "2007-12-31": "2666.40000", "2006-12-31": "-388.70000", "2005-12-31": "184.80000"}, "Net Cash Flow": {"2020-12-31": "", "2019-12-31": "-131.00000", "2018-12-31": "49.40000", "2017-12-31": "268.50000", "2016-12-31": "-101.20000", "2015-12-31": "-298.40000", "2014-12-31": "539.30000", "2013-12-31": "-127.00000", "2012-12-31": "-179.50000", "2011-12-31": "-173.60000", "2010-12-31": "-2463.50000", "2009-12-31": "1934.10000", "2008-12-31": "-1900.30000", "2007-12-31": "2815.50000", "2006-12-31": "145.20000", "2005-12-31": "90.30000"}, "Stock-Based Compensation": {"2020-12-31": "", "2019-12-31": "30.60000", "2018-12-31": "28.60000", "2017-12-31": "26.20000", "2016-12-31": "20.70000", "2015-12-31": "22.50000", "2014-12-31": "20.00000", "2013-12-31": "18.80000", "2012-12-31": "19.30000", "2011-12-31": "28.10000", "2010-12-31": "30.80000", "2009-12-31": "30.40000", "2008-12-31": "28.10000", "2007-12-31": "14.30000", "2006-12-31": "3.70000", "2005-12-31": ""}, "Common Stock Dividends Paid": {"2020-12-31": "", "2019-12-31": "-274.80000", "2018-12-31": "-243.80000", "2017-12-31": "-227.90000", "2016-12-31": "-205.70000", "2015-12-31": "-201.20000", "2014-12-31": "-196.90000", "2013-12-31": "-204.80000", "2012-12-31": "-217.90000", "2011-12-31": "-220.90000", "2010-12-31": "-218.10000", "2009-12-31": "-203.60000", "2008-12-31": "-194.40000", "2007-12-31": "-131.10000", "2006-12-31": "-60.00000", "2005-12-31": "-52.40000"}}, "cash flow statement, quarterly": {"Net Income/Loss": {"2020-12-31": -364.9, "2020-09-30": 144.6, "2020-06-30": 89.9, "2020-03-31": "130.40000", "2019-12-31": 137.4, "2019-09-30": 135.2, "2019-06-30": 133.2, "2019-03-31": "114.60000", "2018-12-31": 133, "2018-09-30": 117, "2018-06-30": 110.2, "2018-03-31": "107.90000", "2017-12-31": 106.3, "2017-09-30": 90.8, "2017-06-30": 69.3, "2017-03-31": "70.80000", "2016-12-31": 75.9, "2016-09-30": 73.7, "2016-06-30": 68.5, "2016-03-31": "62.90000", "2015-12-31": 70.8, "2015-09-30": 68.4, "2015-06-30": 61.7, "2015-03-31": "59.20000", "2014-12-31": 64.7, "2014-09-30": 61.6, "2014-06-30": 72.3, "2014-03-31": "53.10000", "2013-12-31": 59.3, "2013-09-30": 58.5, "2013-06-30": 62.1, "2013-03-31": "52.50000", "2012-12-31": 61.2, "2012-09-30": 62.2, "2012-06-30": 64.6, "2012-03-31": "57.30000", "2011-12-31": 41.4, "2011-09-30": 48.1, "2011-06-30": 51.2, "2011-03-31": "51.70000", "2010-12-31": 28.8, "2010-09-30": 24.1, "2010-06-30": 16, "2010-03-31": "13.60000", "2009-12-31": 24.9, "2009-09-30": 26.8, "2009-06-30": 25.3, "2009-03-31": "24.20000", "2008-12-31": 33.7, "2008-09-30": 46, "2008-06-30": 43, "2008-03-31": "15.10000", "2007-12-31": 46, "2007-09-30": 57.6, "2007-06-30": 13.5, "2007-03-31": "33.60000", "2006-12-31": 39.3, "2006-09-30": 17, "2006-06-30": 32.9, "2006-03-31": "34.80000", "2005-12-31": 137.1, "2005-09-30": 0, "2005-06-30": 0, "2005-03-31": "0.00000"}, "Total Depreciation And Amortization - Cash Flow": {"2020-12-31": -63.8, "2020-09-30": 21.1, "2020-06-30": 20.8, "2020-03-31": "21.90000", "2019-12-31": 22.5, "2019-09-30": 17.8, "2019-06-30": 17.7, "2019-03-31": "16.20000", "2018-12-31": 16.4, "2018-09-30": 13.7, "2018-06-30": 13.8, "2018-03-31": "14.20000", "2017-12-31": 17.7, "2017-09-30": 17.8, "2017-06-30": 18, "2017-03-31": "15.60000", "2016-12-31": 15.5, "2016-09-30": 15, "2016-06-30": 15, "2016-03-31": "15.00000", "2015-12-31": 16, "2015-09-30": 15.7, "2015-06-30": 15.9, "2015-03-31": "15.60000", "2014-12-31": 16.2, "2014-09-30": 16, "2014-06-30": 16, "2014-03-31": "16.20000", "2013-12-31": 16.6, "2013-09-30": 16.6, "2013-06-30": 16.7, "2013-03-31": "16.60000", "2012-12-31": 16.7, "2012-09-30": 4.9, "2012-06-30": 22.8, "2012-03-31": "21.50000", "2011-12-31": 22.6, "2011-09-30": 22.6, "2011-06-30": 20.5, "2011-03-31": "20.10000", "2010-12-31": 19.3, "2010-09-30": 19, "2010-06-30": 17.5, "2010-03-31": "17.40000", "2009-12-31": 16.4, "2009-09-30": 17.7, "2009-06-30": 15.9, "2009-03-31": "15.70000", "2008-12-31": 15.6, "2008-09-30": 15.3, "2008-06-30": 15.2, "2008-03-31": "15.20000", "2007-12-31": 6.6, "2007-09-30": 6.6, "2007-06-30": 6.4, "2007-03-31": "5.90000", "2006-12-31": 5.8, "2006-09-30": 6, "2006-06-30": 5.8, "2006-03-31": "5.80000", "2005-12-31": 21.7, "2005-09-30": 0, "2005-06-30": 0, "2005-03-31": ""}, "Other Non-Cash Items": {"2020-12-31": -192.3, "2020-09-30": 43.3, "2020-06-30": 97.4, "2020-03-31": "51.60000", "2019-12-31": 38.9, "2019-09-30": 26.4, "2019-06-30": 23.9, "2019-03-31": "22.90000", "2018-12-31": 40.5, "2018-09-30": 23.4, "2018-06-30": 21.7, "2018-03-31": "22.40000", "2017-12-31": 59.8, "2017-09-30": 21.4, "2017-06-30": 21.5, "2017-03-31": "37.00000", "2016-12-31": 31, "2016-09-30": 23.1, "2016-06-30": 24.6, "2016-03-31": "24.50000", "2015-12-31": 29.4, "2015-09-30": 21, "2015-06-30": 22.1, "2015-03-31": "25.40000", "2014-12-31": 27.8, "2014-09-30": 25.8, "2014-06-30": 1.7, "2014-03-31": "25.80000", "2013-12-31": 38.9, "2013-09-30": 24.2, "2013-06-30": 21.3, "2013-03-31": "24.90000", "2012-12-31": 63.3, "2012-09-30": 40.4, "2012-06-30": 17.7, "2012-03-31": "18.20000", "2011-12-31": 87.2, "2011-09-30": 12.3, "2011-06-30": 22.5, "2011-03-31": "21.10000", "2010-12-31": 11.3, "2010-09-30": 28.6, "2010-06-30": 26.8, "2010-03-31": "17.30000", "2009-12-31": 6.3, "2009-09-30": 24.1, "2009-06-30": 10.4, "2009-03-31": "10.00000", "2008-12-31": 0.1, "2008-09-30": 14, "2008-06-30": 9.9, "2008-03-31": "25.90000", "2007-12-31": 3.1, "2007-09-30": 2.5, "2007-06-30": 43.7, "2007-03-31": "0.30000", "2006-12-31": 38, "2006-09-30": -65.1, "2006-06-30": 3.5, "2006-03-31": "-3.20000", "2005-12-31": -22.8, "2005-09-30": 0, "2005-06-30": 0, "2005-03-31": ""}, "Total Non-Cash Items": {"2020-12-31": -256.1, "2020-09-30": 64.4, "2020-06-30": 118.2, "2020-03-31": "73.50000", "2019-12-31": 61.4, "2019-09-30": 44.2, "2019-06-30": 41.6, "2019-03-31": "39.10000", "2018-12-31": 56.9, "2018-09-30": 37.1, "2018-06-30": 35.5, "2018-03-31": "36.60000", "2017-12-31": 77.5, "2017-09-30": 39.2, "2017-06-30": 39.5, "2017-03-31": "52.60000", "2016-12-31": 46.5, "2016-09-30": 38.1, "2016-06-30": 39.6, "2016-03-31": "39.50000", "2015-12-31": 45.4, "2015-09-30": 36.7, "2015-06-30": 38, "2015-03-31": "41.00000", "2014-12-31": 44, "2014-09-30": 41.8, "2014-06-30": 17.7, "2014-03-31": "42.00000", "2013-12-31": 55.5, "2013-09-30": 40.8, "2013-06-30": 38, "2013-03-31": "41.50000", "2012-12-31": 80, "2012-09-30": 45.3, "2012-06-30": 40.5, "2012-03-31": "39.70000", "2011-12-31": 109.8, "2011-09-30": 34.9, "2011-06-30": 43, "2011-03-31": "41.20000", "2010-12-31": 30.6, "2010-09-30": 47.6, "2010-06-30": 44.3, "2010-03-31": "34.70000", "2009-12-31": 22.7, "2009-09-30": 41.8, "2009-06-30": 26.3, "2009-03-31": "25.70000", "2008-12-31": 15.7, "2008-09-30": 29.3, "2008-06-30": 25.1, "2008-03-31": "41.10000", "2007-12-31": 9.7, "2007-09-30": 9.1, "2007-06-30": 50.1, "2007-03-31": "6.20000", "2006-12-31": 43.8, "2006-09-30": -59.1, "2006-06-30": 9.3, "2006-03-31": "2.60000", "2005-12-31": 7.3, "2005-09-30": 0, "2005-06-30": 0, "2005-03-31": ""}, "Change In Accounts Receivable": {"2020-12-31": -473.9, "2020-09-30": -9.5, "2020-06-30": 7.7, "2020-03-31": "475.70000", "2019-12-31": 5, "2019-09-30": -7.4, "2019-06-30": -9.6, "2019-03-31": "11.30000", "2018-12-31": -6.1, "2018-09-30": 1.9, "2018-06-30": -6.7, "2018-03-31": "6.20000", "2017-12-31": -4, "2017-09-30": 11.5, "2017-06-30": -9.4, "2017-03-31": "22.20000", "2016-12-31": 7.2, "2016-09-30": 14.9, "2016-06-30": -29.9, "2016-03-31": "3.00000", "2015-12-31": 1.6, "2015-09-30": 20.6, "2015-06-30": -6.8, "2015-03-31": "-17.40000", "2014-12-31": -0.5, "2014-09-30": 1.2, "2014-06-30": -16.6, "2014-03-31": "5.90000", "2013-12-31": 5.3, "2013-09-30": 39.8, "2013-06-30": -23.4, "2013-03-31": "26.30000", "2012-12-31": -17.4, "2012-09-30": -2.9, "2012-06-30": -1.1, "2012-03-31": "45.20000", "2011-12-31": -64, "2011-09-30": -8.6, "2011-06-30": -18.8, "2011-03-31": "70.50000", "2010-12-31": -18.3, "2010-09-30": 0.8, "2010-06-30": -16.1, "2010-03-31": "16.40000", "2009-12-31": -15.2, "2009-09-30": 133.3, "2009-06-30": -88.9, "2009-03-31": "-68.80000", "2008-12-31": -35.3, "2008-09-30": 17.7, "2008-06-30": -19.6, "2008-03-31": "-21.30000", "2007-12-31": -7.9, "2007-09-30": -5.5, "2007-06-30": -17.1, "2007-03-31": "-21.00000", "2006-12-31": -56.1, "2006-09-30": 0.5, "2006-06-30": -0.2, "2006-03-31": "0.20000", "2005-12-31": 9.4, "2005-09-30": 0, "2005-06-30": 0, "2005-03-31": ""}, "Change In Inventories": {"2020-12-31": -7.1, "2020-09-30": 0, "2020-06-30": 0, "2020-03-31": "7.10000", "2019-12-31": 2.2, "2019-09-30": 0, "2019-06-30": -1, "2019-03-31": "0.10000", "2018-12-31": -0.2, "2018-09-30": 0, "2018-06-30": 0, "2018-03-31": "", "2017-12-31": 0.1, "2017-09-30": -0.5, "2017-06-30": 0, "2017-03-31": "-1.00000", "2016-12-31": 0, "2016-09-30": 0, "2016-06-30": -0.1, "2016-03-31": "", "2015-12-31": 1.6, "2015-09-30": 0, "2015-06-30": 0, "2015-03-31": "", "2014-12-31": 0, "2014-09-30": 0, "2014-06-30": 0, "2014-03-31": "", "2013-12-31": -2, "2013-09-30": 0.1, "2013-06-30": 0, "2013-03-31": "0.10000", "2012-12-31": -0.2, "2012-09-30": 5.7, "2012-06-30": 10.6, "2012-03-31": "49.20000", "2011-12-31": -1.9, "2011-09-30": 15, "2011-06-30": 0, "2011-03-31": "-1.40000", "2010-12-31": 0, "2010-09-30": -7.9, "2010-06-30": 0.1, "2010-03-31": "", "2009-12-31": -65.4, "2009-09-30": 1.9, "2009-06-30": 4.1, "2009-03-31": "5.10000", "2008-12-31": 11.9, "2008-09-30": -3.8, "2008-06-30": -4.6, "2008-03-31": "-6.20000", "2007-12-31": 3.8, "2007-09-30": 3.9, "2007-06-30": 3.2, "2007-03-31": "", "2006-12-31": -0.1, "2006-09-30": 0.3, "2006-06-30": 0.4, "2006-03-31": "-2.90000", "2005-12-31": -15.6, "2005-09-30": 0, "2005-06-30": 0, "2005-03-31": ""}, "Change In Accounts Payable": {"2020-12-31": 0, "2020-09-30": 0, "2020-06-30": 0, "2020-03-31": "", "2019-12-31": 0, "2019-09-30": 0, "2019-06-30": 0, "2019-03-31": "", "2018-12-31": 0, "2018-09-30": 0, "2018-06-30": 0, "2018-03-31": "", "2017-12-31": 0, "2017-09-30": 0, "2017-06-30": 0, "2017-03-31": "", "2016-12-31": 0, "2016-09-30": 0, "2016-06-30": 0, "2016-03-31": "", "2015-12-31": 0, "2015-09-30": 0, "2015-06-30": 0, "2015-03-31": "", "2014-12-31": 0, "2014-09-30": 0, "2014-06-30": 0, "2014-03-31": "", "2013-12-31": 0, "2013-09-30": 0, "2013-06-30": 0, "2013-03-31": "", "2012-12-31": 0, "2012-09-30": 0, "2012-06-30": 0, "2012-03-31": "", "2011-12-31": 0, "2011-09-30": 0, "2011-06-30": 0, "2011-03-31": "", "2010-12-31": 0, "2010-09-30": 0, "2010-06-30": 0, "2010-03-31": "", "2009-12-31": 0, "2009-09-30": 0, "2009-06-30": 0, "2009-03-31": "", "2008-12-31": 0, "2008-09-30": 0, "2008-06-30": 0, "2008-03-31": "", "2007-12-31": 0, "2007-09-30": 0, "2007-06-30": 0, "2007-03-31": "", "2006-12-31": 0, "2006-09-30": 0, "2006-06-30": 0, "2006-03-31": "", "2005-12-31": 0, "2005-09-30": 0, "2005-06-30": 0, "2005-03-31": ""}, "Change In Assets/Liabilities": {"2020-12-31": 453.5, "2020-09-30": 132.8, "2020-06-30": -115.4, "2020-03-31": "-470.90000", "2019-12-31": 28.5, "2019-09-30": -109.5, "2019-06-30": -198.9, "2019-03-31": "-186.60000", "2018-12-31": -54.1, "2018-09-30": 29.6, "2018-06-30": -19.2, "2018-03-31": "3.70000", "2017-12-31": 22.5, "2017-09-30": 49.5, "2017-06-30": -65.9, "2017-03-31": "32.00000", "2016-12-31": -80, "2016-09-30": 15.6, "2016-06-30": -50, "2016-03-31": "10.60000", "2015-12-31": 9.7, "2015-09-30": -51.7, "2015-06-30": 36.4, "2015-03-31": "-86.90000", "2014-12-31": 4.3, "2014-09-30": -20.5, "2014-06-30": -14.1, "2014-03-31": "-6.90000", "2013-12-31": -28.6, "2013-09-30": 15.7, "2013-06-30": -16.3, "2013-03-31": "-45.80000", "2012-12-31": -40.9, "2012-09-30": 50.8, "2012-06-30": -10.2, "2012-03-31": "-26.00000", "2011-12-31": -30.3, "2011-09-30": 21, "2011-06-30": -6.2, "2011-03-31": "-222.20000", "2010-12-31": -16.9, "2010-09-30": 19.5, "2010-06-30": 49, "2010-03-31": "-40.80000", "2009-12-31": -43.8, "2009-09-30": -11.1, "2009-06-30": -7.1, "2009-03-31": "41.70000", "2008-12-31": 54.5, "2008-09-30": -2.3, "2008-06-30": -39.6, "2008-03-31": "24.70000", "2007-12-31": 7, "2007-09-30": 13.3, "2007-06-30": -49.8, "2007-03-31": "24.10000", "2006-12-31": -10.5, "2006-09-30": 13.4, "2006-06-30": -12.4, "2006-03-31": "6.60000", "2005-12-31": -29.8, "2005-09-30": 0, "2005-06-30": 0, "2005-03-31": ""}, "Total Change In Assets/Liabilities": {"2020-12-31": -27.5, "2020-09-30": 123.3, "2020-06-30": -107.7, "2020-03-31": "11.90000", "2019-12-31": 35.7, "2019-09-30": -116.9, "2019-06-30": -209.5, "2019-03-31": "-175.20000", "2018-12-31": -60.4, "2018-09-30": 31.5, "2018-06-30": -25.9, "2018-03-31": "9.90000", "2017-12-31": 18.6, "2017-09-30": 60.5, "2017-06-30": -75.3, "2017-03-31": "53.20000", "2016-12-31": -72.8, "2016-09-30": 30.5, "2016-06-30": -80, "2016-03-31": "13.60000", "2015-12-31": 12.9, "2015-09-30": -31.1, "2015-06-30": 29.6, "2015-03-31": "-104.30000", "2014-12-31": 3.8, "2014-09-30": -19.3, "2014-06-30": -30.7, "2014-03-31": "-1.00000", "2013-12-31": -25.3, "2013-09-30": 55.6, "2013-06-30": -39.7, "2013-03-31": "-19.40000", "2012-12-31": -58.5, "2012-09-30": 53.6, "2012-06-30": -0.7, "2012-03-31": "68.40000", "2011-12-31": -96.2, "2011-09-30": 27.4, "2011-06-30": -25, "2011-03-31": "-153.10000", "2010-12-31": -35.2, "2010-09-30": 12.4, "2010-06-30": 33, "2010-03-31": "-24.40000", "2009-12-31": -124.4, "2009-09-30": 124.1, "2009-06-30": -91.9, "2009-03-31": "-22.00000", "2008-12-31": 31.1, "2008-09-30": 11.6, "2008-06-30": -63.8, "2008-03-31": "-2.80000", "2007-12-31": 2.9, "2007-09-30": 11.7, "2007-06-30": -63.7, "2007-03-31": "3.10000", "2006-12-31": -66.7, "2006-09-30": 14.2, "2006-06-30": -12.2, "2006-03-31": "3.90000", "2005-12-31": -6.2, "2005-09-30": 0, "2005-06-30": 0, "2005-03-31": ""}, "Cash Flow From Operating Activities": {"2020-12-31": -648.5, "2020-09-30": 332.3, "2020-06-30": 100.4, "2020-03-31": "215.80000", "2019-12-31": 234.5, "2019-09-30": 62.5, "2019-06-30": -34.7, "2019-03-31": "-21.50000", "2018-12-31": 129.5, "2018-09-30": 185.6, "2018-06-30": 119.8, "2018-03-31": "154.40000", "2017-12-31": 202.4, "2017-09-30": 190.5, "2017-06-30": 33.5, "2017-03-31": "176.60000", "2016-12-31": 49.6, "2016-09-30": 142.3, "2016-06-30": 28.1, "2016-03-31": "116.00000", "2015-12-31": 129.1, "2015-09-30": 74, "2015-06-30": 129.3, "2015-03-31": "-4.10000", "2014-12-31": 112.5, "2014-09-30": 84.1, "2014-06-30": 59.3, "2014-03-31": "94.10000", "2013-12-31": 89.5, "2013-09-30": 154.9, "2013-06-30": 60.4, "2013-03-31": "74.60000", "2012-12-31": 82.7, "2012-09-30": 161.1, "2012-06-30": 104.4, "2012-03-31": "165.40000", "2011-12-31": 55, "2011-09-30": 110.4, "2011-06-30": 69.2, "2011-03-31": "-60.20000", "2010-12-31": 24.2, "2010-09-30": 84.1, "2010-06-30": 93.3, "2010-03-31": "23.90000", "2009-12-31": -76.8, "2009-09-30": 192.7, "2009-06-30": -40.3, "2009-03-31": "27.90000", "2008-12-31": 80.5, "2008-09-30": 86.9, "2008-06-30": 4.3, "2008-03-31": "53.40000", "2007-12-31": 58.6, "2007-09-30": 78.4, "2007-06-30": -0.1, "2007-03-31": "42.90000", "2006-12-31": 16.4, "2006-09-30": -27.9, "2006-06-30": 30, "2006-03-31": "41.30000", "2005-12-31": 1.1, "2005-09-30": 0, "2005-06-30": 0, "2005-03-31": ""}, "Net Change In Property, Plant, And Equipment": {"2020-12-31": 25.3, "2020-09-30": -16.2, "2020-06-30": -0.8, "2020-03-31": "-8.30000", "2019-12-31": -9.9, "2019-09-30": -23.5, "2019-06-30": -21.7, "2019-03-31": "1.30000", "2018-12-31": -38.3, "2018-09-30": -12.7, "2018-06-30": -16.8, "2018-03-31": "-11.00000", "2017-12-31": -0.4, "2017-09-30": -7.8, "2017-06-30": -2.7, "2017-03-31": "-8.10000", "2016-12-31": -4.4, "2016-09-30": -8.1, "2016-06-30": -11.4, "2016-03-31": "-1.70000", "2015-12-31": -25.4, "2015-09-30": -12, "2015-06-30": -8, "2015-03-31": "-11.50000", "2014-12-31": -17.8, "2014-09-30": -15.4, "2014-06-30": -5.6, "2014-03-31": "-0.20000", "2013-12-31": -32.2, "2013-09-30": -9.8, "2013-06-30": -13.1, "2013-03-31": "-10.90000", "2012-12-31": -18.8, "2012-09-30": -10.9, "2012-06-30": -21.6, "2012-03-31": "-7.50000", "2011-12-31": -0.5, "2011-09-30": 0.9, "2011-06-30": -5.4, "2011-03-31": "-10.90000", "2010-12-31": -14.5, "2010-09-30": -20.9, "2010-06-30": -14.2, "2010-03-31": "1.00000", "2009-12-31": -15.8, "2009-09-30": -17.5, "2009-06-30": -4.1, "2009-03-31": "-15.30000", "2008-12-31": -19, "2008-09-30": -12.2, "2008-06-30": -7.2, "2008-03-31": "-8.40000", "2007-12-31": -18.2, "2007-09-30": -11, "2007-06-30": -17.9, "2007-03-31": "-16.30000", "2006-12-31": -12.8, "2006-09-30": -6.6, "2006-06-30": -7.3, "2006-03-31": "-10.20000", "2005-12-31": -22.1, "2005-09-30": 0, "2005-06-30": 0, "2005-03-31": ""}, "Net Change In Intangible Assets": {"2020-12-31": 0, "2020-09-30": 0, "2020-06-30": 0, "2020-03-31": "", "2019-12-31": 0, "2019-09-30": 0, "2019-06-30": 0, "2019-03-31": "", "2018-12-31": 0, "2018-09-30": 0, "2018-06-30": 0, "2018-03-31": "", "2017-12-31": 0, "2017-09-30": 0, "2017-06-30": 0, "2017-03-31": "", "2016-12-31": 0, "2016-09-30": 0, "2016-06-30": 0, "2016-03-31": "", "2015-12-31": 0, "2015-09-30": 0, "2015-06-30": 0, "2015-03-31": "", "2014-12-31": 0, "2014-09-30": 0, "2014-06-30": 0, "2014-03-31": "", "2013-12-31": 0, "2013-09-30": 0, "2013-06-30": 0, "2013-03-31": "", "2012-12-31": 0, "2012-09-30": 0, "2012-06-30": 0, "2012-03-31": "", "2011-12-31": 0, "2011-09-30": 0, "2011-06-30": 0, "2011-03-31": "", "2010-12-31": 0, "2010-09-30": 0, "2010-06-30": 0, "2010-03-31": "", "2009-12-31": 0, "2009-09-30": 0, "2009-06-30": 0, "2009-03-31": "", "2008-12-31": 0, "2008-09-30": 0, "2008-06-30": 0, "2008-03-31": "", "2007-12-31": 0, "2007-09-30": 0, "2007-06-30": 0, "2007-03-31": "", "2006-12-31": 0, "2006-09-30": 0, "2006-06-30": 0, "2006-03-31": "", "2005-12-31": 0, "2005-09-30": 0, "2005-06-30": 0, "2005-03-31": ""}, "Net Acquisitions/Divestitures": {"2020-12-31": 0, "2020-09-30": 0, "2020-06-30": 0, "2020-03-31": "", "2019-12-31": 470.7, "2019-09-30": 0, "2019-06-30": 108.7, "2019-03-31": "-60.00000", "2018-12-31": 42, "2018-09-30": 0, "2018-06-30": -35.8, "2018-03-31": "", "2017-12-31": 0, "2017-09-30": -145.1, "2017-06-30": 174, "2017-03-31": "", "2016-12-31": -59.8, "2016-09-30": 0, "2016-06-30": 0, "2016-03-31": "", "2015-12-31": -10.3, "2015-09-30": 0, "2015-06-30": 0, "2015-03-31": "", "2014-12-31": 0, "2014-09-30": 0, "2014-06-30": 0, "2014-03-31": "", "2013-12-31": 0, "2013-09-30": 0, "2013-06-30": 0, "2013-03-31": "", "2012-12-31": 0, "2012-09-30": 0, "2012-06-30": 0, "2012-03-31": "", "2011-12-31": 0, "2011-09-30": 361.3, "2011-06-30": -214.5, "2011-03-31": "", "2010-12-31": 71.3, "2010-09-30": -0.2, "2010-06-30": 31.6, "2010-03-31": "-291.60000", "2009-12-31": 0, "2009-09-30": 0, "2009-06-30": 0, "2009-03-31": "", "2008-12-31": 0, "2008-09-30": 0, "2008-06-30": 0, "2008-03-31": "-762.80000", "2007-12-31": 0, "2007-09-30": 0, "2007-06-30": 0, "2007-03-31": "", "2006-12-31": 0, "2006-09-30": 0, "2006-06-30": 0, "2006-03-31": "", "2005-12-31": 0, "2005-09-30": 0, "2005-06-30": 0, "2005-03-31": ""}, "Net Change In Short-term Investments": {"2020-12-31": 274.6, "2020-09-30": -137.2, "2020-06-30": -50.8, "2020-03-31": "-86.60000", "2019-12-31": -103.7, "2019-09-30": -34.3, "2019-06-30": -59.4, "2019-03-31": "-58.90000", "2018-12-31": -97.4, "2018-09-30": -94.6, "2018-06-30": -79.4, "2018-03-31": "-133.70000", "2017-12-31": -344.5, "2017-09-30": -462.2, "2017-06-30": -428.7, "2017-03-31": "-345.00000", "2016-12-31": -226.3, "2016-09-30": -103.3, "2016-06-30": -93.5, "2016-03-31": "-90.00000", "2015-12-31": -248.1, "2015-09-30": -462.8, "2015-06-30": 78.5, "2015-03-31": "-70.90000", "2014-12-31": 97, "2014-09-30": -313.6, "2014-06-30": -21.9, "2014-03-31": "-12.90000", "2013-12-31": 0, "2013-09-30": 0, "2013-06-30": 0, "2013-03-31": "0.00000", "2012-12-31": 0, "2012-09-30": 0, "2012-06-30": 0, "2012-03-31": "", "2011-12-31": 520, "2011-09-30": -520, "2011-06-30": -1, "2011-03-31": "520.00000", "2010-12-31": -120, "2010-09-30": 0, "2010-06-30": -400, "2010-03-31": "400.00000", "2009-12-31": -400, "2009-09-30": -55, "2009-06-30": 0, "2009-03-31": "5.60000", "2008-12-31": 428, "2008-09-30": -28, "2008-06-30": 28, "2008-03-31": "6.90000", "2007-12-31": 1002, "2007-09-30": -12, "2007-06-30": -1418, "2007-03-31": "", "2006-12-31": 24.7, "2006-09-30": 0, "2006-06-30": 0, "2006-03-31": "", "2005-12-31": -25, "2005-09-30": 0, "2005-06-30": 0, "2005-03-31": ""}, "Net Change In Long-Term Investments": {"2020-12-31": 100.2, "2020-09-30": 116.2, "2020-06-30": 369.8, "2020-03-31": "-586.20000", "2019-12-31": -210.8, "2019-09-30": -22.3999, "2019-06-30": 348.8999, "2019-03-31": "152.60000", "2018-12-31": 382.8, "2018-09-30": -7.2, "2018-06-30": -83.3, "2018-03-31": "-45.60000", "2017-12-31": 67.5, "2017-09-30": 506.3, "2017-06-30": 147.9, "2017-03-31": "670.30000", "2016-12-31": 417.8001, "2016-09-30": -165.6001, "2016-06-30": 67.4, "2016-03-31": "-126.50000", "2015-12-31": -335.1, "2015-09-30": 266.6999, "2015-06-30": -231.5999, "2015-03-31": "-443.20000", "2014-12-31": -159.9999, "2014-09-30": -40.4, "2014-06-30": 205.1, "2014-03-31": "305.80000", "2013-12-31": -627.3, "2013-09-30": 199.8, "2013-06-30": -20.6, "2013-03-31": "-89.00000", "2012-12-31": -842.8, "2012-09-30": -79, "2012-06-30": -802.4, "2012-03-31": "-11.90000", "2011-12-31": -912.3, "2011-09-30": 1449.5, "2011-06-30": 19.6, "2011-03-31": "-169.30000", "2010-12-31": 421.5, "2010-09-30": -673.3, "2010-06-30": -1219.4, "2010-03-31": "22.10000", "2009-12-31": 1160.9001, "2009-09-30": -853.2001, "2009-06-30": -284.1, "2009-03-31": "1068.30000", "2008-12-31": -1873.6999, "2008-09-30": 868, "2008-06-30": 53.5, "2008-03-31": "77.10000", "2007-12-31": 0.5, "2007-09-30": 5.5, "2007-06-30": 0.7, "2007-03-31": "3.90000", "2006-12-31": 100.2, "2006-09-30": 731, "2006-06-30": 355.2, "2006-03-31": "103.60000", "2005-12-31": 708.9, "2005-09-30": 0, "2005-06-30": 0, "2005-03-31": ""}, "Net Change In Investments - Total": {"2020-12-31": 374.8, "2020-09-30": -21, "2020-06-30": 318.9999, "2020-03-31": "-672.79990", "2019-12-31": -314.4999, "2019-09-30": -56.7, "2019-06-30": 289.5, "2019-03-31": "93.70000", "2018-12-31": 285.4, "2018-09-30": -101.8, "2018-06-30": -162.7, "2018-03-31": "-179.30000", "2017-12-31": -277, "2017-09-30": 44.1, "2017-06-30": -280.8, "2017-03-31": "325.30000", "2016-12-31": 191.5001, "2016-09-30": -268.9001, "2016-06-30": -26.1, "2016-03-31": "-216.50000", "2015-12-31": -583.2, "2015-09-30": -196.1, "2015-06-30": -153.1, "2015-03-31": "-514.10000", "2014-12-31": -62.9999, "2014-09-30": -354, "2014-06-30": 183.2, "2014-03-31": "292.90000", "2013-12-31": -627.3, "2013-09-30": 199.8, "2013-06-30": -20.6, "2013-03-31": "-89.00000", "2012-12-31": -842.8, "2012-09-30": -79, "2012-06-30": -802.4, "2012-03-31": "-11.90000", "2011-12-31": -392.3, "2011-09-30": 929.5, "2011-06-30": 18.6, "2011-03-31": "350.70000", "2010-12-31": 301.5, "2010-09-30": -673.3, "2010-06-30": -1619.4, "2010-03-31": "422.10000", "2009-12-31": 760.9002, "2009-09-30": -908.2, "2009-06-30": -284.1001, "2009-03-31": "1073.90000", "2008-12-31": -1445.6999, "2008-09-30": 840, "2008-06-30": 81.5, "2008-03-31": "84.00000", "2007-12-31": 1002.5, "2007-09-30": -6.5, "2007-06-30": -1417.3, "2007-03-31": "3.90000", "2006-12-31": 124.9, "2006-09-30": 731, "2006-06-30": 355.2, "2006-03-31": "103.60000", "2005-12-31": -25, "2005-09-30": 0, "2005-06-30": 0, "2005-03-31": ""}, "Investing Activities - Other": {"2020-12-31": 1579.2, "2020-09-30": 202.8, "2020-06-30": -1176.4, "2020-03-31": "-605.60000", "2019-12-31": 119.7, "2019-09-30": -235.4, "2019-06-30": -397.2, "2019-03-31": "-275.20000", "2018-12-31": -205.4, "2018-09-30": 310.1, "2018-06-30": -341.7, "2018-03-31": "467.60000", "2017-12-31": -199.7, "2017-09-30": -62, "2017-06-30": -309.6, "2017-03-31": "56.30000", "2016-12-31": -377.1, "2016-09-30": -336.6, "2016-06-30": -529.2, "2016-03-31": "-105.10000", "2015-12-31": -743.6, "2015-09-30": -110.6, "2015-06-30": -632.6, "2015-03-31": "-346.70000", "2014-12-31": -643, "2014-09-30": -506.2, "2014-06-30": -829.8, "2014-03-31": "-251.40000", "2013-12-31": -1173.9, "2013-09-30": -373.2, "2013-06-30": -717.8, "2013-03-31": "-434.70000", "2012-12-31": -676.4, "2012-09-30": -499.6, "2012-06-30": 181.2, "2012-03-31": "-113.10000", "2011-12-31": -282.5, "2011-09-30": -616.3, "2011-06-30": -222.7, "2011-03-31": "-196.90000", "2010-12-31": -145.1, "2010-09-30": -21, "2010-06-30": 210.4, "2010-03-31": "118.10000", "2009-12-31": 59.3, "2009-09-30": 90.9, "2009-06-30": 167.8, "2009-03-31": "-36.90000", "2008-12-31": -232.1, "2008-09-30": 9.7, "2008-06-30": 140.6, "2008-03-31": "145.30000", "2007-12-31": -18.6, "2007-09-30": 113.2, "2007-06-30": 274.5, "2007-03-31": "79.50000", "2006-12-31": -133.5, "2006-09-30": -158.3, "2006-06-30": -275.8, "2006-03-31": "-238.40000", "2005-12-31": -860.9, "2005-09-30": 0, "2005-06-30": 0, "2005-03-31": ""}, "Cash Flow From Investing Activities": {"2020-12-31": 1979.3, "2020-09-30": 165.6, "2020-06-30": -858.2, "2020-03-31": "-1286.70000", "2019-12-31": 266, "2019-09-30": -315.6, "2019-06-30": -20.7, "2019-03-31": "-240.20000", "2018-12-31": 83.7, "2018-09-30": 195.6, "2018-06-30": -557, "2018-03-31": "277.30000", "2017-12-31": -477.1, "2017-09-30": -170.8, "2017-06-30": -419.1, "2017-03-31": "373.50000", "2016-12-31": -249.8, "2016-09-30": -613.6, "2016-06-30": -566.7, "2016-03-31": "-323.30000", "2015-12-31": -1362.5, "2015-09-30": -318.7, "2015-06-30": -793.7, "2015-03-31": "-872.30000", "2014-12-31": -723.8, "2014-09-30": -875.6, "2014-06-30": -652.2, "2014-03-31": "41.30000", "2013-12-31": -1833.4, "2013-09-30": -183.2, "2013-06-30": -751.5, "2013-03-31": "-534.60000", "2012-12-31": -1538, "2012-09-30": -589.5, "2012-06-30": -642.8, "2012-03-31": "-132.50000", "2011-12-31": -675.3, "2011-09-30": 675.4, "2011-06-30": -424, "2011-03-31": "142.90000", "2010-12-31": 213.2, "2010-09-30": -715.4, "2010-06-30": -1391.6, "2010-03-31": "249.60000", "2009-12-31": 804.4, "2009-09-30": -834.8, "2009-06-30": -120.4, "2009-03-31": "1021.70000", "2008-12-31": -1696.8, "2008-09-30": 837.5, "2008-06-30": 214.9, "2008-03-31": "-541.90000", "2007-12-31": 965.7, "2007-09-30": 95.7, "2007-06-30": -1160.7, "2007-03-31": "67.10000", "2006-12-31": -21.4, "2006-09-30": 566.1, "2006-06-30": 72.1, "2006-03-31": "-145.00000", "2005-12-31": -684.9, "2005-09-30": 0, "2005-06-30": 0, "2005-03-31": ""}, "Net Long-Term Debt": {"2020-12-31": 0, "2020-09-30": 0, "2020-06-30": 0, "2020-03-31": "", "2019-12-31": 0, "2019-09-30": 0, "2019-06-30": 0, "2019-03-31": "", "2018-12-31": 0, "2018-09-30": 0, "2018-06-30": 0, "2018-03-31": "", "2017-12-31": 0, "2017-09-30": 0, "2017-06-30": 0, "2017-03-31": "-125.00000", "2016-12-31": 0, "2016-09-30": 0, "2016-06-30": 0, "2016-03-31": "", "2015-12-31": 0, "2015-09-30": 0, "2015-06-30": 0, "2015-03-31": "", "2014-12-31": 0, "2014-09-30": -19, "2014-06-30": 394.4, "2014-03-31": "", "2013-12-31": 0, "2013-09-30": 0, "2013-06-30": -20.6, "2013-03-31": "", "2012-12-31": 494.3, "2012-09-30": 0, "2012-06-30": 0, "2012-03-31": "", "2011-12-31": 0, "2011-09-30": -43.7, "2011-06-30": 6, "2011-03-31": "-6.00000", "2010-12-31": -65.7, "2010-09-30": 0, "2010-06-30": 0, "2010-03-31": "", "2009-12-31": 0, "2009-09-30": 0, "2009-06-30": 0, "2009-03-31": "", "2008-12-31": 0, "2008-09-30": 0, "2008-06-30": 0, "2008-03-31": "", "2007-12-31": 0, "2007-09-30": 0, "2007-06-30": 0, "2007-03-31": "", "2006-12-31": -43.5, "2006-09-30": 0, "2006-06-30": 0, "2006-03-31": "", "2005-12-31": -13.5, "2005-09-30": 0, "2005-06-30": 0, "2005-03-31": ""}, "Net Current Debt": {"2020-12-31": 3917.6, "2020-09-30": -544.7, "2020-06-30": -4129, "2020-03-31": "756.10000", "2019-12-31": -14.2, "2019-09-30": 1229.2, "2019-06-30": -154.3, "2019-03-31": "-734.20000", "2018-12-31": -293, "2018-09-30": -1246.7, "2018-06-30": 763.2, "2018-03-31": "-225.90000", "2017-12-31": -39, "2017-09-30": -649.3, "2017-06-30": 887, "2017-03-31": "-873.20000", "2016-12-31": -378.9, "2016-09-30": -126.2, "2016-06-30": 846.6, "2016-03-31": "-589.40000", "2015-12-31": 1311.1, "2015-09-30": -565.3, "2015-06-30": 420.5, "2015-03-31": "-548.10000", "2014-12-31": 276.5, "2014-09-30": -356.6, "2014-06-30": -113.7, "2014-03-31": "-1169.00000", "2013-12-31": 1436.3, "2013-09-30": -4, "2013-06-30": 777.6, "2013-03-31": "463.70000", "2012-12-31": 863.1, "2012-09-30": 565.7, "2012-06-30": 149.7, "2012-03-31": "-44.50000", "2011-12-31": -22.6, "2011-09-30": -644.9, "2011-06-30": 149.6, "2011-03-31": "149.30000", "2010-12-31": 171.3, "2010-09-30": 113.3, "2010-06-30": -67.3, "2010-03-31": "-766.70000", "2009-12-31": 5.4, "2009-09-30": -6.8, "2009-06-30": -25.2, "2009-03-31": "-2.60000", "2008-12-31": 36, "2008-09-30": 7.9, "2008-06-30": -4.6, "2008-03-31": "4.70000", "2007-12-31": 0, "2007-09-30": 0, "2007-06-30": -7.8, "2007-03-31": "3.70000", "2006-12-31": -9.5, "2006-09-30": -207.4, "2006-06-30": -30, "2006-03-31": "-43.90000", "2005-12-31": -45.9, "2005-09-30": 0, "2005-06-30": 0, "2005-03-31": ""}, "Debt Issuance/Retirement Net - Total": {"2020-12-31": 3917.6, "2020-09-30": -544.7, "2020-06-30": -4129, "2020-03-31": "756.10000", "2019-12-31": -14.2, "2019-09-30": 1229.2, "2019-06-30": -154.3, "2019-03-31": "-734.20000", "2018-12-31": -293, "2018-09-30": -1246.7, "2018-06-30": 763.2, "2018-03-31": "-225.90000", "2017-12-31": -39, "2017-09-30": -649.3, "2017-06-30": 887, "2017-03-31": "-998.20000", "2016-12-31": -378.9, "2016-09-30": -126.2, "2016-06-30": 846.6, "2016-03-31": "-589.40000", "2015-12-31": 1311.1, "2015-09-30": -565.3, "2015-06-30": 420.5, "2015-03-31": "-548.10000", "2014-12-31": 276.5001, "2014-09-30": -375.6, "2014-06-30": 280.7, "2014-03-31": "-1169.00000", "2013-12-31": 1436.3, "2013-09-30": -4, "2013-06-30": 757, "2013-03-31": "463.70000", "2012-12-31": 1357.4, "2012-09-30": 565.7, "2012-06-30": 149.7, "2012-03-31": "-44.50000", "2011-12-31": -22.6, "2011-09-30": -688.6, "2011-06-30": 155.6, "2011-03-31": "143.30000", "2010-12-31": 105.6, "2010-09-30": 113.3, "2010-06-30": -67.3, "2010-03-31": "-766.70000", "2009-12-31": 5.4, "2009-09-30": -6.8, "2009-06-30": -25.2, "2009-03-31": "-2.60000", "2008-12-31": 36, "2008-09-30": 7.9, "2008-06-30": -4.6, "2008-03-31": "4.70000", "2007-12-31": 0, "2007-09-30": 0, "2007-06-30": -7.8, "2007-03-31": "3.70000", "2006-12-31": -53, "2006-09-30": -207.4, "2006-06-30": -30, "2006-03-31": "-43.90000", "2005-12-31": -45.9, "2005-09-30": 0, "2005-06-30": 0, "2005-03-31": ""}, "Net Common Equity Issued/Repurchased": {"2020-12-31": 305.2, "2020-09-30": -0.1, "2020-06-30": 0, "2020-03-31": "-305.10000", "2019-12-31": 8.6, "2019-09-30": 3.4, "2019-06-30": 2.4, "2019-03-31": "5.20000", "2018-12-31": 0.6, "2018-09-30": 9.3, "2018-06-30": 6.6, "2018-03-31": "8.90000", "2017-12-31": 33.6, "2017-09-30": 3.2, "2017-06-30": 3.3, "2017-03-31": "18.30000", "2016-12-31": 77.3, "2016-09-30": 5.3, "2016-06-30": 4.3, "2016-03-31": "-2.40000", "2015-12-31": 5.6, "2015-09-30": 2.3, "2015-06-30": 11, "2015-03-31": "5.40000", "2014-12-31": 1.5, "2014-09-30": 0.5, "2014-06-30": 1, "2014-03-31": "", "2013-12-31": -131.1, "2013-09-30": -29.1, "2013-06-30": -152.8, "2013-03-31": "-145.70000", "2012-12-31": -57, "2012-09-30": -53.7, "2012-06-30": -53.7, "2012-03-31": "-57.60000", "2011-12-31": -0.5, "2011-09-30": -186.7, "2011-06-30": 0.7, "2011-03-31": "-61.90000", "2010-12-31": -116, "2010-09-30": -25.4, "2010-06-30": -54.5, "2010-03-31": "-1.80000", "2009-12-31": -3, "2009-09-30": 0.7, "2009-06-30": 0.2, "2009-03-31": "0.10000", "2008-12-31": 1.8, "2008-09-30": 17.9, "2008-06-30": 6.4, "2008-03-31": "2.30000", "2007-12-31": -125.3, "2007-09-30": 0.1, "2007-06-30": 3118.8, "2007-03-31": "1.90000", "2006-12-31": 2.2, "2006-09-30": -1.2, "2006-06-30": 2.2, "2006-03-31": "2.40000", "2005-12-31": 15.3, "2005-09-30": 0, "2005-06-30": 0, "2005-03-31": ""}, "Net Total Equity Issued/Repurchased": {"2020-12-31": 305.2, "2020-09-30": -0.1, "2020-06-30": 0, "2020-03-31": "-305.10000", "2019-12-31": 8.6, "2019-09-30": 3.4, "2019-06-30": 2.4, "2019-03-31": "5.20000", "2018-12-31": 0.6, "2018-09-30": 9.3, "2018-06-30": 6.6, "2018-03-31": "8.90000", "2017-12-31": 33.6, "2017-09-30": 3.2, "2017-06-30": 3.3, "2017-03-31": "18.30000", "2016-12-31": 321.4, "2016-09-30": 5.3, "2016-06-30": 4.3, "2016-03-31": "-2.40000", "2015-12-31": 5.6, "2015-09-30": 2.3, "2015-06-30": 11, "2015-03-31": "5.40000", "2014-12-31": 1.5, "2014-09-30": 0.5, "2014-06-30": 1, "2014-03-31": "", "2013-12-31": -131.1, "2013-09-30": -29.1, "2013-06-30": -152.8, "2013-03-31": "-145.70000", "2012-12-31": -57, "2012-09-30": -53.7, "2012-06-30": -53.7, "2012-03-31": "-57.60000", "2011-12-31": -0.5, "2011-09-30": -186.7, "2011-06-30": 0.7, "2011-03-31": "-61.90000", "2010-12-31": -116, "2010-09-30": -25.4, "2010-06-30": -54.5, "2010-03-31": "-1.80000", "2009-12-31": -3, "2009-09-30": 0.7, "2009-06-30": 0.2, "2009-03-31": "0.10000", "2008-12-31": 1.8, "2008-09-30": 17.9, "2008-06-30": 6.4, "2008-03-31": "2.30000", "2007-12-31": -125.3, "2007-09-30": 0.1, "2007-06-30": 3118.8, "2007-03-31": "1.90000", "2006-12-31": 2.2, "2006-09-30": -1.2, "2006-06-30": 2.2, "2006-03-31": "2.40000", "2005-12-31": 15.3, "2005-09-30": 0, "2005-06-30": 0, "2005-03-31": ""}, "Total Common And Preferred Stock Dividends Paid": {"2020-12-31": 239, "2020-09-30": -79.2, "2020-06-30": -79, "2020-03-31": "-80.80000", "2019-12-31": -73.5, "2019-09-30": -73.4, "2019-06-30": -73.3, "2019-03-31": "-68.70000", "2018-12-31": -68.6, "2018-09-30": -63.6, "2018-06-30": -63.4, "2018-03-31": "-62.30000", "2017-12-31": -62.2, "2017-09-30": -61.8, "2017-06-30": -61.8, "2017-03-31": "-56.20000", "2016-12-31": -53.4, "2016-09-30": -51.7, "2016-06-30": -51.8, "2016-03-31": "-50.60000", "2015-12-31": -50.6, "2015-09-30": -50.6, "2015-06-30": -50.5, "2015-03-31": "-49.50000", "2014-12-31": -49.5, "2014-09-30": -49.4, "2014-06-30": -49.4, "2014-03-31": "-48.60000", "2013-12-31": -49.8, "2013-09-30": -50.3, "2013-06-30": -51.9, "2013-03-31": "-52.80000", "2012-12-31": -53.6, "2012-09-30": -54.3, "2012-06-30": -55.1, "2012-03-31": "-54.90000", "2011-12-31": -54.8, "2011-09-30": -57.4, "2011-06-30": -54.5, "2011-03-31": "-54.20000", "2010-12-31": -55.2, "2010-09-30": -55.5, "2010-06-30": -56.2, "2010-03-31": "-51.20000", "2009-12-31": -51.1, "2009-09-30": -51.2, "2009-06-30": -51.1, "2009-03-31": "-50.20000", "2008-12-31": -50.2, "2008-09-30": -50, "2008-06-30": -49.9, "2008-03-31": "-44.30000", "2007-12-31": -38.2, "2007-09-30": -38.7, "2007-06-30": -38.7, "2007-03-31": "-15.50000", "2006-12-31": -15.5, "2006-09-30": -15.5, "2006-06-30": -15.4, "2006-03-31": "-13.60000", "2005-12-31": -52.4, "2005-09-30": 0, "2005-06-30": 0, "2005-03-31": ""}, "Financial Activities - Other": {"2020-12-31": -6047, "2020-09-30": -297.8, "2020-06-30": 5193.2, "2020-03-31": "1151.60000", "2019-12-31": -413.4, "2019-09-30": -893.8, "2019-06-30": 446.8, "2019-03-31": "741.90000", "2018-12-31": 541.8, "2018-09-30": 742, "2018-06-30": -425.9, "2018-03-31": "-162.50000", "2017-12-31": 508.3, "2017-09-30": 732.6, "2017-06-30": -543.7, "2017-03-31": "644.90000", "2016-12-31": 204.9, "2016-09-30": 656.4, "2016-06-30": -106.4, "2016-03-31": "688.10000", "2015-12-31": 137.7, "2015-09-30": 844.9, "2015-06-30": 284.9, "2015-03-31": "1011.70000", "2014-12-31": 876.9, "2014-09-30": 1172.6, "2014-06-30": 423.2, "2014-03-31": "1108.20000", "2013-12-31": 367.7, "2013-09-30": 207.8, "2013-06-30": 190.2, "2013-03-31": "41.10000", "2012-12-31": 387.9, "2012-09-30": -95.2, "2012-06-30": -123.1, "2012-03-31": "451.70000", "2011-12-31": 329.1, "2011-09-30": 140.3, "2011-06-30": 168.2, "2011-03-31": "177.00000", "2010-12-31": -15.7, "2010-09-30": -159.4, "2010-06-30": 209.4, "2010-03-31": "-48.20000", "2009-12-31": 395.2, "2009-09-30": 27.5, "2009-06-30": 185.7, "2009-03-31": "586.10000", "2008-12-31": 141.6, "2008-09-30": -380, "2008-06-30": -628.3, "2008-03-31": "49.60000", "2007-12-31": 98.8, "2007-09-30": -309.1, "2007-06-30": -868.6, "2007-03-31": "885.00000", "2006-12-31": 104, "2006-09-30": -224.6, "2006-06-30": -49.2, "2006-03-31": "169.80000", "2005-12-31": 281.3, "2005-09-30": 0, "2005-06-30": 0, "2005-03-31": ""}, "Cash Flow From Financial Activities": {"2020-12-31": -1585.2, "2020-09-30": -921.8, "2020-06-30": 985.2, "2020-03-31": "1521.80000", "2019-12-31": -492.5, "2019-09-30": 265.4, "2019-06-30": 221.6, "2019-03-31": "-55.80000", "2018-12-31": 180.8, "2018-09-30": -559, "2018-06-30": 280.5, "2018-03-31": "-441.80000", "2017-12-31": 440.7, "2017-09-30": 24.7, "2017-06-30": 284.8, "2017-03-31": "-391.20000", "2016-12-31": 94, "2016-09-30": 483.8, "2016-06-30": 692.7, "2016-03-31": "45.70000", "2015-12-31": 1403.8, "2015-09-30": 231.3, "2015-06-30": 665.9, "2015-03-31": "419.50000", "2014-12-31": 1105.4, "2014-09-30": 748.1, "2014-06-30": 655.5, "2014-03-31": "-109.40000", "2013-12-31": 1623.1, "2013-09-30": 124.4, "2013-06-30": 742.5, "2013-03-31": "306.30000", "2012-12-31": 1634.7, "2012-09-30": 362.5, "2012-06-30": -82.2, "2012-03-31": "294.70000", "2011-12-31": 251.2, "2011-09-30": -792.4, "2011-06-30": 270, "2011-03-31": "204.20000", "2010-12-31": -81.3, "2010-09-30": -127, "2010-06-30": 31.4, "2010-03-31": "-867.90000", "2009-12-31": 346.5, "2009-09-30": -29.8, "2009-06-30": 109.6, "2009-03-31": "533.40000", "2008-12-31": 129.2, "2008-09-30": -404.2, "2008-06-30": -676.4, "2008-03-31": "12.30000", "2007-12-31": -64.7, "2007-09-30": -347.7, "2007-06-30": 2203.7, "2007-03-31": "875.10000", "2006-12-31": 37.7, "2006-09-30": -448.7, "2006-06-30": -92.4, "2006-03-31": "114.70000", "2005-12-31": 235.4, "2005-09-30": 0, "2005-06-30": 0, "2005-03-31": ""}, "Net Cash Flow": {"2020-12-31": -254.4, "2020-09-30": -423.9, "2020-06-30": 227.4, "2020-03-31": "450.90000", "2019-12-31": 8, "2019-09-30": 12.3, "2019-06-30": 166.2, "2019-03-31": "-317.50000", "2018-12-31": 394, "2018-09-30": -177.8, "2018-06-30": -156.7, "2018-03-31": "-10.10000", "2017-12-31": 166, "2017-09-30": 44.4, "2017-06-30": -100.8, "2017-03-31": "158.90000", "2016-12-31": -106.2, "2016-09-30": 12.5, "2016-06-30": 154.1, "2016-03-31": "-161.60000", "2015-12-31": 170.4, "2015-09-30": -13.4, "2015-06-30": 1.5, "2015-03-31": "-456.90000", "2014-12-31": 494.1, "2014-09-30": -43.4, "2014-06-30": 62.6, "2014-03-31": "26.00000", "2013-12-31": -120.8, "2013-09-30": 96.1, "2013-06-30": 51.4, "2013-03-31": "-153.70000", "2012-12-31": 179.4, "2012-09-30": -65.9, "2012-06-30": -620.6, "2012-03-31": "327.60000", "2011-12-31": -369.1, "2011-09-30": -6.6, "2011-06-30": -84.8, "2011-03-31": "286.90000", "2010-12-31": 156.1, "2010-09-30": -758.3, "2010-06-30": -1266.9, "2010-03-31": "-594.40000", "2009-12-31": 1074.1, "2009-09-30": -671.9, "2009-06-30": -51.1, "2009-03-31": "1583.00000", "2008-12-31": -1487.1, "2008-09-30": 520.2, "2008-06-30": -457.2, "2008-03-31": "-476.20000", "2007-12-31": 959.9, "2007-09-30": -173.3, "2007-06-30": 1043.3, "2007-03-31": "985.60000", "2006-12-31": 33.3, "2006-09-30": 89.6, "2006-06-30": 10.4, "2006-03-31": "11.90000", "2005-12-31": -448.4, "2005-09-30": 0, "2005-06-30": 0, "2005-03-31": ""}, "Stock-Based Compensation": {"2020-12-31": -23.3, "2020-09-30": 7.2, "2020-06-30": 7.8, "2020-03-31": "8.30000", "2019-12-31": 7.9, "2019-09-30": 8.6, "2019-06-30": 6.5, "2019-03-31": "7.60000", "2018-12-31": 9, "2018-09-30": 6.1, "2018-06-30": 6.2, "2018-03-31": "7.30000", "2017-12-31": 8, "2017-09-30": 5.5, "2017-06-30": 5.6, "2017-03-31": "7.10000", "2016-12-31": 5.3, "2016-09-30": 5, "2016-06-30": 5.5, "2016-03-31": "4.90000", "2015-12-31": 18.5, "2015-09-30": 1.4, "2015-06-30": 1.3, "2015-03-31": "1.30000", "2014-12-31": 5, "2014-09-30": 4.9, "2014-06-30": -2.3, "2014-03-31": "12.40000", "2013-12-31": 5, "2013-09-30": 4.3, "2013-06-30": 4.5, "2013-03-31": "5.00000", "2012-12-31": -1, "2012-09-30": 6.5, "2012-06-30": 7.1, "2012-03-31": "6.70000", "2011-12-31": 6.4, "2011-09-30": 6.5, "2011-06-30": 8.6, "2011-03-31": "6.60000", "2010-12-31": 7.2, "2010-09-30": 6.8, "2010-06-30": 9, "2010-03-31": "7.80000", "2009-12-31": 7.2, "2009-09-30": 7.3, "2009-06-30": 8.4, "2009-03-31": "7.50000", "2008-12-31": 7, "2008-09-30": 7, "2008-06-30": 7.3, "2008-03-31": "6.80000", "2007-12-31": 6.2, "2007-09-30": 5.8, "2007-06-30": 2.3, "2007-03-31": "", "2006-12-31": 3.7, "2006-09-30": 0, "2006-06-30": 0, "2006-03-31": "", "2005-12-31": 0, "2005-09-30": 0, "2005-06-30": 0, "2005-03-31": ""}, "Common Stock Dividends Paid": {"2020-12-31": 228.5, "2020-09-30": -75.7, "2020-06-30": -75.5, "2020-03-31": "-77.30000", "2019-12-31": -69.9, "2019-09-30": -69.9, "2019-06-30": -69.8, "2019-03-31": "-65.20000", "2018-12-31": -65, "2018-09-30": -60.1, "2018-06-30": -59.9, "2018-03-31": "-58.80000", "2017-12-31": -58.6, "2017-09-30": -58.3, "2017-06-30": -58.3, "2017-03-31": "-52.70000", "2016-12-31": -51.6, "2016-09-30": -51.7, "2016-06-30": -51.8, "2016-03-31": "-50.60000", "2015-12-31": -50.6, "2015-09-30": -50.6, "2015-06-30": -50.5, "2015-03-31": "-49.50000", "2014-12-31": -49.5, "2014-09-30": -49.4, "2014-06-30": -49.4, "2014-03-31": "-48.60000", "2013-12-31": -49.8, "2013-09-30": -50.3, "2013-06-30": -51.9, "2013-03-31": "-52.80000", "2012-12-31": -53.6, "2012-09-30": -54.3, "2012-06-30": -55.1, "2012-03-31": "-54.90000", "2011-12-31": -54.8, "2011-09-30": -57.4, "2011-06-30": -54.5, "2011-03-31": "-54.20000", "2010-12-31": -55.2, "2010-09-30": -55.5, "2010-06-30": -56.2, "2010-03-31": "-51.20000", "2009-12-31": -51.1, "2009-09-30": -51.2, "2009-06-30": -51.1, "2009-03-31": "-50.20000", "2008-12-31": -50.2, "2008-09-30": -50, "2008-06-30": -49.9, "2008-03-31": "-44.30000", "2007-12-31": -38.2, "2007-09-30": -38.7, "2007-06-30": -38.7, "2007-03-31": "-15.50000", "2006-12-31": -15.5, "2006-09-30": -15.5, "2006-06-30": -15.4, "2006-03-31": "-13.60000", "2005-12-31": -52.4, "2005-09-30": 0, "2005-06-30": 0, "2005-03-31": ""}}, "financial ratios": {"Current Ratio": {"2019-12-31": "", "2018-12-31": "", "2017-12-31": "", "2016-12-31": "", "2015-12-31": "", "2014-12-31": "", "2013-12-31": "", "2012-12-31": "", "2011-12-31": "", "2010-12-31": "", "2009-12-31": "", "2008-12-31": "", "2007-12-31": "", "2006-12-31": "", "2005-12-31": ""}, "Long-term Debt / Capital": {"2019-12-31": "0.11110", "2018-12-31": "0.12060", "2017-12-31": "0.13410", "2016-12-31": "0.16690", "2015-12-31": "0.17920", "2014-12-31": "0.18240", "2013-12-31": "0.12270", "2012-12-31": "0.11570", "2011-12-31": "0.02970", "2010-12-31": "0.03370", "2009-12-31": "0.03440", "2008-12-31": "0.03370", "2007-12-31": "0.01450", "2006-12-31": "0.04650", "2005-12-31": "0.07770"}, "Debt/Equity Ratio": {"2019-12-31": "0.77360", "2018-12-31": "0.68710", "2017-12-31": "0.86000", "2016-12-31": "0.98930", "2015-12-31": "1.12870", "2014-12-31": "1.01990", "2013-12-31": "1.24680", "2012-12-31": "0.60440", "2011-12-31": "0.19490", "2010-12-31": "0.22850", "2009-12-31": "0.06680", "2008-12-31": "0.07120", "2007-12-31": "0.01470", "2006-12-31": "0.05180", "2005-12-31": "0.31310"}, "Gross Margin": {"2019-12-31": "", "2018-12-31": "", "2017-12-31": "", "2016-12-31": "", "2015-12-31": "", "2014-12-31": "", "2013-12-31": "", "2012-12-31": "", "2011-12-31": "", "2010-12-31": "", "2009-12-31": "", "2008-12-31": "", "2007-12-31": "", "2006-12-31": "", "2005-12-31": ""}, "Operating Margin": {"2019-12-31": "", "2018-12-31": "", "2017-12-31": "", "2016-12-31": "", "2015-12-31": "", "2014-12-31": "", "2013-12-31": "", "2012-12-31": "", "2011-12-31": "", "2010-12-31": "", "2009-12-31": "", "2008-12-31": "", "2007-12-31": "", "2006-12-31": "", "2005-12-31": ""}, "EBIT Margin": {"2019-12-31": "", "2018-12-31": "", "2017-12-31": "", "2016-12-31": "", "2015-12-31": "", "2014-12-31": "", "2013-12-31": "", "2012-12-31": "", "2011-12-31": "", "2010-12-31": "", "2009-12-31": "", "2008-12-31": "", "2007-12-31": "", "2006-12-31": "", "2005-12-31": ""}, "EBITDA Margin": {"2019-12-31": "", "2018-12-31": "", "2017-12-31": "", "2016-12-31": "", "2015-12-31": "", "2014-12-31": "", "2013-12-31": "", "2012-12-31": "", "2011-12-31": "", "2010-12-31": "", "2009-12-31": "", "2008-12-31": "", "2007-12-31": "", "2006-12-31": "", "2005-12-31": ""}, "Pre-Tax Profit Margin": {"2019-12-31": "35.94290", "2018-12-31": "36.65100", "2017-12-31": "32.72380", "2016-12-31": "32.03470", "2015-12-31": "31.21250", "2014-12-31": "31.14310", "2013-12-31": "29.29380", "2012-12-31": "30.77760", "2011-12-31": "24.66090", "2010-12-31": "13.49560", "2009-12-31": "17.94550", "2008-12-31": "22.41190", "2007-12-31": "33.84040", "2006-12-31": "34.09950", "2005-12-31": "35.55390"}, "Net Profit Margin": {"2019-12-31": "27.89380", "2018-12-31": "28.87310", "2017-12-31": "22.63560", "2016-12-31": "21.84150", "2015-12-31": "20.78970", "2014-12-31": "20.59570", "2013-12-31": "19.48420", "2012-12-31": "20.44340", "2011-12-31": "16.51260", "2010-12-31": "8.92700", "2009-12-31": "12.36170", "2008-12-31": "15.07990", "2007-12-31": "22.69580", "2006-12-31": "23.55620", "2005-12-31": "25.65490"}, "Asset Turnover": {"2019-12-31": "0.03100", "2018-12-31": "0.03280", "2017-12-31": "0.03210", "2016-12-31": "0.03150", "2015-12-31": "0.03210", "2014-12-31": "0.03390", "2013-12-31": "0.03570", "2012-12-31": "0.03960", "2011-12-31": "0.04200", "2010-12-31": "0.03610", "2009-12-31": "0.03780", "2008-12-31": "0.04530", "2007-12-31": "0.04900", "2006-12-31": "0.04930", "2005-12-31": "0.04890"}, "Inventory Turnover Ratio": {"2019-12-31": "", "2018-12-31": "", "2017-12-31": "", "2016-12-31": "", "2015-12-31": "", "2014-12-31": "", "2013-12-31": "", "2012-12-31": "", "2011-12-31": "", "2010-12-31": "", "2009-12-31": "", "2008-12-31": "", "2007-12-31": "", "2006-12-31": "", "2005-12-31": ""}, "Receiveable Turnover": {"2019-12-31": "", "2018-12-31": "", "2017-12-31": "", "2016-12-31": "", "2015-12-31": "", "2014-12-31": "", "2013-12-31": "", "2012-12-31": "", "2011-12-31": "", "2010-12-31": "", "2009-12-31": "", "2008-12-31": "", "2007-12-31": "", "2006-12-31": "", "2005-12-31": ""}, "Days Sales In Receivables": {"2019-12-31": "", "2018-12-31": "", "2017-12-31": "", "2016-12-31": "", "2015-12-31": "", "2014-12-31": "", "2013-12-31": "", "2012-12-31": "", "2011-12-31": "", "2010-12-31": "", "2009-12-31": "", "2008-12-31": "", "2007-12-31": "", "2006-12-31": "", "2005-12-31": ""}, "ROE - Return On Equity": {"2019-12-31": "6.75570", "2018-12-31": "7.44220", "2017-12-31": "6.04760", "2016-12-31": "5.73730", "2015-12-31": "5.49710", "2014-12-31": "5.43260", "2013-12-31": "5.08710", "2012-12-31": "4.86820", "2011-12-31": "3.68910", "2010-12-31": "1.58070", "2009-12-31": "1.98400", "2008-12-31": "2.66340", "2007-12-31": "3.35630", "2006-12-31": "9.08550", "2005-12-31": "9.77030"}, "Return On Tangible Equity": {"2019-12-31": "11.13730", "2018-12-31": "12.76100", "2017-12-31": "10.34390", "2016-12-31": "9.36730", "2015-12-31": "9.83810", "2014-12-31": "9.94630", "2013-12-31": "9.52030", "2012-12-31": "8.50170", "2011-12-31": "6.32640", "2010-12-31": "2.53280", "2009-12-31": "2.82250", "2008-12-31": "3.78780", "2007-12-31": "3.43670", "2006-12-31": "9.85820", "2005-12-31": "10.64690"}, "ROA - Return On Assets": {"2019-12-31": "0.88820", "2018-12-31": "0.97770", "2017-12-31": "0.75850", "2016-12-31": "0.69200", "2015-12-31": "0.66780", "2014-12-31": "0.69920", "2013-12-31": "0.69970", "2012-12-31": "0.80890", "2011-12-31": "0.69820", "2010-12-31": "0.32950", "2009-12-31": "0.47610", "2008-12-31": "0.68330", "2007-12-31": "1.10070", "2006-12-31": "1.13880", "2005-12-31": "1.15160"}, "ROI - Return On Investment": {"2019-12-31": "5.82080", "2018-12-31": "6.30040", "2017-12-31": "5.01670", "2016-12-31": "4.55280", "2015-12-31": "4.51190", "2014-12-31": "4.44180", "2013-12-31": "4.46280", "2012-12-31": "4.30520", "2011-12-31": "3.57950", "2010-12-31": "1.52740", "2009-12-31": "1.91580", "2008-12-31": "2.57360", "2007-12-31": "3.30760", "2006-12-31": "8.66320", "2005-12-31": "9.01090"}, "Book Value Per Share": {"2019-12-31": "17.91520", "2018-12-31": "17.31750", "2017-12-31": "16.79140", "2016-12-31": "16.27700", "2015-12-31": "15.25830", "2014-12-31": "15.05230", "2013-12-31": "14.88080", "2012-12-31": "14.83750", "2011-12-31": "14.59260", "2010-12-31": "14.53440", "2009-12-31": "14.78460", "2008-12-31": "15.00960", "2007-12-31": "14.90250", "2006-12-31": "9.41980", "2005-12-31": "4.33350"}, "Operating Cash Flow Per Share": {"2019-12-31": -1.0694, "2018-12-31": -0.1358, "2017-12-31": 0.7061, "2016-12-31": 0.0124, "2015-12-31": -0.0804, "2014-12-31": -0.0427, "2013-12-31": -0.3017, "2012-12-31": 1.0176, "2011-12-31": -0.1394, "2010-12-31": 0.328, "2009-12-31": -0.3704, "2008-12-31": 0.0664, "2007-12-31": 0.4154, "2006-12-31": -0.1459, "2005-12-31": 0.346}, "Free Cash Flow Per Share": {"2019-12-31": -0.9807, "2018-12-31": -0.3028, "2017-12-31": 0.7332, "2016-12-31": 0.1176, "2015-12-31": -0.1391, "2014-12-31": 0.0381, "2013-12-31": -0.3395, "2012-12-31": 0.8895, "2011-12-31": -0.0472, "2010-12-31": 0.3488, "2009-12-31": -0.3872, "2008-12-31": 0.1416, "2007-12-31": 0.3219, "2006-12-31": -0.1952, "2005-12-31": 0.2718}}, "financial ratios, quarterly": {"Current Ratio": {"2020-09-30": "", "2020-06-30": "", "2020-03-31": "", "2019-12-31": "", "2019-09-30": "", "2019-06-30": "", "2019-03-31": "", "2018-12-31": "", "2018-09-30": "", "2018-06-30": "", "2018-03-31": "", "2017-12-31": "", "2017-09-30": "", "2017-06-30": "", "2017-03-31": "", "2016-12-31": "", "2016-09-30": "", "2016-06-30": "", "2016-03-31": "", "2015-12-31": "", "2015-09-30": "", "2015-06-30": "", "2015-03-31": "", "2014-12-31": "", "2014-09-30": "", "2014-06-30": "", "2014-03-31": "", "2013-12-31": "", "2013-09-30": "", "2013-06-30": "", "2013-03-31": "", "2012-12-31": "", "2012-09-30": "", "2012-06-30": "", "2012-03-31": "", "2011-12-31": "", "2011-09-30": "", "2011-06-30": "", "2011-03-31": "", "2010-12-31": "", "2010-09-30": "", "2010-06-30": "", "2010-03-31": "", "2009-12-31": "", "2009-09-30": "", "2009-06-30": "", "2009-03-31": "", "2008-12-31": "", "2008-09-30": "", "2008-06-30": "", "2008-03-31": "", "2007-12-31": "", "2007-09-30": "", "2007-06-30": "", "2007-03-31": "", "2006-12-31": "", "2006-09-30": "", "2006-06-30": "", "2006-03-31": "", "2005-12-31": "", "2005-09-30": "", "2005-06-30": "", "2005-03-31": ""}, "Long-term Debt / Capital": {"2020-09-30": "0.11440", "2020-06-30": "0.11560", "2020-03-31": "0.11590", "2019-12-31": "0.11110", "2019-09-30": "0.11380", "2019-06-30": "0.11450", "2019-03-31": "0.11980", "2018-12-31": "0.12060", "2018-09-30": "0.12940", "2018-06-30": "0.13090", "2018-03-31": "0.13240", "2017-12-31": "0.13410", "2017-09-30": "0.13620", "2017-06-30": "0.13710", "2017-03-31": "0.14820", "2016-12-31": "0.16690", "2016-09-30": "0.17810", "2016-06-30": "0.17970", "2016-03-31": "0.17980", "2015-12-31": "0.17920", "2015-09-30": "0.18090", "2015-06-30": "0.18020", "2015-03-31": "0.18210", "2014-12-31": "0.18240", "2014-09-30": "0.18000", "2014-06-30": "0.18320", "2014-03-31": "0.12210", "2013-12-31": "0.12270", "2013-09-30": "0.12110", "2013-06-30": "0.12020", "2013-03-31": "0.11890", "2012-12-31": "0.11570", "2012-09-30": "0.03040", "2012-06-30": "0.03020", "2012-03-31": "0.02990", "2011-12-31": "0.02970", "2011-09-30": "0.02920", "2011-06-30": "0.02970", "2011-03-31": "0.03300", "2010-12-31": "0.03370", "2010-09-30": "0.03300", "2010-06-30": "0.03260", "2010-03-31": "0.03220", "2009-12-31": "0.03440", "2009-09-30": "0.03430", "2009-06-30": "0.03410", "2009-03-31": "0.03390", "2008-12-31": "0.03370", "2008-09-30": "0.03330", "2008-06-30": "0.03340", "2008-03-31": "0.03330", "2007-12-31": "0.01450", "2007-09-30": "0.01420", "2007-06-30": "0.01430", "2007-03-31": "0.04590", "2006-12-31": "0.04650", "2006-09-30": "0.07450", "2006-06-30": "0.13880", "2006-03-31": "0.07680", "2005-12-31": "0.09390", "2005-09-30": "", "2005-06-30": "", "2005-03-31": "0.15430"}, "Debt/Equity Ratio": {"2020-09-30": "0.28720", "2020-06-30": "0.36020", "2020-03-31": "0.89620", "2019-12-31": "0.77360", "2019-09-30": "0.77760", "2019-06-30": "0.61180", "2019-03-31": "0.56810", "2018-12-31": "0.68710", "2018-09-30": "0.71790", "2018-06-30": "0.93690", "2018-03-31": "0.81580", "2017-12-31": "0.86000", "2017-09-30": "0.87890", "2017-06-30": "0.87510", "2017-03-31": "0.78670", "2016-12-31": "0.98930", "2016-09-30": "1.12920", "2016-06-30": "1.16390", "2016-03-31": "0.99510", "2015-12-31": "1.12870", "2015-09-30": "0.85430", "2015-06-30": "0.98010", "2015-03-31": "0.89390", "2014-12-31": "1.01990", "2014-09-30": "0.95320", "2014-06-30": "1.03830", "2014-03-31": "0.98500", "2013-12-31": "1.24680", "2013-09-30": "0.91870", "2013-06-30": "0.91170", "2013-03-31": "0.71810", "2012-12-31": "0.60440", "2012-09-30": "0.32990", "2012-06-30": "0.21760", "2012-03-31": "0.18740", "2011-12-31": "0.19490", "2011-09-30": "0.19660", "2011-06-30": "0.28690", "2011-03-31": "0.25860", "2010-12-31": "0.22850", "2010-09-30": "0.08140", "2010-06-30": "0.05970", "2010-03-31": "0.06510", "2009-12-31": "0.06680", "2009-09-30": "0.06560", "2009-06-30": "0.06640", "2009-03-31": "0.07090", "2008-12-31": "0.07120", "2008-09-30": "0.06340", "2008-06-30": "0.06210", "2008-03-31": "0.06280", "2007-12-31": "0.01470", "2007-09-30": "0.01440", "2007-06-30": "0.01450", "2007-03-31": "0.05380", "2006-12-31": "0.05180", "2006-09-30": "0.09060", "2006-06-30": "0.24860", "2006-03-31": "0.27530", "2005-12-31": "0.31310", "2005-09-30": "0.30980", "2005-06-30": "", "2005-03-31": "0.33770"}, "Gross Margin": {"2020-09-30": "", "2020-06-30": "", "2020-03-31": "", "2019-12-31": "", "2019-09-30": "", "2019-06-30": "", "2019-03-31": "", "2018-12-31": "", "2018-09-30": "", "2018-06-30": "", "2018-03-31": "", "2017-12-31": "", "2017-09-30": "", "2017-06-30": "", "2017-03-31": "", "2016-12-31": "", "2016-09-30": "", "2016-06-30": "", "2016-03-31": "", "2015-12-31": "", "2015-09-30": "", "2015-06-30": "", "2015-03-31": "", "2014-12-31": "", "2014-09-30": "", "2014-06-30": "", "2014-03-31": "", "2013-12-31": "", "2013-09-30": "", "2013-06-30": "", "2013-03-31": "", "2012-12-31": "", "2012-09-30": "", "2012-06-30": "", "2012-03-31": "", "2011-12-31": "", "2011-09-30": "", "2011-06-30": "", "2011-03-31": "", "2010-12-31": "", "2010-09-30": "", "2010-06-30": "", "2010-03-31": "", "2009-12-31": "", "2009-09-30": "", "2009-06-30": "", "2009-03-31": "", "2008-12-31": "", "2008-09-30": "", "2008-06-30": "", "2008-03-31": "", "2007-12-31": "", "2007-09-30": "", "2007-06-30": "", "2007-03-31": "", "2006-12-31": "", "2006-09-30": "", "2006-06-30": "", "2006-03-31": "", "2005-12-31": "", "2005-09-30": "", "2005-06-30": "", "2005-03-31": ""}, "Operating Margin": {"2020-09-30": "", "2020-06-30": "", "2020-03-31": "", "2019-12-31": "", "2019-09-30": "", "2019-06-30": "", "2019-03-31": "", "2018-12-31": "", "2018-09-30": "", "2018-06-30": "", "2018-03-31": "", "2017-12-31": "", "2017-09-30": "", "2017-06-30": "", "2017-03-31": "", "2016-12-31": "", "2016-09-30": "", "2016-06-30": "", "2016-03-31": "", "2015-12-31": "", "2015-09-30": "", "2015-06-30": "", "2015-03-31": "", "2014-12-31": "", "2014-09-30": "", "2014-06-30": "", "2014-03-31": "", "2013-12-31": "", "2013-09-30": "", "2013-06-30": "", "2013-03-31": "", "2012-12-31": "", "2012-09-30": "", "2012-06-30": "", "2012-03-31": "", "2011-12-31": "", "2011-09-30": "", "2011-06-30": "", "2011-03-31": "", "2010-12-31": "", "2010-09-30": "", "2010-06-30": "", "2010-03-31": "", "2009-12-31": "", "2009-09-30": "", "2009-06-30": "", "2009-03-31": "", "2008-12-31": "", "2008-09-30": "", "2008-06-30": "", "2008-03-31": "", "2007-12-31": "", "2007-09-30": "", "2007-06-30": "", "2007-03-31": "", "2006-12-31": "", "2006-09-30": "", "2006-06-30": "", "2006-03-31": "", "2005-12-31": "", "2005-09-30": "", "2005-06-30": "", "2005-03-31": ""}, "EBIT Margin": {"2020-09-30": "", "2020-06-30": "", "2020-03-31": "", "2019-12-31": "", "2019-09-30": "", "2019-06-30": "", "2019-03-31": "", "2018-12-31": "", "2018-09-30": "", "2018-06-30": "", "2018-03-31": "", "2017-12-31": "", "2017-09-30": "", "2017-06-30": "", "2017-03-31": "", "2016-12-31": "", "2016-09-30": "", "2016-06-30": "", "2016-03-31": "", "2015-12-31": "", "2015-09-30": "", "2015-06-30": "", "2015-03-31": "", "2014-12-31": "", "2014-09-30": "", "2014-06-30": "", "2014-03-31": "", "2013-12-31": "", "2013-09-30": "", "2013-06-30": "", "2013-03-31": "", "2012-12-31": "", "2012-09-30": "", "2012-06-30": "", "2012-03-31": "", "2011-12-31": "", "2011-09-30": "", "2011-06-30": "", "2011-03-31": "", "2010-12-31": "", "2010-09-30": "", "2010-06-30": "", "2010-03-31": "", "2009-12-31": "", "2009-09-30": "", "2009-06-30": "", "2009-03-31": "", "2008-12-31": "", "2008-09-30": "", "2008-06-30": "", "2008-03-31": "", "2007-12-31": "", "2007-09-30": "", "2007-06-30": "", "2007-03-31": "", "2006-12-31": "", "2006-09-30": "", "2006-06-30": "", "2006-03-31": "", "2005-12-31": "", "2005-09-30": "", "2005-06-30": "", "2005-03-31": ""}, "EBITDA Margin": {"2020-09-30": "", "2020-06-30": "", "2020-03-31": "", "2019-12-31": "", "2019-09-30": "", "2019-06-30": "", "2019-03-31": "", "2018-12-31": "", "2018-09-30": "", "2018-06-30": "", "2018-03-31": "", "2017-12-31": "", "2017-09-30": "", "2017-06-30": "", "2017-03-31": "", "2016-12-31": "", "2016-09-30": "", "2016-06-30": "", "2016-03-31": "", "2015-12-31": "", "2015-09-30": "", "2015-06-30": "", "2015-03-31": "", "2014-12-31": "", "2014-09-30": "", "2014-06-30": "", "2014-03-31": "", "2013-12-31": "", "2013-09-30": "", "2013-06-30": "", "2013-03-31": "", "2012-12-31": "", "2012-09-30": "", "2012-06-30": "", "2012-03-31": "", "2011-12-31": "", "2011-09-30": "", "2011-06-30": "", "2011-03-31": "", "2010-12-31": "", "2010-09-30": "", "2010-06-30": "", "2010-03-31": "", "2009-12-31": "", "2009-09-30": "", "2009-06-30": "", "2009-03-31": "", "2008-12-31": "", "2008-09-30": "", "2008-06-30": "", "2008-03-31": "", "2007-12-31": "", "2007-09-30": "", "2007-06-30": "", "2007-03-31": "", "2006-12-31": "", "2006-09-30": "", "2006-06-30": "", "2006-03-31": "", "2005-12-31": "", "2005-09-30": "", "2005-06-30": "", "2005-03-31": ""}, "Pre-Tax Profit Margin": {"2020-09-30": "36.95510", "2020-06-30": "26.64090", "2020-03-31": "34.17640", "2019-12-31": "34.80790", "2019-09-30": "37.03290", "2019-06-30": "37.69020", "2019-03-31": "34.28170", "2018-12-31": "36.16040", "2018-09-30": "38.20740", "2018-06-30": "36.19100", "2018-03-31": "36.05570", "2017-12-31": "35.57230", "2017-09-30": "35.37750", "2017-06-30": "28.40850", "2017-03-31": "31.25570", "2016-12-31": "32.81780", "2016-09-30": "32.43820", "2016-06-30": "32.49840", "2016-03-31": "30.33020", "2015-12-31": "32.69230", "2015-09-30": "32.15080", "2015-06-30": "30.71640", "2015-03-31": "29.18970", "2014-12-31": "31.90160", "2014-09-30": "30.42320", "2014-06-30": "34.80440", "2014-03-31": "27.15970", "2013-12-31": "29.82510", "2013-09-30": "28.57140", "2013-06-30": "31.37710", "2013-03-31": "27.34750", "2012-12-31": "31.77630", "2012-09-30": "30.62110", "2012-06-30": "31.59300", "2012-03-31": "29.07170", "2011-12-31": "19.28470", "2011-09-30": "24.70780", "2011-06-30": "27.06130", "2011-03-31": "27.64900", "2010-12-31": "17.72730", "2010-09-30": "16.08110", "2010-06-30": "10.19050", "2010-03-31": "9.51940", "2009-12-31": "18.47350", "2009-09-30": "19.06860", "2009-06-30": "16.96510", "2009-03-31": "17.38290", "2008-12-31": "22.95010", "2008-09-30": "30.14970", "2008-06-30": "28.55260", "2008-03-31": "8.78070", "2007-12-31": "40.54700", "2007-09-30": "47.52750", "2007-06-30": "11.38300", "2007-03-31": "36.20570", "2006-12-31": "38.85710", "2006-09-30": "22.64650", "2006-06-30": "35.89930", "2006-03-31": "36.84210", "2005-12-31": "100.00000", "2005-09-30": "35.12370", "2005-06-30": "100.00000", "2005-03-31": "34.35630"}, "Net Profit Margin": {"2020-09-30": "30.29850", "2020-06-30": "20.84940", "2020-03-31": "26.09500", "2019-12-31": "26.80140", "2019-09-30": "29.44730", "2019-06-30": "29.02870", "2019-03-31": "26.33950", "2018-12-31": "31.44590", "2018-09-30": "29.06530", "2018-06-30": "27.38710", "2018-03-31": "27.41600", "2017-12-31": "27.59270", "2017-09-30": "23.79400", "2017-06-30": "18.30830", "2017-03-31": "20.46220", "2016-12-31": "22.91990", "2016-09-30": "22.49010", "2016-06-30": "21.71850", "2016-03-31": "20.16670", "2015-12-31": "22.14640", "2015-09-30": "21.66610", "2015-06-30": "20.08510", "2015-03-31": "19.16690", "2014-12-31": "21.47540", "2014-09-30": "20.42650", "2014-06-30": "22.53520", "2014-03-31": "17.78150", "2013-12-31": "19.53600", "2013-09-30": "19.66390", "2013-06-30": "20.70690", "2013-03-31": "17.99180", "2012-12-31": "20.32890", "2012-09-30": "20.55800", "2012-06-30": "21.48320", "2012-03-31": "19.38120", "2011-12-31": "13.21880", "2011-09-30": "16.62340", "2011-06-30": "17.89990", "2011-03-31": "18.33750", "2010-12-31": "11.15700", "2010-09-30": "10.85590", "2010-06-30": "7.08910", "2010-03-31": "6.34620", "2009-12-31": "12.77660", "2009-09-30": "13.13730", "2009-06-30": "11.92270", "2009-03-31": "11.68520", "2008-12-31": "15.43750", "2008-09-30": "20.24650", "2008-06-30": "18.85970", "2008-03-31": "6.28380", "2007-12-31": "27.34840", "2007-09-30": "31.64840", "2007-06-30": "7.68360", "2007-03-31": "24.33020", "2006-12-31": "28.07140", "2006-09-30": "15.09770", "2006-06-30": "24.35230", "2006-03-31": "25.09010", "2005-12-31": "18.97570", "2005-09-30": "23.67490", "2005-06-30": "22.51980", "2005-03-31": "23.50300"}, "Asset Turnover": {"2020-09-30": "0.00770", "2020-06-30": "0.00670", "2020-03-31": "0.00800", "2019-12-31": "0.00850", "2019-09-30": "0.00860", "2019-06-30": "0.00870", "2019-03-31": "0.00880", "2018-12-31": "0.00860", "2018-09-30": "0.00880", "2018-06-30": "0.00870", "2018-03-31": "0.00860", "2017-12-31": "0.00840", "2017-09-30": "0.00830", "2017-06-30": "0.00840", "2017-03-31": "0.00820", "2016-12-31": "0.00800", "2016-09-30": "0.00810", "2016-06-30": "0.00790", "2016-03-31": "0.00790", "2015-12-31": "0.00830", "2015-09-30": "0.00840", "2015-06-30": "0.00820", "2015-03-31": "0.00840", "2014-12-31": "0.00850", "2014-09-30": "0.00860", "2014-06-30": "0.00940", "2014-03-31": "0.00900", "2013-12-31": "0.00900", "2013-09-30": "0.00940", "2013-06-30": "0.00960", "2013-03-31": "0.00950", "2012-12-31": "0.01000", "2012-09-30": "0.01050", "2012-06-30": "0.01070", "2012-03-31": "0.01060", "2011-12-31": "0.01030", "2011-09-30": "0.01130", "2011-06-30": "0.01120", "2011-03-31": "0.01120", "2010-12-31": "0.00970", "2010-09-30": "0.01010", "2010-06-30": "0.01030", "2010-03-31": "0.00990", "2009-12-31": "0.00850", "2009-09-30": "0.00980", "2009-06-30": "0.01020", "2009-03-31": "0.01000", "2008-12-31": "0.01080", "2008-09-30": "0.01130", "2008-06-30": "0.01120", "2008-03-31": "0.01140", "2007-12-31": "0.01240", "2007-09-30": "0.01340", "2007-06-30": "0.01270", "2007-03-31": "0.01190", "2006-12-31": "0.01310", "2006-09-30": "0.01060", "2006-06-30": "0.01230", "2006-03-31": "0.01250", "2005-12-31": "0.01700", "2005-09-30": "0.01300", "2005-06-30": "", "2005-03-31": "0.01230"}, "Inventory Turnover Ratio": {"2020-09-30": "", "2020-06-30": "", "2020-03-31": "", "2019-12-31": "", "2019-09-30": "", "2019-06-30": "", "2019-03-31": "", "2018-12-31": "", "2018-09-30": "", "2018-06-30": "", "2018-03-31": "", "2017-12-31": "", "2017-09-30": "", "2017-06-30": "", "2017-03-31": "", "2016-12-31": "", "2016-09-30": "", "2016-06-30": "", "2016-03-31": "", "2015-12-31": "", "2015-09-30": "", "2015-06-30": "", "2015-03-31": "", "2014-12-31": "", "2014-09-30": "", "2014-06-30": "", "2014-03-31": "", "2013-12-31": "", "2013-09-30": "", "2013-06-30": "", "2013-03-31": "", "2012-12-31": "", "2012-09-30": "", "2012-06-30": "", "2012-03-31": "", "2011-12-31": "", "2011-09-30": "", "2011-06-30": "", "2011-03-31": "", "2010-12-31": "", "2010-09-30": "", "2010-06-30": "", "2010-03-31": "", "2009-12-31": "", "2009-09-30": "", "2009-06-30": "", "2009-03-31": "", "2008-12-31": "", "2008-09-30": "", "2008-06-30": "", "2008-03-31": "", "2007-12-31": "", "2007-09-30": "", "2007-06-30": "", "2007-03-31": "", "2006-12-31": "", "2006-09-30": "", "2006-06-30": "", "2006-03-31": "", "2005-12-31": "", "2005-09-30": "", "2005-06-30": "", "2005-03-31": ""}, "Receiveable Turnover": {"2020-09-30": "", "2020-06-30": "", "2020-03-31": "", "2019-12-31": "", "2019-09-30": "", "2019-06-30": "", "2019-03-31": "", "2018-12-31": "", "2018-09-30": "", "2018-06-30": "", "2018-03-31": "", "2017-12-31": "", "2017-09-30": "", "2017-06-30": "", "2017-03-31": "", "2016-12-31": "", "2016-09-30": "", "2016-06-30": "", "2016-03-31": "", "2015-12-31": "", "2015-09-30": "", "2015-06-30": "", "2015-03-31": "", "2014-12-31": "", "2014-09-30": "", "2014-06-30": "", "2014-03-31": "", "2013-12-31": "", "2013-09-30": "", "2013-06-30": "", "2013-03-31": "", "2012-12-31": "", "2012-09-30": "", "2012-06-30": "", "2012-03-31": "", "2011-12-31": "", "2011-09-30": "", "2011-06-30": "", "2011-03-31": "", "2010-12-31": "", "2010-09-30": "", "2010-06-30": "", "2010-03-31": "", "2009-12-31": "", "2009-09-30": "", "2009-06-30": "", "2009-03-31": "", "2008-12-31": "", "2008-09-30": "", "2008-06-30": "", "2008-03-31": "", "2007-12-31": "", "2007-09-30": "", "2007-06-30": "", "2007-03-31": "", "2006-12-31": "", "2006-09-30": "", "2006-06-30": "", "2006-03-31": "", "2005-12-31": "", "2005-09-30": "", "2005-06-30": "", "2005-03-31": ""}, "Days Sales In Receivables": {"2020-09-30": "", "2020-06-30": "", "2020-03-31": "", "2019-12-31": "", "2019-09-30": "", "2019-06-30": "", "2019-03-31": "", "2018-12-31": "", "2018-09-30": "", "2018-06-30": "", "2018-03-31": "", "2017-12-31": "", "2017-09-30": "", "2017-06-30": "", "2017-03-31": "", "2016-12-31": "", "2016-09-30": "", "2016-06-30": "", "2016-03-31": "", "2015-12-31": "", "2015-09-30": "", "2015-06-30": "", "2015-03-31": "", "2014-12-31": "", "2014-09-30": "", "2014-06-30": "", "2014-03-31": "", "2013-12-31": "", "2013-09-30": "", "2013-06-30": "", "2013-03-31": "", "2012-12-31": "", "2012-09-30": "", "2012-06-30": "", "2012-03-31": "", "2011-12-31": "", "2011-09-30": "", "2011-06-30": "", "2011-03-31": "", "2010-12-31": "", "2010-09-30": "", "2010-06-30": "", "2010-03-31": "", "2009-12-31": "", "2009-09-30": "", "2009-06-30": "", "2009-03-31": "", "2008-12-31": "", "2008-09-30": "", "2008-06-30": "", "2008-03-31": "", "2007-12-31": "", "2007-09-30": "", "2007-06-30": "", "2007-03-31": "", "2006-12-31": "", "2006-09-30": "", "2006-06-30": "", "2006-03-31": "", "2005-12-31": "", "2005-09-30": "", "2005-06-30": "", "2005-03-31": ""}, "ROE - Return On Equity": {"2020-09-30": "1.90580", "2020-06-30": "1.19570", "2020-03-31": "1.74300", "2019-12-31": "1.78500", "2019-09-30": "1.96180", "2019-06-30": "1.95820", "2019-03-31": "1.79710", "2018-12-31": "2.11450", "2018-09-30": "2.04730", "2018-06-30": "1.94830", "2018-03-31": "1.92630", "2017-12-31": "1.90650", "2017-09-30": "1.65030", "2017-06-30": "1.26940", "2017-03-31": "1.43000", "2016-12-31": "1.54970", "2016-09-30": "1.51570", "2016-06-30": "1.41830", "2016-03-31": "1.31280", "2015-12-31": "1.49630", "2015-09-30": "1.44580", "2015-06-30": "1.31680", "2015-03-31": "1.26440", "2014-12-31": "1.39650", "2014-09-30": "1.32330", "2014-06-30": "1.55970", "2014-03-31": "1.15540", "2013-12-31": "1.29800", "2013-09-30": "1.26140", "2013-06-30": "1.32750", "2013-03-31": "1.07450", "2012-12-31": "1.21460", "2012-09-30": "1.21780", "2012-06-30": "1.25520", "2012-03-31": "1.10610", "2011-12-31": "0.72860", "2011-09-30": "0.97340", "2011-06-30": "0.98580", "2011-03-31": "1.00190", "2010-12-31": "0.55180", "2010-09-30": "0.44920", "2010-06-30": "0.29560", "2010-03-31": "0.24820", "2009-12-31": "0.48820", "2009-09-30": "0.52390", "2009-06-30": "0.49250", "2009-03-31": "0.46900", "2008-12-31": "0.65140", "2008-09-30": "0.87810", "2008-06-30": "0.82520", "2008-03-31": "0.28930", "2007-12-31": "1.02800", "2007-09-30": "1.26390", "2007-06-30": "0.29090", "2007-03-31": "2.43600", "2006-12-31": "2.88910", "2006-09-30": "1.25060", "2006-06-30": "2.42780", "2006-03-31": "2.59490", "2005-12-31": "2.66180", "2005-09-30": "2.55580", "2005-06-30": "", "2005-03-31": "2.45010"}, "Return On Tangible Equity": {"2020-09-30": "3.15170", "2020-06-30": "1.99370", "2020-03-31": "2.92280", "2019-12-31": "2.94270", "2019-09-30": "3.32280", "2019-06-30": "3.35240", "2019-03-31": "3.07680", "2018-12-31": "3.62580", "2018-09-30": "3.45130", "2018-06-30": "3.31290", "2018-03-31": "3.27900", "2017-12-31": "3.26080", "2017-09-30": "2.85700", "2017-06-30": "2.11460", "2017-03-31": "2.31430", "2016-12-31": "2.53020", "2016-09-30": "2.63970", "2016-06-30": "2.48770", "2016-03-31": "2.31910", "2015-12-31": "2.67800", "2015-09-30": "2.58490", "2015-06-30": "2.37760", "2015-03-31": "2.28990", "2014-12-31": "2.55670", "2014-09-30": "2.41920", "2014-06-30": "2.86840", "2014-03-31": "2.14570", "2013-12-31": "2.42920", "2013-09-30": "2.33650", "2013-06-30": "2.44730", "2013-03-31": "1.91670", "2012-12-31": "2.12110", "2012-09-30": "2.11050", "2012-06-30": "2.16760", "2012-03-31": "1.90280", "2011-12-31": "1.24950", "2011-09-30": "1.64050", "2011-06-30": "1.57670", "2011-03-31": "1.61170", "2010-12-31": "0.88420", "2010-09-30": "0.67090", "2010-06-30": "0.44020", "2010-03-31": "0.36640", "2009-12-31": "0.69450", "2009-09-30": "0.74550", "2009-06-30": "0.70060", "2009-03-31": "0.66670", "2008-12-31": "0.92630", "2008-09-30": "1.24270", "2008-06-30": "1.17170", "2008-03-31": "0.41000", "2007-12-31": "1.05270", "2007-09-30": "1.29360", "2007-06-30": "0.29780", "2007-03-31": "2.63960", "2006-12-31": "3.13490", "2006-09-30": "1.35620", "2006-06-30": "2.63780", "2006-03-31": "2.82360", "2005-12-31": "2.90090", "2005-09-30": "2.79000", "2005-06-30": "", "2005-03-31": "2.69170"}, "ROA - Return On Assets": {"2020-09-30": "0.23760", "2020-06-30": "0.14620", "2020-03-31": "0.21580", "2019-12-31": "0.23470", "2019-09-30": "0.25940", "2019-06-30": "0.25800", "2019-03-31": "0.23830", "2018-12-31": "0.27780", "2018-09-30": "0.26510", "2018-06-30": "0.24720", "2018-03-31": "0.24470", "2017-12-31": "0.23910", "2017-09-30": "0.20640", "2017-06-30": "0.16110", "2017-03-31": "0.17600", "2016-12-31": "0.18690", "2016-09-30": "0.18110", "2016-06-30": "0.17060", "2016-03-31": "0.16020", "2015-12-31": "0.18180", "2015-09-30": "0.18250", "2015-06-30": "0.16590", "2015-03-31": "0.16260", "2014-12-31": "0.17970", "2014-09-30": "0.17710", "2014-06-30": "0.21310", "2014-03-31": "0.16040", "2013-12-31": "0.17850", "2013-09-30": "0.18570", "2013-06-30": "0.19810", "2013-03-31": "0.17160", "2012-12-31": "0.20180", "2012-09-30": "0.21770", "2012-06-30": "0.22950", "2012-03-31": "0.20610", "2011-12-31": "0.13790", "2011-09-30": "0.18920", "2011-06-30": "0.20220", "2011-03-31": "0.20710", "2010-12-31": "0.11500", "2010-09-30": "0.11010", "2010-06-30": "0.07290", "2010-03-31": "0.06300", "2009-12-31": "0.11710", "2009-09-30": "0.12880", "2009-06-30": "0.12160", "2009-03-31": "0.11700", "2008-12-31": "0.16710", "2008-09-30": "0.22950", "2008-06-30": "0.21090", "2008-03-31": "0.07150", "2007-12-31": "0.33710", "2007-09-30": "0.42290", "2007-06-30": "0.09480", "2007-03-31": "0.28530", "2006-12-31": "0.36210", "2006-09-30": "0.15930", "2006-06-30": "0.29260", "2006-03-31": "0.30590", "2005-12-31": "0.31370", "2005-09-30": "0.29750", "2005-06-30": "", "2005-03-31": "0.27450"}, "ROI - Return On Investment": {"2020-09-30": "1.63510", "2020-06-30": "1.02420", "2020-03-31": "1.49230", "2019-12-31": "1.53800", "2019-09-30": "1.67900", "2019-06-30": "1.67390", "2019-03-31": "1.52340", "2018-12-31": "1.79010", "2018-09-30": "1.70940", "2018-06-30": "1.62320", "2018-03-31": "1.60150", "2017-12-31": "1.58150", "2017-09-30": "1.36490", "2017-06-30": "1.04840", "2017-03-31": "1.16090", "2016-12-31": "1.22970", "2016-09-30": "1.24570", "2016-06-30": "1.16340", "2016-03-31": "1.07680", "2015-12-31": "1.22820", "2015-09-30": "1.18430", "2015-06-30": "1.07950", "2015-03-31": "1.03420", "2014-12-31": "1.14180", "2014-09-30": "1.08520", "2014-06-30": "1.27390", "2014-03-31": "1.01430", "2013-12-31": "1.13870", "2013-09-30": "1.10870", "2013-06-30": "1.16800", "2013-03-31": "0.94670", "2012-12-31": "1.07410", "2012-09-30": "1.18080", "2012-06-30": "1.21730", "2012-03-31": "1.07290", "2011-12-31": "0.70700", "2011-09-30": "0.94500", "2011-06-30": "0.95650", "2011-03-31": "0.96880", "2010-12-31": "0.53320", "2010-09-30": "0.43440", "2010-06-30": "0.28590", "2010-03-31": "0.24020", "2009-12-31": "0.47140", "2009-09-30": "0.50600", "2009-06-30": "0.47580", "2009-03-31": "0.45310", "2008-12-31": "0.62940", "2008-09-30": "0.84890", "2008-06-30": "0.79760", "2008-03-31": "0.27970", "2007-12-31": "1.01310", "2007-09-30": "1.24590", "2007-06-30": "0.28670", "2007-03-31": "2.32430", "2006-12-31": "2.75480", "2006-09-30": "1.15740", "2006-06-30": "2.09090", "2006-03-31": "2.39560", "2005-12-31": "2.41180", "2005-09-30": "2.55580", "2005-06-30": "", "2005-03-31": "2.07200"}, "Book Value Per Share": {"2020-09-30": "18.44010", "2020-06-30": "18.28310", "2020-03-31": "18.19910", "2019-12-31": "17.91520", "2019-09-30": "17.88940", "2019-06-30": "17.69070", "2019-03-31": "17.50250", "2018-12-31": "17.31750", "2018-09-30": "17.08890", "2018-06-30": "16.94970", "2018-03-31": "16.82160", "2017-12-31": "16.79140", "2017-09-30": "16.67470", "2017-06-30": "16.56550", "2017-03-31": "16.36740", "2016-12-31": "16.27700", "2016-09-30": "15.63440", "2016-06-30": "15.54460", "2016-03-31": "15.43060", "2015-12-31": "15.25830", "2015-09-30": "15.27540", "2015-06-30": "15.13470", "2015-03-31": "15.16160", "2014-12-31": "15.05230", "2014-09-30": "15.12840", "2014-06-30": "15.06500", "2014-03-31": "14.94570", "2013-12-31": "14.88080", "2013-09-30": "14.68520", "2013-06-30": "14.71960", "2013-03-31": "14.85590", "2012-12-31": "14.83750", "2012-09-30": "14.69330", "2012-06-30": "14.75090", "2012-03-31": "14.66350", "2011-12-31": "14.59260", "2011-09-30": "13.37670", "2011-06-30": "14.63070", "2011-03-31": "14.53610", "2010-12-31": "14.53440", "2010-09-30": "14.66510", "2010-06-30": "14.72210", "2010-03-31": "14.74330", "2009-12-31": "14.78460", "2009-09-30": "14.82240", "2009-06-30": "14.88870", "2009-03-31": "14.95770", "2008-12-31": "15.00960", "2008-09-30": "15.20200", "2008-06-30": "15.17500", "2008-03-31": "15.23680", "2007-12-31": "14.90250", "2007-09-30": "15.06710", "2007-06-30": "14.96710", "2007-03-31": "9.54880", "2006-12-31": "9.41980", "2006-09-30": "", "2006-06-30": "", "2006-03-31": "", "2005-12-31": "4.33350", "2005-09-30": "", "2005-06-30": "", "2005-03-31": ""}, "Operating Cash Flow Per Share": {"2020-09-30": 0.7906, "2020-06-30": 0.2506, "2020-03-31": "0.50210", "2019-12-31": 0.5902, "2019-09-30": 0.1584, "2019-06-30": -0.0849, "2019-03-31": "-0.05750", "2018-12-31": 0.3428, "2018-09-30": 0.5369, "2018-06-30": 0.3471, "2018-03-31": "0.44880", "2017-12-31": 0.629, "2017-09-30": 0.5617, "2017-06-30": 0.053, "2017-03-31": "0.56770", "2016-12-31": 0.161, "2016-09-30": 0.4679, "2016-06-30": 0.0922, "2016-03-31": "0.38420", "2015-12-31": 0.4311, "2015-09-30": 0.2446, "2015-06-30": 0.4309, "2015-03-31": "-0.01370", "2014-12-31": 0.3774, "2014-09-30": 0.2815, "2014-06-30": 0.1983, "2014-03-31": "0.31610", "2013-12-31": 0.2735, "2013-09-30": 0.5119, "2013-06-30": 0.2012, "2013-03-31": "0.22940", "2012-12-31": 0.2372, "2012-09-30": 0.4886, "2012-06-30": 0.3125, "2012-03-31": "0.47940", "2011-12-31": 0.1669, "2011-09-30": 0.307, "2011-06-30": 0.2002, "2011-03-31": "-0.17400", "2010-12-31": 0.0725, "2010-09-30": 0.2398, "2010-06-30": 0.2579, "2010-03-31": "0.06930", "2009-12-31": -0.2312, "2009-09-30": 0.58, "2009-06-30": -0.1213, "2009-03-31": "0.08400", "2008-12-31": 0.2454, "2008-09-30": 0.2618, "2008-06-30": 0.0125, "2008-03-31": "0.16220", "2007-12-31": 0.1987, "2007-09-30": 0.2704, "2007-06-30": 0.0031, "2007-03-31": "0.14330", "2006-12-31": 0.0547, "2006-09-30": -0.0934, "2006-06-30": -0.052, "2006-03-31": "0.29080", "2005-12-31": 0.0037, "2005-09-30": 0, "2005-06-30": 0, "2005-03-31": ""}, "Free Cash Flow Per Share": {"2020-09-30": 0.7521, "2020-06-30": 0.2482, "2020-03-31": "0.48280", "2019-12-31": 0.5661, "2019-09-30": 0.0988, "2019-06-30": -0.1401, "2019-03-31": "-0.05400", "2018-12-31": 0.2361, "2018-09-30": 0.5002, "2018-06-30": 0.2983, "2018-03-31": "0.41690", "2017-12-31": 0.6268, "2017-09-30": 0.5387, "2017-06-30": 0.0472, "2017-03-31": "0.54160", "2016-12-31": 0.1467, "2016-09-30": 0.4413, "2016-06-30": 0.0545, "2016-03-31": "0.37860", "2015-12-31": 0.3464, "2015-09-30": 0.2049, "2015-06-30": 0.4044, "2015-03-31": "-0.05220", "2014-12-31": 0.3177, "2014-09-30": 0.2299, "2014-06-30": 0.1796, "2014-03-31": "0.31540", "2013-12-31": 0.1719, "2013-09-30": 0.4785, "2013-06-30": 0.1582, "2013-03-31": "0.19590", "2012-12-31": 0.1823, "2012-09-30": 0.4552, "2012-06-30": 0.2488, "2012-03-31": "0.45770", "2011-12-31": 0.1642, "2011-09-30": 0.3115, "2011-06-30": 0.1843, "2011-03-31": "-0.20550", "2010-12-31": 0.0307, "2010-09-30": 0.1807, "2010-06-30": 0.2181, "2010-03-31": "0.07220", "2009-12-31": -0.2788, "2009-09-30": 0.5274, "2009-06-30": -0.1336, "2009-03-31": "0.03790", "2008-12-31": 0.1875, "2008-09-30": 0.2251, "2008-06-30": -0.0092, "2008-03-31": "0.13670", "2007-12-31": 0.1372, "2007-09-30": 0.2319, "2007-06-30": -0.0595, "2007-03-31": "0.08890", "2006-12-31": 0.0119, "2006-09-30": -0.1155, "2006-06-30": -0.0388, "2006-03-31": "0.21900", "2005-12-31": -0.071, "2005-09-30": 0, "2005-06-30": 0, "2005-03-31": ""}}, "revenue": {"People's United Financial Annual Revenue (Millions of US $)": {"2020": "$2,308", "2019": "$2,312", "2018": "$1,923", "2017": "$1,655", "2016": "$1,470", "2015": "$1,421", "2014": "$1,381", "2013": "$1,346", "2012": "$1,355", "2011": "$1,350", "2010": "$1,094", "2009": "$1,051", "2008": "$1,221", "2007": "$892", "2006": "$730", "2005": "$681"}, "People's United Financial Quarterly Revenue (Millions of US $)": {"2020-12-31": "$600", "2020-09-30": "$538", "2020-06-30": "$547", "2020-03-31": "$623", "2019-12-31": "$621", "2019-09-30": "$577", "2019-06-30": "$579", "2019-03-31": "$535", "2018-12-31": "$521", "2018-09-30": "$482", "2018-06-30": "$470", "2018-03-31": "$450", "2017-12-31": "$438", "2017-09-30": "$429", "2017-06-30": "$414", "2017-03-31": "$375", "2016-12-31": "$371", "2016-09-30": "$375", "2016-06-30": "$364", "2016-03-31": "$360", "2015-12-31": "$368", "2015-09-30": "$357", "2015-06-30": "$348", "2015-03-31": "$349", "2014-12-31": "$346", "2014-09-30": "$343", "2014-06-30": "$357", "2014-03-31": "$335", "2013-12-31": "$336", "2013-09-30": "$338", "2013-06-30": "$338", "2013-03-31": "$334", "2012-12-31": "$343", "2012-09-30": "$342", "2012-06-30": "$338", "2012-03-31": "$333", "2011-12-31": "$336", "2011-09-30": "$356", "2011-06-30": "$329", "2011-03-31": "$327", "2010-12-31": "$284", "2010-09-30": "$276", "2010-06-30": "$277", "2010-03-31": "$258", "2009-12-31": "$234", "2009-09-30": "$272", "2009-06-30": "$277", "2009-03-31": "$267", "2008-12-31": "$286", "2008-09-30": "$297", "2008-06-30": "$301", "2008-03-31": "$337", "2007-12-31": "$227", "2007-09-30": "$240", "2007-06-30": "$233", "2007-03-31": "$193", "2006-12-31": "$196", "2006-09-30": "$170", "2006-06-30": "$184", "2006-03-31": "$180", "2005-12-31": "$186", "2005-09-30": "$173", "2005-06-30": "$164", "2005-03-31": "$157"}}, "gross-profit": {"People's United Financial Annual Gross Profit (Millions of US $)": {"2020": "$2,069", "2019": "$1,843", "2018": "$1,602", "2017": "$1,453", "2016": "$1,315", "2015": "$1,285", "2014": "$1,263", "2013": "$1,230", "2012": "$1,249", "2011": "$1,221", "2010": "$964", "2009": "$861", "2008": "$940", "2007": "$672", "2006": "$530", "2005": "$543"}, "People's United Financial Quarterly Gross Profit (Millions of US $)": {"2020-12-31": "$561", "2020-09-30": "$493", "2020-06-30": "$495", "2020-03-31": "$520", "2019-12-31": "$507", "2019-09-30": "$455", "2019-06-30": "$454", "2019-03-31": "$427", "2018-12-31": "$421", "2018-09-30": "$399", "2018-06-30": "$396", "2018-03-31": "$386", "2017-12-31": "$380", "2017-09-30": "$374", "2017-06-30": "$367", "2017-03-31": "$333", "2016-12-31": "$331", "2016-09-30": "$336", "2016-06-30": "$325", "2016-03-31": "$322", "2015-12-31": "$332", "2015-09-30": "$322", "2015-06-30": "$313", "2015-03-31": "$317", "2014-12-31": "$315", "2014-09-30": "$313", "2014-06-30": "$328", "2014-03-31": "$307", "2013-12-31": "$307", "2013-09-30": "$310", "2013-06-30": "$309", "2013-03-31": "$304", "2012-12-31": "$316", "2012-09-30": "$316", "2012-06-30": "$311", "2012-03-31": "$306", "2011-12-31": "$306", "2011-09-30": "$322", "2011-06-30": "$298", "2011-03-31": "$295", "2010-12-31": "$253", "2010-09-30": "$244", "2010-06-30": "$244", "2010-03-31": "$224", "2009-12-31": "$194", "2009-09-30": "$226", "2009-06-30": "$226", "2009-03-31": "$215", "2008-12-31": "$227", "2008-09-30": "$234", "2008-06-30": "$230", "2008-03-31": "$249", "2007-12-31": "$171", "2007-09-30": "$185", "2007-06-30": "$178", "2007-03-31": "$139", "2006-12-31": "$141", "2006-09-30": "$117", "2006-06-30": "$135", "2006-03-31": "$136", "2005-12-31": "$112", "2005-09-30": "$137", "2005-06-30": "$164", "2005-03-31": "$129"}}, "operating-income": {"People's United Financial Annual Operating Income (Millions of US $)": {"2020": "$702", "2019": "$652", "2018": "$576", "2017": "$467", "2016": "$410", "2015": "$391", "2014": "$381", "2013": "$348", "2012": "$369", "2011": "$285", "2010": "$145", "2009": "$146", "2008": "$229", "2007": "$225", "2006": "$180", "2005": "$190"}, "People's United Financial Quarterly Operating Income (Millions of US $)": {"2020-12-31": "$253", "2020-09-30": "$172", "2020-06-30": "$110", "2020-03-31": "$166", "2019-12-31": "$174", "2019-09-30": "$166", "2019-06-30": "$168", "2019-03-31": "$145", "2018-12-31": "$149", "2018-09-30": "$149", "2018-06-30": "$141", "2018-03-31": "$137", "2017-12-31": "$132", "2017-09-30": "$130", "2017-06-30": "$102", "2017-03-31": "$103", "2016-12-31": "$106", "2016-09-30": "$106", "2016-06-30": "$103", "2016-03-31": "$95", "2015-12-31": "$105", "2015-09-30": "$102", "2015-06-30": "$94", "2015-03-31": "$90", "2014-12-31": "$97", "2014-09-30": "$91", "2014-06-30": "$111", "2014-03-31": "$81", "2013-12-31": "$89", "2013-09-30": "$85", "2013-06-30": "$94", "2013-03-31": "$80", "2012-12-31": "$97", "2012-09-30": "$92", "2012-06-30": "$95", "2012-03-31": "$86", "2011-12-31": "$51", "2011-09-30": "$96", "2011-06-30": "$83", "2011-03-31": "$81", "2010-12-31": "$86", "2010-09-30": "$37", "2010-06-30": "$26", "2010-03-31": "$35", "2009-12-31": "$35", "2009-09-30": "$39", "2009-06-30": "$36", "2009-03-31": "$36", "2008-12-31": "$38", "2008-09-30": "$69", "2008-06-30": "$65", "2008-03-31": "$58", "2007-12-31": "$68", "2007-09-30": "$87", "2007-06-30": "$20", "2007-03-31": "$50", "2006-12-31": "$54", "2006-09-30": "$26", "2006-06-30": "$49", "2006-03-31": "$51", "2005-12-31": "$86", "2005-09-30": "$50", "2005-06-30": "$164", "2005-03-31": "$46"}}, "ebitda": {"People's United Financial Annual EBITDA (Millions of US $)": {"2019": "$", "2018": "$", "2017": "$", "2016": "$", "2015": "$", "2014": "$", "2013": "$", "2012": "$", "2011": "$", "2010": "$", "2009": "$", "2008": "$", "2007": "$", "2006": "$", "2005": "$"}, "People's United Financial Quarterly EBITDA (Millions of US $)": {"2020-09-30": "", "2020-06-30": "", "2020-03-31": "", "2019-12-31": "", "2019-09-30": "", "2019-06-30": "", "2019-03-31": "", "2018-12-31": "", "2018-09-30": "", "2018-06-30": "", "2018-03-31": "", "2017-12-31": "", "2017-09-30": "", "2017-06-30": "", "2017-03-31": "", "2016-12-31": "", "2016-09-30": "", "2016-06-30": "", "2016-03-31": "", "2015-12-31": "", "2015-09-30": "", "2015-06-30": "", "2015-03-31": "", "2014-12-31": "", "2014-09-30": "", "2014-06-30": "", "2014-03-31": "", "2013-12-31": "", "2013-09-30": "", "2013-06-30": "", "2013-03-31": "", "2012-12-31": "", "2012-09-30": "", "2012-06-30": "", "2012-03-31": "", "2011-12-31": "", "2011-09-30": "", "2011-06-30": "", "2011-03-31": "", "2010-12-31": "", "2010-09-30": "", "2010-06-30": "", "2010-03-31": "", "2009-12-31": "", "2009-09-30": "", "2009-06-30": "", "2009-03-31": "", "2008-12-31": "", "2008-09-30": "", "2008-06-30": "", "2008-03-31": "", "2007-12-31": "", "2007-09-30": "", "2007-06-30": "", "2007-03-31": "", "2006-12-31": "", "2006-09-30": "", "2006-06-30": "", "2006-03-31": "", "2005-12-31": "", "2005-09-30": "", "2005-06-30": "", "2005-03-31": ""}}, "net-income": {"People's United Financial Annual Net Income (Millions of US $)": {"2020": "$559", "2019": "$506", "2018": "$454", "2017": "$323", "2016": "$279", "2015": "$260", "2014": "$252", "2013": "$231", "2012": "$245", "2011": "$191", "2010": "$81", "2009": "$99", "2008": "$138", "2007": "$151", "2006": "$124", "2005": "$137"}, "People's United Financial Quarterly Net Income (Millions of US $)": {"2020-12-31": "$204", "2020-09-30": "$141", "2020-06-30": "$86", "2020-03-31": "$127", "2019-12-31": "$134", "2019-09-30": "$132", "2019-06-30": "$130", "2019-03-31": "$111", "2018-12-31": "$129", "2018-09-30": "$114", "2018-06-30": "$107", "2018-03-31": "$104", "2017-12-31": "$103", "2017-09-30": "$87", "2017-06-30": "$66", "2017-03-31": "$67", "2016-12-31": "$74", "2016-09-30": "$74", "2016-06-30": "$69", "2016-03-31": "$63", "2015-12-31": "$71", "2015-09-30": "$68", "2015-06-30": "$61", "2015-03-31": "$59", "2014-12-31": "$66", "2014-09-30": "$61", "2014-06-30": "$72", "2014-03-31": "$53", "2013-12-31": "$58", "2013-09-30": "$59", "2013-06-30": "$62", "2013-03-31": "$53", "2012-12-31": "$62", "2012-09-30": "$62", "2012-06-30": "$65", "2012-03-31": "$57", "2011-12-31": "$38", "2011-09-30": "$51", "2011-06-30": "$51", "2011-03-31": "$51", "2010-12-31": "$27", "2010-09-30": "$24", "2010-06-30": "$16", "2010-03-31": "$14", "2009-12-31": "$23", "2009-09-30": "$27", "2009-06-30": "$25", "2009-03-31": "$24", "2008-12-31": "$34", "2008-09-30": "$46", "2008-06-30": "$43", "2008-03-31": "$15", "2007-12-31": "$46", "2007-09-30": "$58", "2007-06-30": "$14", "2007-03-31": "$34", "2006-12-31": "$39", "2006-09-30": "$17", "2006-06-30": "$33", "2006-03-31": "$35", "2005-12-31": "$35", "2005-09-30": "$34", "2005-06-30": "$37", "2005-03-31": "$31"}}, "eps-earnings-per-share-diluted": {"People's United Financial Annual EPS": {"2020": "$1.32", "2019": "$1.27", "2018": "$1.29", "2017": "$0.97", "2016": "$0.92", "2015": "$0.86", "2014": "$0.84", "2013": "$0.74", "2012": "$0.72", "2011": "$0.55", "2010": "$0.23", "2009": "$0.30", "2008": "$0.41", "2007": "$0.52", "2006": "$0.41", "2005": "$0.46"}, "People's United Financial Quarterly EPS": {"2020-12-31": "$0.49", "2020-09-30": "$0.34", "2020-06-30": "$0.21", "2020-03-31": "$0.30", "2019-12-31": "$0.31", "2019-09-30": "$0.33", "2019-06-30": "$0.33", "2019-03-31": "$0.30", "2018-12-31": "$0.35", "2018-09-30": "$0.33", "2018-06-30": "$0.31", "2018-03-31": "$0.30", "2017-12-31": "$0.30", "2017-09-30": "$0.26", "2017-06-30": "$0.19", "2017-03-31": "$0.22", "2016-12-31": "$0.24", "2016-09-30": "$0.24", "2016-06-30": "$0.23", "2016-03-31": "$0.21", "2015-12-31": "$0.23", "2015-09-30": "$0.23", "2015-06-30": "$0.20", "2015-03-31": "$0.20", "2014-12-31": "$0.21", "2014-09-30": "$0.21", "2014-06-30": "$0.24", "2014-03-31": "$0.18", "2013-12-31": "$0.19", "2013-09-30": "$0.19", "2013-06-30": "$0.20", "2013-03-31": "$0.16", "2012-12-31": "$0.18", "2012-09-30": "$0.18", "2012-06-30": "$0.19", "2012-03-31": "$0.17", "2011-12-31": "$0.11", "2011-09-30": "$0.14", "2011-06-30": "$0.15", "2011-03-31": "$0.15", "2010-12-31": "$0.08", "2010-09-30": "$0.07", "2010-06-30": "$0.04", "2010-03-31": "$0.04", "2009-12-31": "$0.07", "2009-09-30": "$0.08", "2009-06-30": "$0.08", "2009-03-31": "$0.07", "2008-12-31": "$0.09", "2008-09-30": "$0.14", "2008-06-30": "$0.13", "2008-03-31": "$0.05", "2007-12-31": "$0.16", "2007-09-30": "$0.20", "2007-06-30": "$0.05", "2007-03-31": "$0.11", "2006-12-31": "$0.00", "2006-09-30": "$0.06", "2006-06-30": "$0.11", "2006-03-31": "$0.24", "2005-12-31": "$0.12", "2005-09-30": "$0.11", "2005-06-30": "$0.12", "2005-03-31": "$0.11"}}, "shares-outstanding": {"People's United Financial Annual Shares Outstanding (Millions of Shares)": {"2020": "423", "2019": "397", "2018": "352", "2017": "333", "2016": "304", "2015": "300", "2014": "298", "2013": "312", "2012": "338", "2011": "349", "2010": "353", "2009": "332", "2008": "330", "2007": "292", "2006": "299", "2005": "298"}, "People's United Financial Quarterly Shares Outstanding (Millions of Shares)": {"2020-12-31": "420", "2020-09-30": "420", "2020-06-30": "420", "2020-03-31": "430", "2019-12-31": "397", "2019-09-30": "395", "2019-06-30": "395", "2019-03-31": "374", "2018-12-31": "352", "2018-09-30": "345", "2018-06-30": "345", "2018-03-31": "344", "2017-12-31": "333", "2017-09-30": "339", "2017-06-30": "339", "2017-03-31": "311", "2016-12-31": "304", "2016-09-30": "303", "2016-06-30": "303", "2016-03-31": "302", "2015-12-31": "300", "2015-09-30": "301", "2015-06-30": "300", "2015-03-31": "299", "2014-12-31": "298", "2014-09-30": "298", "2014-06-30": "298", "2014-03-31": "298", "2013-12-31": "312", "2013-09-30": "308", "2013-06-30": "314", "2013-03-31": "325", "2012-12-31": "338", "2012-09-30": "337", "2012-06-30": "341", "2012-03-31": "345", "2011-12-31": "349", "2011-09-30": "358", "2011-06-30": "344", "2011-03-31": "346", "2010-12-31": "353", "2010-09-30": "355", "2010-06-30": "358", "2010-03-31": "345", "2009-12-31": "332", "2009-09-30": "332", "2009-06-30": "332", "2009-03-31": "332", "2008-12-31": "330", "2008-09-30": "331", "2008-06-30": "330", "2008-03-31": "329", "2007-12-31": "292", "2007-09-30": "291", "2007-06-30": "292", "2007-03-31": "299", "2006-12-31": "299", "2006-09-30": "299", "2006-06-30": "299", "2006-03-31": "142", "2005-12-31": "296", "2005-09-30": "293", "2005-06-30": "299", "2005-03-31": "300"}}, "total-assets": {"People's United Financial Annual Total Assets (Millions of US $)": {"2019": "$58,590", "2018": "$47,877", "2017": "$44,453", "2016": "$40,610", "2015": "$38,947", "2014": "$35,997", "2013": "$33,214", "2012": "$30,324", "2011": "$27,558", "2010": "$25,037", "2009": "$21,257", "2008": "$20,168", "2007": "$13,555", "2006": "$10,687", "2005": "$10,933"}, "People's United Financial Quarterly Total Assets (Millions of US $)": {"2020-09-30": "$60,871", "2020-06-30": "$61,510", "2020-03-31": "$60,433", "2019-12-31": "$58,590", "2019-09-30": "$52,072", "2019-06-30": "$51,623", "2019-03-31": "$48,092", "2018-12-31": "$47,877", "2018-09-30": "$44,133", "2018-06-30": "$44,575", "2018-03-31": "$44,101", "2017-12-31": "$44,453", "2017-09-30": "$43,998", "2017-06-30": "$43,023", "2017-03-31": "$40,230", "2016-12-31": "$40,610", "2016-09-30": "$40,692", "2016-06-30": "$40,150", "2016-03-31": "$39,264", "2015-12-31": "$38,947", "2015-09-30": "$37,478", "2015-06-30": "$37,183", "2015-03-31": "$36,407", "2014-12-31": "$35,997", "2014-09-30": "$34,775", "2014-06-30": "$33,921", "2014-03-31": "$33,112", "2013-12-31": "$33,214", "2013-09-30": "$31,511", "2013-06-30": "$31,345", "2013-03-31": "$30,598", "2012-12-31": "$30,324", "2012-09-30": "$28,576", "2012-06-30": "$28,154", "2012-03-31": "$27,808", "2011-12-31": "$27,558", "2011-09-30": "$27,213", "2011-06-30": "$25,323", "2011-03-31": "$24,962", "2010-12-31": "$25,037", "2010-09-30": "$21,897", "2010-06-30": "$21,950", "2010-03-31": "$21,588", "2009-12-31": "$21,257", "2009-09-30": "$20,810", "2009-06-30": "$20,812", "2009-03-31": "$20,681", "2008-12-31": "$20,168", "2008-09-30": "$20,042", "2008-06-30": "$20,392", "2008-03-31": "$21,107", "2007-12-31": "$13,555", "2007-09-30": "$13,551", "2007-06-30": "$13,822", "2007-03-31": "$11,602", "2006-12-31": "$10,687", "2006-09-30": "$10,612", "2006-06-30": "$11,005", "2006-03-31": "$11,081", "2005-12-31": "$10,933", "2005-09-30": "$10,891", "2005-06-30": "$0", "2005-03-31": "$10,857"}}, "cash-on-hand": {"People's United Financial Annual Cash on Hand (Millions of US $)": {"2019": "$808", "2018": "$940", "2017": "$891", "2016": "$621", "2015": "$722", "2014": "$1,122", "2013": "$483", "2012": "$608", "2011": "$853", "2010": "$1,558", "2009": "$3,894", "2008": "$1,505", "2007": "$3,831", "2006": "$598", "2005": "$476"}, "People's United Financial Quarterly Cash on Hand (Millions of US $)": {"2020-09-30": "$1,055", "2020-06-30": "$1,479", "2020-03-31": "$1,252", "2019-12-31": "$808", "2019-09-30": "$802", "2019-06-30": "$790", "2019-03-31": "$623", "2018-12-31": "$940", "2018-09-30": "$546", "2018-06-30": "$724", "2018-03-31": "$881", "2017-12-31": "$891", "2017-09-30": "$725", "2017-06-30": "$680", "2017-03-31": "$781", "2016-12-31": "$621", "2016-09-30": "$727", "2016-06-30": "$715", "2016-03-31": "$561", "2015-12-31": "$722", "2015-09-30": "$553", "2015-06-30": "$567", "2015-03-31": "$565", "2014-12-31": "$1,122", "2014-09-30": "$828", "2014-06-30": "$571", "2014-03-31": "$509", "2013-12-31": "$483", "2013-09-30": "$602", "2013-06-30": "$506", "2013-03-31": "$454", "2012-12-31": "$608", "2012-09-30": "$428", "2012-06-30": "$500", "2012-03-31": "$1,131", "2011-12-31": "$853", "2011-09-30": "$1,220", "2011-06-30": "$1,242", "2011-03-31": "$1,326", "2010-12-31": "$1,558", "2010-09-30": "$1,622", "2010-06-30": "$2,377", "2010-03-31": "$2,899", "2009-12-31": "$3,894", "2009-09-30": "$3,498", "2009-06-30": "$3,428", "2009-03-31": "$3,083", "2008-12-31": "$1,505", "2008-09-30": "$3,004", "2008-06-30": "$2,880", "2008-03-31": "$3,303", "2007-12-31": "$3,831", "2007-09-30": "$3,877", "2007-06-30": "$4,042", "2007-03-31": "$1,584", "2006-12-31": "$598", "2006-09-30": "$565", "2006-06-30": "$501", "2006-03-31": "$435", "2005-12-31": "$508", "2005-09-30": "$455", "2005-06-30": "", "2005-03-31": "$412"}}, "long-term-debt": {"People's United Financial Annual Long Term Debt (Millions of US $)": {"2019": "$4,119", "2018": "$3,300", "2017": "$3,676", "2016": "$4,091", "2015": "$4,497", "2014": "$3,325", "2013": "$4,359", "2012": "$1,837", "2011": "$492", "2010": "$691", "2009": "$197", "2008": "$196", "2007": "$65", "2006": "$65", "2005": "$134"}, "People's United Financial Quarterly Long Term Debt (Millions of US $)": {"2020-09-30": "$1,592", "2020-06-30": "$2,304", "2020-03-31": "$5,502", "2019-12-31": "$4,119", "2019-09-30": "$3,864", "2019-06-30": "$2,966", "2019-03-31": "$2,475", "2018-12-31": "$3,300", "2018-09-30": "$3,255", "2018-06-30": "$4,399", "2018-03-31": "$3,503", "2017-12-31": "$3,676", "2017-09-30": "$3,980", "2017-06-30": "$4,037", "2017-03-31": "$3,064", "2016-12-31": "$4,091", "2016-09-30": "$4,316", "2016-06-30": "$4,621", "2016-03-31": "$4,114", "2015-12-31": "$4,497", "2015-09-30": "$3,209", "2015-06-30": "$3,645", "2015-03-31": "$3,208", "2014-12-31": "$3,325", "2014-09-30": "$3,489", "2014-06-30": "$3,838", "2014-03-31": "$3,258", "2013-12-31": "$4,359", "2013-09-30": "$3,010", "2013-06-30": "$2,845", "2013-03-31": "$2,067", "2012-12-31": "$1,837", "2012-09-30": "$790", "2012-06-30": "$667", "2012-03-31": "$518", "2011-12-31": "$492", "2011-09-30": "$493", "2011-06-30": "$637", "2011-03-31": "$658", "2010-12-31": "$691", "2010-09-30": "$193", "2010-06-30": "$190", "2010-03-31": "$193", "2009-12-31": "$197", "2009-09-30": "$197", "2009-06-30": "$196", "2009-03-31": "$196", "2008-12-31": "$196", "2008-09-30": "$196", "2008-06-30": "$195", "2008-03-31": "$197", "2007-12-31": "$65", "2007-09-30": "$65", "2007-06-30": "$65", "2007-03-31": "$65", "2006-12-31": "$65", "2006-09-30": "$109", "2006-06-30": "$214", "2006-03-31": "$109", "2005-12-31": "$159", "2005-09-30": "", "2005-06-30": "", "2005-03-31": "$222"}}, "total-liabilities": {"People's United Financial Annual Total Liabilities (Millions of US $)": {"2019": "$50,643", "2018": "$41,343", "2017": "$38,634", "2016": "$35,468", "2015": "$34,215", "2014": "$31,364", "2013": "$28,645", "2012": "$25,286", "2011": "$22,343", "2010": "$19,818", "2009": "$16,157", "2008": "$14,994", "2007": "$9,109", "2006": "$9,347", "2005": "$9,644"}, "People's United Financial Quarterly Total Liabilities (Millions of US $)": {"2020-09-30": "$53,040", "2020-06-30": "$53,747", "2020-03-31": "$52,708", "2019-12-31": "$50,643", "2019-09-30": "$44,941", "2019-06-30": "$44,576", "2019-03-31": "$41,471", "2018-12-31": "$41,343", "2018-09-30": "$38,174", "2018-06-30": "$38,674", "2018-03-31": "$38,255", "2017-12-31": "$38,634", "2017-09-30": "$38,252", "2017-06-30": "$37,320", "2017-03-31": "$35,035", "2016-12-31": "$35,468", "2016-09-30": "$35,830", "2016-06-30": "$35,320", "2016-03-31": "$34,473", "2015-12-31": "$34,215", "2015-09-30": "$32,747", "2015-06-30": "$32,498", "2015-03-31": "$31,725", "2014-12-31": "$31,364", "2014-09-30": "$30,120", "2014-06-30": "$29,286", "2014-03-31": "$28,517", "2013-12-31": "$28,645", "2013-09-30": "$26,873", "2013-06-30": "$26,667", "2013-03-31": "$25,712", "2012-12-31": "$25,286", "2012-09-30": "$23,469", "2012-06-30": "$23,008", "2012-03-31": "$22,627", "2011-12-31": "$22,343", "2011-09-30": "$21,923", "2011-06-30": "$20,129", "2011-03-31": "$19,802", "2010-12-31": "$19,818", "2010-09-30": "$16,533", "2010-06-30": "$16,537", "2010-03-31": "$16,110", "2009-12-31": "$16,157", "2009-09-30": "$15,695", "2009-06-30": "$15,675", "2009-03-31": "$15,521", "2008-12-31": "$14,994", "2008-09-30": "$14,803", "2008-06-30": "$15,181", "2008-03-31": "$15,888", "2007-12-31": "$9,109", "2007-09-30": "$9,017", "2007-06-30": "$9,318", "2007-03-31": "$10,244", "2006-12-31": "$9,347", "2006-09-30": "$9,261", "2006-06-30": "$9,678", "2006-03-31": "$9,775", "2005-12-31": "$9,644", "2005-09-30": "$9,623", "2005-06-30": "", "2005-03-31": "$9,641"}}, "total-share-holder-equity": {"People's United Financial Annual Share Holder Equity (Millions of US $)": {"2019": "$7,947", "2018": "$6,534", "2017": "$5,820", "2016": "$5,142", "2015": "$4,732", "2014": "$4,633", "2013": "$4,568", "2012": "$5,039", "2011": "$5,215", "2010": "$5,219", "2009": "$5,101", "2008": "$5,174", "2007": "$4,445", "2006": "$1,340", "2005": "$1,289"}, "People's United Financial Quarterly Share Holder Equity (Millions of US $)": {"2020-09-30": "$7,832", "2020-06-30": "$7,763", "2020-03-31": "$7,726", "2019-12-31": "$7,947", "2019-09-30": "$7,131", "2019-06-30": "$7,046", "2019-03-31": "$6,621", "2018-12-31": "$6,534", "2018-09-30": "$5,959", "2018-06-30": "$5,900", "2018-03-31": "$5,846", "2017-12-31": "$5,820", "2017-09-30": "$5,746", "2017-06-30": "$5,704", "2017-03-31": "$5,195", "2016-12-31": "$5,142", "2016-09-30": "$4,862", "2016-06-30": "$4,830", "2016-03-31": "$4,791", "2015-12-31": "$4,732", "2015-09-30": "$4,731", "2015-06-30": "$4,686", "2015-03-31": "$4,682", "2014-12-31": "$4,633", "2014-09-30": "$4,655", "2014-06-30": "$4,636", "2014-03-31": "$4,596", "2013-12-31": "$4,568", "2013-09-30": "$4,638", "2013-06-30": "$4,678", "2013-03-31": "$4,886", "2012-12-31": "$5,039", "2012-09-30": "$5,107", "2012-06-30": "$5,147", "2012-03-31": "$5,181", "2011-12-31": "$5,215", "2011-09-30": "$5,291", "2011-06-30": "$5,194", "2011-03-31": "$5,160", "2010-12-31": "$5,219", "2010-09-30": "$5,365", "2010-06-30": "$5,413", "2010-03-31": "$5,479", "2009-12-31": "$5,101", "2009-09-30": "$5,115", "2009-06-30": "$5,137", "2009-03-31": "$5,160", "2008-12-31": "$5,174", "2008-09-30": "$5,239", "2008-06-30": "$5,211", "2008-03-31": "$5,219", "2007-12-31": "$4,445", "2007-09-30": "$4,534", "2007-06-30": "$4,504", "2007-03-31": "$1,359", "2006-12-31": "$1,340", "2006-09-30": "$1,351", "2006-06-30": "$1,326", "2006-03-31": "$1,306", "2005-12-31": "$1,289", "2005-09-30": "$1,268", "2005-06-30": "", "2005-03-31": "$1,216"}}, "profit-margins": {"current": "24.81%"}, "gross margin": {"2020-12-31": "89.64%", "2020-09-30": "86.52%", "2020-06-30": "83.49%", "2020-03-31": "80.67%", "2019-12-31": "79.71%", "2019-09-30": "79.43%", "2019-06-30": "80.35%", "2019-03-31": "81.82%", "2018-12-31": "83.31%", "2018-09-30": "84.84%", "2018-06-30": "85.95%", "2018-03-31": "87.06%", "2017-12-31": "87.80%", "2017-09-30": "88.48%", "2017-06-30": "89.11%", "2017-03-31": "89.29%", "2016-12-31": "89.45%", "2016-09-30": "89.64%", "2016-06-30": "89.79%", "2016-03-31": "89.95%", "2015-12-31": "90.30%", "2015-09-30": "90.50%", "2015-06-30": "90.76%", "2015-03-31": "91.25%", "2014-12-31": "91.46%", "2014-09-30": "91.54%", "2014-06-30": "91.65%", "2014-03-31": "91.54%", "2013-12-31": "91.38%", "2013-09-30": "91.57%", "2013-06-30": "91.75%", "2013-03-31": "91.89%", "2012-12-31": "92.11%", "2012-09-30": "91.85%", "2012-06-30": "91.34%", "2012-03-31": "90.99%", "2011-12-31": "90.58%", "2011-09-30": "90.12%", "2011-06-30": "89.64%", "2011-03-31": "89.00%", "2010-12-31": "88.13%", "2010-09-30": "86.70%", "2010-06-30": "85.30%", "2010-03-31": "83.57%", "2009-12-31": "82.00%", "2009-09-30": "81.13%", "2009-06-30": "80.04%", "2009-03-31": "78.71%", "2008-12-31": "76.99%", "2008-09-30": "76.08%", "2008-06-30": "75.57%", "2008-03-31": "75.51%", "2007-12-31": "75.36%", "2007-09-30": "74.59%", "2007-06-30": "72.60%", "2007-03-31": "71.60%", "2006-12-31": "72.47%", "2006-09-30": "69.44%", "2006-06-30": "71.92%", "2006-03-31": "78.09%", "2005-12-31": "79.71%"}, "operating margin": {"2020-12-31": "30.37%", "2020-09-30": "26.71%", "2020-06-30": "26.01%", "2020-03-31": "28.08%", "2019-12-31": "28.24%", "2019-09-30": "28.39%", "2019-06-30": "28.86%", "2019-03-31": "29.08%", "2018-12-31": "29.95%", "2018-09-30": "30.38%", "2018-06-30": "30.22%", "2018-03-31": "28.94%", "2017-12-31": "28.20%", "2017-09-30": "27.77%", "2017-06-30": "27.18%", "2017-03-31": "28.17%", "2016-12-31": "27.91%", "2016-09-30": "27.88%", "2016-06-30": "27.95%", "2016-03-31": "27.63%", "2015-12-31": "27.50%", "2015-09-30": "27.36%", "2015-06-30": "26.84%", "2015-03-31": "27.89%", "2014-12-31": "27.52%", "2014-09-30": "27.13%", "2014-06-30": "26.79%", "2014-03-31": "25.91%", "2013-12-31": "25.85%", "2013-09-30": "26.31%", "2013-06-30": "26.75%", "2013-03-31": "26.82%", "2012-12-31": "27.29%", "2012-09-30": "24.02%", "2012-06-30": "24.06%", "2012-03-31": "23.34%", "2011-12-31": "23.07%", "2011-09-30": "26.70%", "2011-06-30": "23.60%", "2011-03-31": "19.76%", "2010-12-31": "16.80%", "2010-09-30": "12.73%", "2010-06-30": "12.97%", "2010-03-31": "13.93%", "2009-12-31": "13.90%", "2009-09-30": "13.52%", "2009-06-30": "15.88%", "2009-03-31": "18.07%", "2008-12-31": "18.84%", "2008-09-30": "22.38%", "2008-06-30": "25.16%", "2008-03-31": "22.47%", "2007-12-31": "25.20%", "2007-09-30": "24.48%", "2007-06-30": "18.94%", "2007-03-31": "24.09%", "2006-12-31": "24.66%", "2006-09-30": "29.44%", "2006-06-30": "32.64%", "2006-03-31": "49.93%", "2005-12-31": "50.88%"}, "ebitda margin": {"2020-09-30": "0.00%", "2020-06-30": "0.00%", "2020-03-31": "0.00%", "2019-12-31": "0.00%", "2019-09-30": "0.00%", "2019-06-30": "0.00%", "2019-03-31": "0.00%", "2018-12-31": "0.00%", "2018-09-30": "0.00%", "2018-06-30": "0.00%", "2018-03-31": "0.00%", "2017-12-31": "0.00%", "2017-09-30": "0.00%", "2017-06-30": "0.00%", "2017-03-31": "0.00%", "2016-12-31": "0.00%", "2016-09-30": "0.00%", "2016-06-30": "0.00%", "2016-03-31": "0.00%", "2015-12-31": "0.00%", "2015-09-30": "0.00%", "2015-06-30": "0.00%", "2015-03-31": "0.00%", "2014-12-31": "0.00%", "2014-09-30": "0.00%", "2014-06-30": "0.00%", "2014-03-31": "0.00%", "2013-12-31": "0.00%", "2013-09-30": "0.00%", "2013-06-30": "0.00%", "2013-03-31": "0.00%", "2012-12-31": "0.00%", "2012-09-30": "0.00%", "2012-06-30": "0.00%", "2012-03-31": "0.00%", "2011-12-31": "0.00%", "2011-09-30": "0.00%", "2011-06-30": "0.00%", "2011-03-31": "0.00%", "2010-12-31": "0.00%", "2010-09-30": "0.00%", "2010-06-30": "0.00%", "2010-03-31": "0.00%", "2009-12-31": "0.00%", "2009-09-30": "0.00%", "2009-06-30": "0.00%", "2009-03-31": "0.00%", "2008-12-31": "0.00%", "2008-09-30": "0.00%", "2008-06-30": "0.00%", "2008-03-31": "0.00%", "2007-12-31": "0.00%", "2007-09-30": "0.00%", "2007-06-30": "0.00%", "2007-03-31": "0.00%", "2006-12-31": "0.00%", "2006-09-30": "0.00%", "2006-06-30": "0.00%", "2006-03-31": "0.00%", "2005-12-31": "0.00%"}, "pre tax profit margin": {"2020-12-31": "30.37%", "2020-09-30": "26.71%", "2020-06-30": "26.01%", "2020-03-31": "28.08%", "2019-12-31": "28.24%", "2019-09-30": "28.39%", "2019-06-30": "28.86%", "2019-03-31": "29.08%", "2018-12-31": "29.95%", "2018-09-30": "30.38%", "2018-06-30": "30.22%", "2018-03-31": "28.94%", "2017-12-31": "28.20%", "2017-09-30": "27.77%", "2017-06-30": "27.18%", "2017-03-31": "28.17%", "2016-12-31": "27.91%", "2016-09-30": "27.88%", "2016-06-30": "27.95%", "2016-03-31": "27.63%", "2015-12-31": "27.50%", "2015-09-30": "27.36%", "2015-06-30": "26.84%", "2015-03-31": "27.89%", "2014-12-31": "27.52%", "2014-09-30": "27.13%", "2014-06-30": "26.79%", "2014-03-31": "25.91%", "2013-12-31": "25.85%", "2013-09-30": "26.31%", "2013-06-30": "26.75%", "2013-03-31": "26.82%", "2012-12-31": "27.29%", "2012-09-30": "24.31%", "2012-06-30": "22.89%", "2012-03-31": "21.71%", "2011-12-31": "21.22%", "2011-09-30": "21.14%", "2011-06-30": "19.24%", "2011-03-31": "15.46%", "2010-12-31": "11.14%", "2010-09-30": "10.72%", "2010-06-30": "11.05%", "2010-03-31": "12.30%", "2009-12-31": "13.71%", "2009-09-30": "14.61%", "2009-06-30": "16.95%", "2009-03-31": "19.11%", "2008-12-31": "16.79%", "2008-09-30": "19.19%", "2008-06-30": "21.81%", "2008-03-31": "18.90%", "2007-12-31": "25.20%", "2007-09-30": "24.48%", "2007-06-30": "18.94%", "2007-03-31": "24.09%", "2006-12-31": "24.66%", "2006-09-30": "43.33%", "2006-06-30": "46.47%", "2006-03-31": "64.15%", "2005-12-31": "65.59%"}, "net profit margin": {"2020-12-31": "24.18%", "2020-09-30": "20.95%", "2020-06-30": "20.23%", "2020-03-31": "21.79%", "2019-12-31": "21.93%", "2019-09-30": "22.69%", "2019-06-30": "22.86%", "2019-03-31": "22.96%", "2018-12-31": "23.61%", "2018-09-30": "23.26%", "2018-06-30": "22.44%", "2018-03-31": "20.80%", "2017-12-31": "19.50%", "2017-09-30": "18.51%", "2017-06-30": "18.32%", "2017-03-31": "19.14%", "2016-12-31": "19.06%", "2016-09-30": "18.88%", "2016-06-30": "18.70%", "2016-03-31": "18.35%", "2015-12-31": "18.21%", "2015-09-30": "18.14%", "2015-06-30": "17.82%", "2015-03-31": "18.49%", "2014-12-31": "18.25%", "2014-09-30": "17.80%", "2014-06-30": "17.72%", "2014-03-31": "17.22%", "2013-12-31": "17.24%", "2013-09-30": "17.44%", "2013-06-30": "17.61%", "2013-03-31": "17.83%", "2012-12-31": "18.14%", "2012-09-30": "16.46%", "2012-06-30": "15.48%", "2012-03-31": "14.55%", "2011-12-31": "14.17%", "2011-09-30": "13.89%", "2011-06-30": "12.58%", "2011-03-31": "10.14%", "2010-12-31": "7.40%", "2010-09-30": "7.37%", "2010-06-30": "7.68%", "2010-03-31": "8.55%", "2009-12-31": "9.43%", "2009-09-30": "9.98%", "2009-06-30": "11.45%", "2009-03-31": "12.77%", "2008-12-31": "11.30%", "2008-09-30": "12.91%", "2008-06-30": "14.66%", "2008-03-31": "12.83%", "2007-12-31": "17.02%", "2007-09-30": "16.82%", "2007-06-30": "13.13%", "2007-03-31": "16.55%", "2006-12-31": "16.99%", "2006-09-30": "16.67%", "2006-06-30": "18.95%", "2006-03-31": "20.06%", "2005-12-31": "20.15%"}, "pe ratio": {"current": "11.52", "2021-02-05": "17.08", "2020-12-31": "15.01", "2020-09-30": "8.63", "2020-06-30": "9.61", "2020-03-31": "8.19", "2019-12-31": "12.39", "2019-09-30": "10.99", "2019-06-30": "11.67", "2019-03-31": "11.49", "2018-12-31": "9.98", "2018-09-30": "12.18", "2018-06-30": "13.51", "2018-03-31": "15.39", "2017-12-31": "16.55", "2017-09-30": "16.95", "2017-06-30": "16.71", "2017-03-31": "16.32", "2016-12-31": "17.39", "2016-09-30": "14.22", "2016-06-30": "13.17", "2016-03-31": "14.65", "2015-12-31": "14.85", "2015-09-30": "14.48", "2015-06-30": "15.13", "2015-03-31": "13.39", "2014-12-31": "13.53", "2014-09-30": "13.06", "2014-06-30": "13.87", "2014-03-31": "14.14", "2013-12-31": "14.59", "2013-09-30": "14.10", "2013-06-30": "14.66", "2013-03-31": "13.22", "2012-12-31": "11.60", "2012-09-30": "12.54", "2012-06-30": "12.39", "2012-03-31": "14.88", "2011-12-31": "14.77", "2011-09-30": "13.67", "2011-06-30": "18.68", "2011-03-31": "22.72", "2010-12-31": "36.46", "2010-09-30": "36.70", "2010-06-30": "35.81", "2010-03-31": "34.95", "2009-12-31": "32.23", "2009-09-30": "26.35", "2009-06-30": "21.58", "2009-03-31": "22.72", "2008-12-31": "23.91", "2008-09-30": "22.92", "2008-06-30": "16.36", "2008-03-31": "21.14", "2007-12-31": "15.25", "2007-09-30": "15.32", "2007-06-30": "20.24", "2007-03-31": "21.33", "2006-12-31": "27.79"}, "price sales": {"2021-02-05": "2.66", "2020-12-31": "2.34", "2020-09-30": "1.79", "2020-06-30": "1.91", "2020-03-31": "1.75", "2019-12-31": "2.66", "2019-09-30": "2.47", "2019-06-30": "2.65", "2019-03-31": "2.61", "2018-12-31": "2.32", "2018-09-30": "2.81", "2018-06-30": "3.01", "2018-03-31": "3.16", "2017-12-31": "3.20", "2017-09-30": "3.14", "2017-06-30": "3.04", "2017-03-31": "3.12", "2016-12-31": "3.30", "2016-09-30": "2.66", "2016-06-30": "2.47", "2016-03-31": "2.68", "2015-12-31": "2.70", "2015-09-30": "2.63", "2015-06-30": "2.71", "2015-03-31": "2.49", "2014-12-31": "2.48", "2014-09-30": "2.38", "2014-06-30": "2.50", "2014-03-31": "2.48", "2013-12-31": "2.56", "2013-09-30": "2.44", "2013-06-30": "2.55", "2013-03-31": "2.32", "2012-12-31": "2.10", "2012-09-30": "2.10", "2012-06-30": "1.99", "2012-03-31": "2.26", "2011-12-31": "2.18", "2011-09-30": "1.99", "2011-06-30": "2.47", "2011-03-31": "2.41", "2010-12-31": "2.82", "2010-09-30": "2.69", "2010-06-30": "2.71", "2010-03-31": "3.04", "2009-12-31": "3.16", "2009-09-30": "2.77", "2009-06-30": "2.60", "2009-03-31": "3.01", "2008-12-31": "2.78", "2008-09-30": "3.05", "2008-06-30": "2.50", "2008-03-31": "2.84", "2007-12-31": "3.26", "2007-09-30": "3.27", "2007-06-30": "3.65", "2007-03-31": "4.64", "2006-12-31": "3.70"}, "price book": {"current": "0.80", "2021-02-05": "0.79", "2020-09-30": "0.54", "2020-06-30": "0.60", "2020-03-31": "0.57", "2019-12-31": "0.88", "2019-09-30": "0.80", "2019-06-30": "0.86", "2019-03-31": "0.85", "2018-12-31": "0.74", "2018-09-30": "0.88", "2018-06-30": "0.93", "2018-03-31": "0.96", "2017-12-31": "0.96", "2017-09-30": "0.93", "2017-06-30": "0.90", "2017-03-31": "0.93", "2016-12-31": "0.98", "2016-09-30": "0.83", "2016-06-30": "0.76", "2016-03-31": "0.83", "2015-12-31": "0.84", "2015-09-30": "0.81", "2015-06-30": "0.83", "2015-03-31": "0.77", "2014-12-31": "0.76", "2014-09-30": "0.72", "2014-06-30": "0.75", "2014-03-31": "0.73", "2013-12-31": "0.74", "2013-09-30": "0.70", "2013-06-30": "0.72", "2013-03-31": "0.63", "2012-12-31": "0.56", "2012-09-30": "0.56", "2012-06-30": "0.53", "2012-03-31": "0.60", "2011-12-31": "0.58", "2011-09-30": "0.55", "2011-06-30": "0.59", "2011-03-31": "0.55", "2010-12-31": "0.60", "2010-09-30": "0.55", "2010-06-30": "0.56", "2010-03-31": "0.64", "2009-12-31": "0.68", "2009-09-30": "0.62", "2009-06-30": "0.59", "2009-03-31": "0.70", "2008-12-31": "0.69", "2008-09-30": "0.72", "2008-06-30": "0.58", "2008-03-31": "0.64", "2007-12-31": "0.67", "2007-09-30": "0.63", "2007-06-30": "0.65", "2007-03-31": "1.21", "2006-12-31": "1.22", "2006-09-30": "0.00", "2006-06-30": "0.00", "2006-03-31": "0.00"}, "price fcf": {"2021-02-05": "", "2020-09-30": "$2.05", "2020-06-30": "$1.40", "2020-03-31": "$1.01", "2019-12-31": "$0.47", "2019-09-30": "$0.14", "2019-06-30": "$0.54", "2019-03-31": "$0.98", "2018-12-31": "$1.45", "2018-09-30": "$1.84", "2018-06-30": "$1.88", "2018-03-31": "$1.63", "2017-12-31": "$1.75", "2017-09-30": "$1.27", "2017-06-30": "$1.18", "2017-03-31": "$1.18", "2016-12-31": "$1.02", "2016-09-30": "$1.22", "2016-06-30": "$0.98", "2016-03-31": "$1.33", "2015-12-31": "$0.90", "2015-09-30": "$0.87", "2015-06-30": "$0.90", "2015-03-31": "$0.68", "2014-12-31": "$1.04", "2014-09-30": "$0.90", "2014-06-30": "$1.15", "2014-03-31": "$1.12", "2013-12-31": "$1.00", "2013-09-30": "$1.01", "2013-06-30": "$0.99", "2013-03-31": "$1.08", "2012-12-31": "$1.34", "2012-09-30": "$1.33", "2012-06-30": "$1.18", "2012-03-31": "$1.12", "2011-12-31": "$0.45", "2011-09-30": "$0.32", "2011-06-30": "$0.19", "2011-03-31": "$0.22", "2010-12-31": "$0.50", "2010-09-30": "$0.19", "2010-06-30": "$0.54", "2010-03-31": "$0.19", "2009-12-31": "$0.15", "2009-09-30": "$0.62", "2009-06-30": "$0.32", "2009-03-31": "$0.44", "2008-12-31": "$0.54", "2008-09-30": "$0.49", "2008-06-30": "$0.50", "2008-03-31": "$0.45", "2007-12-31": "$0.40", "2007-09-30": "$0.27", "2007-06-30": "$-0.07", "2007-03-31": "$-0.05", "2006-12-31": "$0.08"}, "net worth": {"value": "$6.17B"}, "current ratio": {"2020-12-31": "0.91", "2020-09-30": "0.91", "2020-06-30": "0.92", "2020-03-31": "0.98", "2019-12-31": "0.98", "2019-09-30": "0.98", "2019-06-30": "0.96", "2019-03-31": "0.94", "2018-12-31": "0.96", "2018-09-30": "0.95", "2018-06-30": "0.98", "2018-03-31": "0.96", "2017-12-31": "0.97", "2017-09-30": "0.98", "2017-06-30": "0.98", "2017-03-31": "0.96", "2016-12-31": "0.98", "2016-09-30": "0.97", "2016-06-30": "0.99", "2016-03-31": "0.97", "2015-12-31": "0.99", "2015-09-30": "0.96", "2015-06-30": "0.99", "2015-03-31": "0.97", "2014-12-31": "1.00", "2014-09-30": "1.02", "2014-06-30": "1.03", "2014-03-31": "1.00", "2013-12-31": "1.03", "2013-09-30": "1.01", "2013-06-30": "0.99", "2013-03-31": "0.97", "2012-12-31": "0.97", "2012-09-30": "0.96", "2012-06-30": "0.96", "2012-03-31": "0.99", "2011-12-31": "0.99", "2011-09-30": "1.01", "2011-06-30": "0.98", "2011-03-31": "1.00", "2010-12-31": "1.02", "2010-09-30": "1.05", "2010-06-30": "1.09", "2010-03-31": "1.16", "2009-12-31": "1.15", "2009-09-30": "1.16", "2009-06-30": "1.17", "2009-03-31": "1.17", "2008-12-31": "1.10", "2008-09-30": "1.20", "2008-06-30": "1.17", "2008-03-31": "1.15", "2007-12-31": "1.43", "2007-09-30": "1.45", "2007-06-30": "1.43", "2007-03-31": "1.09", "2006-12-31": "1.09", "2006-09-30": "1.08", "2006-06-30": "1.02", "2006-03-31": "0.96", "2005-12-31": "0.94", "2005-09-30": "0.93", "2005-06-30": "0.00", "2005-03-31": "0.91"}, "quick ratio": {"2020-12-31": "0.00", "2020-09-30": "0.00", "2020-06-30": "0.00", "2020-03-31": "0.00", "2019-12-31": "0.00", "2019-09-30": "0.00", "2019-06-30": "0.00", "2019-03-31": "0.00", "2018-12-31": "0.00", "2018-09-30": "0.00", "2018-06-30": "0.00", "2018-03-31": "0.00", "2017-12-31": "0.00", "2017-09-30": "0.00", "2017-06-30": "0.00", "2017-03-31": "0.00", "2016-12-31": "0.00", "2016-09-30": "0.00", "2016-06-30": "0.00", "2016-03-31": "0.00", "2015-12-31": "0.00", "2015-09-30": "0.00", "2015-06-30": "0.00", "2015-03-31": "0.00", "2014-12-31": "0.00", "2014-09-30": "0.00", "2014-06-30": "0.00", "2014-03-31": "0.00", "2013-12-31": "0.00", "2013-09-30": "0.00", "2013-06-30": "0.00", "2013-03-31": "0.00", "2012-12-31": "0.00", "2012-09-30": "0.00", "2012-06-30": "0.00", "2012-03-31": "0.00", "2011-12-31": "0.00", "2011-09-30": "0.00", "2011-06-30": "0.00", "2011-03-31": "0.00", "2010-12-31": "0.00", "2010-09-30": "0.00", "2010-06-30": "0.00", "2010-03-31": "0.00", "2009-12-31": "0.00", "2009-09-30": "0.00", "2009-06-30": "0.00", "2009-03-31": "0.00", "2008-12-31": "0.00", "2008-09-30": "0.00", "2008-06-30": "0.00", "2008-03-31": "0.00", "2007-12-31": "0.00", "2007-09-30": "0.00", "2007-06-30": "0.00", "2007-03-31": "0.00", "2006-12-31": "0.00", "2006-09-30": "0.00", "2006-06-30": "0.00", "2006-03-31": "0.00", "2005-12-31": "0.00", "2005-09-30": "0.00", "2005-06-30": "0.00", "2005-03-31": "0.00"}, "debt equity ratio": {"current": "0.20", "2020-12-31": "6.98", "2020-09-30": "6.77", "2020-06-30": "6.92", "2020-03-31": "6.82", "2019-12-31": "6.37", "2019-09-30": "6.30", "2019-06-30": "6.33", "2019-03-31": "6.26", "2018-12-31": "6.33", "2018-09-30": "6.41", "2018-06-30": "6.56", "2018-03-31": "6.54", "2017-12-31": "6.64", "2017-09-30": "6.66", "2017-06-30": "6.54", "2017-03-31": "6.74", "2016-12-31": "6.90", "2016-09-30": "7.37", "2016-06-30": "7.31", "2016-03-31": "7.20", "2015-12-31": "7.23", "2015-09-30": "6.92", "2015-06-30": "6.94", "2015-03-31": "6.78", "2014-12-31": "6.77", "2014-09-30": "6.47", "2014-06-30": "6.32", "2014-03-31": "6.21", "2013-12-31": "6.27", "2013-09-30": "5.80", "2013-06-30": "5.70", "2013-03-31": "5.26", "2012-12-31": "5.02", "2012-09-30": "4.60", "2012-06-30": "4.47", "2012-03-31": "4.37", "2011-12-31": "4.28", "2011-09-30": "4.14", "2011-06-30": "3.88", "2011-03-31": "3.84", "2010-12-31": "3.80", "2010-09-30": "3.08", "2010-06-30": "3.06", "2010-03-31": "2.94", "2009-12-31": "3.17", "2009-09-30": "3.07", "2009-06-30": "3.05", "2009-03-31": "3.01", "2008-12-31": "2.90", "2008-09-30": "2.83", "2008-06-30": "2.91", "2008-03-31": "3.05", "2007-12-31": "2.05", "2007-09-30": "1.99", "2007-06-30": "2.07", "2007-03-31": "7.54", "2006-12-31": "6.98", "2006-09-30": "6.85", "2006-06-30": "7.30", "2006-03-31": "7.48", "2005-12-31": "7.48", "2005-09-30": "7.59", "2005-06-30": "0.00", "2005-03-31": "7.93"}, "return on equity": {"2020-12-31": "7.14%", "2020-09-30": "6.24%", "2020-06-30": "6.27%", "2020-03-31": "7.01%", "2019-12-31": "7.06%", "2019-09-30": "7.35%", "2019-06-30": "7.40%", "2019-03-31": "7.37%", "2018-12-31": "7.49%", "2018-09-30": "7.28%", "2018-06-30": "6.88%", "2018-03-31": "6.23%", "2017-12-31": "5.75%", "2017-09-30": "5.40%", "2017-06-30": "5.38%", "2017-03-31": "5.67%", "2016-12-31": "5.71%", "2016-09-30": "5.77%", "2016-06-30": "5.68%", "2016-03-31": "5.55%", "2015-12-31": "5.50%", "2015-09-30": "5.42%", "2015-06-30": "5.30%", "2015-03-31": "5.55%", "2014-12-31": "5.44%", "2014-09-30": "5.29%", "2014-06-30": "5.25%", "2014-03-31": "5.02%", "2013-12-31": "4.94%", "2013-09-30": "4.91%", "2013-06-30": "4.85%", "2013-03-31": "4.80%", "2012-12-31": "4.81%", "2012-09-30": "4.30%", "2012-06-30": "4.05%", "2012-03-31": "3.77%", "2011-12-31": "3.66%", "2011-09-30": "3.45%", "2011-06-30": "2.92%", "2011-03-31": "2.23%", "2010-12-31": "1.51%", "2010-09-30": "1.44%", "2010-06-30": "1.52%", "2010-03-31": "1.71%", "2009-12-31": "1.93%", "2009-09-30": "2.14%", "2009-06-30": "2.49%", "2009-03-31": "2.83%", "2008-12-31": "2.65%", "2008-09-30": "2.98%", "2008-06-30": "3.34%", "2008-03-31": "2.84%", "2007-12-31": "4.10%", "2007-09-30": "4.94%", "2007-06-30": "4.86%", "2007-03-31": "9.15%", "2006-12-31": "9.32%", "2006-09-30": "9.10%", "2006-06-30": "10.56%", "2006-03-31": "14.60%", "2005-12-31": "14.52%"}, "return on assets": {"2020-12-31": "0.91%", "2020-09-30": "0.81%", "2020-06-30": "0.82%", "2020-03-31": "0.94%", "2019-12-31": "0.96%", "2019-09-30": "1.01%", "2019-06-30": "1.01%", "2019-03-31": "1.00%", "2018-12-31": "1.01%", "2018-09-30": "0.97%", "2018-06-30": "0.91%", "2018-03-31": "0.82%", "2017-12-31": "0.75%", "2017-09-30": "0.70%", "2017-06-30": "0.68%", "2017-03-31": "0.70%", "2016-12-31": "0.70%", "2016-09-30": "0.70%", "2016-06-30": "0.70%", "2016-03-31": "0.69%", "2015-12-31": "0.69%", "2015-09-30": "0.69%", "2015-06-30": "0.68%", "2015-03-31": "0.73%", "2014-12-31": "0.73%", "2014-09-30": "0.72%", "2014-06-30": "0.73%", "2014-03-31": "0.72%", "2013-12-31": "0.73%", "2013-09-30": "0.76%", "2013-06-30": "0.79%", "2013-03-31": "0.82%", "2012-12-31": "0.86%", "2012-09-30": "0.79%", "2012-06-30": "0.76%", "2012-03-31": "0.73%", "2011-12-31": "0.73%", "2011-09-30": "0.70%", "2011-06-30": "0.63%", "2011-03-31": "0.50%", "2010-12-31": "0.36%", "2010-09-30": "0.36%", "2010-06-30": "0.37%", "2010-03-31": "0.42%", "2009-12-31": "0.47%", "2009-09-30": "0.53%", "2009-06-30": "0.63%", "2009-03-31": "0.72%", "2008-12-31": "0.68%", "2008-09-30": "0.80%", "2008-06-30": "0.94%", "2008-03-31": "0.86%", "2007-12-31": "1.16%", "2007-09-30": "1.17%", "2007-06-30": "0.89%", "2007-03-31": "1.12%", "2006-12-31": "1.14%", "2006-09-30": "1.10%", "2006-06-30": "1.25%", "2006-03-31": "1.71%", "2005-12-31": "1.68%"}, "return on investments": {"2020-12-31": "6.64%", "2020-09-30": "5.56%", "2020-06-30": "5.32%", "2020-03-31": "5.82%", "2019-12-31": "6.19%", "2019-09-30": "6.29%", "2019-06-30": "6.41%", "2019-03-31": "6.08%", "2018-12-31": "5.95%", "2018-09-30": "5.83%", "2018-06-30": "5.56%", "2018-03-31": "5.23%", "2017-12-31": "5.02%", "2017-09-30": "4.77%", "2017-06-30": "4.58%", "2017-03-31": "4.63%", "2016-12-31": "4.46%", "2016-09-30": "4.45%", "2016-06-30": "4.56%", "2016-03-31": "4.60%", "2015-12-31": "4.68%", "2015-09-30": "4.77%", "2015-06-30": "4.60%", "2015-03-31": "4.79%", "2014-12-31": "4.69%", "2014-09-30": "4.46%", "2014-06-30": "4.45%", "2014-03-31": "4.37%", "2013-12-31": "4.48%", "2013-09-30": "4.91%", "2013-06-30": "5.33%", "2013-03-31": "5.70%", "2012-12-31": "6.09%", "2012-09-30": "5.61%", "2012-06-30": "5.70%", "2012-03-31": "5.49%", "2011-12-31": "5.38%", "2011-09-30": "5.93%", "2011-06-30": "4.97%", "2011-03-31": "4.02%", "2010-12-31": "3.24%", "2010-09-30": "2.40%", "2010-06-30": "2.47%", "2010-03-31": "2.68%", "2009-12-31": "2.74%", "2009-09-30": "2.79%", "2009-06-30": "3.33%", "2009-03-31": "3.86%", "2008-12-31": "4.25%", "2008-09-30": "5.01%", "2008-06-30": "5.58%", "2008-03-31": "4.88%", "2007-12-31": "5.96%", "2007-09-30": "7.04%", "2007-06-30": "6.77%", "2007-03-31": "12.28%", "2006-12-31": "12.37%", "2006-09-30": "14.47%", "2006-06-30": "21.44%", "2006-03-31": "49.06%", "2005-12-31": "47.97%"}, "return on tangible equity": {"2020-09-30": "10.71%", "2020-06-30": "10.82%", "2020-03-31": "12.18%", "2019-12-31": "12.34%", "2019-09-30": "13.01%", "2019-06-30": "13.12%", "2019-03-31": "13.07%", "2018-12-31": "13.28%", "2018-09-30": "12.90%", "2018-06-30": "12.29%", "2018-03-31": "11.07%", "2017-12-31": "10.11%", "2017-09-30": "9.40%", "2017-06-30": "9.27%", "2017-03-31": "9.79%", "2016-12-31": "9.95%", "2016-09-30": "10.16%", "2016-06-30": "10.08%", "2016-03-31": "9.93%", "2015-12-31": "9.89%", "2015-09-30": "9.81%", "2015-06-30": "9.63%", "2015-03-31": "10.13%", "2014-12-31": "10.01%", "2014-09-30": "9.78%", "2014-06-30": "9.74%", "2014-03-31": "9.32%", "2013-12-31": "9.08%", "2013-09-30": "8.85%", "2013-06-30": "8.61%", "2013-03-31": "8.38%", "2012-12-31": "8.32%", "2012-09-30": "7.41%", "2012-06-30": "6.93%", "2012-03-31": "6.34%", "2011-12-31": "6.05%", "2011-09-30": "5.60%", "2011-06-30": "4.60%", "2011-03-31": "3.45%", "2010-12-31": "2.28%", "2010-09-30": "2.12%", "2010-06-30": "2.20%", "2010-03-31": "2.45%", "2009-12-31": "2.75%", "2009-09-30": "3.04%", "2009-06-30": "3.54%", "2009-03-31": "4.02%", "2008-12-31": "3.76%", "2008-09-30": "3.90%", "2008-06-30": "4.02%", "2008-03-31": "3.16%", "2007-12-31": "4.22%", "2007-09-30": "5.12%", "2007-06-30": "5.11%", "2007-03-31": "9.93%", "2006-12-31": "10.12%", "2006-09-30": "9.90%", "2006-06-30": "11.50%", "2006-03-31": "15.91%", "2005-12-31": "15.88%"}, "dividend yield history": {"last payout": "$0.72", "last yield": "4.96%"}}