{"ticker": "PEP", "price": {"title": "PepsiCo Historical Annual Stock Price Data", "value": 134.97, "historical": {"2021": {"Average Stock Price": "140.4239", "Year Open": "144.2700", "Year High": "144.7000", "Year Low": "134.9700", "Year Close": "134.9700", "Annual % Change": "-8.99%"}, "2020": {"Average Stock Price": "136.3060", "Year Open": "135.8200", "Year High": "148.3000", "Year Low": "103.9300", "Year Close": "148.3000", "Annual % Change": "8.51%"}, "2019": {"Average Stock Price": "127.9365", "Year Open": "109.2800", "Year High": "140.2800", "Year Low": "107.3200", "Year Close": "136.6700", "Annual % Change": "23.71%"}, "2018": {"Average Stock Price": "110.7006", "Year Open": "118.0600", "Year High": "121.9400", "Year Low": "96.1600", "Year Close": "110.4800", "Annual % Change": "-7.87%"}, "2017": {"Average Stock Price": "112.9527", "Year Open": "104.6500", "Year High": "119.9200", "Year Low": "101.5500", "Year Close": "119.9200", "Annual % Change": "14.61%"}, "2016": {"Average Stock Price": "103.6669", "Year Open": "98.7700", "Year High": "109.9600", "Year Low": "93.7700", "Year Close": "104.6300", "Annual % Change": "4.71%"}, "2015": {"Average Stock Price": "96.8116", "Year Open": "94.4400", "Year High": "103.0800", "Year Low": "89.6400", "Year Close": "99.9200", "Annual % Change": "5.67%"}, "2014": {"Average Stock Price": "88.7764", "Year Open": "82.1000", "Year High": "100.3900", "Year Low": "77.1000", "Year Close": "94.5600", "Annual % Change": "14.01%"}, "2013": {"Average Stock Price": "80.3366", "Year Open": "69.3300", "Year High": "86.8000", "Year Low": "69.3300", "Year Close": "82.9400", "Annual % Change": "21.20%"}, "2012": {"Average Stock Price": "68.3458", "Year Open": "66.4000", "Year High": "73.5800", "Year Low": "62.2800", "Year Close": "68.4300", "Annual % Change": "3.13%"}, "2011": {"Average Stock Price": "65.2119", "Year Open": "65.7500", "Year High": "71.7800", "Year Low": "59.9900", "Year Close": "66.3500", "Annual % Change": "1.56%"}, "2010": {"Average Stock Price": "64.4196", "Year Open": "61.2400", "Year High": "68.1100", "Year Low": "58.9600", "Year Close": "65.3300", "Annual % Change": "7.45%"}, "2009": {"Average Stock Price": "55.3906", "Year Open": "55.9700", "Year High": "64.2300", "Year Low": "45.8100", "Year Close": "60.8000", "Annual % Change": "11.01%"}, "2008": {"Average Stock Price": "65.9341", "Year Open": "75.2900", "Year High": "79.5700", "Year Low": "50.2900", "Year Close": "54.7700", "Annual % Change": "-27.84%"}, "2007": {"Average Stock Price": "68.3055", "Year Open": "62.7200", "Year High": "78.6900", "Year Low": "62.1600", "Year Close": "75.9000", "Annual % Change": "21.34%"}, "2006": {"Average Stock Price": "61.0908", "Year Open": "59.7600", "Year High": "65.9100", "Year Low": "56.7700", "Year Close": "62.5500", "Annual % Change": "5.87%"}, "2005": {"Average Stock Price": "55.5690", "Year Open": "51.9400", "Year High": "59.9000", "Year Low": "51.5700", "Year Close": "59.0800", "Annual % Change": "13.18%"}, "2004": {"Average Stock Price": "51.3000", "Year Open": "46.4600", "Year High": "55.5500", "Year Low": "45.3900", "Year Close": "52.2000", "Annual % Change": "11.97%"}, "2003": {"Average Stock Price": "44.1272", "Year Open": "43.1000", "Year High": "48.7100", "Year Low": "37.3000", "Year Close": "46.6200", "Annual % Change": "10.42%"}, "2002": {"Average Stock Price": "46.1663", "Year Open": "49.1500", "Year High": "53.1200", "Year Low": "35.5000", "Year Close": "42.2200", "Annual % Change": "-13.29%"}, "2001": {"Average Stock Price": "46.0734", "Year Open": "49.3800", "Year High": "50.2800", "Year Low": "41.2600", "Year Close": "48.6900", "Annual % Change": "-1.76%"}, "2000": {"Average Stock Price": "41.0200", "Year Open": "36.8800", "Year High": "49.7500", "Year Low": "30.5000", "Year Close": "49.5600", "Annual % Change": "40.60%"}, "1999": {"Average Stock Price": "36.6016", "Year Open": "40.6900", "Year High": "41.8100", "Year Low": "30.5000", "Year Close": "35.2500", "Annual % Change": "-13.77%"}, "1998": {"Average Stock Price": "37.6451", "Year Open": "36.0000", "Year High": "44.6900", "Year Low": "27.8800", "Year Close": "40.8800", "Annual % Change": "12.77%"}, "1997": {"Average Stock Price": "35.7078", "Year Open": "29.5000", "Year High": "41.0000", "Year Low": "29.1300", "Year Close": "36.2500", "Annual % Change": "23.93%"}, "1996": {"Average Stock Price": "31.0734", "Year Open": "27.8750", "Year High": "35.6250", "Year Low": "27.5000", "Year Close": "29.2500", "Annual % Change": "4.69%"}, "1995": {"Average Stock Price": "22.8530", "Year Open": "17.9400", "Year High": "29.0000", "Year Low": "16.9400", "Year Close": "27.9400", "Annual % Change": "54.15%"}, "1994": {"Average Stock Price": "17.6331", "Year Open": "20.3150", "Year High": "20.4400", "Year Low": "14.8750", "Year Close": "18.1250", "Annual % Change": "-11.33%"}, "1993": {"Average Stock Price": "19.5377", "Year Open": "20.5650", "Year High": "21.4400", "Year Low": "17.4400", "Year Close": "20.4400", "Annual % Change": "-1.49%"}, "1992": {"Average Stock Price": "18.2943", "Year Open": "16.9400", "Year High": "21.3750", "Year Low": "15.3750", "Year Close": "20.7500", "Annual % Change": "22.49%"}, "1991": {"Average Stock Price": "15.2364", "Year Open": "12.8750", "Year High": "17.8150", "Year Low": "12.0650", "Year Close": "16.9400", "Annual % Change": "30.31%"}, "1990": {"Average Stock Price": "11.6634", "Year Open": "10.7083", "Year High": "13.8333", "Year Low": "9.3333", "Year Close": "13.0000", "Annual % Change": "21.87%"}, "1989": {"Average Stock Price": "8.7703", "Year Open": "6.5833", "Year High": "10.8750", "Year Low": "6.3133", "Year Close": "10.6667", "Annual % Change": "62.03%"}, "1988": {"Average Stock Price": "6.0723", "Year Open": "5.7917", "Year High": "7.2083", "Year Low": "5.1450", "Year Close": "6.5833", "Annual % Change": "18.33%"}, "1987": {"Average Stock Price": "5.7561", "Year Open": "4.3750", "Year High": "6.9583", "Year Low": "4.3750", "Year Close": "5.5633", "Annual % Change": "28.38%"}, "1986": {"Average Stock Price": "4.7510", "Year Open": "4.0000", "Year High": "5.8750", "Year Low": "3.7017", "Year Close": "4.3333", "Annual % Change": "7.21%"}, "1985": {"Average Stock Price": "3.1550", "Year Open": "2.3333", "Year High": "4.1389", "Year Low": "2.2778", "Year Close": "4.0417", "Annual % Change": "69.70%"}, "1984": {"Average Stock Price": "2.2697", "Year Open": "2.0972", "Year High": "2.5139", "Year Low": "1.9306", "Year Close": "2.3817", "Annual % Change": "12.08%"}, "1983": {"Average Stock Price": "1.9880", "Year Open": "1.9167", "Year High": "2.2083", "Year Low": "1.8267", "Year Close": "2.1250", "Annual % Change": "6.99%"}, "1982": {"Average Stock Price": "2.1670", "Year Open": "2.0278", "Year High": "2.7500", "Year Low": "1.7778", "Year Close": "1.9861", "Annual % Change": "-1.71%"}, "1981": {"Average Stock Price": "1.8830", "Year Open": "1.5278", "Year High": "2.1667", "Year Low": "1.5278", "Year Close": "2.0206", "Annual % Change": "33.47%"}, "1980": {"Average Stock Price": "1.3678", "Year Open": "1.3611", "Year High": "1.5767", "Year Low": "1.1111", "Year Close": "1.5139", "Annual % Change": "9.57%"}, "1979": {"Average Stock Price": "1.3972", "Year Open": "1.4306", "Year High": "1.5833", "Year Low": "1.2294", "Year Close": "1.3817", "Annual % Change": "-2.92%"}, "1978": {"Average Stock Price": "1.5679", "Year Open": "1.5344", "Year High": "1.8544", "Year Low": "1.3683", "Year Close": "1.4233", "Annual % Change": "-8.50%"}, "1977": {"Average Stock Price": "1.3808", "Year Open": "1.4815", "Year High": "1.5833", "Year Low": "1.2500", "Year Close": "1.5556", "Annual % Change": "5.82%"}, "1976": {"Average Stock Price": "1.4327", "Year Open": "1.3056", "Year High": "1.6111", "Year Low": "1.2846", "Year Close": "1.4700", "Annual % Change": "12.59%"}, "1975": {"Average Stock Price": "1.1504", "Year Open": "0.7939", "Year High": "1.3819", "Year Low": "0.7824", "Year Close": "1.3056", "Annual % Change": "74.08%"}, "1974": {"Average Stock Price": "0.9666", "Year Open": "1.2846", "Year High": "1.3172", "Year Low": "0.5439", "Year Close": "0.7500", "Annual % Change": "-41.62%"}, "1973": {"Average Stock Price": "1.5192", "Year Open": "1.6272", "Year High": "1.6481", "Year Low": "1.2176", "Year Close": "1.2846", "Annual % Change": "-20.38%"}}}, "market cap": {"value": "$192.92B"}, "income statement": {"Revenue": {"2019-12-31": "67161.00000", "2018-12-31": "64661.00000", "2017-12-31": "63525.00000", "2016-12-31": "62799.00000", "2015-12-31": "63056.00000", "2014-12-31": "66683.00000", "2013-12-31": "66415.00000", "2012-12-31": "65492.00000", "2011-12-31": "66504.00000", "2010-12-31": "57838.00000", "2009-12-31": "43232.00000", "2008-12-31": "43251.00000", "2007-12-31": "39474.00000", "2006-12-31": "35137.00000", "2005-12-31": "32562.00000"}, "Cost Of Goods Sold": {"2019-12-31": "30132.00000", "2018-12-31": "29381.00000", "2017-12-31": "28796.00000", "2016-12-31": "28222.00000", "2015-12-31": "28731.00000", "2014-12-31": "31238.00000", "2013-12-31": "31243.00000", "2012-12-31": "31291.00000", "2011-12-31": "31593.00000", "2010-12-31": "26575.00000", "2009-12-31": "20099.00000", "2008-12-31": "20351.00000", "2007-12-31": "18038.00000", "2006-12-31": "15762.00000", "2005-12-31": "14176.00000"}, "Gross Profit": {"2019-12-31": "37029.00000", "2018-12-31": "35280.00000", "2017-12-31": "34729.00000", "2016-12-31": "34577.00000", "2015-12-31": "34325.00000", "2014-12-31": "35445.00000", "2013-12-31": "35172.00000", "2012-12-31": "34201.00000", "2011-12-31": "34911.00000", "2010-12-31": "31263.00000", "2009-12-31": "23133.00000", "2008-12-31": "22900.00000", "2007-12-31": "21436.00000", "2006-12-31": "19375.00000", "2005-12-31": "18386.00000"}, "Research And Development Expenses": {"2019-12-31": "", "2018-12-31": "", "2017-12-31": "", "2016-12-31": "", "2015-12-31": "", "2014-12-31": "", "2013-12-31": "", "2012-12-31": "", "2011-12-31": "", "2010-12-31": "", "2009-12-31": "", "2008-12-31": "", "2007-12-31": "", "2006-12-31": "", "2005-12-31": ""}, "SG&A Expenses": {"2019-12-31": "26738.00000", "2018-12-31": "25170.00000", "2017-12-31": "24453.00000", "2016-12-31": "24773.00000", "2015-12-31": "24613.00000", "2014-12-31": "25772.00000", "2013-12-31": "25357.00000", "2012-12-31": "24970.00000", "2011-12-31": "25145.00000", "2010-12-31": "22814.00000", "2009-12-31": "15026.00000", "2008-12-31": "15877.00000", "2007-12-31": "14196.00000", "2006-12-31": "12711.00000", "2005-12-31": "12252.00000"}, "Other Operating Income Or Expenses": {"2019-12-31": "", "2018-12-31": "", "2017-12-31": "", "2016-12-31": "", "2015-12-31": "", "2014-12-31": "", "2013-12-31": "", "2012-12-31": "", "2011-12-31": "", "2010-12-31": "", "2009-12-31": "", "2008-12-31": "", "2007-12-31": "", "2006-12-31": "", "2005-12-31": ""}, "Operating Expenses": {"2019-12-31": "56870.00000", "2018-12-31": "54551.00000", "2017-12-31": "53249.00000", "2016-12-31": "52995.00000", "2015-12-31": "54703.00000", "2014-12-31": "57102.00000", "2013-12-31": "56710.00000", "2012-12-31": "56380.00000", "2011-12-31": "56871.00000", "2010-12-31": "49506.00000", "2009-12-31": "35188.00000", "2008-12-31": "36292.00000", "2007-12-31": "32292.00000", "2006-12-31": "28635.00000", "2005-12-31": "26578.00000"}, "Operating Income": {"2019-12-31": "10291.00000", "2018-12-31": "10110.00000", "2017-12-31": "10276.00000", "2016-12-31": "9804.00000", "2015-12-31": "8353.00000", "2014-12-31": "9581.00000", "2013-12-31": "9705.00000", "2012-12-31": "9112.00000", "2011-12-31": "9633.00000", "2010-12-31": "8332.00000", "2009-12-31": "8044.00000", "2008-12-31": "6959.00000", "2007-12-31": "7182.00000", "2006-12-31": "6502.00000", "2005-12-31": "5984.00000"}, "Total Non-Operating Income/Expense": {"2019-12-31": "-979.00000", "2018-12-31": "-921.00000", "2017-12-31": "-674.00000", "2016-12-31": "-1251.00000", "2015-12-31": "-911.00000", "2014-12-31": "-824.00000", "2013-12-31": "-814.00000", "2012-12-31": "-808.00000", "2011-12-31": "-799.00000", "2010-12-31": "-100.00000", "2009-12-31": "35.00000", "2008-12-31": "86.00000", "2007-12-31": "461.00000", "2006-12-31": "487.00000", "2005-12-31": "398.00000"}, "Pre-Tax Income": {"2019-12-31": "9312.00000", "2018-12-31": "9189.00000", "2017-12-31": "9602.00000", "2016-12-31": "8553.00000", "2015-12-31": "7442.00000", "2014-12-31": "8757.00000", "2013-12-31": "8891.00000", "2012-12-31": "8304.00000", "2011-12-31": "8834.00000", "2010-12-31": "8232.00000", "2009-12-31": "8079.00000", "2008-12-31": "7045.00000", "2007-12-31": "7643.00000", "2006-12-31": "6989.00000", "2005-12-31": "6382.00000"}, "Income Taxes": {"2019-12-31": "1959.00000", "2018-12-31": "-3370.00000", "2017-12-31": "4694.00000", "2016-12-31": "2174.00000", "2015-12-31": "1941.00000", "2014-12-31": "2199.00000", "2013-12-31": "2104.00000", "2012-12-31": "2090.00000", "2011-12-31": "2372.00000", "2010-12-31": "1894.00000", "2009-12-31": "2100.00000", "2008-12-31": "1879.00000", "2007-12-31": "1973.00000", "2006-12-31": "1347.00000", "2005-12-31": "2304.00000"}, "Income After Taxes": {"2019-12-31": "7353.00000", "2018-12-31": "12559.00000", "2017-12-31": "4908.00000", "2016-12-31": "6379.00000", "2015-12-31": "5501.00000", "2014-12-31": "6558.00000", "2013-12-31": "6787.00000", "2012-12-31": "6214.00000", "2011-12-31": "6462.00000", "2010-12-31": "6338.00000", "2009-12-31": "5979.00000", "2008-12-31": "5166.00000", "2007-12-31": "5670.00000", "2006-12-31": "5642.00000", "2005-12-31": "4078.00000"}, "Other Income": {"2019-12-31": "", "2018-12-31": "", "2017-12-31": "", "2016-12-31": "", "2015-12-31": "", "2014-12-31": "", "2013-12-31": "", "2012-12-31": "", "2011-12-31": "", "2010-12-31": "", "2009-12-31": "", "2008-12-31": "", "2007-12-31": "", "2006-12-31": "", "2005-12-31": ""}, "Income From Continuous Operations": {"2019-12-31": "7353.00000", "2018-12-31": "12559.00000", "2017-12-31": "4908.00000", "2016-12-31": "6379.00000", "2015-12-31": "5501.00000", "2014-12-31": "6558.00000", "2013-12-31": "6787.00000", "2012-12-31": "6214.00000", "2011-12-31": "6462.00000", "2010-12-31": "6338.00000", "2009-12-31": "5979.00000", "2008-12-31": "5166.00000", "2007-12-31": "5670.00000", "2006-12-31": "5642.00000", "2005-12-31": "4078.00000"}, "Income From Discontinued Operations": {"2019-12-31": "", "2018-12-31": "", "2017-12-31": "", "2016-12-31": "", "2015-12-31": "", "2014-12-31": "", "2013-12-31": "", "2012-12-31": "", "2011-12-31": "", "2010-12-31": "", "2009-12-31": "", "2008-12-31": "", "2007-12-31": "", "2006-12-31": "", "2005-12-31": ""}, "Net Income": {"2019-12-31": "7314.00000", "2018-12-31": "12515.00000", "2017-12-31": "4857.00000", "2016-12-31": "6329.00000", "2015-12-31": "5452.00000", "2014-12-31": "6503.00000", "2013-12-31": "6740.00000", "2012-12-31": "6171.00000", "2011-12-31": "6436.00000", "2010-12-31": "6314.00000", "2009-12-31": "5940.00000", "2008-12-31": "5134.00000", "2007-12-31": "5646.00000", "2006-12-31": "5631.00000", "2005-12-31": "4060.00000"}, "EBITDA": {"2019-12-31": "12723.00000", "2018-12-31": "12509.00000", "2017-12-31": "12645.00000", "2016-12-31": "12172.00000", "2015-12-31": "10769.00000", "2014-12-31": "12206.00000", "2013-12-31": "12368.00000", "2012-12-31": "11801.00000", "2011-12-31": "12370.00000", "2010-12-31": "10659.00000", "2009-12-31": "9679.00000", "2008-12-31": "8502.00000", "2007-12-31": "8608.00000", "2006-12-31": "7908.00000", "2005-12-31": "7292.00000"}, "EBIT": {"2019-12-31": "10291.00000", "2018-12-31": "10110.00000", "2017-12-31": "10276.00000", "2016-12-31": "9804.00000", "2015-12-31": "8353.00000", "2014-12-31": "9581.00000", "2013-12-31": "9705.00000", "2012-12-31": "9112.00000", "2011-12-31": "9633.00000", "2010-12-31": "8332.00000", "2009-12-31": "8044.00000", "2008-12-31": "6959.00000", "2007-12-31": "7182.00000", "2006-12-31": "6502.00000", "2005-12-31": "5984.00000"}, "Basic Shares Outstanding": {"2019-12-31": "1399.00000", "2018-12-31": "1415.00000", "2017-12-31": "1425.00000", "2016-12-31": "1439.00000", "2015-12-31": "1469.00000", "2014-12-31": "1509.00000", "2013-12-31": "1541.00000", "2012-12-31": "1557.00000", "2011-12-31": "1576.00000", "2010-12-31": "1590.00000", "2009-12-31": "1558.00000", "2008-12-31": "1573.00000", "2007-12-31": "1621.00000", "2006-12-31": "1649.00000", "2005-12-31": "1669.00000"}, "Shares Outstanding": {"2019-12-31": "1407.00000", "2018-12-31": "1425.00000", "2017-12-31": "1438.00000", "2016-12-31": "1452.00000", "2015-12-31": "1485.00000", "2014-12-31": "1527.00000", "2013-12-31": "1560.00000", "2012-12-31": "1575.00000", "2011-12-31": "1597.00000", "2010-12-31": "1614.00000", "2009-12-31": "1577.00000", "2008-12-31": "1602.00000", "2007-12-31": "1658.00000", "2006-12-31": "1687.00000", "2005-12-31": "1706.00000"}, "Basic EPS": {"2019-12-31": "5.23000", "2018-12-31": "8.84000", "2017-12-31": "3.40000", "2016-12-31": "4.39000", "2015-12-31": "3.71000", "2014-12-31": "4.31000", "2013-12-31": "4.37000", "2012-12-31": "3.96000", "2011-12-31": "4.08000", "2010-12-31": "3.97000", "2009-12-31": "3.81000", "2008-12-31": "3.26000", "2007-12-31": "3.48000", "2006-12-31": "3.42000", "2005-12-31": "2.43000"}, "EPS - Earnings Per Share": {"2019-12-31": "5.20000", "2018-12-31": "8.78000", "2017-12-31": "3.38000", "2016-12-31": "4.36000", "2015-12-31": "3.67000", "2014-12-31": "4.27000", "2013-12-31": "4.32000", "2012-12-31": "3.92000", "2011-12-31": "4.03000", "2010-12-31": "3.91000", "2009-12-31": "3.77000", "2008-12-31": "3.21000", "2007-12-31": "3.41000", "2006-12-31": "3.34000", "2005-12-31": "2.39000"}}, "income statement, quarterly": {"Revenue": {"2020-09-30": "18091.00000", "2020-06-30": "15945.00000", "2020-03-31": "13881.00000", "2019-12-31": "20640.00000", "2019-09-30": "17188.00000", "2019-06-30": "16449.00000", "2019-03-31": "12884.00000", "2018-12-31": "19524.00000", "2018-09-30": "16485.00000", "2018-06-30": "16090.00000", "2018-03-31": "12562.00000", "2017-12-31": "19526.00000", "2017-09-30": "16240.00000", "2017-06-30": "15710.00000", "2017-03-31": "12049.00000", "2016-12-31": "19515.00000", "2016-09-30": "16027.00000", "2016-06-30": "15395.00000", "2016-03-31": "11862.00000", "2015-12-31": "18585.00000", "2015-09-30": "16331.00000", "2015-06-30": "15923.00000", "2015-03-31": "12217.00000", "2014-12-31": "19948.00000", "2014-09-30": "17218.00000", "2014-06-30": "16894.00000", "2014-03-31": "12623.00000", "2013-12-31": "20118.00000", "2013-09-30": "16909.00000", "2013-06-30": "16807.00000", "2013-03-31": "12581.00000", "2012-12-31": "19954.00000", "2012-09-30": "16652.00000", "2012-06-30": "16458.00000", "2012-03-31": "12428.00000", "2011-12-31": "20158.00000", "2011-09-30": "17582.00000", "2011-06-30": "16827.00000", "2011-03-31": "11937.00000", "2010-12-31": "18155.00000", "2010-09-30": "15514.00000", "2010-06-30": "14801.00000", "2010-03-31": "9368.00000", "2009-12-31": "13297.00000", "2009-09-30": "11080.00000", "2009-06-30": "10592.00000", "2009-03-31": "8263.00000", "2008-12-31": "12729.00000", "2008-09-30": "11244.00000", "2008-06-30": "10945.00000", "2008-03-31": "8333.00000", "2007-12-31": "12346.00000", "2007-09-30": "10171.00000", "2007-06-30": "9607.00000", "2007-03-31": "7350.00000", "2006-12-31": "10570.00000", "2006-09-30": "9134.00000", "2006-06-30": "8714.00000", "2006-03-31": "6719.00000", "2005-12-31": "10096.00000", "2005-09-30": "8184.00000", "2005-06-30": "7697.00000", "2005-03-31": "6585.00000"}, "Cost Of Goods Sold": {"2020-09-30": "8156.00000", "2020-06-30": "7088.00000", "2020-03-31": "6127.00000", "2019-12-31": "9346.00000", "2019-09-30": "7694.00000", "2019-06-30": "7404.00000", "2019-03-31": "5688.00000", "2018-12-31": "8936.00000", "2018-09-30": "7527.00000", "2018-06-30": "7263.00000", "2018-03-31": "5655.00000", "2017-12-31": "9079.00000", "2017-09-30": "7368.00000", "2017-06-30": "7059.00000", "2017-03-31": "5290.00000", "2016-12-31": "8957.00000", "2016-09-30": "7284.00000", "2016-06-30": "6830.00000", "2016-03-31": "5151.00000", "2015-12-31": "8487.00000", "2015-09-30": "7490.00000", "2015-06-30": "7251.00000", "2015-03-31": "5503.00000", "2014-12-31": "9718.00000", "2014-09-30": "7995.00000", "2014-06-30": "7778.00000", "2014-03-31": "5747.00000", "2013-12-31": "9565.00000", "2013-09-30": "7946.00000", "2013-06-30": "7898.00000", "2013-03-31": "5834.00000", "2012-12-31": "9654.00000", "2012-09-30": "7833.00000", "2012-06-30": "7915.00000", "2012-03-31": "5889.00000", "2011-12-31": "9731.00000", "2011-09-30": "8452.00000", "2011-06-30": "7963.00000", "2011-03-31": "5447.00000", "2010-12-31": "8359.00000", "2010-09-30": "7008.00000", "2010-06-30": "6745.00000", "2010-03-31": "4463.00000", "2009-12-31": "6293.00000", "2009-09-30": "5181.00000", "2009-06-30": "4881.00000", "2009-03-31": "3744.00000", "2008-12-31": "6171.00000", "2008-09-30": "5268.00000", "2008-06-30": "5078.00000", "2008-03-31": "3834.00000", "2007-12-31": "5784.00000", "2007-09-30": "4627.00000", "2007-06-30": "4342.00000", "2007-03-31": "3285.00000", "2006-12-31": "4830.00000", "2006-09-30": "4108.00000", "2006-06-30": "3862.00000", "2006-03-31": "2962.00000", "2005-12-31": "4477.00000", "2005-09-30": "3515.00000", "2005-06-30": "3314.00000", "2005-03-31": "2870.00000"}, "Gross Profit": {"2020-09-30": "9935.00000", "2020-06-30": "8857.00000", "2020-03-31": "7754.00000", "2019-12-31": "11294.00000", "2019-09-30": "9494.00000", "2019-06-30": "9045.00000", "2019-03-31": "7196.00000", "2018-12-31": "10588.00000", "2018-09-30": "8958.00000", "2018-06-30": "8827.00000", "2018-03-31": "6907.00000", "2017-12-31": "10447.00000", "2017-09-30": "8872.00000", "2017-06-30": "8651.00000", "2017-03-31": "6759.00000", "2016-12-31": "10558.00000", "2016-09-30": "8743.00000", "2016-06-30": "8565.00000", "2016-03-31": "6711.00000", "2015-12-31": "10098.00000", "2015-09-30": "8841.00000", "2015-06-30": "8672.00000", "2015-03-31": "6714.00000", "2014-12-31": "10230.00000", "2014-09-30": "9223.00000", "2014-06-30": "9116.00000", "2014-03-31": "6876.00000", "2013-12-31": "10553.00000", "2013-09-30": "8963.00000", "2013-06-30": "8909.00000", "2013-03-31": "6747.00000", "2012-12-31": "10300.00000", "2012-09-30": "8819.00000", "2012-06-30": "8543.00000", "2012-03-31": "6539.00000", "2011-12-31": "10427.00000", "2011-09-30": "9130.00000", "2011-06-30": "8864.00000", "2011-03-31": "6490.00000", "2010-12-31": "9796.00000", "2010-09-30": "8506.00000", "2010-06-30": "8056.00000", "2010-03-31": "4905.00000", "2009-12-31": "7004.00000", "2009-09-30": "5899.00000", "2009-06-30": "5711.00000", "2009-03-31": "4519.00000", "2008-12-31": "6558.00000", "2008-09-30": "5976.00000", "2008-06-30": "5867.00000", "2008-03-31": "4499.00000", "2007-12-31": "6562.00000", "2007-09-30": "5544.00000", "2007-06-30": "5265.00000", "2007-03-31": "4065.00000", "2006-12-31": "5740.00000", "2006-09-30": "5026.00000", "2006-06-30": "4852.00000", "2006-03-31": "3757.00000", "2005-12-31": "5619.00000", "2005-09-30": "4669.00000", "2005-06-30": "4383.00000", "2005-03-31": "3715.00000"}, "Research And Development Expenses": {"2020-09-30": "", "2020-06-30": "", "2020-03-31": "", "2019-12-31": "", "2019-09-30": "", "2019-06-30": "", "2019-03-31": "", "2018-12-31": "", "2018-09-30": "", "2018-06-30": "", "2018-03-31": "", "2017-12-31": "", "2017-09-30": "", "2017-06-30": "", "2017-03-31": "", "2016-12-31": "", "2016-09-30": "", "2016-06-30": "", "2016-03-31": "", "2015-12-31": "", "2015-09-30": "", "2015-06-30": "", "2015-03-31": "", "2014-12-31": "", "2014-09-30": "", "2014-06-30": "", "2014-03-31": "", "2013-12-31": "", "2013-09-30": "", "2013-06-30": "", "2013-03-31": "", "2012-12-31": "", "2012-09-30": "", "2012-06-30": "", "2012-03-31": "", "2011-12-31": "", "2011-09-30": "", "2011-06-30": "", "2011-03-31": "", "2010-12-31": "", "2010-09-30": "", "2010-06-30": "", "2010-03-31": "", "2009-12-31": "", "2009-09-30": "", "2009-06-30": "", "2009-03-31": "", "2008-12-31": "", "2008-09-30": "", "2008-06-30": "", "2008-03-31": "", "2007-12-31": "", "2007-09-30": "", "2007-06-30": "", "2007-03-31": "", "2006-12-31": "", "2006-09-30": "", "2006-06-30": "", "2006-03-31": "", "2005-12-31": "", "2005-09-30": "", "2005-06-30": "", "2005-03-31": ""}, "SG&A Expenses": {"2020-09-30": "6924.00000", "2020-06-30": "6538.00000", "2020-03-31": "5830.00000", "2019-12-31": "8595.00000", "2019-09-30": "6639.00000", "2019-06-30": "6316.00000", "2019-03-31": "5188.00000", "2018-12-31": "8157.00000", "2018-09-30": "6114.00000", "2018-06-30": "5799.00000", "2018-03-31": "5100.00000", "2017-12-31": "7877.00000", "2017-09-30": "5948.00000", "2017-06-30": "5732.00000", "2017-03-31": "4896.00000", "2016-12-31": "8207.00000", "2016-09-30": "5904.00000", "2016-06-30": "5584.00000", "2016-03-31": "5078.00000", "2015-12-31": "7911.00000", "2015-09-30": "6048.00000", "2015-06-30": "5753.00000", "2015-03-31": "4901.00000", "2014-12-31": "8172.00000", "2014-09-30": "6354.00000", "2014-06-30": "6198.00000", "2014-03-31": "5048.00000", "2013-12-31": "8120.00000", "2013-09-30": "6158.00000", "2013-06-30": "6013.00000", "2013-03-31": "5066.00000", "2012-12-31": "8050.00000", "2012-09-30": "5992.00000", "2012-06-30": "6136.00000", "2012-03-31": "4792.00000", "2011-12-31": "8150.00000", "2011-09-30": "6186.00000", "2011-06-30": "6070.00000", "2011-03-31": "4739.00000", "2010-12-31": "7526.00000", "2010-09-30": "5676.00000", "2010-06-30": "5563.00000", "2010-03-31": "4049.00000", "2009-12-31": "4949.00000", "2009-09-30": "3649.00000", "2009-06-30": "3507.00000", "2009-03-31": "2921.00000", "2008-12-31": "5317.00000", "2008-09-30": "3972.00000", "2008-06-30": "3658.00000", "2008-03-31": "2930.00000", "2007-12-31": "4799.00000", "2007-09-30": "3467.00000", "2007-06-30": "3295.00000", "2007-03-31": "2635.00000", "2006-12-31": "4097.00000", "2006-09-30": "3129.00000", "2006-06-30": "3016.00000", "2006-03-31": "2469.00000", "2005-12-31": "4071.00000", "2005-09-30": "2952.00000", "2005-06-30": "2790.00000", "2005-03-31": "2439.00000"}, "Other Operating Income Or Expenses": {"2020-09-30": "", "2020-06-30": "", "2020-03-31": "", "2019-12-31": "", "2019-09-30": "", "2019-06-30": "", "2019-03-31": "", "2018-12-31": "", "2018-09-30": "", "2018-06-30": "", "2018-03-31": "", "2017-12-31": "", "2017-09-30": "", "2017-06-30": "", "2017-03-31": "", "2016-12-31": "", "2016-09-30": "", "2016-06-30": "", "2016-03-31": "", "2015-12-31": "", "2015-09-30": "", "2015-06-30": "", "2015-03-31": "", "2014-12-31": "", "2014-09-30": "", "2014-06-30": "", "2014-03-31": "", "2013-12-31": "", "2013-09-30": "", "2013-06-30": "", "2013-03-31": "", "2012-12-31": "", "2012-09-30": "", "2012-06-30": "", "2012-03-31": "", "2011-12-31": "", "2011-09-30": "", "2011-06-30": "", "2011-03-31": "", "2010-12-31": "", "2010-09-30": "", "2010-06-30": "", "2010-03-31": "", "2009-12-31": "", "2009-09-30": "", "2009-06-30": "", "2009-03-31": "", "2008-12-31": "", "2008-09-30": "", "2008-06-30": "", "2008-03-31": "", "2007-12-31": "", "2007-09-30": "", "2007-06-30": "", "2007-03-31": "", "2006-12-31": "", "2006-09-30": "", "2006-06-30": "", "2006-03-31": "", "2005-12-31": "", "2005-09-30": "", "2005-06-30": "", "2005-03-31": ""}, "Operating Expenses": {"2020-09-30": "15080.00000", "2020-06-30": "13626.00000", "2020-03-31": "11957.00000", "2019-12-31": "17941.00000", "2019-09-30": "14333.00000", "2019-06-30": "13720.00000", "2019-03-31": "10876.00000", "2018-12-31": "17093.00000", "2018-09-30": "13641.00000", "2018-06-30": "13062.00000", "2018-03-31": "10755.00000", "2017-12-31": "16956.00000", "2017-09-30": "13316.00000", "2017-06-30": "12791.00000", "2017-03-31": "10186.00000", "2016-12-31": "17115.00000", "2016-09-30": "13206.00000", "2016-06-30": "12431.00000", "2016-03-31": "10243.00000", "2015-12-31": "16345.00000", "2015-09-30": "14915.00000", "2015-06-30": "13023.00000", "2015-03-31": "10420.00000", "2014-12-31": "17917.00000", "2014-09-30": "14371.00000", "2014-06-30": "13998.00000", "2014-03-31": "10816.00000", "2013-12-31": "17720.00000", "2013-09-30": "14129.00000", "2013-06-30": "13938.00000", "2013-03-31": "10923.00000", "2012-12-31": "17741.00000", "2012-09-30": "13852.00000", "2012-06-30": "14081.00000", "2012-03-31": "10706.00000", "2011-12-31": "17911.00000", "2011-09-30": "14676.00000", "2011-06-30": "14073.00000", "2011-03-31": "10211.00000", "2010-12-31": "15924.00000", "2010-09-30": "12714.00000", "2010-06-30": "12340.00000", "2010-03-31": "8528.00000", "2009-12-31": "11263.00000", "2009-09-30": "8848.00000", "2009-06-30": "8402.00000", "2009-03-31": "6675.00000", "2008-12-31": "11509.00000", "2008-09-30": "9253.00000", "2008-06-30": "8754.00000", "2008-03-31": "6776.00000", "2007-12-31": "10604.00000", "2007-09-30": "8109.00000", "2007-06-30": "7648.00000", "2007-03-31": "5931.00000", "2006-12-31": "8981.00000", "2006-09-30": "7278.00000", "2006-06-30": "6914.00000", "2006-03-31": "5462.00000", "2005-12-31": "8595.00000", "2005-09-30": "6504.00000", "2005-06-30": "6141.00000", "2005-03-31": "5338.00000"}, "Operating Income": {"2020-09-30": "3011.00000", "2020-06-30": "2319.00000", "2020-03-31": "1924.00000", "2019-12-31": "2699.00000", "2019-09-30": "2855.00000", "2019-06-30": "2729.00000", "2019-03-31": "2008.00000", "2018-12-31": "2431.00000", "2018-09-30": "2844.00000", "2018-06-30": "3028.00000", "2018-03-31": "1807.00000", "2017-12-31": "2570.00000", "2017-09-30": "2924.00000", "2017-06-30": "2919.00000", "2017-03-31": "1863.00000", "2016-12-31": "2400.00000", "2016-09-30": "2821.00000", "2016-06-30": "2964.00000", "2016-03-31": "1619.00000", "2015-12-31": "2240.00000", "2015-09-30": "1416.00000", "2015-06-30": "2900.00000", "2015-03-31": "1797.00000", "2014-12-31": "2031.00000", "2014-09-30": "2847.00000", "2014-06-30": "2896.00000", "2014-03-31": "1807.00000", "2013-12-31": "2398.00000", "2013-09-30": "2780.00000", "2013-06-30": "2869.00000", "2013-03-31": "1658.00000", "2012-12-31": "2213.00000", "2012-09-30": "2800.00000", "2012-06-30": "2377.00000", "2012-03-31": "1722.00000", "2011-12-31": "2247.00000", "2011-09-30": "2906.00000", "2011-06-30": "2754.00000", "2011-03-31": "1726.00000", "2010-12-31": "2231.00000", "2010-09-30": "2800.00000", "2010-06-30": "2461.00000", "2010-03-31": "840.00000", "2009-12-31": "2034.00000", "2009-09-30": "2232.00000", "2009-06-30": "2190.00000", "2009-03-31": "1588.00000", "2008-12-31": "1220.00000", "2008-09-30": "1991.00000", "2008-06-30": "2191.00000", "2008-03-31": "1557.00000", "2007-12-31": "1742.00000", "2007-09-30": "2062.00000", "2007-06-30": "1959.00000", "2007-03-31": "1419.00000", "2006-12-31": "1589.00000", "2006-09-30": "1856.00000", "2006-06-30": "1800.00000", "2006-03-31": "1257.00000", "2005-12-31": "1501.00000", "2005-09-30": "1680.00000", "2005-06-30": "1556.00000", "2005-03-31": "1247.00000"}, "Total Non-Operating Income/Expense": {"2020-09-30": "-178.00000", "2020-06-30": "-151.00000", "2020-03-31": "-213.00000", "2019-12-31": "-491.00000", "2019-09-30": "-186.00000", "2019-06-30": "-162.00000", "2019-03-31": "-140.00000", "2018-12-31": "-496.00000", "2018-09-30": "-147.00000", "2018-06-30": "-128.00000", "2018-03-31": "-150.00000", "2017-12-31": "-239.00000", "2017-09-30": "-148.00000", "2017-06-30": "-145.00000", "2017-03-31": "-142.00000", "2016-12-31": "-569.00000", "2016-09-30": "-217.00000", "2016-06-30": "-233.00000", "2016-03-31": "-232.00000", "2015-12-31": "-289.00000", "2015-09-30": "-223.00000", "2015-06-30": "-203.00000", "2015-03-31": "-196.00000", "2014-12-31": "-250.00000", "2014-09-30": "-192.00000", "2014-06-30": "-191.00000", "2014-03-31": "-191.00000", "2013-12-31": "-234.00000", "2013-09-30": "-203.00000", "2013-06-30": "-190.00000", "2013-03-31": "-187.00000", "2012-12-31": "-244.00000", "2012-09-30": "-181.00000", "2012-06-30": "-208.00000", "2012-03-31": "-175.00000", "2011-12-31": "-248.00000", "2011-09-30": "-209.00000", "2011-06-30": "-179.00000", "2011-03-31": "-163.00000", "2010-12-31": "-359.00000", "2010-09-30": "-141.00000", "2010-06-30": "-161.00000", "2010-03-31": "561.00000", "2009-12-31": "-14.00000", "2009-09-30": "76.00000", "2009-06-30": "46.00000", "2009-03-31": "-73.00000", "2008-12-31": "-201.00000", "2008-09-30": "142.00000", "2008-06-30": "132.00000", "2008-03-31": "13.00000", "2007-12-31": "67.00000", "2007-09-30": "182.00000", "2007-06-30": "158.00000", "2007-03-31": "54.00000", "2006-12-31": "109.00000", "2006-09-30": "192.00000", "2006-06-30": "128.00000", "2006-03-31": "58.00000", "2005-12-31": "41.00000", "2005-09-30": "188.00000", "2005-06-30": "131.00000", "2005-03-31": "38.00000"}, "Pre-Tax Income": {"2020-09-30": "2833.00000", "2020-06-30": "2168.00000", "2020-03-31": "1711.00000", "2019-12-31": "2208.00000", "2019-09-30": "2669.00000", "2019-06-30": "2567.00000", "2019-03-31": "1868.00000", "2018-12-31": "1935.00000", "2018-09-30": "2697.00000", "2018-06-30": "2900.00000", "2018-03-31": "1657.00000", "2017-12-31": "2331.00000", "2017-09-30": "2776.00000", "2017-06-30": "2774.00000", "2017-03-31": "1721.00000", "2016-12-31": "1831.00000", "2016-09-30": "2604.00000", "2016-06-30": "2731.00000", "2016-03-31": "1387.00000", "2015-12-31": "1951.00000", "2015-09-30": "1193.00000", "2015-06-30": "2697.00000", "2015-03-31": "1601.00000", "2014-12-31": "1781.00000", "2014-09-30": "2655.00000", "2014-06-30": "2705.00000", "2014-03-31": "1616.00000", "2013-12-31": "2164.00000", "2013-09-30": "2577.00000", "2013-06-30": "2679.00000", "2013-03-31": "1471.00000", "2012-12-31": "1969.00000", "2012-09-30": "2619.00000", "2012-06-30": "2169.00000", "2012-03-31": "1547.00000", "2011-12-31": "1999.00000", "2011-09-30": "2697.00000", "2011-06-30": "2575.00000", "2011-03-31": "1563.00000", "2010-12-31": "1872.00000", "2010-09-30": "2659.00000", "2010-06-30": "2300.00000", "2010-03-31": "1401.00000", "2009-12-31": "2020.00000", "2009-09-30": "2308.00000", "2009-06-30": "2236.00000", "2009-03-31": "1515.00000", "2008-12-31": "1019.00000", "2008-09-30": "2133.00000", "2008-06-30": "2323.00000", "2008-03-31": "1570.00000", "2007-12-31": "1809.00000", "2007-09-30": "2244.00000", "2007-06-30": "2117.00000", "2007-03-31": "1473.00000", "2006-12-31": "1698.00000", "2006-09-30": "2048.00000", "2006-06-30": "1928.00000", "2006-03-31": "1315.00000", "2005-12-31": "1542.00000", "2005-09-30": "1868.00000", "2005-06-30": "1687.00000", "2005-03-31": "1285.00000"}, "Income Taxes": {"2020-09-30": "526.00000", "2020-06-30": "510.00000", "2020-03-31": "360.00000", "2019-12-31": "430.00000", "2019-09-30": "559.00000", "2019-06-30": "524.00000", "2019-03-31": "446.00000", "2018-12-31": "-4932.00000", "2018-09-30": "188.00000", "2018-06-30": "1070.00000", "2018-03-31": "304.00000", "2017-12-31": "3026.00000", "2017-09-30": "620.00000", "2017-06-30": "656.00000", "2017-03-31": "392.00000", "2016-12-31": "414.00000", "2016-09-30": "600.00000", "2016-06-30": "718.00000", "2016-03-31": "442.00000", "2015-12-31": "218.00000", "2015-09-30": "650.00000", "2015-06-30": "703.00000", "2015-03-31": "370.00000", "2014-12-31": "455.00000", "2014-09-30": "637.00000", "2014-06-30": "718.00000", "2014-03-31": "389.00000", "2013-12-31": "410.00000", "2013-09-30": "654.00000", "2013-06-30": "654.00000", "2013-03-31": "386.00000", "2012-12-31": "302.00000", "2012-09-30": "706.00000", "2012-06-30": "668.00000", "2012-03-31": "414.00000", "2011-12-31": "597.00000", "2011-09-30": "686.00000", "2011-06-30": "670.00000", "2011-03-31": "419.00000", "2010-12-31": "511.00000", "2010-09-30": "729.00000", "2010-06-30": "687.00000", "2010-03-31": "-33.00000", "2009-12-31": "583.00000", "2009-09-30": "575.00000", "2009-06-30": "568.00000", "2009-03-31": "374.00000", "2008-12-31": "293.00000", "2008-09-30": "550.00000", "2008-06-30": "618.00000", "2008-03-31": "418.00000", "2007-12-31": "535.00000", "2007-09-30": "501.00000", "2007-06-30": "560.00000", "2007-03-31": "377.00000", "2006-12-31": "-128.00000", "2006-09-30": "554.00000", "2006-06-30": "553.00000", "2006-03-31": "368.00000", "2005-12-31": "434.00000", "2005-09-30": "1004.00000", "2005-06-30": "493.00000", "2005-03-31": "373.00000"}, "Income After Taxes": {"2020-09-30": "2307.00000", "2020-06-30": "1658.00000", "2020-03-31": "1351.00000", "2019-12-31": "1778.00000", "2019-09-30": "2110.00000", "2019-06-30": "2043.00000", "2019-03-31": "1422.00000", "2018-12-31": "6867.00000", "2018-09-30": "2509.00000", "2018-06-30": "1830.00000", "2018-03-31": "1353.00000", "2017-12-31": "-695.00000", "2017-09-30": "2156.00000", "2017-06-30": "2118.00000", "2017-03-31": "1329.00000", "2016-12-31": "1417.00000", "2016-09-30": "2004.00000", "2016-06-30": "2013.00000", "2016-03-31": "945.00000", "2015-12-31": "1733.00000", "2015-09-30": "543.00000", "2015-06-30": "1994.00000", "2015-03-31": "1231.00000", "2014-12-31": "1326.00000", "2014-09-30": "2018.00000", "2014-06-30": "1987.00000", "2014-03-31": "1227.00000", "2013-12-31": "1754.00000", "2013-09-30": "1923.00000", "2013-06-30": "2025.00000", "2013-03-31": "1085.00000", "2012-12-31": "1667.00000", "2012-09-30": "1913.00000", "2012-06-30": "1501.00000", "2012-03-31": "1133.00000", "2011-12-31": "1402.00000", "2011-09-30": "2011.00000", "2011-06-30": "1905.00000", "2011-03-31": "1144.00000", "2010-12-31": "1361.00000", "2010-09-30": "1930.00000", "2010-06-30": "1613.00000", "2010-03-31": "1434.00000", "2009-12-31": "1437.00000", "2009-09-30": "1733.00000", "2009-06-30": "1668.00000", "2009-03-31": "1141.00000", "2008-12-31": "726.00000", "2008-09-30": "1583.00000", "2008-06-30": "1705.00000", "2008-03-31": "1152.00000", "2007-12-31": "1274.00000", "2007-09-30": "1743.00000", "2007-06-30": "1557.00000", "2007-03-31": "1096.00000", "2006-12-31": "1826.00000", "2006-09-30": "1494.00000", "2006-06-30": "1375.00000", "2006-03-31": "947.00000", "2005-12-31": "1108.00000", "2005-09-30": "864.00000", "2005-06-30": "1194.00000", "2005-03-31": "912.00000"}, "Other Income": {"2020-09-30": "", "2020-06-30": "", "2020-03-31": "", "2019-12-31": "", "2019-09-30": "", "2019-06-30": "", "2019-03-31": "", "2018-12-31": "", "2018-09-30": "", "2018-06-30": "", "2018-03-31": "", "2017-12-31": "", "2017-09-30": "", "2017-06-30": "", "2017-03-31": "", "2016-12-31": "", "2016-09-30": "", "2016-06-30": "", "2016-03-31": "", "2015-12-31": "", "2015-09-30": "", "2015-06-30": "", "2015-03-31": "", "2014-12-31": "", "2014-09-30": "", "2014-06-30": "", "2014-03-31": "", "2013-12-31": "", "2013-09-30": "", "2013-06-30": "", "2013-03-31": "", "2012-12-31": "", "2012-09-30": "", "2012-06-30": "", "2012-03-31": "", "2011-12-31": "", "2011-09-30": "", "2011-06-30": "", "2011-03-31": "", "2010-12-31": "", "2010-09-30": "", "2010-06-30": "", "2010-03-31": "", "2009-12-31": "", "2009-09-30": "", "2009-06-30": "", "2009-03-31": "", "2008-12-31": "", "2008-09-30": "", "2008-06-30": "", "2008-03-31": "", "2007-12-31": "", "2007-09-30": "", "2007-06-30": "", "2007-03-31": "", "2006-12-31": "", "2006-09-30": "", "2006-06-30": "", "2006-03-31": "", "2005-12-31": "", "2005-09-30": "", "2005-06-30": "", "2005-03-31": ""}, "Income From Continuous Operations": {"2020-09-30": "2307.00000", "2020-06-30": "1658.00000", "2020-03-31": "1351.00000", "2019-12-31": "1778.00000", "2019-09-30": "2110.00000", "2019-06-30": "2043.00000", "2019-03-31": "1422.00000", "2018-12-31": "6867.00000", "2018-09-30": "2509.00000", "2018-06-30": "1830.00000", "2018-03-31": "1353.00000", "2017-12-31": "-695.00000", "2017-09-30": "2156.00000", "2017-06-30": "2118.00000", "2017-03-31": "1329.00000", "2016-12-31": "1417.00000", "2016-09-30": "2004.00000", "2016-06-30": "2013.00000", "2016-03-31": "945.00000", "2015-12-31": "1733.00000", "2015-09-30": "543.00000", "2015-06-30": "1994.00000", "2015-03-31": "1231.00000", "2014-12-31": "1326.00000", "2014-09-30": "2018.00000", "2014-06-30": "1987.00000", "2014-03-31": "1227.00000", "2013-12-31": "1754.00000", "2013-09-30": "1923.00000", "2013-06-30": "2025.00000", "2013-03-31": "1085.00000", "2012-12-31": "1667.00000", "2012-09-30": "1913.00000", "2012-06-30": "1501.00000", "2012-03-31": "1133.00000", "2011-12-31": "1402.00000", "2011-09-30": "2011.00000", "2011-06-30": "1905.00000", "2011-03-31": "1144.00000", "2010-12-31": "1361.00000", "2010-09-30": "1930.00000", "2010-06-30": "1613.00000", "2010-03-31": "1434.00000", "2009-12-31": "1437.00000", "2009-09-30": "1733.00000", "2009-06-30": "1668.00000", "2009-03-31": "1141.00000", "2008-12-31": "726.00000", "2008-09-30": "1583.00000", "2008-06-30": "1705.00000", "2008-03-31": "1152.00000", "2007-12-31": "1274.00000", "2007-09-30": "1743.00000", "2007-06-30": "1557.00000", "2007-03-31": "1096.00000", "2006-12-31": "1826.00000", "2006-09-30": "1494.00000", "2006-06-30": "1375.00000", "2006-03-31": "947.00000", "2005-12-31": "1108.00000", "2005-09-30": "864.00000", "2005-06-30": "1194.00000", "2005-03-31": "912.00000"}, "Income From Discontinued Operations": {"2020-09-30": "", "2020-06-30": "", "2020-03-31": "", "2019-12-31": "", "2019-09-30": "", "2019-06-30": "", "2019-03-31": "", "2018-12-31": "", "2018-09-30": "", "2018-06-30": "", "2018-03-31": "", "2017-12-31": "", "2017-09-30": "", "2017-06-30": "", "2017-03-31": "", "2016-12-31": "", "2016-09-30": "", "2016-06-30": "", "2016-03-31": "", "2015-12-31": "", "2015-09-30": "", "2015-06-30": "", "2015-03-31": "", "2014-12-31": "", "2014-09-30": "", "2014-06-30": "", "2014-03-31": "", "2013-12-31": "", "2013-09-30": "", "2013-06-30": "", "2013-03-31": "", "2012-12-31": "", "2012-09-30": "", "2012-06-30": "", "2012-03-31": "", "2011-12-31": "", "2011-09-30": "", "2011-06-30": "", "2011-03-31": "", "2010-12-31": "", "2010-09-30": "", "2010-06-30": "", "2010-03-31": "", "2009-12-31": "", "2009-09-30": "", "2009-06-30": "", "2009-03-31": "", "2008-12-31": "", "2008-09-30": "", "2008-06-30": "", "2008-03-31": "", "2007-12-31": "", "2007-09-30": "", "2007-06-30": "", "2007-03-31": "", "2006-12-31": "", "2006-09-30": "", "2006-06-30": "", "2006-03-31": "", "2005-12-31": "", "2005-09-30": "", "2005-06-30": "", "2005-03-31": ""}, "Net Income": {"2020-09-30": "2291.00000", "2020-06-30": "1646.00000", "2020-03-31": "1338.00000", "2019-12-31": "1766.00000", "2019-09-30": "2100.00000", "2019-06-30": "2035.00000", "2019-03-31": "1413.00000", "2018-12-31": "6854.00000", "2018-09-30": "2498.00000", "2018-06-30": "1820.00000", "2018-03-31": "1343.00000", "2017-12-31": "-710.00000", "2017-09-30": "2144.00000", "2017-06-30": "2105.00000", "2017-03-31": "1318.00000", "2016-12-31": "1401.00000", "2016-09-30": "1992.00000", "2016-06-30": "2005.00000", "2016-03-31": "931.00000", "2015-12-31": "1718.00000", "2015-09-30": "533.00000", "2015-06-30": "1980.00000", "2015-03-31": "1221.00000", "2014-12-31": "1304.00000", "2014-09-30": "2008.00000", "2014-06-30": "1976.00000", "2014-03-31": "1215.00000", "2013-12-31": "1747.00000", "2013-09-30": "1913.00000", "2013-06-30": "2007.00000", "2013-03-31": "1073.00000", "2012-12-31": "1659.00000", "2012-09-30": "1901.00000", "2012-06-30": "1485.00000", "2012-03-31": "1126.00000", "2011-12-31": "1413.00000", "2011-09-30": "1999.00000", "2011-06-30": "1883.00000", "2011-03-31": "1141.00000", "2010-12-31": "1362.00000", "2010-09-30": "1922.00000", "2010-06-30": "1601.00000", "2010-03-31": "1429.00000", "2009-12-31": "1432.00000", "2009-09-30": "1716.00000", "2009-06-30": "1658.00000", "2009-03-31": "1134.00000", "2008-12-31": "716.00000", "2008-09-30": "1574.00000", "2008-06-30": "1698.00000", "2008-03-31": "1146.00000", "2007-12-31": "1257.00000", "2007-09-30": "1741.00000", "2007-06-30": "1555.00000", "2007-03-31": "1093.00000", "2006-12-31": "1823.00000", "2006-09-30": "1491.00000", "2006-06-30": "1372.00000", "2006-03-31": "945.00000", "2005-12-31": "1103.00000", "2005-09-30": "861.00000", "2005-06-30": "1189.00000", "2005-03-31": "907.00000"}, "EBITDA": {"2020-09-30": "3620.00000", "2020-06-30": "2908.00000", "2020-03-31": "2457.00000", "2019-12-31": "3497.00000", "2019-09-30": "3433.00000", "2019-06-30": "3287.00000", "2019-03-31": "2506.00000", "2018-12-31": "3194.00000", "2018-09-30": "3410.00000", "2018-06-30": "3602.00000", "2018-03-31": "2303.00000", "2017-12-31": "3335.00000", "2017-09-30": "3497.00000", "2017-06-30": "3473.00000", "2017-03-31": "2340.00000", "2016-12-31": "3157.00000", "2016-09-30": "3388.00000", "2016-06-30": "3527.00000", "2016-03-31": "2100.00000", "2015-12-31": "3012.00000", "2015-09-30": "1985.00000", "2015-06-30": "3479.00000", "2015-03-31": "2293.00000", "2014-12-31": "2862.00000", "2014-09-30": "3479.00000", "2014-06-30": "3526.00000", "2014-03-31": "2339.00000", "2013-12-31": "3246.00000", "2013-09-30": "3410.00000", "2013-06-30": "3503.00000", "2013-03-31": "2209.00000", "2012-12-31": "3065.00000", "2012-09-30": "3436.00000", "2012-06-30": "3023.00000", "2012-03-31": "2277.00000", "2011-12-31": "3107.00000", "2011-09-30": "3596.00000", "2011-06-30": "3418.00000", "2011-03-31": "2249.00000", "2010-12-31": "2978.00000", "2010-09-30": "3411.00000", "2010-06-30": "3054.00000", "2010-03-31": "1216.00000", "2009-12-31": "2586.00000", "2009-09-30": "2630.00000", "2009-06-30": "2561.00000", "2009-03-31": "1902.00000", "2008-12-31": "1708.00000", "2008-09-30": "2368.00000", "2008-06-30": "2566.00000", "2008-03-31": "1860.00000", "2007-12-31": "2220.00000", "2007-09-30": "2402.00000", "2007-06-30": "2291.00000", "2007-03-31": "1695.00000", "2006-12-31": "2055.00000", "2006-09-30": "2186.00000", "2006-06-30": "2124.00000", "2006-03-31": "1543.00000", "2005-12-31": "1913.00000", "2005-09-30": "1988.00000", "2005-06-30": "1862.00000", "2005-03-31": "1529.00000"}, "EBIT": {"2020-09-30": "3011.00000", "2020-06-30": "2319.00000", "2020-03-31": "1924.00000", "2019-12-31": "2699.00000", "2019-09-30": "2855.00000", "2019-06-30": "2729.00000", "2019-03-31": "2008.00000", "2018-12-31": "2431.00000", "2018-09-30": "2844.00000", "2018-06-30": "3028.00000", "2018-03-31": "1807.00000", "2017-12-31": "2570.00000", "2017-09-30": "2924.00000", "2017-06-30": "2919.00000", "2017-03-31": "1863.00000", "2016-12-31": "2400.00000", "2016-09-30": "2821.00000", "2016-06-30": "2964.00000", "2016-03-31": "1619.00000", "2015-12-31": "2240.00000", "2015-09-30": "1416.00000", "2015-06-30": "2900.00000", "2015-03-31": "1797.00000", "2014-12-31": "2031.00000", "2014-09-30": "2847.00000", "2014-06-30": "2896.00000", "2014-03-31": "1807.00000", "2013-12-31": "2398.00000", "2013-09-30": "2780.00000", "2013-06-30": "2869.00000", "2013-03-31": "1658.00000", "2012-12-31": "2213.00000", "2012-09-30": "2800.00000", "2012-06-30": "2377.00000", "2012-03-31": "1722.00000", "2011-12-31": "2247.00000", "2011-09-30": "2906.00000", "2011-06-30": "2754.00000", "2011-03-31": "1726.00000", "2010-12-31": "2231.00000", "2010-09-30": "2800.00000", "2010-06-30": "2461.00000", "2010-03-31": "840.00000", "2009-12-31": "2034.00000", "2009-09-30": "2232.00000", "2009-06-30": "2190.00000", "2009-03-31": "1588.00000", "2008-12-31": "1220.00000", "2008-09-30": "1991.00000", "2008-06-30": "2191.00000", "2008-03-31": "1557.00000", "2007-12-31": "1742.00000", "2007-09-30": "2062.00000", "2007-06-30": "1959.00000", "2007-03-31": "1419.00000", "2006-12-31": "1589.00000", "2006-09-30": "1856.00000", "2006-06-30": "1800.00000", "2006-03-31": "1257.00000", "2005-12-31": "1501.00000", "2005-09-30": "1680.00000", "2005-06-30": "1556.00000", "2005-03-31": "1247.00000"}, "Basic Shares Outstanding": {"2020-09-30": "1384.00000", "2020-06-30": "1387.00000", "2020-03-31": "1390.00000", "2019-12-31": "1399.00000", "2019-09-30": "1397.00000", "2019-06-30": "1401.00000", "2019-03-31": "1406.00000", "2018-12-31": "1415.00000", "2018-09-30": "1414.00000", "2018-06-30": "1417.00000", "2018-03-31": "1420.00000", "2017-12-31": "1425.00000", "2017-09-30": "1425.00000", "2017-06-30": "1428.00000", "2017-03-31": "1428.00000", "2016-12-31": "1439.00000", "2016-09-30": "1438.00000", "2016-06-30": "1443.00000", "2016-03-31": "1446.00000", "2015-12-31": "1469.00000", "2015-09-30": "1467.00000", "2015-06-30": "1476.00000", "2015-03-31": "1484.00000", "2014-12-31": "1509.00000", "2014-09-30": "1507.00000", "2014-06-30": "1515.00000", "2014-03-31": "1524.00000", "2013-12-31": "1541.00000", "2013-09-30": "1542.00000", "2013-06-30": "1548.00000", "2013-03-31": "1544.00000", "2012-12-31": "1557.00000", "2012-09-30": "1556.00000", "2012-06-30": "1563.00000", "2012-03-31": "1568.00000", "2011-12-31": "1576.00000", "2011-09-30": "1578.00000", "2011-06-30": "1583.00000", "2011-03-31": "1583.00000", "2010-12-31": "1590.00000", "2010-09-30": "1588.00000", "2010-06-30": "1608.00000", "2010-03-31": "1582.00000", "2009-12-31": "1558.00000", "2009-09-30": "1558.00000", "2009-06-30": "1557.00000", "2009-03-31": "1555.00000", "2008-12-31": "1573.00000", "2008-09-30": "1564.00000", "2008-06-30": "1582.00000", "2008-03-31": "1599.00000", "2007-12-31": "1621.00000", "2007-09-30": "1615.00000", "2007-06-30": "1628.00000", "2007-03-31": "1637.00000", "2006-12-31": "1649.00000", "2006-09-30": "1652.00000", "2006-06-30": "1652.00000", "2006-03-31": "1656.00000", "2005-12-31": "1669.00000", "2005-09-30": "1668.00000", "2005-06-30": "1676.00000", "2005-03-31": "1678.00000"}, "Shares Outstanding": {"2020-09-30": "1390.00000", "2020-06-30": "1393.00000", "2020-03-31": "1396.00000", "2019-12-31": "1407.00000", "2019-09-30": "1405.00000", "2019-06-30": "1409.00000", "2019-03-31": "1413.00000", "2018-12-31": "1425.00000", "2018-09-30": "1424.00000", "2018-06-30": "1426.00000", "2018-03-31": "1430.00000", "2017-12-31": "1438.00000", "2017-09-30": "1438.00000", "2017-06-30": "1441.00000", "2017-03-31": "1440.00000", "2016-12-31": "1452.00000", "2016-09-30": "1452.00000", "2016-06-30": "1456.00000", "2016-03-31": "1459.00000", "2015-12-31": "1485.00000", "2015-09-30": "1483.00000", "2015-06-30": "1491.00000", "2015-03-31": "1503.00000", "2014-12-31": "1527.00000", "2014-09-30": "1525.00000", "2014-06-30": "1532.00000", "2014-03-31": "1540.00000", "2013-12-31": "1560.00000", "2013-09-30": "1561.00000", "2013-06-30": "1567.00000", "2013-03-31": "1563.00000", "2012-12-31": "1575.00000", "2012-09-30": "1575.00000", "2012-06-30": "1581.00000", "2012-03-31": "1584.00000", "2011-12-31": "1597.00000", "2011-09-30": "1599.00000", "2011-06-30": "1605.00000", "2011-03-31": "1605.00000", "2010-12-31": "1614.00000", "2010-09-30": "1612.00000", "2010-06-30": "1634.00000", "2010-03-31": "1606.00000", "2009-12-31": "1577.00000", "2009-09-30": "1577.00000", "2009-06-30": "1572.00000", "2009-03-31": "1570.00000", "2008-12-31": "1602.00000", "2008-09-30": "1593.00000", "2008-06-30": "1612.00000", "2008-03-31": "1632.00000", "2007-12-31": "1658.00000", "2007-09-30": "1651.00000", "2007-06-30": "1665.00000", "2007-03-31": "1673.00000", "2006-12-31": "1687.00000", "2006-09-30": "1690.00000", "2006-06-30": "1689.00000", "2006-03-31": "1695.00000", "2005-12-31": "1706.00000", "2005-09-30": "1703.00000", "2005-06-30": "1712.00000", "2005-03-31": "1713.00000"}, "Basic EPS": {"2020-09-30": "1.66000", "2020-06-30": "1.19000", "2020-03-31": "0.96000", "2019-12-31": "1.27000", "2019-09-30": "1.50000", "2019-06-30": "1.45000", "2019-03-31": "1.01000", "2018-12-31": "4.85000", "2018-09-30": "1.77000", "2018-06-30": "1.28000", "2018-03-31": "0.94000", "2017-12-31": "-0.49000", "2017-09-30": "1.50000", "2017-06-30": "1.47000", "2017-03-31": "0.92000", "2016-12-31": "0.98000", "2016-09-30": "1.38000", "2016-06-30": "1.39000", "2016-03-31": "0.64000", "2015-12-31": "1.19000", "2015-09-30": "0.36000", "2015-06-30": "1.34000", "2015-03-31": "0.82000", "2014-12-31": "0.88000", "2014-09-30": "1.33000", "2014-06-30": "1.30000", "2014-03-31": "0.80000", "2013-12-31": "1.14000", "2013-09-30": "1.24000", "2013-06-30": "1.30000", "2013-03-31": "0.69000", "2012-12-31": "1.07000", "2012-09-30": "1.22000", "2012-06-30": "0.95000", "2012-03-31": "0.72000", "2011-12-31": "0.90000", "2011-09-30": "1.27000", "2011-06-30": "1.19000", "2011-03-31": "0.72000", "2010-12-31": "0.86000", "2010-09-30": "1.21000", "2010-06-30": "1.00000", "2010-03-31": "0.90000", "2009-12-31": "0.92000", "2009-09-30": "1.10000", "2009-06-30": "1.06000", "2009-03-31": "0.73000", "2008-12-31": "0.46000", "2008-09-30": "1.01000", "2008-06-30": "1.07000", "2008-03-31": "0.72000", "2007-12-31": "0.77000", "2007-09-30": "1.08000", "2007-06-30": "0.96000", "2007-03-31": "0.67000", "2006-12-31": "1.12000", "2006-09-30": "0.90000", "2006-06-30": "0.83000", "2006-03-31": "0.57000", "2005-12-31": "0.66000", "2005-09-30": "0.52000", "2005-06-30": "0.71000", "2005-03-31": "0.54000"}, "EPS - Earnings Per Share": {"2020-09-30": "1.65000", "2020-06-30": "1.18000", "2020-03-31": "0.96000", "2019-12-31": "1.27000", "2019-09-30": "1.49000", "2019-06-30": "1.44000", "2019-03-31": "1.00000", "2018-12-31": "4.81000", "2018-09-30": "1.75000", "2018-06-30": "1.28000", "2018-03-31": "0.94000", "2017-12-31": "-0.48000", "2017-09-30": "1.49000", "2017-06-30": "1.46000", "2017-03-31": "0.91000", "2016-12-31": "0.97000", "2016-09-30": "1.37000", "2016-06-30": "1.38000", "2016-03-31": "0.64000", "2015-12-31": "1.17000", "2015-09-30": "0.36000", "2015-06-30": "1.33000", "2015-03-31": "0.81000", "2014-12-31": "0.87000", "2014-09-30": "1.32000", "2014-06-30": "1.29000", "2014-03-31": "0.79000", "2013-12-31": "1.12000", "2013-09-30": "1.23000", "2013-06-30": "1.28000", "2013-03-31": "0.69000", "2012-12-31": "1.06000", "2012-09-30": "1.21000", "2012-06-30": "0.94000", "2012-03-31": "0.71000", "2011-12-31": "0.90000", "2011-09-30": "1.25000", "2011-06-30": "1.17000", "2011-03-31": "0.71000", "2010-12-31": "0.85000", "2010-09-30": "1.19000", "2010-06-30": "0.98000", "2010-03-31": "0.89000", "2009-12-31": "0.90000", "2009-09-30": "1.09000", "2009-06-30": "1.06000", "2009-03-31": "0.72000", "2008-12-31": "0.47000", "2008-09-30": "0.99000", "2008-06-30": "1.05000", "2008-03-31": "0.70000", "2007-12-31": "0.76000", "2007-09-30": "1.06000", "2007-06-30": "0.94000", "2007-03-31": "0.65000", "2006-12-31": "1.08000", "2006-09-30": "0.89000", "2006-06-30": "0.81000", "2006-03-31": "0.56000", "2005-12-31": "0.65000", "2005-09-30": "0.51000", "2005-06-30": "0.70000", "2005-03-31": "0.53000"}}, "balance sheet": {"Cash On Hand": {"2019-12-31": "5738.00000", "2018-12-31": "10990.00000", "2017-12-31": "19510.00000", "2016-12-31": "16125.00000", "2015-12-31": "12009.00000", "2014-12-31": "8726.00000", "2013-12-31": "9678.00000", "2012-12-31": "6619.00000", "2011-12-31": "4425.00000", "2010-12-31": "6369.00000", "2009-12-31": "4135.00000", "2008-12-31": "2277.00000", "2007-12-31": "2481.00000", "2006-12-31": "2822.00000", "2005-12-31": "4882.00000"}, "Receivables": {"2019-12-31": "7822.00000", "2018-12-31": "7142.00000", "2017-12-31": "7024.00000", "2016-12-31": "6694.00000", "2015-12-31": "6437.00000", "2014-12-31": "", "2013-12-31": "6954.00000", "2012-12-31": "7041.00000", "2011-12-31": "6912.00000", "2010-12-31": "6323.00000", "2009-12-31": "4624.00000", "2008-12-31": "4683.00000", "2007-12-31": "4389.00000", "2006-12-31": "3725.00000", "2005-12-31": "3261.00000"}, "Inventory": {"2019-12-31": "3338.00000", "2018-12-31": "3128.00000", "2017-12-31": "2947.00000", "2016-12-31": "2723.00000", "2015-12-31": "2720.00000", "2014-12-31": "3143.00000", "2013-12-31": "3409.00000", "2012-12-31": "3581.00000", "2011-12-31": "3827.00000", "2010-12-31": "3372.00000", "2009-12-31": "2618.00000", "2008-12-31": "2522.00000", "2007-12-31": "2290.00000", "2006-12-31": "1926.00000", "2005-12-31": "1693.00000"}, "Pre-Paid Expenses": {"2019-12-31": "747.00000", "2018-12-31": "633.00000", "2017-12-31": "1546.00000", "2016-12-31": "908.00000", "2015-12-31": "1865.00000", "2014-12-31": "2143.00000", "2013-12-31": "2162.00000", "2012-12-31": "1479.00000", "2011-12-31": "2277.00000", "2010-12-31": "1505.00000", "2009-12-31": "1194.00000", "2008-12-31": "1324.00000", "2007-12-31": "991.00000", "2006-12-31": "657.00000", "2005-12-31": "618.00000"}, "Other Current Assets": {"2019-12-31": "", "2018-12-31": "", "2017-12-31": "", "2016-12-31": "", "2015-12-31": "", "2014-12-31": "", "2013-12-31": "", "2012-12-31": "", "2011-12-31": "", "2010-12-31": "", "2009-12-31": "", "2008-12-31": "", "2007-12-31": "", "2006-12-31": "", "2005-12-31": ""}, "Total Current Assets": {"2019-12-31": "17645.00000", "2018-12-31": "21893.00000", "2017-12-31": "31027.00000", "2016-12-31": "26450.00000", "2015-12-31": "23031.00000", "2014-12-31": "20663.00000", "2013-12-31": "22203.00000", "2012-12-31": "18720.00000", "2011-12-31": "17441.00000", "2010-12-31": "17569.00000", "2009-12-31": "12571.00000", "2008-12-31": "10806.00000", "2007-12-31": "10151.00000", "2006-12-31": "9130.00000", "2005-12-31": "10454.00000"}, "Property, Plant, And Equipment": {"2019-12-31": "19305.00000", "2018-12-31": "17589.00000", "2017-12-31": "17240.00000", "2016-12-31": "16591.00000", "2015-12-31": "16317.00000", "2014-12-31": "17244.00000", "2013-12-31": "18575.00000", "2012-12-31": "19136.00000", "2011-12-31": "19698.00000", "2010-12-31": "19058.00000", "2009-12-31": "12671.00000", "2008-12-31": "11663.00000", "2007-12-31": "11228.00000", "2006-12-31": "9687.00000", "2005-12-31": "8681.00000"}, "Long-Term Investments": {"2019-12-31": "2683.00000", "2018-12-31": "2409.00000", "2017-12-31": "2042.00000", "2016-12-31": "1950.00000", "2015-12-31": "2311.00000", "2014-12-31": "2689.00000", "2013-12-31": "2623.00000", "2012-12-31": "1633.00000", "2011-12-31": "1477.00000", "2010-12-31": "1368.00000", "2009-12-31": "4484.00000", "2008-12-31": "3883.00000", "2007-12-31": "4354.00000", "2006-12-31": "3690.00000", "2005-12-31": "3485.00000"}, "Goodwill And Intangible Assets": {"2019-12-31": "31544.00000", "2018-12-31": "30633.00000", "2017-12-31": "28582.00000", "2016-12-31": "27863.00000", "2015-12-31": "27258.00000", "2014-12-31": "29053.00000", "2013-12-31": "32652.00000", "2012-12-31": "33496.00000", "2011-12-31": "33245.00000", "2010-12-31": "28469.00000", "2009-12-31": "9157.00000", "2008-12-31": "6984.00000", "2007-12-31": "7213.00000", "2006-12-31": "6443.00000", "2005-12-31": "5704.00000"}, "Other Long-Term Assets": {"2019-12-31": "3011.00000", "2018-12-31": "760.00000", "2017-12-31": "913.00000", "2016-12-31": "636.00000", "2015-12-31": "750.00000", "2014-12-31": "860.00000", "2013-12-31": "1425.00000", "2012-12-31": "1653.00000", "2011-12-31": "1021.00000", "2010-12-31": "1689.00000", "2009-12-31": "965.00000", "2008-12-31": "2658.00000", "2007-12-31": "1682.00000", "2006-12-31": "980.00000", "2005-12-31": "3403.00000"}, "Total Long-Term Assets": {"2019-12-31": "60902.00000", "2018-12-31": "55755.00000", "2017-12-31": "48777.00000", "2016-12-31": "47040.00000", "2015-12-31": "46636.00000", "2014-12-31": "49846.00000", "2013-12-31": "55275.00000", "2012-12-31": "55918.00000", "2011-12-31": "55441.00000", "2010-12-31": "50584.00000", "2009-12-31": "27277.00000", "2008-12-31": "25188.00000", "2007-12-31": "24477.00000", "2006-12-31": "20800.00000", "2005-12-31": "21273.00000"}, "Total Assets": {"2019-12-31": "78547.00000", "2018-12-31": "77648.00000", "2017-12-31": "79804.00000", "2016-12-31": "73490.00000", "2015-12-31": "69667.00000", "2014-12-31": "70509.00000", "2013-12-31": "77478.00000", "2012-12-31": "74638.00000", "2011-12-31": "72882.00000", "2010-12-31": "68153.00000", "2009-12-31": "39848.00000", "2008-12-31": "35994.00000", "2007-12-31": "34628.00000", "2006-12-31": "29930.00000", "2005-12-31": "31727.00000"}, "Total Current Liabilities": {"2019-12-31": "20461.00000", "2018-12-31": "22138.00000", "2017-12-31": "20502.00000", "2016-12-31": "21135.00000", "2015-12-31": "17578.00000", "2014-12-31": "18092.00000", "2013-12-31": "17839.00000", "2012-12-31": "17089.00000", "2011-12-31": "18154.00000", "2010-12-31": "15892.00000", "2009-12-31": "8756.00000", "2008-12-31": "8787.00000", "2007-12-31": "7753.00000", "2006-12-31": "6860.00000", "2005-12-31": "9406.00000"}, "Long Term Debt": {"2019-12-31": "29148.00000", "2018-12-31": "28295.00000", "2017-12-31": "33796.00000", "2016-12-31": "30053.00000", "2015-12-31": "29213.00000", "2014-12-31": "23821.00000", "2013-12-31": "24333.00000", "2012-12-31": "23544.00000", "2011-12-31": "20568.00000", "2010-12-31": "19999.00000", "2009-12-31": "7400.00000", "2008-12-31": "7858.00000", "2007-12-31": "4203.00000", "2006-12-31": "2550.00000", "2005-12-31": "2313.00000"}, "Other Non-Current Liabilities": {"2019-12-31": "9979.00000", "2018-12-31": "9114.00000", "2017-12-31": "11283.00000", "2016-12-31": "6669.00000", "2015-12-31": "5887.00000", "2014-12-31": "5744.00000", "2013-12-31": "4931.00000", "2012-12-31": "6543.00000", "2011-12-31": "8266.00000", "2010-12-31": "6729.00000", "2009-12-31": "5591.00000", "2008-12-31": "6541.00000", "2007-12-31": "4792.00000", "2006-12-31": "4624.00000", "2005-12-31": "4323.00000"}, "Total Long Term Liabilities": {"2019-12-31": "43218.00000", "2018-12-31": "40908.00000", "2017-12-31": "48321.00000", "2016-12-31": "41156.00000", "2015-12-31": "40059.00000", "2014-12-31": "34869.00000", "2013-12-31": "35250.00000", "2012-12-31": "35150.00000", "2011-12-31": "33829.00000", "2010-12-31": "30785.00000", "2009-12-31": "13650.00000", "2008-12-31": "14625.00000", "2007-12-31": "9641.00000", "2006-12-31": "7702.00000", "2005-12-31": "8070.00000"}, "Total Liabilities": {"2019-12-31": "63679.00000", "2018-12-31": "63046.00000", "2017-12-31": "68823.00000", "2016-12-31": "62291.00000", "2015-12-31": "57637.00000", "2014-12-31": "52961.00000", "2013-12-31": "53089.00000", "2012-12-31": "52239.00000", "2011-12-31": "51983.00000", "2010-12-31": "46677.00000", "2009-12-31": "22406.00000", "2008-12-31": "23412.00000", "2007-12-31": "17394.00000", "2006-12-31": "14562.00000", "2005-12-31": "17476.00000"}, "Common Stock Net": {"2019-12-31": "23.00000", "2018-12-31": "23.00000", "2017-12-31": "24.00000", "2016-12-31": "24.00000", "2015-12-31": "24.00000", "2014-12-31": "25.00000", "2013-12-31": "25.00000", "2012-12-31": "26.00000", "2011-12-31": "26.00000", "2010-12-31": "31.00000", "2009-12-31": "30.00000", "2008-12-31": "30.00000", "2007-12-31": "30.00000", "2006-12-31": "30.00000", "2005-12-31": "30.00000"}, "Retained Earnings (Accumulated Deficit)": {"2019-12-31": "61946.00000", "2018-12-31": "59947.00000", "2017-12-31": "52839.00000", "2016-12-31": "52518.00000", "2015-12-31": "50472.00000", "2014-12-31": "49092.00000", "2013-12-31": "46420.00000", "2012-12-31": "43158.00000", "2011-12-31": "40316.00000", "2010-12-31": "37090.00000", "2009-12-31": "33805.00000", "2008-12-31": "30638.00000", "2007-12-31": "28184.00000", "2006-12-31": "24837.00000", "2005-12-31": "21116.00000"}, "Comprehensive Income": {"2019-12-31": "-14300.00000", "2018-12-31": "-15119.00000", "2017-12-31": "-13057.00000", "2016-12-31": "-13919.00000", "2015-12-31": "-13319.00000", "2014-12-31": "-10669.00000", "2013-12-31": "-5127.00000", "2012-12-31": "-5487.00000", "2011-12-31": "-6229.00000", "2010-12-31": "-3630.00000", "2009-12-31": "-3794.00000", "2008-12-31": "-4694.00000", "2007-12-31": "-952.00000", "2006-12-31": "-2246.00000", "2005-12-31": "-1053.00000"}, "Other Share Holders Equity": {"2019-12-31": "", "2018-12-31": "", "2017-12-31": "", "2016-12-31": "", "2015-12-31": "", "2014-12-31": "", "2013-12-31": "", "2012-12-31": "", "2011-12-31": "", "2010-12-31": "", "2009-12-31": "", "2008-12-31": "", "2007-12-31": "", "2006-12-31": "", "2005-12-31": ""}, "Share Holder Equity": {"2019-12-31": "14868.00000", "2018-12-31": "14602.00000", "2017-12-31": "10981.00000", "2016-12-31": "11199.00000", "2015-12-31": "12030.00000", "2014-12-31": "17548.00000", "2013-12-31": "24389.00000", "2012-12-31": "22399.00000", "2011-12-31": "20899.00000", "2010-12-31": "21476.00000", "2009-12-31": "17442.00000", "2008-12-31": "12582.00000", "2007-12-31": "17234.00000", "2006-12-31": "15368.00000", "2005-12-31": "14251.00000"}, "Total Liabilities And Share Holders Equity": {"2019-12-31": "78547.00000", "2018-12-31": "77648.00000", "2017-12-31": "79804.00000", "2016-12-31": "73490.00000", "2015-12-31": "69667.00000", "2014-12-31": "70509.00000", "2013-12-31": "77478.00000", "2012-12-31": "74638.00000", "2011-12-31": "72882.00000", "2010-12-31": "68153.00000", "2009-12-31": "39848.00000", "2008-12-31": "35994.00000", "2007-12-31": "34628.00000", "2006-12-31": "29930.00000", "2005-12-31": "31727.00000"}}, "balance sheet, quarterly": {"Cash On Hand": {"2020-09-30": "9705.00000", "2020-06-30": "9123.00000", "2020-03-31": "11247.00000", "2019-12-31": "5738.00000", "2019-09-30": "5908.00000", "2019-06-30": "3734.00000", "2019-03-31": "5551.00000", "2018-12-31": "10990.00000", "2018-09-30": "13898.00000", "2018-06-30": "18129.00000", "2018-03-31": "20610.00000", "2017-12-31": "19510.00000", "2017-09-30": "18278.00000", "2017-06-30": "17160.00000", "2017-03-31": "15989.00000", "2016-12-31": "16125.00000", "2016-09-30": "14780.00000", "2016-06-30": "13379.00000", "2016-03-31": "12144.00000", "2015-12-31": "12009.00000", "2015-09-30": "10679.00000", "2015-06-30": "9579.00000", "2015-03-31": "8495.00000", "2014-12-31": "8726.00000", "2014-09-30": "12906.00000", "2014-06-30": "11299.00000", "2014-03-31": "10086.00000", "2013-12-31": "9678.00000", "2013-09-30": "9559.00000", "2013-06-30": "8139.00000", "2013-03-31": "7011.00000", "2012-12-31": "6619.00000", "2012-09-30": "5711.00000", "2012-06-30": "4193.00000", "2012-03-31": "3813.00000", "2011-12-31": "4425.00000", "2011-09-30": "3535.00000", "2011-06-30": "3344.00000", "2011-03-31": "4029.00000", "2010-12-31": "6369.00000", "2010-09-30": "5809.00000", "2010-06-30": "4754.00000", "2010-03-31": "4147.00000", "2009-12-31": "4135.00000", "2009-09-30": "3460.00000", "2009-06-30": "2424.00000", "2009-03-31": "2387.00000", "2008-12-31": "2277.00000", "2008-09-30": "1859.00000", "2008-06-30": "2073.00000", "2008-03-31": "2597.00000", "2007-12-31": "2481.00000", "2007-09-30": "2238.00000", "2007-06-30": "1862.00000", "2007-03-31": "1737.00000", "2006-12-31": "2822.00000", "2006-09-30": "3400.00000", "2006-06-30": "2678.00000", "2006-03-31": "3329.00000", "2005-12-31": "4882.00000", "2005-09-30": "4872.00000", "2005-06-30": "3923.00000", "2005-03-31": "3373.00000"}, "Receivables": {"2020-09-30": "9295.00000", "2020-06-30": "8780.00000", "2020-03-31": "8477.00000", "2019-12-31": "7822.00000", "2019-09-30": "8735.00000", "2019-06-30": "8502.00000", "2019-03-31": "7604.00000", "2018-12-31": "7142.00000", "2018-09-30": "7975.00000", "2018-06-30": "7841.00000", "2018-03-31": "7171.00000", "2017-12-31": "7024.00000", "2017-09-30": "7923.00000", "2017-06-30": "7543.00000", "2017-03-31": "6848.00000", "2016-12-31": "6694.00000", "2016-09-30": "7745.00000", "2016-06-30": "7495.00000", "2016-03-31": "6707.00000", "2015-12-31": "6437.00000", "2015-09-30": "7666.00000", "2015-06-30": "7826.00000", "2015-03-31": "6963.00000", "2014-12-31": "", "2014-09-30": "8376.00000", "2014-06-30": "8470.00000", "2014-03-31": "7262.00000", "2013-12-31": "6954.00000", "2013-09-30": "8088.00000", "2013-06-30": "7981.00000", "2013-03-31": "7234.00000", "2012-12-31": "7041.00000", "2012-09-30": "7998.00000", "2012-06-30": "7721.00000", "2012-03-31": "7158.00000", "2011-12-31": "6912.00000", "2011-09-30": "8330.00000", "2011-06-30": "8283.00000", "2011-03-31": "6937.00000", "2010-12-31": "6323.00000", "2010-09-30": "7245.00000", "2010-06-30": "6880.00000", "2010-03-31": "6204.00000", "2009-12-31": "4624.00000", "2009-09-30": "5216.00000", "2009-06-30": "5223.00000", "2009-03-31": "4601.00000", "2008-12-31": "4683.00000", "2008-09-30": "5752.00000", "2008-06-30": "5617.00000", "2008-03-31": "4813.00000", "2007-12-31": "4389.00000", "2007-09-30": "4764.00000", "2007-06-30": "4669.00000", "2007-03-31": "4123.00000", "2006-12-31": "3725.00000", "2006-09-30": "4154.00000", "2006-06-30": "4104.00000", "2006-03-31": "3634.00000", "2005-12-31": "3261.00000", "2005-09-30": "3757.00000", "2005-06-30": "3504.00000", "2005-03-31": "3217.00000"}, "Inventory": {"2020-09-30": "4135.00000", "2020-06-30": "4314.00000", "2020-03-31": "3600.00000", "2019-12-31": "3338.00000", "2019-09-30": "3667.00000", "2019-06-30": "3988.00000", "2019-03-31": "3554.00000", "2018-12-31": "3128.00000", "2018-09-30": "3142.00000", "2018-06-30": "3491.00000", "2018-03-31": "3335.00000", "2017-12-31": "2947.00000", "2017-09-30": "3251.00000", "2017-06-30": "3612.00000", "2017-03-31": "3282.00000", "2016-12-31": "2723.00000", "2016-09-30": "3120.00000", "2016-06-30": "3487.00000", "2016-03-31": "3219.00000", "2015-12-31": "2720.00000", "2015-09-30": "3124.00000", "2015-06-30": "3931.00000", "2015-03-31": "3462.00000", "2014-12-31": "3143.00000", "2014-09-30": "3784.00000", "2014-06-30": "4194.00000", "2014-03-31": "3748.00000", "2013-12-31": "3409.00000", "2013-09-30": "3738.00000", "2013-06-30": "4131.00000", "2013-03-31": "3920.00000", "2012-12-31": "3581.00000", "2012-09-30": "3905.00000", "2012-06-30": "4274.00000", "2012-03-31": "4214.00000", "2011-12-31": "3827.00000", "2011-09-30": "4205.00000", "2011-06-30": "4539.00000", "2011-03-31": "3831.00000", "2010-12-31": "3372.00000", "2010-09-30": "3359.00000", "2010-06-30": "3530.00000", "2010-03-31": "3283.00000", "2009-12-31": "2618.00000", "2009-09-30": "2716.00000", "2009-06-30": "2952.00000", "2009-03-31": "2580.00000", "2008-12-31": "2522.00000", "2008-09-30": "2804.00000", "2008-06-30": "2935.00000", "2008-03-31": "2492.00000", "2007-12-31": "2290.00000", "2007-09-30": "2283.00000", "2007-06-30": "2510.00000", "2007-03-31": "2074.00000", "2006-12-31": "1926.00000", "2006-09-30": "1962.00000", "2006-06-30": "2100.00000", "2006-03-31": "1881.00000", "2005-12-31": "1693.00000", "2005-09-30": "1664.00000", "2005-06-30": "1822.00000", "2005-03-31": "1638.00000"}, "Pre-Paid Expenses": {"2020-09-30": "925.00000", "2020-06-30": "972.00000", "2020-03-31": "944.00000", "2019-12-31": "747.00000", "2019-09-30": "888.00000", "2019-06-30": "988.00000", "2019-03-31": "1208.00000", "2018-12-31": "633.00000", "2018-09-30": "827.00000", "2018-06-30": "909.00000", "2018-03-31": "1931.00000", "2017-12-31": "1546.00000", "2017-09-30": "745.00000", "2017-06-30": "933.00000", "2017-03-31": "1031.00000", "2016-12-31": "908.00000", "2016-09-30": "1454.00000", "2016-06-30": "1517.00000", "2016-03-31": "1896.00000", "2015-12-31": "1865.00000", "2015-09-30": "1345.00000", "2015-06-30": "1733.00000", "2015-03-31": "2002.00000", "2014-12-31": "2143.00000", "2014-09-30": "1524.00000", "2014-06-30": "1832.00000", "2014-03-31": "2189.00000", "2013-12-31": "2162.00000", "2013-09-30": "1546.00000", "2013-06-30": "1712.00000", "2013-03-31": "1745.00000", "2012-12-31": "1479.00000", "2012-09-30": "1656.00000", "2012-06-30": "1845.00000", "2012-03-31": "2393.00000", "2011-12-31": "2277.00000", "2011-09-30": "1764.00000", "2011-06-30": "1751.00000", "2011-03-31": "1715.00000", "2010-12-31": "1505.00000", "2010-09-30": "1488.00000", "2010-06-30": "1579.00000", "2010-03-31": "1631.00000", "2009-12-31": "1194.00000", "2009-09-30": "1024.00000", "2009-06-30": "1031.00000", "2009-03-31": "1291.00000", "2008-12-31": "1324.00000", "2008-09-30": "939.00000", "2008-06-30": "1026.00000", "2008-03-31": "1163.00000", "2007-12-31": "991.00000", "2007-09-30": "662.00000", "2007-06-30": "747.00000", "2007-03-31": "757.00000", "2006-12-31": "657.00000", "2006-09-30": "623.00000", "2006-06-30": "648.00000", "2006-03-31": "658.00000", "2005-12-31": "618.00000", "2005-09-30": "498.00000", "2005-06-30": "661.00000", "2005-03-31": "648.00000"}, "Other Current Assets": {"2020-09-30": "", "2020-06-30": "", "2020-03-31": "", "2019-12-31": "", "2019-09-30": "", "2019-06-30": "", "2019-03-31": "", "2018-12-31": "", "2018-09-30": "", "2018-06-30": "", "2018-03-31": "", "2017-12-31": "", "2017-09-30": "", "2017-06-30": "", "2017-03-31": "", "2016-12-31": "", "2016-09-30": "", "2016-06-30": "", "2016-03-31": "", "2015-12-31": "", "2015-09-30": "", "2015-06-30": "", "2015-03-31": "", "2014-12-31": "", "2014-09-30": "", "2014-06-30": "", "2014-03-31": "", "2013-12-31": "", "2013-09-30": "", "2013-06-30": "", "2013-03-31": "", "2012-12-31": "", "2012-09-30": "", "2012-06-30": "", "2012-03-31": "", "2011-12-31": "", "2011-09-30": "", "2011-06-30": "", "2011-03-31": "", "2010-12-31": "", "2010-09-30": "", "2010-06-30": "", "2010-03-31": "", "2009-12-31": "", "2009-09-30": "", "2009-06-30": "", "2009-03-31": "", "2008-12-31": "", "2008-09-30": "", "2008-06-30": "", "2008-03-31": "", "2007-12-31": "", "2007-09-30": "", "2007-06-30": "", "2007-03-31": "", "2006-12-31": "", "2006-09-30": "", "2006-06-30": "", "2006-03-31": "", "2005-12-31": "", "2005-09-30": "", "2005-06-30": "", "2005-03-31": ""}, "Total Current Assets": {"2020-09-30": "24060.00000", "2020-06-30": "23189.00000", "2020-03-31": "24268.00000", "2019-12-31": "17645.00000", "2019-09-30": "19198.00000", "2019-06-30": "17212.00000", "2019-03-31": "17917.00000", "2018-12-31": "21893.00000", "2018-09-30": "25842.00000", "2018-06-30": "30370.00000", "2018-03-31": "33047.00000", "2017-12-31": "31027.00000", "2017-09-30": "30197.00000", "2017-06-30": "29248.00000", "2017-03-31": "27150.00000", "2016-12-31": "26450.00000", "2016-09-30": "27099.00000", "2016-06-30": "25878.00000", "2016-03-31": "23966.00000", "2015-12-31": "23031.00000", "2015-09-30": "22814.00000", "2015-06-30": "23069.00000", "2015-03-31": "20922.00000", "2014-12-31": "20663.00000", "2014-09-30": "26590.00000", "2014-06-30": "25795.00000", "2014-03-31": "23285.00000", "2013-12-31": "22203.00000", "2013-09-30": "22931.00000", "2013-06-30": "21963.00000", "2013-03-31": "19910.00000", "2012-12-31": "18720.00000", "2012-09-30": "19270.00000", "2012-06-30": "18033.00000", "2012-03-31": "17578.00000", "2011-12-31": "17441.00000", "2011-09-30": "17834.00000", "2011-06-30": "17917.00000", "2011-03-31": "16512.00000", "2010-12-31": "17569.00000", "2010-09-30": "17901.00000", "2010-06-30": "16743.00000", "2010-03-31": "15265.00000", "2009-12-31": "12571.00000", "2009-09-30": "12416.00000", "2009-06-30": "11630.00000", "2009-03-31": "10859.00000", "2008-12-31": "10806.00000", "2008-09-30": "11354.00000", "2008-06-30": "11651.00000", "2008-03-31": "11065.00000", "2007-12-31": "10151.00000", "2007-09-30": "9947.00000", "2007-06-30": "9788.00000", "2007-03-31": "8691.00000", "2006-12-31": "9130.00000", "2006-09-30": "10139.00000", "2006-06-30": "9530.00000", "2006-03-31": "9502.00000", "2005-12-31": "10454.00000", "2005-09-30": "10791.00000", "2005-06-30": "9910.00000", "2005-03-31": "8876.00000"}, "Property, Plant, And Equipment": {"2020-09-30": "19726.00000", "2020-06-30": "19187.00000", "2020-03-31": "18980.00000", "2019-12-31": "19305.00000", "2019-09-30": "17586.00000", "2019-06-30": "17442.00000", "2019-03-31": "17550.00000", "2018-12-31": "17589.00000", "2018-09-30": "16541.00000", "2018-06-30": "16762.00000", "2018-03-31": "17141.00000", "2017-12-31": "17240.00000", "2017-09-30": "16960.00000", "2017-06-30": "16742.00000", "2017-03-31": "16649.00000", "2016-12-31": "16591.00000", "2016-09-30": "16305.00000", "2016-06-30": "16219.00000", "2016-03-31": "16105.00000", "2015-12-31": "16317.00000", "2015-09-30": "16131.00000", "2015-06-30": "16736.00000", "2015-03-31": "16678.00000", "2014-12-31": "17244.00000", "2014-09-30": "17929.00000", "2014-06-30": "18174.00000", "2014-03-31": "18129.00000", "2013-12-31": "18575.00000", "2013-09-30": "18072.00000", "2013-06-30": "18390.00000", "2013-03-31": "18844.00000", "2012-12-31": "19136.00000", "2012-09-30": "18530.00000", "2012-06-30": "18514.00000", "2012-03-31": "20005.00000", "2011-12-31": "19698.00000", "2011-09-30": "20737.00000", "2011-06-30": "20854.00000", "2011-03-31": "20329.00000", "2010-12-31": "19058.00000", "2010-09-30": "18534.00000", "2010-06-30": "18396.00000", "2010-03-31": "18850.00000", "2009-12-31": "12671.00000", "2009-09-30": "12033.00000", "2009-06-30": "11848.00000", "2009-03-31": "11306.00000", "2008-12-31": "11663.00000", "2008-09-30": "11992.00000", "2008-06-30": "11600.00000", "2008-03-31": "11263.00000", "2007-12-31": "11228.00000", "2007-09-30": "10397.00000", "2007-06-30": "10077.00000", "2007-03-31": "9731.00000", "2006-12-31": "9687.00000", "2006-09-30": "9111.00000", "2006-06-30": "8937.00000", "2006-03-31": "8754.00000", "2005-12-31": "8681.00000", "2005-09-30": "8163.00000", "2005-06-30": "8056.00000", "2005-03-31": "8093.00000"}, "Long-Term Investments": {"2020-09-30": "2752.00000", "2020-06-30": "2715.00000", "2020-03-31": "2719.00000", "2019-12-31": "2683.00000", "2019-09-30": "2690.00000", "2019-06-30": "2510.00000", "2019-03-31": "2476.00000", "2018-12-31": "2409.00000", "2018-09-30": "2394.00000", "2018-06-30": "2401.00000", "2018-03-31": "2115.00000", "2017-12-31": "2042.00000", "2017-09-30": "1950.00000", "2017-06-30": "1962.00000", "2017-03-31": "2003.00000", "2016-12-31": "1950.00000", "2016-09-30": "1975.00000", "2016-06-30": "2002.00000", "2016-03-31": "1935.00000", "2015-12-31": "2311.00000", "2015-09-30": "2285.00000", "2015-06-30": "2626.00000", "2015-03-31": "2626.00000", "2014-12-31": "2689.00000", "2014-09-30": "1946.00000", "2014-06-30": "1902.00000", "2014-03-31": "1890.00000", "2013-12-31": "2623.00000", "2013-09-30": "1823.00000", "2013-06-30": "1839.00000", "2013-03-31": "1676.00000", "2012-12-31": "1633.00000", "2012-09-30": "1585.00000", "2012-06-30": "1562.00000", "2012-03-31": "1515.00000", "2011-12-31": "1477.00000", "2011-09-30": "1500.00000", "2011-06-30": "1449.00000", "2011-03-31": "1408.00000", "2010-12-31": "1368.00000", "2010-09-30": "1401.00000", "2010-06-30": "1373.00000", "2010-03-31": "1381.00000", "2009-12-31": "4484.00000", "2009-09-30": "4339.00000", "2009-06-30": "4076.00000", "2009-03-31": "3782.00000", "2008-12-31": "3883.00000", "2008-09-30": "4611.00000", "2008-06-30": "4519.00000", "2008-03-31": "4370.00000", "2007-12-31": "4354.00000", "2007-09-30": "3997.00000", "2007-06-30": "3653.00000", "2007-03-31": "3676.00000", "2006-12-31": "3690.00000", "2006-09-30": "3626.00000", "2006-06-30": "3509.00000", "2006-03-31": "3506.00000", "2005-12-31": "3485.00000", "2005-09-30": "3450.00000", "2005-06-30": "3305.00000", "2005-03-31": "3294.00000"}, "Goodwill And Intangible Assets": {"2020-09-30": "37789.00000", "2020-06-30": "36840.00000", "2020-03-31": "31444.00000", "2019-12-31": "31544.00000", "2019-09-30": "31150.00000", "2019-06-30": "31213.00000", "2019-03-31": "30920.00000", "2018-12-31": "30633.00000", "2018-09-30": "27798.00000", "2018-06-30": "28221.00000", "2018-03-31": "28638.00000", "2017-12-31": "28582.00000", "2017-09-30": "28585.00000", "2017-06-30": "28383.00000", "2017-03-31": "28181.00000", "2016-12-31": "27863.00000", "2016-09-30": "27675.00000", "2016-06-30": "27745.00000", "2016-03-31": "27181.00000", "2015-12-31": "27258.00000", "2015-09-30": "27800.00000", "2015-06-30": "28943.00000", "2015-03-31": "28439.00000", "2014-12-31": "29053.00000", "2014-09-30": "31725.00000", "2014-06-30": "32247.00000", "2014-03-31": "31956.00000", "2013-12-31": "32652.00000", "2013-09-30": "32496.00000", "2013-06-30": "32893.00000", "2013-03-31": "33319.00000", "2012-12-31": "33496.00000", "2012-09-30": "33011.00000", "2012-06-30": "32664.00000", "2012-03-31": "34261.00000", "2011-12-31": "33245.00000", "2011-09-30": "34131.00000", "2011-06-30": "34327.00000", "2011-03-31": "33719.00000", "2010-12-31": "28469.00000", "2010-09-30": "27667.00000", "2010-06-30": "27481.00000", "2010-03-31": "27506.00000", "2009-12-31": "9157.00000", "2009-09-30": "8896.00000", "2009-06-30": "7223.00000", "2009-03-31": "6780.00000", "2008-12-31": "6984.00000", "2008-09-30": "7486.00000", "2008-06-30": "7733.00000", "2008-03-31": "7257.00000", "2007-12-31": "7213.00000", "2007-09-30": "6703.00000", "2007-06-30": "6694.00000", "2007-03-31": "6436.00000", "2006-12-31": "6443.00000", "2006-09-30": "6250.00000", "2006-06-30": "5975.00000", "2006-03-31": "5701.00000", "2005-12-31": "5704.00000", "2005-09-30": "5321.00000", "2005-06-30": "5324.00000", "2005-03-31": "5455.00000"}, "Other Long-Term Assets": {"2020-09-30": "3357.00000", "2020-06-30": "3243.00000", "2020-03-31": "3294.00000", "2019-12-31": "3011.00000", "2019-09-30": "2480.00000", "2019-06-30": "2354.00000", "2019-03-31": "2242.00000", "2018-12-31": "760.00000", "2018-09-30": "1057.00000", "2018-06-30": "977.00000", "2018-03-31": "946.00000", "2017-12-31": "913.00000", "2017-09-30": "771.00000", "2017-06-30": "608.00000", "2017-03-31": "639.00000", "2016-12-31": "636.00000", "2016-09-30": "843.00000", "2016-06-30": "867.00000", "2016-03-31": "832.00000", "2015-12-31": "750.00000", "2015-09-30": "872.00000", "2015-06-30": "888.00000", "2015-03-31": "960.00000", "2014-12-31": "860.00000", "2014-09-30": "2276.00000", "2014-06-30": "2315.00000", "2014-03-31": "2233.00000", "2013-12-31": "1425.00000", "2013-09-30": "1492.00000", "2013-06-30": "1568.00000", "2013-03-31": "1606.00000", "2012-12-31": "1653.00000", "2012-09-30": "1621.00000", "2012-06-30": "1617.00000", "2012-03-31": "1032.00000", "2011-12-31": "1021.00000", "2011-09-30": "1176.00000", "2011-06-30": "1133.00000", "2011-03-31": "1117.00000", "2010-12-31": "1689.00000", "2010-09-30": "1199.00000", "2010-06-30": "1081.00000", "2010-03-31": "1142.00000", "2009-12-31": "965.00000", "2009-09-30": "936.00000", "2009-06-30": "2273.00000", "2009-03-31": "2293.00000", "2008-12-31": "2658.00000", "2008-09-30": "3015.00000", "2008-06-30": "1276.00000", "2008-03-31": "1744.00000", "2007-12-31": "1682.00000", "2007-09-30": "1364.00000", "2007-06-30": "1713.00000", "2007-03-31": "1296.00000", "2006-12-31": "980.00000", "2006-09-30": "3140.00000", "2006-06-30": "3475.00000", "2006-03-31": "3531.00000", "2005-12-31": "3403.00000", "2005-09-30": "3173.00000", "2005-06-30": "3089.00000", "2005-03-31": "2953.00000"}, "Total Long-Term Assets": {"2020-09-30": "67981.00000", "2020-06-30": "66336.00000", "2020-03-31": "60794.00000", "2019-12-31": "60902.00000", "2019-09-30": "58246.00000", "2019-06-30": "57872.00000", "2019-03-31": "57549.00000", "2018-12-31": "55755.00000", "2018-09-30": "47790.00000", "2018-06-30": "48361.00000", "2018-03-31": "48840.00000", "2017-12-31": "48777.00000", "2017-09-30": "48266.00000", "2017-06-30": "47695.00000", "2017-03-31": "47472.00000", "2016-12-31": "47040.00000", "2016-09-30": "46798.00000", "2016-06-30": "46833.00000", "2016-03-31": "46053.00000", "2015-12-31": "46636.00000", "2015-09-30": "47088.00000", "2015-06-30": "49193.00000", "2015-03-31": "48703.00000", "2014-12-31": "49846.00000", "2014-09-30": "53876.00000", "2014-06-30": "54638.00000", "2014-03-31": "54208.00000", "2013-12-31": "55275.00000", "2013-09-30": "53883.00000", "2013-06-30": "54690.00000", "2013-03-31": "55445.00000", "2012-12-31": "55918.00000", "2012-09-30": "54747.00000", "2012-06-30": "54357.00000", "2012-03-31": "56813.00000", "2011-12-31": "55441.00000", "2011-09-30": "57544.00000", "2011-06-30": "57763.00000", "2011-03-31": "56573.00000", "2010-12-31": "50584.00000", "2010-09-30": "48801.00000", "2010-06-30": "48331.00000", "2010-03-31": "48879.00000", "2009-12-31": "27277.00000", "2009-09-30": "26204.00000", "2009-06-30": "25420.00000", "2009-03-31": "24161.00000", "2008-12-31": "25188.00000", "2008-09-30": "27104.00000", "2008-06-30": "25128.00000", "2008-03-31": "24634.00000", "2007-12-31": "24477.00000", "2007-09-30": "22461.00000", "2007-06-30": "22137.00000", "2007-03-31": "21139.00000", "2006-12-31": "20800.00000", "2006-09-30": "22127.00000", "2006-06-30": "21896.00000", "2006-03-31": "21492.00000", "2005-12-31": "21273.00000", "2005-09-30": "20107.00000", "2005-06-30": "19774.00000", "2005-03-31": "19795.00000"}, "Total Assets": {"2020-09-30": "92041.00000", "2020-06-30": "89525.00000", "2020-03-31": "85062.00000", "2019-12-31": "78547.00000", "2019-09-30": "77444.00000", "2019-06-30": "75084.00000", "2019-03-31": "75466.00000", "2018-12-31": "77648.00000", "2018-09-30": "73632.00000", "2018-06-30": "78731.00000", "2018-03-31": "81887.00000", "2017-12-31": "79804.00000", "2017-09-30": "78463.00000", "2017-06-30": "76943.00000", "2017-03-31": "74622.00000", "2016-12-31": "73490.00000", "2016-09-30": "73897.00000", "2016-06-30": "72711.00000", "2016-03-31": "70019.00000", "2015-12-31": "69667.00000", "2015-09-30": "69902.00000", "2015-06-30": "72262.00000", "2015-03-31": "69625.00000", "2014-12-31": "70509.00000", "2014-09-30": "80466.00000", "2014-06-30": "80433.00000", "2014-03-31": "77493.00000", "2013-12-31": "77478.00000", "2013-09-30": "76814.00000", "2013-06-30": "76653.00000", "2013-03-31": "75355.00000", "2012-12-31": "74638.00000", "2012-09-30": "74017.00000", "2012-06-30": "72390.00000", "2012-03-31": "74391.00000", "2011-12-31": "72882.00000", "2011-09-30": "75378.00000", "2011-06-30": "75680.00000", "2011-03-31": "73085.00000", "2010-12-31": "68153.00000", "2010-09-30": "66702.00000", "2010-06-30": "65074.00000", "2010-03-31": "64144.00000", "2009-12-31": "39848.00000", "2009-09-30": "38620.00000", "2009-06-30": "37050.00000", "2009-03-31": "35020.00000", "2008-12-31": "35994.00000", "2008-09-30": "38458.00000", "2008-06-30": "36779.00000", "2008-03-31": "35699.00000", "2007-12-31": "34628.00000", "2007-09-30": "32408.00000", "2007-06-30": "31925.00000", "2007-03-31": "29830.00000", "2006-12-31": "29930.00000", "2006-09-30": "32266.00000", "2006-06-30": "31426.00000", "2006-03-31": "30994.00000", "2005-12-31": "31727.00000", "2005-09-30": "30898.00000", "2005-06-30": "29684.00000", "2005-03-31": "28671.00000"}, "Total Current Liabilities": {"2020-09-30": "26009.00000", "2020-06-30": "23827.00000", "2020-03-31": "22078.00000", "2019-12-31": "20461.00000", "2019-09-30": "20131.00000", "2019-06-30": "19928.00000", "2019-03-31": "19090.00000", "2018-12-31": "22138.00000", "2018-09-30": "19704.00000", "2018-06-30": "24558.00000", "2018-03-31": "25885.00000", "2017-12-31": "20502.00000", "2017-09-30": "22358.00000", "2017-06-30": "22113.00000", "2017-03-31": "21644.00000", "2016-12-31": "21135.00000", "2016-09-30": "20589.00000", "2016-06-30": "18459.00000", "2016-03-31": "16842.00000", "2015-12-31": "17578.00000", "2015-09-30": "19071.00000", "2015-06-30": "21546.00000", "2015-03-31": "20127.00000", "2014-12-31": "18092.00000", "2014-09-30": "22844.00000", "2014-06-30": "20228.00000", "2014-03-31": "19457.00000", "2013-12-31": "17839.00000", "2013-09-30": "18468.00000", "2013-06-30": "19162.00000", "2013-03-31": "17994.00000", "2012-12-31": "17089.00000", "2012-09-30": "16220.00000", "2012-06-30": "18269.00000", "2012-03-31": "16985.00000", "2011-12-31": "18154.00000", "2011-09-30": "17565.00000", "2011-06-30": "18057.00000", "2011-03-31": "16840.00000", "2010-12-31": "15892.00000", "2010-09-30": "17117.00000", "2010-06-30": "14572.00000", "2010-03-31": "11654.00000", "2009-12-31": "8756.00000", "2009-09-30": "9295.00000", "2009-06-30": "8619.00000", "2009-03-31": "7991.00000", "2008-12-31": "8787.00000", "2008-09-30": "9721.00000", "2008-06-30": "8339.00000", "2008-03-31": "8587.00000", "2007-12-31": "7753.00000", "2007-09-30": "8103.00000", "2007-06-30": "7589.00000", "2007-03-31": "7522.00000", "2006-12-31": "6860.00000", "2006-09-30": "7734.00000", "2006-06-30": "7794.00000", "2006-03-31": "8160.00000", "2005-12-31": "9406.00000", "2005-09-30": "9016.00000", "2005-06-30": "7968.00000", "2005-03-31": "7194.00000"}, "Long Term Debt": {"2020-09-30": "37879.00000", "2020-06-30": "38371.00000", "2020-03-31": "35361.00000", "2019-12-31": "29148.00000", "2019-09-30": "29630.00000", "2019-06-30": "27712.00000", "2019-03-31": "28458.00000", "2018-12-31": "28295.00000", "2018-09-30": "30643.00000", "2018-06-30": "30638.00000", "2018-03-31": "31931.00000", "2017-12-31": "33796.00000", "2017-09-30": "31452.00000", "2017-06-30": "31205.00000", "2017-03-31": "30081.00000", "2016-12-31": "30053.00000", "2016-09-30": "29322.00000", "2016-06-30": "30847.00000", "2016-03-31": "31068.00000", "2015-12-31": "29213.00000", "2015-09-30": "26318.00000", "2015-06-30": "23075.00000", "2015-03-31": "22403.00000", "2014-12-31": "23821.00000", "2014-09-30": "23489.00000", "2014-06-30": "25606.00000", "2014-03-31": "24240.00000", "2013-12-31": "24333.00000", "2013-09-30": "24293.00000", "2013-06-30": "23212.00000", "2013-03-31": "23225.00000", "2012-12-31": "23544.00000", "2012-09-30": "23732.00000", "2012-06-30": "21294.00000", "2012-03-31": "22054.00000", "2011-12-31": "20568.00000", "2011-09-30": "21781.00000", "2011-06-30": "21607.00000", "2011-03-31": "20942.00000", "2010-12-31": "19999.00000", "2010-09-30": "18445.00000", "2010-06-30": "19586.00000", "2010-03-31": "19884.00000", "2009-12-31": "7400.00000", "2009-09-30": "7434.00000", "2009-06-30": "8185.00000", "2009-03-31": "9241.00000", "2008-12-31": "7858.00000", "2008-09-30": "6537.00000", "2008-06-30": "6053.00000", "2008-03-31": "4884.00000", "2007-12-31": "4203.00000", "2007-09-30": "2954.00000", "2007-06-30": "3261.00000", "2007-03-31": "1807.00000", "2006-12-31": "2550.00000", "2006-09-30": "2528.00000", "2006-06-30": "2542.00000", "2006-03-31": "2288.00000", "2005-12-31": "2313.00000", "2005-09-30": "2300.00000", "2005-06-30": "2331.00000", "2005-03-31": "2390.00000"}, "Other Non-Current Liabilities": {"2020-09-30": "10341.00000", "2020-06-30": "10537.00000", "2020-03-31": "10004.00000", "2019-12-31": "9979.00000", "2019-09-30": "9816.00000", "2019-06-30": "9749.00000", "2019-03-31": "10003.00000", "2018-12-31": "9114.00000", "2018-09-30": "9538.00000", "2018-06-30": "9968.00000", "2018-03-31": "9855.00000", "2017-12-31": "11283.00000", "2017-09-30": "6823.00000", "2017-06-30": "6666.00000", "2017-03-31": "6693.00000", "2016-12-31": "6669.00000", "2016-09-30": "6088.00000", "2016-06-30": "5873.00000", "2016-03-31": "5811.00000", "2015-12-31": "5887.00000", "2015-09-30": "5915.00000", "2015-06-30": "5908.00000", "2015-03-31": "5882.00000", "2014-12-31": "5744.00000", "2014-09-30": "5076.00000", "2014-06-30": "4927.00000", "2014-03-31": "4811.00000", "2013-12-31": "4931.00000", "2013-09-30": "6604.00000", "2013-06-30": "6414.00000", "2013-03-31": "6621.00000", "2012-12-31": "6543.00000", "2012-09-30": "7551.00000", "2012-06-30": "7365.00000", "2012-03-31": "7323.00000", "2011-12-31": "8266.00000", "2011-09-30": "6859.00000", "2011-06-30": "6669.00000", "2011-03-31": "6657.00000", "2010-12-31": "6729.00000", "2010-09-30": "7039.00000", "2010-06-30": "6843.00000", "2010-03-31": "6607.00000", "2009-12-31": "5591.00000", "2009-09-30": "5713.00000", "2009-06-30": "5577.00000", "2009-03-31": "5475.00000", "2008-12-31": "6541.00000", "2008-09-30": "5432.00000", "2008-06-30": "4982.00000", "2008-03-31": "4833.00000", "2007-12-31": "4792.00000", "2007-09-30": "4781.00000", "2007-06-30": "4876.00000", "2007-03-31": "4805.00000", "2006-12-31": "4624.00000", "2006-09-30": "4534.00000", "2006-06-30": "4430.00000", "2006-03-31": "4427.00000", "2005-12-31": "4323.00000", "2005-09-30": "4144.00000", "2005-06-30": "4024.00000", "2005-03-31": "3962.00000"}, "Total Long Term Liabilities": {"2020-09-30": "52437.00000", "2020-06-30": "53111.00000", "2020-03-31": "49425.00000", "2019-12-31": "43218.00000", "2019-09-30": "43089.00000", "2019-06-30": "41119.00000", "2019-03-31": "42080.00000", "2018-12-31": "40908.00000", "2018-09-30": "43539.00000", "2018-06-30": "43952.00000", "2018-03-31": "45017.00000", "2017-12-31": "48321.00000", "2017-09-30": "42694.00000", "2017-06-30": "42300.00000", "2017-03-31": "41295.00000", "2016-12-31": "41156.00000", "2016-09-30": "40590.00000", "2016-06-30": "41876.00000", "2016-03-31": "41946.00000", "2015-12-31": "40059.00000", "2015-09-30": "37252.00000", "2015-06-30": "34252.00000", "2015-03-31": "33509.00000", "2014-12-31": "34869.00000", "2014-09-30": "34435.00000", "2014-06-30": "36605.00000", "2014-03-31": "35143.00000", "2013-12-31": "35250.00000", "2013-09-30": "35944.00000", "2013-06-30": "34726.00000", "2013-03-31": "34897.00000", "2012-12-31": "35150.00000", "2012-09-30": "36213.00000", "2012-06-30": "33526.00000", "2012-03-31": "34452.00000", "2011-12-31": "33829.00000", "2011-09-30": "33810.00000", "2011-06-30": "33253.00000", "2011-03-31": "32571.00000", "2010-12-31": "30785.00000", "2010-09-30": "29349.00000", "2010-06-30": "30588.00000", "2010-03-31": "30634.00000", "2009-12-31": "13650.00000", "2009-09-30": "13494.00000", "2009-06-30": "14022.00000", "2009-03-31": "14950.00000", "2008-12-31": "14625.00000", "2008-09-30": "12685.00000", "2008-06-30": "11787.00000", "2008-03-31": "10398.00000", "2007-12-31": "9641.00000", "2007-09-30": "8061.00000", "2007-06-30": "8463.00000", "2007-03-31": "6960.00000", "2006-12-31": "7702.00000", "2006-09-30": "8524.00000", "2006-06-30": "8399.00000", "2006-03-31": "8093.00000", "2005-12-31": "8070.00000", "2005-09-30": "7782.00000", "2005-06-30": "7526.00000", "2005-03-31": "7564.00000"}, "Total Liabilities": {"2020-09-30": "78446.00000", "2020-06-30": "76938.00000", "2020-03-31": "71503.00000", "2019-12-31": "63679.00000", "2019-09-30": "63220.00000", "2019-06-30": "61047.00000", "2019-03-31": "61170.00000", "2018-12-31": "63046.00000", "2018-09-30": "63243.00000", "2018-06-30": "68510.00000", "2018-03-31": "70902.00000", "2017-12-31": "68823.00000", "2017-09-30": "65052.00000", "2017-06-30": "64413.00000", "2017-03-31": "62939.00000", "2016-12-31": "62291.00000", "2016-09-30": "61179.00000", "2016-06-30": "60335.00000", "2016-03-31": "58788.00000", "2015-12-31": "57637.00000", "2015-09-30": "56323.00000", "2015-06-30": "55798.00000", "2015-03-31": "53636.00000", "2014-12-31": "52961.00000", "2014-09-30": "57279.00000", "2014-06-30": "56833.00000", "2014-03-31": "54600.00000", "2013-12-31": "53089.00000", "2013-09-30": "54412.00000", "2013-06-30": "53888.00000", "2013-03-31": "52891.00000", "2012-12-31": "52239.00000", "2012-09-30": "52433.00000", "2012-06-30": "51795.00000", "2012-03-31": "51437.00000", "2011-12-31": "51983.00000", "2011-09-30": "51375.00000", "2011-06-30": "51310.00000", "2011-03-31": "49411.00000", "2010-12-31": "46677.00000", "2010-09-30": "46466.00000", "2010-06-30": "45160.00000", "2010-03-31": "42288.00000", "2009-12-31": "22406.00000", "2009-09-30": "22789.00000", "2009-06-30": "22641.00000", "2009-03-31": "22941.00000", "2008-12-31": "23412.00000", "2008-09-30": "22406.00000", "2008-06-30": "20126.00000", "2008-03-31": "18985.00000", "2007-12-31": "17394.00000", "2007-09-30": "16164.00000", "2007-06-30": "16052.00000", "2007-03-31": "14482.00000", "2006-12-31": "14562.00000", "2006-09-30": "16258.00000", "2006-06-30": "16193.00000", "2006-03-31": "16253.00000", "2005-12-31": "17476.00000", "2005-09-30": "16798.00000", "2005-06-30": "15494.00000", "2005-03-31": "14758.00000"}, "Common Stock Net": {"2020-09-30": "23.00000", "2020-06-30": "23.00000", "2020-03-31": "23.00000", "2019-12-31": "23.00000", "2019-09-30": "23.00000", "2019-06-30": "23.00000", "2019-03-31": "23.00000", "2018-12-31": "23.00000", "2018-09-30": "24.00000", "2018-06-30": "24.00000", "2018-03-31": "24.00000", "2017-12-31": "24.00000", "2017-09-30": "24.00000", "2017-06-30": "24.00000", "2017-03-31": "24.00000", "2016-12-31": "24.00000", "2016-09-30": "24.00000", "2016-06-30": "24.00000", "2016-03-31": "24.00000", "2015-12-31": "24.00000", "2015-09-30": "24.00000", "2015-06-30": "25.00000", "2015-03-31": "25.00000", "2014-12-31": "25.00000", "2014-09-30": "25.00000", "2014-06-30": "25.00000", "2014-03-31": "25.00000", "2013-12-31": "25.00000", "2013-09-30": "26.00000", "2013-06-30": "26.00000", "2013-03-31": "26.00000", "2012-12-31": "26.00000", "2012-09-30": "31.00000", "2012-06-30": "31.00000", "2012-03-31": "31.00000", "2011-12-31": "26.00000", "2011-09-30": "31.00000", "2011-06-30": "31.00000", "2011-03-31": "31.00000", "2010-12-31": "31.00000", "2010-09-30": "31.00000", "2010-06-30": "31.00000", "2010-03-31": "31.00000", "2009-12-31": "30.00000", "2009-09-30": "30.00000", "2009-06-30": "30.00000", "2009-03-31": "30.00000", "2008-12-31": "30.00000", "2008-09-30": "30.00000", "2008-06-30": "30.00000", "2008-03-31": "30.00000", "2007-12-31": "30.00000", "2007-09-30": "30.00000", "2007-06-30": "30.00000", "2007-03-31": "30.00000", "2006-12-31": "30.00000", "2006-09-30": "30.00000", "2006-06-30": "30.00000", "2006-03-31": "30.00000", "2005-12-31": "30.00000", "2005-09-30": "30.00000", "2005-06-30": "30.00000", "2005-03-31": "30.00000"}, "Retained Earnings (Accumulated Deficit)": {"2020-09-30": "63013.00000", "2020-06-30": "62145.00000", "2020-03-31": "61920.00000", "2019-12-31": "61946.00000", "2019-09-30": "61514.00000", "2019-06-30": "60752.00000", "2019-03-31": "60060.00000", "2018-12-31": "59947.00000", "2018-09-30": "54404.00000", "2018-06-30": "53223.00000", "2018-03-31": "52726.00000", "2017-12-31": "52839.00000", "2017-09-30": "54698.00000", "2017-06-30": "53706.00000", "2017-03-31": "52756.00000", "2016-12-31": "52518.00000", "2016-09-30": "52200.00000", "2016-06-30": "51295.00000", "2016-03-31": "50383.00000", "2015-12-31": "50472.00000", "2015-09-30": "49767.00000", "2015-06-30": "50268.00000", "2015-03-31": "49335.00000", "2014-12-31": "49092.00000", "2014-09-30": "48764.00000", "2014-06-30": "47748.00000", "2014-03-31": "46770.00000", "2013-12-31": "46420.00000", "2013-09-30": "45554.00000", "2013-06-30": "44523.00000", "2013-03-31": "43395.00000", "2012-12-31": "43158.00000", "2012-09-30": "42332.00000", "2012-06-30": "41274.00000", "2012-03-31": "40631.00000", "2011-12-31": "40316.00000", "2011-09-30": "39714.00000", "2011-06-30": "38527.00000", "2011-03-31": "37466.00000", "2010-12-31": "37090.00000", "2010-09-30": "36487.00000", "2010-06-30": "35328.00000", "2010-03-31": "34496.00000", "2009-12-31": "33805.00000", "2009-09-30": "33077.00000", "2009-06-30": "32065.00000", "2009-03-31": "31109.00000", "2008-12-31": "30638.00000", "2008-09-30": "30581.00000", "2008-06-30": "29669.00000", "2008-03-31": "28642.00000", "2007-12-31": "28184.00000", "2007-09-30": "27526.00000", "2007-06-30": "26391.00000", "2007-03-31": "25446.00000", "2006-12-31": "24837.00000", "2006-09-30": "23546.00000", "2006-06-30": "22563.00000", "2006-03-31": "21702.00000", "2005-12-31": "21116.00000", "2005-09-30": "20441.00000", "2005-06-30": "20011.00000", "2005-03-31": "19255.00000"}, "Comprehensive Income": {"2020-09-30": "-15357.00000", "2020-06-30": "-15778.00000", "2020-03-31": "-15057.00000", "2019-12-31": "-14300.00000", "2019-09-30": "-15126.00000", "2019-06-30": "-14984.00000", "2019-03-31": "-14656.00000", "2018-12-31": "-15119.00000", "2018-09-30": "-14253.00000", "2018-06-30": "-13580.00000", "2018-03-31": "-12717.00000", "2017-12-31": "-13057.00000", "2017-09-30": "-12875.00000", "2017-06-30": "-13174.00000", "2017-03-31": "-13416.00000", "2016-12-31": "-13919.00000", "2016-09-30": "-12829.00000", "2016-06-30": "-12813.00000", "2016-03-31": "-13569.00000", "2015-12-31": "-13319.00000", "2015-09-30": "-12514.00000", "2015-06-30": "-11101.00000", "2015-03-31": "-11566.00000", "2014-12-31": "-10669.00000", "2014-09-30": "-6146.00000", "2014-06-30": "-5481.00000", "2014-03-31": "-5940.00000", "2013-12-31": "-5127.00000", "2013-09-30": "-6907.00000", "2013-06-30": "-6275.00000", "2013-03-31": "-5607.00000", "2012-12-31": "-5487.00000", "2012-09-30": "-6086.00000", "2012-06-30": "-6636.00000", "2012-03-31": "-4464.00000", "2011-12-31": "-6229.00000", "2011-09-30": "-2800.00000", "2011-06-30": "-2254.00000", "2011-03-31": "-3035.00000", "2010-12-31": "-3630.00000", "2010-09-30": "-4358.00000", "2010-06-30": "-4226.00000", "2010-03-31": "-3569.00000", "2009-12-31": "-3794.00000", "2009-09-30": "-4262.00000", "2009-06-30": "-4438.00000", "2009-03-31": "-5698.00000", "2008-12-31": "-4694.00000", "2008-09-30": "-945.00000", "2008-06-30": "-473.00000", "2008-03-31": "-711.00000", "2007-12-31": "-952.00000", "2007-09-30": "-1837.00000", "2007-06-30": "-1888.00000", "2007-03-31": "-2238.00000", "2006-12-31": "-2246.00000", "2006-09-30": "-811.00000", "2006-06-30": "-902.00000", "2006-03-31": "-989.00000", "2005-12-31": "-1053.00000", "2005-09-30": "-921.00000", "2005-06-30": "-1030.00000", "2005-03-31": "-853.00000"}, "Other Share Holders Equity": {"2020-09-30": "", "2020-06-30": "", "2020-03-31": "", "2019-12-31": "", "2019-09-30": "", "2019-06-30": "", "2019-03-31": "", "2018-12-31": "", "2018-09-30": "", "2018-06-30": "", "2018-03-31": "", "2017-12-31": "", "2017-09-30": "", "2017-06-30": "", "2017-03-31": "", "2016-12-31": "", "2016-09-30": "", "2016-06-30": "", "2016-03-31": "", "2015-12-31": "", "2015-09-30": "", "2015-06-30": "", "2015-03-31": "", "2014-12-31": "", "2014-09-30": "", "2014-06-30": "", "2014-03-31": "", "2013-12-31": "", "2013-09-30": "", "2013-06-30": "", "2013-03-31": "", "2012-12-31": "", "2012-09-30": "", "2012-06-30": "", "2012-03-31": "", "2011-12-31": "", "2011-09-30": "", "2011-06-30": "", "2011-03-31": "", "2010-12-31": "", "2010-09-30": "", "2010-06-30": "", "2010-03-31": "", "2009-12-31": "", "2009-09-30": "", "2009-06-30": "", "2009-03-31": "", "2008-12-31": "", "2008-09-30": "", "2008-06-30": "", "2008-03-31": "", "2007-12-31": "", "2007-09-30": "", "2007-06-30": "", "2007-03-31": "", "2006-12-31": "", "2006-09-30": "", "2006-06-30": "", "2006-03-31": "", "2005-12-31": "", "2005-09-30": "", "2005-06-30": "", "2005-03-31": ""}, "Share Holder Equity": {"2020-09-30": "13595.00000", "2020-06-30": "12587.00000", "2020-03-31": "13559.00000", "2019-12-31": "14868.00000", "2019-09-30": "14224.00000", "2019-06-30": "14037.00000", "2019-03-31": "14296.00000", "2018-12-31": "14602.00000", "2018-09-30": "10389.00000", "2018-06-30": "10221.00000", "2018-03-31": "10985.00000", "2017-12-31": "10981.00000", "2017-09-30": "13411.00000", "2017-06-30": "12530.00000", "2017-03-31": "11683.00000", "2016-12-31": "11199.00000", "2016-09-30": "12718.00000", "2016-06-30": "12376.00000", "2016-03-31": "11231.00000", "2015-12-31": "12030.00000", "2015-09-30": "13579.00000", "2015-06-30": "16464.00000", "2015-03-31": "15989.00000", "2014-12-31": "17548.00000", "2014-09-30": "23187.00000", "2014-06-30": "23600.00000", "2014-03-31": "22893.00000", "2013-12-31": "24389.00000", "2013-09-30": "22402.00000", "2013-06-30": "22765.00000", "2013-03-31": "22464.00000", "2012-12-31": "22399.00000", "2012-09-30": "21584.00000", "2012-06-30": "20595.00000", "2012-03-31": "22954.00000", "2011-12-31": "20899.00000", "2011-09-30": "24003.00000", "2011-06-30": "24370.00000", "2011-03-31": "23674.00000", "2010-12-31": "21476.00000", "2010-09-30": "20236.00000", "2010-06-30": "19914.00000", "2010-03-31": "21856.00000", "2009-12-31": "17442.00000", "2009-09-30": "15831.00000", "2009-06-30": "14409.00000", "2009-03-31": "12079.00000", "2008-12-31": "12582.00000", "2008-09-30": "16052.00000", "2008-06-30": "16653.00000", "2008-03-31": "16714.00000", "2007-12-31": "17234.00000", "2007-09-30": "16244.00000", "2007-06-30": "15873.00000", "2007-03-31": "15348.00000", "2006-12-31": "15368.00000", "2006-09-30": "16008.00000", "2006-06-30": "15233.00000", "2006-03-31": "14741.00000", "2005-12-31": "14251.00000", "2005-09-30": "14100.00000", "2005-06-30": "14190.00000", "2005-03-31": "13913.00000"}, "Total Liabilities And Share Holders Equity": {"2020-09-30": "92041.00000", "2020-06-30": "89525.00000", "2020-03-31": "85062.00000", "2019-12-31": "78547.00000", "2019-09-30": "77444.00000", "2019-06-30": "75084.00000", "2019-03-31": "75466.00000", "2018-12-31": "77648.00000", "2018-09-30": "73632.00000", "2018-06-30": "78731.00000", "2018-03-31": "81887.00000", "2017-12-31": "79804.00000", "2017-09-30": "78463.00000", "2017-06-30": "76943.00000", "2017-03-31": "74622.00000", "2016-12-31": "73490.00000", "2016-09-30": "73897.00000", "2016-06-30": "72711.00000", "2016-03-31": "70019.00000", "2015-12-31": "69667.00000", "2015-09-30": "69902.00000", "2015-06-30": "72262.00000", "2015-03-31": "69625.00000", "2014-12-31": "70509.00000", "2014-09-30": "80466.00000", "2014-06-30": "80433.00000", "2014-03-31": "77493.00000", "2013-12-31": "77478.00000", "2013-09-30": "76814.00000", "2013-06-30": "76653.00000", "2013-03-31": "75355.00000", "2012-12-31": "74638.00000", "2012-09-30": "74017.00000", "2012-06-30": "72390.00000", "2012-03-31": "74391.00000", "2011-12-31": "72882.00000", "2011-09-30": "75378.00000", "2011-06-30": "75680.00000", "2011-03-31": "73085.00000", "2010-12-31": "68153.00000", "2010-09-30": "66702.00000", "2010-06-30": "65074.00000", "2010-03-31": "64144.00000", "2009-12-31": "39848.00000", "2009-09-30": "38620.00000", "2009-06-30": "37050.00000", "2009-03-31": "35020.00000", "2008-12-31": "35994.00000", "2008-09-30": "38458.00000", "2008-06-30": "36779.00000", "2008-03-31": "35699.00000", "2007-12-31": "34628.00000", "2007-09-30": "32408.00000", "2007-06-30": "31925.00000", "2007-03-31": "29830.00000", "2006-12-31": "29930.00000", "2006-09-30": "32266.00000", "2006-06-30": "31426.00000", "2006-03-31": "30994.00000", "2005-12-31": "31727.00000", "2005-09-30": "30898.00000", "2005-06-30": "29684.00000", "2005-03-31": "28671.00000"}}, "cash flow statement": {"Net Income/Loss": {"2019-12-31": "7353.00000", "2018-12-31": "12559.00000", "2017-12-31": "4908.00000", "2016-12-31": "6379.00000", "2015-12-31": "5501.00000", "2014-12-31": "6558.00000", "2013-12-31": "6787.00000", "2012-12-31": "6214.00000", "2011-12-31": "6462.00000", "2010-12-31": "6338.00000", "2009-12-31": "5979.00000", "2008-12-31": "5166.00000", "2007-12-31": "5670.00000", "2006-12-31": "5642.00000", "2005-12-31": "4078.00000"}, "Total Depreciation And Amortization - Cash Flow": {"2019-12-31": "2432.00000", "2018-12-31": "2399.00000", "2017-12-31": "2369.00000", "2016-12-31": "2368.00000", "2015-12-31": "2416.00000", "2014-12-31": "2625.00000", "2013-12-31": "2663.00000", "2012-12-31": "2689.00000", "2011-12-31": "2737.00000", "2010-12-31": "2327.00000", "2009-12-31": "1635.00000", "2008-12-31": "1543.00000", "2007-12-31": "1426.00000", "2006-12-31": "1406.00000", "2005-12-31": "1308.00000"}, "Other Non-Cash Items": {"2019-12-31": "80.00000", "2018-12-31": "-6199.00000", "2017-12-31": "3545.00000", "2016-12-31": "950.00000", "2015-12-31": "1955.00000", "2014-12-31": "433.00000", "2013-12-31": "-371.00000", "2012-12-31": "-658.00000", "2011-12-31": "1277.00000", "2010-12-31": "-848.00000", "2009-12-31": "-801.00000", "2008-12-31": "1105.00000", "2007-12-31": "34.00000", "2006-12-31": "-392.00000", "2005-12-31": "-98.00000"}, "Total Non-Cash Items": {"2019-12-31": "2512.00000", "2018-12-31": "-3800.00000", "2017-12-31": "5914.00000", "2016-12-31": "3318.00000", "2015-12-31": "4371.00000", "2014-12-31": "3058.00000", "2013-12-31": "2292.00000", "2012-12-31": "2031.00000", "2011-12-31": "4014.00000", "2010-12-31": "1479.00000", "2009-12-31": "834.00000", "2008-12-31": "2648.00000", "2007-12-31": "1460.00000", "2006-12-31": "1014.00000", "2005-12-31": "1210.00000"}, "Change In Accounts Receivable": {"2019-12-31": "-650.00000", "2018-12-31": "-253.00000", "2017-12-31": "-202.00000", "2016-12-31": "-349.00000", "2015-12-31": "-461.00000", "2014-12-31": "-343.00000", "2013-12-31": "-88.00000", "2012-12-31": "-250.00000", "2011-12-31": "-666.00000", "2010-12-31": "-268.00000", "2009-12-31": "188.00000", "2008-12-31": "-549.00000", "2007-12-31": "-405.00000", "2006-12-31": "-330.00000", "2005-12-31": "-272.00000"}, "Change In Inventories": {"2019-12-31": "-190.00000", "2018-12-31": "-174.00000", "2017-12-31": "-168.00000", "2016-12-31": "-75.00000", "2015-12-31": "-244.00000", "2014-12-31": "-111.00000", "2013-12-31": "4.00000", "2012-12-31": "144.00000", "2011-12-31": "-331.00000", "2010-12-31": "276.00000", "2009-12-31": "17.00000", "2008-12-31": "-345.00000", "2007-12-31": "-204.00000", "2006-12-31": "-186.00000", "2005-12-31": "-132.00000"}, "Change In Accounts Payable": {"2019-12-31": "", "2018-12-31": "", "2017-12-31": "", "2016-12-31": "", "2015-12-31": "", "2014-12-31": "", "2013-12-31": "", "2012-12-31": "", "2011-12-31": "", "2010-12-31": "", "2009-12-31": "", "2008-12-31": "", "2007-12-31": "", "2006-12-31": "", "2005-12-31": ""}, "Change In Assets/Liabilities": {"2019-12-31": "-87.00000", "2018-12-31": "9.00000", "2017-12-31": "20.00000", "2016-12-31": "10.00000", "2015-12-31": "-50.00000", "2014-12-31": "80.00000", "2013-12-31": "-51.00000", "2012-12-31": "89.00000", "2011-12-31": "-27.00000", "2010-12-31": "144.00000", "2009-12-31": "-127.00000", "2008-12-31": "-68.00000", "2007-12-31": "-16.00000", "2006-12-31": "-37.00000", "2005-12-31": "-56.00000"}, "Total Change In Assets/Liabilities": {"2019-12-31": "-479.00000", "2018-12-31": "912.00000", "2017-12-31": "-487.00000", "2016-12-31": "896.00000", "2015-12-31": "992.00000", "2014-12-31": "1159.00000", "2013-12-31": "958.00000", "2012-12-31": "434.00000", "2011-12-31": "-844.00000", "2010-12-31": "763.00000", "2009-12-31": "264.00000", "2008-12-31": "-424.00000", "2007-12-31": "25.00000", "2006-12-31": "-569.00000", "2005-12-31": "337.00000"}, "Cash Flow From Operating Activities": {"2019-12-31": "9649.00000", "2018-12-31": "9415.00000", "2017-12-31": "10030.00000", "2016-12-31": "10663.00000", "2015-12-31": "10864.00000", "2014-12-31": "10506.00000", "2013-12-31": "9688.00000", "2012-12-31": "8479.00000", "2011-12-31": "8944.00000", "2010-12-31": "8448.00000", "2009-12-31": "6796.00000", "2008-12-31": "6999.00000", "2007-12-31": "6934.00000", "2006-12-31": "6084.00000", "2005-12-31": "5852.00000"}, "Net Change In Property, Plant, And Equipment": {"2019-12-31": "-4062.00000", "2018-12-31": "-3148.00000", "2017-12-31": "-2789.00000", "2016-12-31": "-2941.00000", "2015-12-31": "-2672.00000", "2014-12-31": "-2744.00000", "2013-12-31": "-2686.00000", "2012-12-31": "-2619.00000", "2011-12-31": "-3255.00000", "2010-12-31": "-3172.00000", "2009-12-31": "-2070.00000", "2008-12-31": "-2348.00000", "2007-12-31": "-2383.00000", "2006-12-31": "-2019.00000", "2005-12-31": "-1648.00000"}, "Net Change In Intangible Assets": {"2019-12-31": "", "2018-12-31": "", "2017-12-31": "", "2016-12-31": "", "2015-12-31": "", "2014-12-31": "", "2013-12-31": "", "2012-12-31": "", "2011-12-31": "", "2010-12-31": "", "2009-12-31": "", "2008-12-31": "", "2007-12-31": "", "2006-12-31": "", "2005-12-31": ""}, "Net Acquisitions/Divestitures": {"2019-12-31": "-2464.00000", "2018-12-31": "-991.00000", "2017-12-31": "206.00000", "2016-12-31": "-127.00000", "2015-12-31": "-10.00000", "2014-12-31": "115.00000", "2013-12-31": "21.00000", "2012-12-31": "-459.00000", "2011-12-31": "-2249.00000", "2010-12-31": "-3804.00000", "2009-12-31": "-386.00000", "2008-12-31": "-1601.00000", "2007-12-31": "-1005.00000", "2006-12-31": "-167.00000", "2005-12-31": "-878.00000"}, "Net Change In Short-term Investments": {"2019-12-31": "97.00000", "2018-12-31": "8701.00000", "2017-12-31": "-1849.00000", "2016-12-31": "-4089.00000", "2015-12-31": "-314.00000", "2014-12-31": "-2298.00000", "2013-12-31": "61.00000", "2012-12-31": "61.00000", "2011-12-31": "66.00000", "2010-12-31": "-212.00000", "2009-12-31": "55.00000", "2008-12-31": "1282.00000", "2007-12-31": "-383.00000", "2006-12-31": "2017.00000", "2005-12-31": "-991.00000"}, "Net Change In Long-Term Investments": {"2019-12-31": "", "2018-12-31": "", "2017-12-31": "", "2016-12-31": "", "2015-12-31": "", "2014-12-31": "", "2013-12-31": "", "2012-12-31": "", "2011-12-31": "-164.00000", "2010-12-31": "-463.00000", "2009-12-31": "", "2008-12-31": "", "2007-12-31": "27.00000", "2006-12-31": "-25.00000", "2005-12-31": ""}, "Net Change In Investments - Total": {"2019-12-31": "97.00000", "2018-12-31": "8701.00000", "2017-12-31": "-1849.00000", "2016-12-31": "-4089.00000", "2015-12-31": "-314.00000", "2014-12-31": "-2298.00000", "2013-12-31": "61.00000", "2012-12-31": "61.00000", "2011-12-31": "-98.00000", "2010-12-31": "-675.00000", "2009-12-31": "55.00000", "2008-12-31": "1282.00000", "2007-12-31": "-356.00000", "2006-12-31": "1992.00000", "2005-12-31": "-991.00000"}, "Investing Activities - Other": {"2019-12-31": "-8.00000", "2018-12-31": "2.00000", "2017-12-31": "29.00000", "2016-12-31": "7.00000", "2015-12-31": "-573.00000", "2014-12-31": "-10.00000", "2013-12-31": "-21.00000", "2012-12-31": "12.00000", "2011-12-31": "-16.00000", "2010-12-31": "-17.00000", "2009-12-31": "", "2008-12-31": "", "2007-12-31": "", "2006-12-31": "", "2005-12-31": ""}, "Cash Flow From Investing Activities": {"2019-12-31": "-6437.00000", "2018-12-31": "4564.00000", "2017-12-31": "-4403.00000", "2016-12-31": "-7150.00000", "2015-12-31": "-3569.00000", "2014-12-31": "-4937.00000", "2013-12-31": "-2625.00000", "2012-12-31": "-3005.00000", "2011-12-31": "-5618.00000", "2010-12-31": "-7668.00000", "2009-12-31": "-2401.00000", "2008-12-31": "-2667.00000", "2007-12-31": "-3744.00000", "2006-12-31": "-194.00000", "2005-12-31": "-3517.00000"}, "Net Long-Term Debt": {"2019-12-31": "651.00000", "2018-12-31": "-4007.00000", "2017-12-31": "3103.00000", "2016-12-31": "4713.00000", "2015-12-31": "4607.00000", "2014-12-31": "1666.00000", "2013-12-31": "301.00000", "2012-12-31": "3550.00000", "2011-12-31": "633.00000", "2010-12-31": "5892.00000", "2009-12-31": "831.00000", "2008-12-31": "3070.00000", "2007-12-31": "1589.00000", "2006-12-31": "-106.00000", "2005-12-31": "-152.00000"}, "Net Current Debt": {"2019-12-31": "1.00000", "2018-12-31": "-1366.00000", "2017-12-31": "-1053.00000", "2016-12-31": "1537.00000", "2015-12-31": "25.00000", "2014-12-31": "-1997.00000", "2013-12-31": "1165.00000", "2012-12-31": "-1461.00000", "2011-12-31": "303.00000", "2010-12-31": "2482.00000", "2009-12-31": "-1018.00000", "2008-12-31": "445.00000", "2007-12-31": "-395.00000", "2006-12-31": "-2341.00000", "2005-12-31": "1848.00000"}, "Debt Issuance/Retirement Net - Total": {"2019-12-31": "652.00000", "2018-12-31": "-5373.00000", "2017-12-31": "2050.00000", "2016-12-31": "6250.00000", "2015-12-31": "4632.00000", "2014-12-31": "-331.00000", "2013-12-31": "1466.00000", "2012-12-31": "2089.00000", "2011-12-31": "936.00000", "2010-12-31": "8374.00000", "2009-12-31": "-187.00000", "2008-12-31": "3515.00000", "2007-12-31": "1194.00000", "2006-12-31": "-2447.00000", "2005-12-31": "1696.00000"}, "Net Common Equity Issued/Repurchased": {"2019-12-31": "-2671.00000", "2018-12-31": "-1719.00000", "2017-12-31": "-1538.00000", "2016-12-31": "-2535.00000", "2015-12-31": "-4496.00000", "2014-12-31": "-4257.00000", "2013-12-31": "-1878.00000", "2012-12-31": "-2097.00000", "2011-12-31": "-1544.00000", "2010-12-31": "-3940.00000", "2009-12-31": "413.00000", "2008-12-31": "-4100.00000", "2007-12-31": "-3192.00000", "2006-12-31": "-1806.00000", "2005-12-31": "-1913.00000"}, "Net Total Equity Issued/Repurchased": {"2019-12-31": "-2671.00000", "2018-12-31": "-1721.00000", "2017-12-31": "-1543.00000", "2016-12-31": "-2542.00000", "2015-12-31": "-4501.00000", "2014-12-31": "-4267.00000", "2013-12-31": "-1885.00000", "2012-12-31": "-2104.00000", "2011-12-31": "-1551.00000", "2010-12-31": "-3945.00000", "2009-12-31": "406.00000", "2008-12-31": "-4106.00000", "2007-12-31": "-3204.00000", "2006-12-31": "-1816.00000", "2005-12-31": "-1932.00000"}, "Total Common And Preferred Stock Dividends Paid": {"2019-12-31": "-5304.00000", "2018-12-31": "-4930.00000", "2017-12-31": "-4472.00000", "2016-12-31": "-4227.00000", "2015-12-31": "-4040.00000", "2014-12-31": "-3730.00000", "2013-12-31": "-3434.00000", "2012-12-31": "-3305.00000", "2011-12-31": "-3157.00000", "2010-12-31": "-2978.00000", "2009-12-31": "-2732.00000", "2008-12-31": "-2541.00000", "2007-12-31": "-2204.00000", "2006-12-31": "-1854.00000", "2005-12-31": "-1642.00000"}, "Financial Activities - Other": {"2019-12-31": "-1166.00000", "2018-12-31": "-1745.00000", "2017-12-31": "-221.00000", "2016-12-31": "-2692.00000", "2015-12-31": "-203.00000", "2014-12-31": "64.00000", "2013-12-31": "64.00000", "2012-12-31": "14.00000", "2011-12-31": "-1363.00000", "2010-12-31": "-65.00000", "2009-12-31": "16.00000", "2008-12-31": "107.00000", "2007-12-31": "208.00000", "2006-12-31": "134.00000", "2005-12-31": ""}, "Cash Flow From Financial Activities": {"2019-12-31": "-8489.00000", "2018-12-31": "-13769.00000", "2017-12-31": "-4186.00000", "2016-12-31": "-3211.00000", "2015-12-31": "-4112.00000", "2014-12-31": "-8264.00000", "2013-12-31": "-3789.00000", "2012-12-31": "-3306.00000", "2011-12-31": "-5135.00000", "2010-12-31": "1386.00000", "2009-12-31": "-2497.00000", "2008-12-31": "-3025.00000", "2007-12-31": "-4006.00000", "2006-12-31": "-5983.00000", "2005-12-31": "-1878.00000"}, "Net Cash Flow": {"2019-12-31": "-5199.00000", "2018-12-31": "112.00000", "2017-12-31": "1488.00000", "2016-12-31": "50.00000", "2015-12-31": "2962.00000", "2014-12-31": "-3241.00000", "2013-12-31": "3078.00000", "2012-12-31": "2230.00000", "2011-12-31": "-1876.00000", "2010-12-31": "2000.00000", "2009-12-31": "1879.00000", "2008-12-31": "1154.00000", "2007-12-31": "-741.00000", "2006-12-31": "-65.00000", "2005-12-31": "436.00000"}, "Stock-Based Compensation": {"2019-12-31": "237.00000", "2018-12-31": "256.00000", "2017-12-31": "292.00000", "2016-12-31": "284.00000", "2015-12-31": "295.00000", "2014-12-31": "297.00000", "2013-12-31": "303.00000", "2012-12-31": "278.00000", "2011-12-31": "326.00000", "2010-12-31": "299.00000", "2009-12-31": "227.00000", "2008-12-31": "238.00000", "2007-12-31": "260.00000", "2006-12-31": "270.00000", "2005-12-31": "311.00000"}, "Common Stock Dividends Paid": {"2019-12-31": "-5304.00000", "2018-12-31": "-4930.00000", "2017-12-31": "-4472.00000", "2016-12-31": "-4227.00000", "2015-12-31": "-4040.00000", "2014-12-31": "-3730.00000", "2013-12-31": "-3434.00000", "2012-12-31": "-3305.00000", "2011-12-31": "-3157.00000", "2010-12-31": "-2978.00000", "2009-12-31": "-2732.00000", "2008-12-31": "-2541.00000", "2007-12-31": "-2204.00000", "2006-12-31": "-1854.00000", "2005-12-31": "-1642.00000"}}, "cash flow statement, quarterly": {"Net Income/Loss": {"2020-09-30": 2307, "2020-06-30": 1658, "2020-03-31": "1351.00000", "2019-12-31": 1778, "2019-09-30": 2110, "2019-06-30": 2043, "2019-03-31": "1422.00000", "2018-12-31": 6867, "2018-09-30": 2509, "2018-06-30": 1830, "2018-03-31": "1353.00000", "2017-12-31": -695, "2017-09-30": 2156, "2017-06-30": 2118, "2017-03-31": "1329.00000", "2016-12-31": 1417, "2016-09-30": 2004, "2016-06-30": 2013, "2016-03-31": "945.00000", "2015-12-31": 1733, "2015-09-30": 543, "2015-06-30": 1994, "2015-03-31": "1231.00000", "2014-12-31": 1326, "2014-09-30": 2018, "2014-06-30": 1987, "2014-03-31": "1227.00000", "2013-12-31": 1754, "2013-09-30": 1923, "2013-06-30": 2025, "2013-03-31": "1085.00000", "2012-12-31": 1667, "2012-09-30": 1913, "2012-06-30": 1501, "2012-03-31": "1133.00000", "2011-12-31": 1402, "2011-09-30": 2011, "2011-06-30": 1905, "2011-03-31": "1144.00000", "2010-12-31": 1361, "2010-09-30": 1930, "2010-06-30": 1613, "2010-03-31": "1434.00000", "2009-12-31": 1437, "2009-09-30": 1733, "2009-06-30": 1668, "2009-03-31": "1141.00000", "2008-12-31": 726, "2008-09-30": 1583, "2008-06-30": 1705, "2008-03-31": "1152.00000", "2007-12-31": 1274, "2007-09-30": 1743, "2007-06-30": 1557, "2007-03-31": "1096.00000", "2006-12-31": 1826, "2006-09-30": 1494, "2006-06-30": 1375, "2006-03-31": "947.00000", "2005-12-31": 1108, "2005-09-30": 864, "2005-06-30": 1194, "2005-03-31": "912.00000"}, "Total Depreciation And Amortization - Cash Flow": {"2020-09-30": 609, "2020-06-30": 589, "2020-03-31": "533.00000", "2019-12-31": 798, "2019-09-30": 578, "2019-06-30": 558, "2019-03-31": "498.00000", "2018-12-31": 763, "2018-09-30": 566, "2018-06-30": 574, "2018-03-31": "496.00000", "2017-12-31": 765, "2017-09-30": 573, "2017-06-30": 554, "2017-03-31": "477.00000", "2016-12-31": 757, "2016-09-30": 567, "2016-06-30": 563, "2016-03-31": "481.00000", "2015-12-31": 772, "2015-09-30": 569, "2015-06-30": 579, "2015-03-31": "496.00000", "2014-12-31": 831, "2014-09-30": 632, "2014-06-30": 630, "2014-03-31": "532.00000", "2013-12-31": 848, "2013-09-30": 630, "2013-06-30": 634, "2013-03-31": "551.00000", "2012-12-31": 852, "2012-09-30": 636, "2012-06-30": 646, "2012-03-31": "555.00000", "2011-12-31": 860, "2011-09-30": 690, "2011-06-30": 664, "2011-03-31": "523.00000", "2010-12-31": 747, "2010-09-30": 611, "2010-06-30": 593, "2010-03-31": "376.00000", "2009-12-31": 552, "2009-09-30": 398, "2009-06-30": 371, "2009-03-31": "314.00000", "2008-12-31": 488, "2008-09-30": 377, "2008-06-30": 375, "2008-03-31": "303.00000", "2007-12-31": 478, "2007-09-30": 340, "2007-06-30": 332, "2007-03-31": "276.00000", "2006-12-31": 466, "2006-09-30": 330, "2006-06-30": 324, "2006-03-31": "286.00000", "2005-12-31": 412, "2005-09-30": 308, "2005-06-30": 306, "2005-03-31": "282.00000"}, "Other Non-Cash Items": {"2020-09-30": 20, "2020-06-30": 81, "2020-03-31": "-130.00000", "2019-12-31": 288, "2019-09-30": 63, "2019-06-30": -276, "2019-03-31": "5.00000", "2018-12-31": -4989, "2018-09-30": -367, "2018-06-30": 529, "2018-03-31": "-1372.00000", "2017-12-31": 3097, "2017-09-30": 178, "2017-06-30": 84, "2017-03-31": "186.00000", "2016-12-31": 77, "2016-09-30": 277, "2016-06-30": 168, "2016-03-31": "428.00000", "2015-12-31": 89, "2015-09-30": 1706, "2015-06-30": 131, "2015-03-31": "29.00000", "2014-12-31": 59, "2014-09-30": 97, "2014-06-30": 82, "2014-03-31": "195.00000", "2013-12-31": -694, "2013-09-30": 288, "2013-06-30": -126, "2013-03-31": "161.00000", "2012-12-31": 8, "2012-09-30": 72, "2012-06-30": 121, "2012-03-31": "-859.00000", "2011-12-31": 1295, "2011-09-30": -9, "2011-06-30": 44, "2011-03-31": "-53.00000", "2010-12-31": 195, "2010-09-30": -443, "2010-06-30": 473, "2010-03-31": "-1073.00000", "2009-12-31": 206, "2009-09-30": 10, "2009-06-30": -11, "2009-03-31": "-1006.00000", "2008-12-31": 954, "2008-09-30": -23, "2008-06-30": 37, "2008-03-31": "137.00000", "2007-12-31": 164, "2007-09-30": -148, "2007-06-30": -36, "2007-03-31": "54.00000", "2006-12-31": -439, "2006-09-30": -22, "2006-06-30": -15, "2006-03-31": "84.00000", "2005-12-31": -439, "2005-09-30": 180, "2005-06-30": 44, "2005-03-31": "117.00000"}, "Total Non-Cash Items": {"2020-09-30": 629, "2020-06-30": 670, "2020-03-31": "403.00000", "2019-12-31": 1086, "2019-09-30": 641, "2019-06-30": 282, "2019-03-31": "503.00000", "2018-12-31": -4226, "2018-09-30": 199, "2018-06-30": 1103, "2018-03-31": "-876.00000", "2017-12-31": 3862, "2017-09-30": 751, "2017-06-30": 638, "2017-03-31": "663.00000", "2016-12-31": 834, "2016-09-30": 844, "2016-06-30": 731, "2016-03-31": "909.00000", "2015-12-31": 861, "2015-09-30": 2275, "2015-06-30": 710, "2015-03-31": "525.00000", "2014-12-31": 890, "2014-09-30": 729, "2014-06-30": 712, "2014-03-31": "727.00000", "2013-12-31": 154, "2013-09-30": 918, "2013-06-30": 508, "2013-03-31": "712.00000", "2012-12-31": 860, "2012-09-30": 708, "2012-06-30": 767, "2012-03-31": "-304.00000", "2011-12-31": 2155, "2011-09-30": 681, "2011-06-30": 708, "2011-03-31": "470.00000", "2010-12-31": 942, "2010-09-30": 168, "2010-06-30": 1066, "2010-03-31": "-697.00000", "2009-12-31": 758, "2009-09-30": 408, "2009-06-30": 360, "2009-03-31": "-692.00000", "2008-12-31": 1442, "2008-09-30": 354, "2008-06-30": 412, "2008-03-31": "440.00000", "2007-12-31": 642, "2007-09-30": 192, "2007-06-30": 296, "2007-03-31": "330.00000", "2006-12-31": 27, "2006-09-30": 308, "2006-06-30": 309, "2006-03-31": "370.00000", "2005-12-31": -27, "2005-09-30": 488, "2005-06-30": 350, "2005-03-31": "399.00000"}, "Change In Accounts Receivable": {"2020-09-30": -329, "2020-06-30": -317, "2020-03-31": "-784.00000", "2019-12-31": 1066, "2019-09-30": -344, "2019-06-30": -966, "2019-03-31": "-406.00000", "2018-12-31": 1046, "2018-09-30": -280, "2018-06-30": -857, "2018-03-31": "-162.00000", "2017-12-31": 797, "2017-09-30": -266, "2017-06-30": -605, "2017-03-31": "-128.00000", "2016-12-31": 952, "2016-09-30": -252, "2016-06-30": -700, "2016-03-31": "-349.00000", "2015-12-31": 1092, "2015-09-30": -244, "2015-06-30": -874, "2015-03-31": "-435.00000", "2014-12-31": 1239, "2014-09-30": -28, "2014-06-30": -1196, "2014-03-31": "-358.00000", "2013-12-31": 1174, "2013-09-30": -174, "2013-06-30": -913, "2013-03-31": "-175.00000", "2012-12-31": 1050, "2012-09-30": -216, "2012-06-30": -1013, "2012-03-31": "-71.00000", "2011-12-31": 977, "2011-09-30": -152, "2011-06-30": -1220, "2011-03-31": "-271.00000", "2010-12-31": 1019, "2010-09-30": -293, "2010-06-30": -839, "2010-03-31": "-155.00000", "2009-12-31": 647, "2009-09-30": 30, "2009-06-30": -375, "2009-03-31": "-114.00000", "2008-12-31": 617, "2008-09-30": -64, "2008-06-30": -749, "2008-03-31": "-353.00000", "2007-12-31": 439, "2007-09-30": 8, "2007-06-30": -475, "2007-03-31": "-377.00000", "2006-12-31": 455, "2006-09-30": -32, "2006-06-30": -406, "2006-03-31": "-347.00000", "2005-12-31": 479, "2005-09-30": -164, "2005-06-30": -350, "2005-03-31": "-237.00000"}, "Change In Inventories": {"2020-09-30": 278, "2020-06-30": -515, "2020-03-31": "-312.00000", "2019-12-31": 383, "2019-09-30": 299, "2019-06-30": -437, "2019-03-31": "-435.00000", "2018-12-31": 188, "2018-09-30": 275, "2018-06-30": -254, "2018-03-31": "-383.00000", "2017-12-31": 256, "2017-09-30": 402, "2017-06-30": -313, "2017-03-31": "-513.00000", "2016-12-31": 306, "2016-09-30": 374, "2016-06-30": -225, "2016-03-31": "-530.00000", "2015-12-31": 330, "2015-09-30": 288, "2015-06-30": -448, "2015-03-31": "-414.00000", "2014-12-31": 370, "2014-09-30": 341, "2014-06-30": -416, "2014-03-31": "-406.00000", "2013-12-31": 341, "2013-09-30": 322, "2013-06-30": -308, "2013-03-31": "-351.00000", "2012-12-31": 378, "2012-09-30": 409, "2012-06-30": -377, "2012-03-31": "-266.00000", "2011-12-31": 135, "2011-09-30": 276, "2011-06-30": -665, "2011-03-31": "-77.00000", "2010-12-31": 52, "2010-09-30": 184, "2010-06-30": -269, "2010-03-31": "309.00000", "2009-12-31": 145, "2009-09-30": 256, "2009-06-30": -245, "2009-03-31": "-139.00000", "2008-12-31": 17, "2008-09-30": 240, "2008-06-30": -427, "2008-03-31": "-175.00000", "2007-12-31": 40, "2007-09-30": 282, "2007-06-30": -392, "2007-03-31": "-134.00000", "2006-12-31": 60, "2006-09-30": 150, "2006-06-30": -217, "2006-03-31": "-179.00000", "2005-12-31": -28, "2005-09-30": 178, "2005-06-30": -189, "2005-03-31": "-93.00000"}, "Change In Accounts Payable": {"2020-09-30": 0, "2020-06-30": 0, "2020-03-31": "", "2019-12-31": 0, "2019-09-30": 0, "2019-06-30": 0, "2019-03-31": "", "2018-12-31": 0, "2018-09-30": 0, "2018-06-30": 0, "2018-03-31": "", "2017-12-31": 0, "2017-09-30": 0, "2017-06-30": 0, "2017-03-31": "", "2016-12-31": 0, "2016-09-30": 0, "2016-06-30": 0, "2016-03-31": "", "2015-12-31": 0, "2015-09-30": 0, "2015-06-30": 0, "2015-03-31": "", "2014-12-31": 0, "2014-09-30": 0, "2014-06-30": 0, "2014-03-31": "", "2013-12-31": 0, "2013-09-30": 0, "2013-06-30": 0, "2013-03-31": "", "2012-12-31": 0, "2012-09-30": 0, "2012-06-30": 0, "2012-03-31": "", "2011-12-31": 0, "2011-09-30": 0, "2011-06-30": 0, "2011-03-31": "", "2010-12-31": 0, "2010-09-30": 0, "2010-06-30": 0, "2010-03-31": "", "2009-12-31": 0, "2009-09-30": 0, "2009-06-30": 0, "2009-03-31": "", "2008-12-31": 0, "2008-09-30": 0, "2008-06-30": 0, "2008-03-31": "", "2007-12-31": 0, "2007-09-30": 0, "2007-06-30": 0, "2007-03-31": "", "2006-12-31": 0, "2006-09-30": 0, "2006-06-30": 0, "2006-03-31": "", "2005-12-31": 0, "2005-09-30": 0, "2005-06-30": 0, "2005-03-31": ""}, "Change In Assets/Liabilities": {"2020-09-30": 49, "2020-06-30": 12, "2020-03-31": "-263.00000", "2019-12-31": 177, "2019-09-30": 72, "2019-06-30": 46, "2019-03-31": "-382.00000", "2018-12-31": 167, "2018-09-30": 66, "2018-06-30": 123, "2018-03-31": "-347.00000", "2017-12-31": 139, "2017-09-30": 131, "2017-06-30": 49, "2017-03-31": "-299.00000", "2016-12-31": 151, "2016-09-30": 61, "2016-06-30": 53, "2016-03-31": "-255.00000", "2015-12-31": 107, "2015-09-30": 107, "2015-06-30": -2, "2015-03-31": "-262.00000", "2014-12-31": 98, "2014-09-30": 134, "2014-06-30": 82, "2014-03-31": "-234.00000", "2013-12-31": 105, "2013-09-30": 85, "2013-06-30": -40, "2013-03-31": "-201.00000", "2012-12-31": 172, "2012-09-30": 113, "2012-06-30": 1, "2012-03-31": "-197.00000", "2011-12-31": 27, "2011-09-30": 90, "2011-06-30": -7, "2011-03-31": "-137.00000", "2010-12-31": 158, "2010-09-30": 125, "2010-06-30": -41, "2010-03-31": "-98.00000", "2009-12-31": -144, "2009-09-30": 141, "2009-06-30": 79, "2009-03-31": "-203.00000", "2008-12-31": -19, "2008-09-30": 170, "2008-06-30": 116, "2008-03-31": "-335.00000", "2007-12-31": -67, "2007-09-30": 120, "2007-06-30": 6, "2007-03-31": "-75.00000", "2006-12-31": -39, "2006-09-30": 31, "2006-06-30": 10, "2006-03-31": "-39.00000", "2005-12-31": -104, "2005-09-30": 36, "2005-06-30": 9, "2005-03-31": "3.00000"}, "Total Change In Assets/Liabilities": {"2020-09-30": 1758, "2020-06-30": -493, "2020-03-31": "-2574.00000", "2019-12-31": 1647, "2019-09-30": 773, "2019-06-30": -589, "2019-03-31": "-2310.00000", "2018-12-31": 1941, "2018-09-30": 1001, "2018-06-30": -266, "2018-03-31": "-1764.00000", "2017-12-31": 918, "2017-09-30": 932, "2017-06-30": -183, "2017-03-31": "-2154.00000", "2016-12-31": 1383, "2016-09-30": 888, "2016-06-30": 102, "2016-03-31": "-1477.00000", "2015-12-31": 1260, "2015-09-30": 1322, "2015-06-30": -84, "2015-03-31": "-1506.00000", "2014-12-31": 1588, "2014-09-30": 1343, "2014-06-30": -136, "2014-03-31": "-1636.00000", "2013-12-31": 1168, "2013-09-30": 835, "2013-06-30": 16, "2013-03-31": "-1061.00000", "2012-12-31": 1034, "2012-09-30": 1084, "2012-06-30": -280, "2012-03-31": "-1404.00000", "2011-12-31": 241, "2011-09-30": 508, "2011-06-30": -442, "2011-03-31": "-1151.00000", "2010-12-31": 291, "2010-09-30": 1283, "2010-06-30": -437, "2010-03-31": "-374.00000", "2009-12-31": 161, "2009-09-30": 936, "2009-06-30": -187, "2009-03-31": "-646.00000", "2008-12-31": 375, "2008-09-30": 548, "2008-06-30": -327, "2008-03-31": "-1020.00000", "2007-12-31": -92, "2007-09-30": 1223, "2007-06-30": -376, "2007-03-31": "-730.00000", "2006-12-31": -45, "2006-09-30": 660, "2006-06-30": -38, "2006-03-31": "-1146.00000", "2005-12-31": 63, "2005-09-30": 788, "2005-06-30": 102, "2005-03-31": "-616.00000"}, "Cash Flow From Operating Activities": {"2020-09-30": 4661, "2020-06-30": 2211, "2020-03-31": "-749.00000", "2019-12-31": 4586, "2019-09-30": 3675, "2019-06-30": 1733, "2019-03-31": "-345.00000", "2018-12-31": 4683, "2018-09-30": 3645, "2018-06-30": 2396, "2018-03-31": "-1309.00000", "2017-12-31": 3943, "2017-09-30": 3836, "2017-06-30": 2444, "2017-03-31": "-193.00000", "2016-12-31": 3839, "2016-09-30": 3717, "2016-06-30": 2802, "2016-03-31": "305.00000", "2015-12-31": 4089, "2015-09-30": 4014, "2015-06-30": 2491, "2015-03-31": "270.00000", "2014-12-31": 3813, "2014-09-30": 4021, "2014-06-30": 2491, "2014-03-31": "181.00000", "2013-12-31": 3026, "2013-09-30": 3647, "2013-06-30": 2313, "2013-03-31": "702.00000", "2012-12-31": 3361, "2012-09-30": 3871, "2012-06-30": 1937, "2012-03-31": "-690.00000", "2011-12-31": 3110, "2011-09-30": 3481, "2011-06-30": 1973, "2011-03-31": "380.00000", "2010-12-31": 2660, "2010-09-30": 3346, "2010-06-30": 2201, "2010-03-31": "241.00000", "2009-12-31": 2393, "2009-09-30": 2911, "2009-06-30": 1758, "2009-03-31": "-266.00000", "2008-12-31": 2341, "2008-09-30": 2465, "2008-06-30": 1673, "2008-03-31": "520.00000", "2007-12-31": 1764, "2007-09-30": 3152, "2007-06-30": 1392, "2007-03-31": "626.00000", "2006-12-31": 1813, "2006-09-30": 2491, "2006-06-30": 1607, "2006-03-31": "173.00000", "2005-12-31": 1294, "2005-09-30": 2195, "2005-06-30": 1614, "2005-03-31": "749.00000"}, "Net Change In Property, Plant, And Equipment": {"2020-09-30": -878, "2020-06-30": -691, "2020-03-31": "-479.00000", "2019-12-31": -2166, "2019-09-30": -771, "2019-06-30": -685, "2019-03-31": "-440.00000", "2018-12-31": -1689, "2018-09-30": -557, "2018-06-30": -559, "2018-03-31": "-343.00000", "2017-12-31": -1397, "2017-09-30": -544, "2017-06-30": -543, "2017-03-31": "-305.00000", "2016-12-31": -1434, "2016-09-30": -635, "2016-06-30": -508, "2016-03-31": "-364.00000", "2015-12-31": -1272, "2015-09-30": -594, "2015-06-30": -547, "2015-03-31": "-259.00000", "2014-12-31": -1264, "2014-09-30": -601, "2014-06-30": -531, "2014-03-31": "-348.00000", "2013-12-31": -1240, "2013-09-30": -565, "2013-06-30": -586, "2013-03-31": "-295.00000", "2012-12-31": -1268, "2012-09-30": -492, "2012-06-30": -560, "2012-03-31": "-299.00000", "2011-12-31": -1339, "2011-09-30": -719, "2011-06-30": -776, "2011-03-31": "-421.00000", "2010-12-31": -1557, "2010-09-30": -684, "2010-06-30": -673, "2010-03-31": "-258.00000", "2009-12-31": -965, "2009-09-30": -396, "2009-06-30": -419, "2009-03-31": "-290.00000", "2008-12-31": -1034, "2008-09-30": -483, "2008-06-30": -575, "2008-03-31": "-256.00000", "2007-12-31": -1146, "2007-09-30": -509, "2007-06-30": -465, "2007-03-31": "-263.00000", "2006-12-31": -926, "2006-09-30": -400, "2006-06-30": -410, "2006-03-31": "-283.00000", "2005-12-31": -917, "2005-09-30": -295, "2005-06-30": -280, "2005-03-31": "-156.00000"}, "Net Change In Intangible Assets": {"2020-09-30": 0, "2020-06-30": 0, "2020-03-31": "", "2019-12-31": 0, "2019-09-30": 0, "2019-06-30": 0, "2019-03-31": "", "2018-12-31": 0, "2018-09-30": 0, "2018-06-30": 0, "2018-03-31": "", "2017-12-31": 0, "2017-09-30": 0, "2017-06-30": 0, "2017-03-31": "", "2016-12-31": 0, "2016-09-30": 0, "2016-06-30": 0, "2016-03-31": "", "2015-12-31": 0, "2015-09-30": 0, "2015-06-30": 0, "2015-03-31": "", "2014-12-31": 0, "2014-09-30": 0, "2014-06-30": 0, "2014-03-31": "", "2013-12-31": 0, "2013-09-30": 0, "2013-06-30": 0, "2013-03-31": "", "2012-12-31": 0, "2012-09-30": 0, "2012-06-30": 0, "2012-03-31": "", "2011-12-31": 0, "2011-09-30": 0, "2011-06-30": 0, "2011-03-31": "", "2010-12-31": 900, "2010-09-30": 0, "2010-06-30": 0, "2010-03-31": "-900.00000", "2009-12-31": 0, "2009-09-30": 0, "2009-06-30": 0, "2009-03-31": "", "2008-12-31": 0, "2008-09-30": 0, "2008-06-30": 0, "2008-03-31": "", "2007-12-31": 0, "2007-09-30": 0, "2007-06-30": 0, "2007-03-31": "", "2006-12-31": 0, "2006-09-30": 0, "2006-06-30": 0, "2006-03-31": "", "2005-12-31": 0, "2005-09-30": 0, "2005-06-30": 0, "2005-03-31": ""}, "Net Acquisitions/Divestitures": {"2020-09-30": -724, "2020-06-30": -5191, "2020-03-31": "-454.00000", "2019-12-31": -89, "2019-09-30": -221, "2019-06-30": -291, "2019-03-31": "-1863.00000", "2018-12-31": -1032, "2018-09-30": -51, "2018-06-30": 86, "2018-03-31": "6.00000", "2017-12-31": 108, "2017-09-30": -5, "2017-06-30": 98, "2017-03-31": "5.00000", "2016-12-31": -187, "2016-09-30": -11, "2016-06-30": 16, "2016-03-31": "55.00000", "2015-12-31": -61, "2015-09-30": -7, "2015-06-30": -1, "2015-03-31": "59.00000", "2014-12-31": 10, "2014-09-30": 13, "2014-06-30": 31, "2014-03-31": "61.00000", "2013-12-31": -68, "2013-09-30": -23, "2013-06-30": 142, "2013-03-31": "-30.00000", "2012-12-31": -92, "2012-09-30": -34, "2012-06-30": -310, "2012-03-31": "-23.00000", "2011-12-31": 329, "2011-09-30": -89, "2011-06-30": -33, "2011-03-31": "-2456.00000", "2010-12-31": -927, "2010-09-30": -10, "2010-06-30": -19, "2010-03-31": "-2848.00000", "2009-12-31": -216, "2009-09-30": -66, "2009-06-30": -77, "2009-03-31": "-27.00000", "2008-12-31": 61, "2008-09-30": -1600, "2008-06-30": 4, "2008-03-31": "-66.00000", "2007-12-31": -313, "2007-09-30": -31, "2007-06-30": -324, "2007-03-31": "-337.00000", "2006-12-31": -8, "2006-09-30": 95, "2006-06-30": -64, "2006-03-31": "-190.00000", "2005-12-31": -6, "2005-09-30": -18, "2005-06-30": -110, "2005-03-31": "-744.00000"}, "Net Change In Short-term Investments": {"2020-09-30": -395, "2020-06-30": 11, "2020-03-31": "7.00000", "2019-12-31": 73, "2019-09-30": 10, "2019-06-30": 5, "2019-03-31": "9.00000", "2018-12-31": 1685, "2018-09-30": 2379, "2018-06-30": 2904, "2018-03-31": "1733.00000", "2017-12-31": -856, "2017-09-30": -1159, "2017-06-30": -402, "2017-03-31": "568.00000", "2016-12-31": -2496, "2016-09-30": -785, "2016-06-30": 295, "2016-03-31": "-1103.00000", "2015-12-31": -928, "2015-09-30": 21, "2015-06-30": 73, "2015-03-31": "520.00000", "2014-12-31": 3008, "2014-09-30": -1926, "2014-06-30": -3439, "2014-03-31": "59.00000", "2013-12-31": 69, "2013-09-30": -4, "2013-06-30": -44, "2013-03-31": "40.00000", "2012-12-31": 82, "2012-09-30": -62, "2012-06-30": -11, "2012-03-31": "52.00000", "2011-12-31": 100, "2011-09-30": -34, "2011-06-30": -63, "2011-03-31": "63.00000", "2010-12-31": -172, "2010-09-30": -3, "2010-06-30": -35, "2010-03-31": "-2.00000", "2009-12-31": 25, "2009-09-30": 13, "2009-06-30": 10, "2009-03-31": "7.00000", "2008-12-31": 82, "2008-09-30": -55, "2008-06-30": 697, "2008-03-31": "558.00000", "2007-12-31": -360, "2007-09-30": -349, "2007-06-30": -76, "2007-03-31": "402.00000", "2006-12-31": 918, "2006-09-30": 191, "2006-06-30": 108, "2006-03-31": "800.00000", "2005-12-31": 867, "2005-09-30": -696, "2005-06-30": -634, "2005-03-31": "-528.00000"}, "Net Change In Long-Term Investments": {"2020-09-30": 0, "2020-06-30": 0, "2020-03-31": "", "2019-12-31": 0, "2019-09-30": 0, "2019-06-30": 0, "2019-03-31": "", "2018-12-31": 0, "2018-09-30": 0, "2018-06-30": 0, "2018-03-31": "", "2017-12-31": 0, "2017-09-30": 0, "2017-06-30": 0, "2017-03-31": "", "2016-12-31": 0, "2016-09-30": 0, "2016-06-30": 0, "2016-03-31": "", "2015-12-31": 0, "2015-09-30": 0, "2015-06-30": 0, "2015-03-31": "", "2014-12-31": 0, "2014-09-30": 0, "2014-06-30": 0, "2014-03-31": "", "2013-12-31": 0, "2013-09-30": 0, "2013-06-30": 0, "2013-03-31": "", "2012-12-31": 0, "2012-09-30": 0, "2012-06-30": 0, "2012-03-31": "", "2011-12-31": 0, "2011-09-30": 0, "2011-06-30": 0, "2011-03-31": "-164.00000", "2010-12-31": -463, "2010-09-30": 0, "2010-06-30": 0, "2010-03-31": "", "2009-12-31": 0, "2009-09-30": 0, "2009-06-30": 0, "2009-03-31": "", "2008-12-31": 0, "2008-09-30": 0, "2008-06-30": 0, "2008-03-31": "", "2007-12-31": 24, "2007-09-30": 3, "2007-06-30": 0, "2007-03-31": "", "2006-12-31": -14, "2006-09-30": -11, "2006-06-30": 0, "2006-03-31": "", "2005-12-31": 0, "2005-09-30": 0, "2005-06-30": 0, "2005-03-31": ""}, "Net Change In Investments - Total": {"2020-09-30": -395, "2020-06-30": 11, "2020-03-31": "7.00000", "2019-12-31": 73, "2019-09-30": 10, "2019-06-30": 5, "2019-03-31": "9.00000", "2018-12-31": 1685, "2018-09-30": 2379, "2018-06-30": 2904, "2018-03-31": "1733.00000", "2017-12-31": -856, "2017-09-30": -1159, "2017-06-30": -402, "2017-03-31": "568.00000", "2016-12-31": -2496, "2016-09-30": -785, "2016-06-30": 295, "2016-03-31": "-1103.00000", "2015-12-31": -928, "2015-09-30": 21, "2015-06-30": 73, "2015-03-31": "520.00000", "2014-12-31": 3008, "2014-09-30": -1926, "2014-06-30": -3439, "2014-03-31": "59.00000", "2013-12-31": 69, "2013-09-30": -4, "2013-06-30": -44, "2013-03-31": "40.00000", "2012-12-31": 82, "2012-09-30": -62, "2012-06-30": -11, "2012-03-31": "52.00000", "2011-12-31": 100, "2011-09-30": -34, "2011-06-30": -63, "2011-03-31": "-101.00000", "2010-12-31": -635, "2010-09-30": -3, "2010-06-30": -35, "2010-03-31": "-2.00000", "2009-12-31": 25, "2009-09-30": 13, "2009-06-30": 10, "2009-03-31": "7.00000", "2008-12-31": 82, "2008-09-30": -55, "2008-06-30": 697, "2008-03-31": "558.00000", "2007-12-31": -336, "2007-09-30": -346, "2007-06-30": -76, "2007-03-31": "402.00000", "2006-12-31": 904, "2006-09-30": 180, "2006-06-30": 108, "2006-03-31": "800.00000", "2005-12-31": 867, "2005-09-30": -696, "2005-06-30": -634, "2005-03-31": "-528.00000"}, "Investing Activities - Other": {"2020-09-30": -2, "2020-06-30": 34, "2020-03-31": "1.00000", "2019-12-31": 30, "2019-09-30": -32, "2019-06-30": 0, "2019-03-31": "-6.00000", "2018-12-31": 2, "2018-09-30": 0, "2018-06-30": 0, "2018-03-31": "", "2017-12-31": 20, "2017-09-30": 1, "2017-06-30": 7, "2017-03-31": "1.00000", "2016-12-31": -2, "2016-09-30": 8, "2016-06-30": 1, "2016-03-31": "", "2015-12-31": -2, "2015-09-30": -568, "2015-06-30": -3, "2015-03-31": "", "2014-12-31": -13, "2014-09-30": -2, "2014-06-30": 0, "2014-03-31": "5.00000", "2013-12-31": -8, "2013-09-30": 0, "2013-06-30": -13, "2013-03-31": "", "2012-12-31": 1, "2012-09-30": -2, "2012-06-30": 0, "2012-03-31": "13.00000", "2011-12-31": -13, "2011-09-30": -1, "2011-06-30": -1, "2011-03-31": "-1.00000", "2010-12-31": -5, "2010-09-30": -2, "2010-06-30": -7, "2010-03-31": "-3.00000", "2009-12-31": 0, "2009-09-30": 0, "2009-06-30": 0, "2009-03-31": "", "2008-12-31": 0, "2008-09-30": 0, "2008-06-30": 0, "2008-03-31": "", "2007-12-31": 0, "2007-09-30": 0, "2007-06-30": 0, "2007-03-31": "", "2006-12-31": 0, "2006-09-30": 0, "2006-06-30": 0, "2006-03-31": "", "2005-12-31": 0, "2005-09-30": 0, "2005-06-30": 0, "2005-03-31": ""}, "Cash Flow From Investing Activities": {"2020-09-30": -1999, "2020-06-30": -5837, "2020-03-31": "-925.00000", "2019-12-31": -2152, "2019-09-30": -1014, "2019-06-30": -971, "2019-03-31": "-2300.00000", "2018-12-31": -1034, "2018-09-30": 1771, "2018-06-30": 2431, "2018-03-31": "1396.00000", "2017-12-31": -2125, "2017-09-30": -1707, "2017-06-30": -840, "2017-03-31": "269.00000", "2016-12-31": -4119, "2016-09-30": -1423, "2016-06-30": -196, "2016-03-31": "-1412.00000", "2015-12-31": -2263, "2015-09-30": -1148, "2015-06-30": -478, "2015-03-31": "320.00000", "2014-12-31": 1741, "2014-09-30": -2516, "2014-06-30": -3939, "2014-03-31": "-223.00000", "2013-12-31": -1247, "2013-09-30": -592, "2013-06-30": -501, "2013-03-31": "-285.00000", "2012-12-31": -1277, "2012-09-30": -590, "2012-06-30": -881, "2012-03-31": "-257.00000", "2011-12-31": -923, "2011-09-30": -843, "2011-06-30": -873, "2011-03-31": "-2979.00000", "2010-12-31": -2224, "2010-09-30": -699, "2010-06-30": -734, "2010-03-31": "-4011.00000", "2009-12-31": -1156, "2009-09-30": -449, "2009-06-30": -486, "2009-03-31": "-310.00000", "2008-12-31": -891, "2008-09-30": -2138, "2008-06-30": 126, "2008-03-31": "236.00000", "2007-12-31": -1795, "2007-09-30": -886, "2007-06-30": -865, "2007-03-31": "-198.00000", "2006-12-31": -30, "2006-09-30": -125, "2006-06-30": -366, "2006-03-31": "327.00000", "2005-12-31": -56, "2005-09-30": -1009, "2005-06-30": -1024, "2005-03-31": "-1428.00000"}, "Net Long-Term Debt": {"2020-09-30": -62, "2020-06-30": 3384, "2020-03-31": "6428.00000", "2019-12-31": 507, "2019-09-30": 1975, "2019-06-30": -1102, "2019-03-31": "-729.00000", "2018-12-31": -1501, "2018-09-30": -4, "2018-06-30": -2502, "2018-03-31": "", "2017-12-31": 2834, "2017-09-30": -2253, "2017-06-30": 3274, "2017-03-31": "-752.00000", "2016-12-31": 4443, "2016-09-30": 821, "2016-06-30": -1832, "2016-03-31": "1281.00000", "2015-12-31": 2954, "2015-09-30": 1220, "2015-06-30": 2485, "2015-03-31": "-2052.00000", "2014-12-31": 488, "2014-09-30": -531, "2014-06-30": 1371, "2014-03-31": "338.00000", "2013-12-31": -930, "2013-09-30": 685, "2013-06-30": -755, "2013-03-31": "1301.00000", "2012-12-31": -300, "2012-09-30": 2151, "2012-06-30": -1025, "2012-03-31": "2724.00000", "2011-12-31": 0, "2011-09-30": -836, "2011-06-30": 1470, "2011-03-31": "-1.00000", "2010-12-31": 1750, "2010-09-30": -48, "2010-06-30": -19, "2010-03-31": "4209.00000", "2009-12-31": -38, "2009-09-30": -33, "2009-06-30": -103, "2009-03-31": "1005.00000", "2008-12-31": 1825, "2008-09-30": -51, "2008-06-30": 1550, "2008-03-31": "-254.00000", "2007-12-31": 1126, "2007-09-30": -8, "2007-06-30": 497, "2007-03-31": "-26.00000", "2006-12-31": 5, "2006-09-30": -85, "2006-06-30": -4, "2006-03-31": "-22.00000", "2005-12-31": -20, "2005-09-30": -60, "2005-06-30": -82, "2005-03-31": "10.00000"}, "Net Current Debt": {"2020-09-30": -691, "2020-06-30": -8, "2020-03-31": "2956.00000", "2019-12-31": -99, "2019-09-30": -558, "2019-06-30": 541, "2019-03-31": "117.00000", "2018-12-31": 33, "2018-09-30": -5473, "2018-06-30": -216, "2018-03-31": "4290.00000", "2017-12-31": -2565, "2017-09-30": 1690, "2017-06-30": -2602, "2017-03-31": "2424.00000", "2016-12-31": -532, "2016-09-30": -750, "2016-06-30": 2348, "2016-03-31": "471.00000", "2015-12-31": -1388, "2015-09-30": -834, "2015-06-30": -1490, "2015-03-31": "3737.00000", "2014-12-31": -4136, "2014-09-30": 591, "2014-06-30": -577, "2014-03-31": "2125.00000", "2013-12-31": 977, "2013-09-30": -565, "2013-06-30": 906, "2013-03-31": "-153.00000", "2012-12-31": 733, "2012-09-30": -2520, "2012-06-30": 2116, "2012-03-31": "-1790.00000", "2011-12-31": 247, "2011-09-30": 318, "2011-06-30": -1379, "2011-03-31": "1117.00000", "2010-12-31": -897, "2010-09-30": 38, "2010-06-30": 2313, "2010-03-31": "1028.00000", "2009-12-31": -21, "2009-09-30": -770, "2009-06-30": -556, "2009-03-31": "329.00000", "2008-12-31": -1557, "2008-09-30": 1297, "2008-06-30": -1273, "2008-03-31": "1978.00000", "2007-12-31": 7, "2007-09-30": -668, "2007-06-30": 252, "2007-03-31": "14.00000", "2006-12-31": -307, "2006-09-30": -534, "2006-06-30": -809, "2006-03-31": "-691.00000", "2005-12-31": 627, "2005-09-30": 285, "2005-06-30": 203, "2005-03-31": "733.00000"}, "Debt Issuance/Retirement Net - Total": {"2020-09-30": -753, "2020-06-30": 3376, "2020-03-31": "9384.00000", "2019-12-31": 408, "2019-09-30": 1417, "2019-06-30": -561, "2019-03-31": "-612.00000", "2018-12-31": -1468, "2018-09-30": -5477, "2018-06-30": -2718, "2018-03-31": "4290.00000", "2017-12-31": 269, "2017-09-30": -563, "2017-06-30": 672, "2017-03-31": "1672.00000", "2016-12-31": 3911, "2016-09-30": 71, "2016-06-30": 516, "2016-03-31": "1752.00000", "2015-12-31": 1566, "2015-09-30": 386, "2015-06-30": 995, "2015-03-31": "1685.00000", "2014-12-31": -3648, "2014-09-30": 60, "2014-06-30": 794, "2014-03-31": "2463.00000", "2013-12-31": 47, "2013-09-30": 120, "2013-06-30": 151, "2013-03-31": "1148.00000", "2012-12-31": 433, "2012-09-30": -369, "2012-06-30": 1091, "2012-03-31": "934.00000", "2011-12-31": 247, "2011-09-30": -518, "2011-06-30": 91, "2011-03-31": "1116.00000", "2010-12-31": 853, "2010-09-30": -10, "2010-06-30": 2294, "2010-03-31": "5237.00000", "2009-12-31": -59, "2009-09-30": -803, "2009-06-30": -659, "2009-03-31": "1334.00000", "2008-12-31": 268, "2008-09-30": 1246, "2008-06-30": 277, "2008-03-31": "1724.00000", "2007-12-31": 1133, "2007-09-30": -676, "2007-06-30": 749, "2007-03-31": "-12.00000", "2006-12-31": -302, "2006-09-30": -619, "2006-06-30": -813, "2006-03-31": "-713.00000", "2005-12-31": 607, "2005-09-30": 225, "2005-06-30": 121, "2005-03-31": "743.00000"}, "Net Common Equity Issued/Repurchased": {"2020-09-30": -381, "2020-06-30": -522, "2020-03-31": "-495.00000", "2019-12-31": -685, "2019-09-30": -470, "2019-06-30": -679, "2019-03-31": "-837.00000", "2018-12-31": -492, "2018-09-30": -388, "2018-06-30": -471, "2018-03-31": "-368.00000", "2017-12-31": -470, "2017-09-30": -442, "2017-06-30": -427, "2017-03-31": "-199.00000", "2016-12-31": -871, "2016-09-30": -628, "2016-06-30": -582, "2016-03-31": "-454.00000", "2015-12-31": -1624, "2015-09-30": -992, "2015-06-30": -927, "2015-03-31": "-953.00000", "2014-12-31": -1611, "2014-09-30": -828, "2014-06-30": -740, "2014-03-31": "-1078.00000", "2013-12-31": -828, "2013-09-30": -845, "2013-06-30": -28, "2013-03-31": "-177.00000", "2012-12-31": -696, "2012-09-30": -691, "2012-06-30": -842, "2012-03-31": "132.00000", "2011-12-31": -339, "2011-09-30": -1111, "2011-06-30": 49, "2011-03-31": "-143.00000", "2010-12-31": -222, "2010-09-30": -874, "2010-06-30": -2376, "2010-03-31": "-468.00000", "2009-12-31": 226, "2009-09-30": 70, "2009-06-30": 26, "2009-03-31": "91.00000", "2008-12-31": -398, "2008-09-30": -1137, "2008-06-30": -1328, "2008-03-31": "-1237.00000", "2007-12-31": -735, "2007-09-30": -978, "2007-06-30": -833, "2007-03-31": "-646.00000", "2006-12-31": -657, "2006-09-30": -377, "2006-06-30": -548, "2006-03-31": "-224.00000", "2005-12-31": -535, "2005-09-30": -728, "2005-06-30": -389, "2005-03-31": "-261.00000"}, "Net Total Equity Issued/Repurchased": {"2020-09-30": -381, "2020-06-30": -522, "2020-03-31": "-495.00000", "2019-12-31": -685, "2019-09-30": -470, "2019-06-30": -679, "2019-03-31": "-837.00000", "2018-12-31": -492, "2018-09-30": -388, "2018-06-30": -471, "2018-03-31": "-370.00000", "2017-12-31": -471, "2017-09-30": -444, "2017-06-30": -428, "2017-03-31": "-200.00000", "2016-12-31": -875, "2016-09-30": -629, "2016-06-30": -582, "2016-03-31": "-456.00000", "2015-12-31": -1626, "2015-09-30": -993, "2015-06-30": -928, "2015-03-31": "-954.00000", "2014-12-31": -1614, "2014-09-30": -832, "2014-06-30": -741, "2014-03-31": "-1080.00000", "2013-12-31": -830, "2013-09-30": -846, "2013-06-30": -30, "2013-03-31": "-179.00000", "2012-12-31": -698, "2012-09-30": -693, "2012-06-30": -844, "2012-03-31": "131.00000", "2011-12-31": -341, "2011-09-30": -1112, "2011-06-30": 47, "2011-03-31": "-145.00000", "2010-12-31": -224, "2010-09-30": -875, "2010-06-30": -2377, "2010-03-31": "-469.00000", "2009-12-31": 223, "2009-09-30": 69, "2009-06-30": 24, "2009-03-31": "90.00000", "2008-12-31": -400, "2008-09-30": -1138, "2008-06-30": -1330, "2008-03-31": "-1238.00000", "2007-12-31": -739, "2007-09-30": -982, "2007-06-30": -835, "2007-03-31": "-648.00000", "2006-12-31": -660, "2006-09-30": -379, "2006-06-30": -551, "2006-03-31": "-226.00000", "2005-12-31": -540, "2005-09-30": -731, "2005-06-30": -394, "2005-03-31": "-267.00000"}, "Total Common And Preferred Stock Dividends Paid": {"2020-09-30": -1417, "2020-06-30": -1328, "2020-03-31": "-1349.00000", "2019-12-31": -1333, "2019-09-30": -1336, "2019-06-30": -1303, "2019-03-31": "-1332.00000", "2018-12-31": -1309, "2018-09-30": -1316, "2018-06-30": -1145, "2018-03-31": "-1160.00000", "2017-12-31": -1148, "2017-09-30": -1149, "2017-06-30": -1077, "2017-03-31": "-1098.00000", "2016-12-31": -1083, "2016-09-30": -1084, "2016-06-30": -1022, "2016-03-31": "-1038.00000", "2015-12-31": -1032, "2015-09-30": -1035, "2015-06-30": -995, "2015-03-31": "-978.00000", "2014-12-31": -985, "2014-09-30": -993, "2014-06-30": -864, "2014-03-31": "-888.00000", "2013-12-31": -876, "2013-09-30": -881, "2013-06-30": -846, "2013-03-31": "-831.00000", "2012-12-31": -835, "2012-09-30": -844, "2012-06-30": -810, "2012-03-31": "-816.00000", "2011-12-31": -808, "2011-09-30": -819, "2011-06-30": -761, "2011-03-31": "-769.00000", "2010-12-31": -760, "2010-09-30": -767, "2010-06-30": -739, "2010-03-31": "-712.00000", "2009-12-31": -700, "2009-09-30": -701, "2009-06-30": -662, "2009-03-31": "-669.00000", "2008-12-31": -662, "2008-09-30": -670, "2008-06-30": -599, "2008-03-31": "-610.00000", "2007-12-31": -606, "2007-09-30": -609, "2007-06-30": -491, "2007-03-31": "-498.00000", "2006-12-31": -495, "2006-09-30": -496, "2006-06-30": -431, "2006-03-31": "-432.00000", "2005-12-31": -433, "2005-09-30": -435, "2005-06-30": -387, "2005-03-31": "-387.00000"}, "Financial Activities - Other": {"2020-09-30": -9, "2020-06-30": -17, "2020-03-31": "-78.00000", "2019-12-31": -1050, "2019-09-30": -1, "2019-06-30": -20, "2019-03-31": "-95.00000", "2018-12-31": -1629, "2018-09-30": -32, "2018-06-30": -6, "2018-03-31": "-78.00000", "2017-12-31": -61, "2017-09-30": -37, "2017-06-30": -6, "2017-03-31": "-117.00000", "2016-12-31": -2549, "2016-09-30": -37, "2016-06-30": -5, "2016-03-31": "-101.00000", "2015-12-31": -262, "2015-09-30": -17, "2015-06-30": 39, "2015-03-31": "37.00000", "2014-12-31": 10, "2014-09-30": -7, "2014-06-30": 14, "2014-03-31": "47.00000", "2013-12-31": 5, "2013-09-30": -1, "2013-06-30": 25, "2013-03-31": "35.00000", "2012-12-31": -42, "2012-09-30": 34, "2012-06-30": -12, "2012-03-31": "34.00000", "2011-12-31": -90, "2011-09-30": 5, "2011-06-30": -1302, "2011-03-31": "24.00000", "2010-12-31": 27, "2010-09-30": 26, "2010-06-30": 17, "2010-03-31": "-135.00000", "2009-12-31": 26, "2009-09-30": -18, "2009-06-30": 1, "2009-03-31": "7.00000", "2008-12-31": 24, "2008-09-30": 18, "2008-06-30": 12, "2008-03-31": "53.00000", "2007-12-31": 90, "2007-09-30": 32, "2007-06-30": 39, "2007-03-31": "47.00000", "2006-12-31": 43, "2006-09-30": 27, "2006-06-30": 30, "2006-03-31": "34.00000", "2005-12-31": 0, "2005-09-30": 0, "2005-06-30": 0, "2005-03-31": ""}, "Cash Flow From Financial Activities": {"2020-09-30": -2560, "2020-06-30": 1509, "2020-03-31": "7462.00000", "2019-12-31": -2660, "2019-09-30": -390, "2019-06-30": -2563, "2019-03-31": "-2876.00000", "2018-12-31": -4898, "2018-09-30": -7213, "2018-06-30": -4340, "2018-03-31": "2682.00000", "2017-12-31": -1411, "2017-09-30": -2193, "2017-06-30": -839, "2017-03-31": "257.00000", "2016-12-31": -596, "2016-09-30": -1679, "2016-06-30": -1093, "2016-03-31": "157.00000", "2015-12-31": -1354, "2015-09-30": -1659, "2015-06-30": -889, "2015-03-31": "-210.00000", "2014-12-31": -6237, "2014-09-30": -1772, "2014-06-30": -797, "2014-03-31": "542.00000", "2013-12-31": -1654, "2013-09-30": -1608, "2013-06-30": -700, "2013-03-31": "173.00000", "2012-12-31": -1142, "2012-09-30": -1872, "2012-06-30": -575, "2012-03-31": "283.00000", "2011-12-31": -992, "2011-09-30": -2444, "2011-06-30": -1925, "2011-03-31": "226.00000", "2010-12-31": -104, "2010-09-30": -1626, "2010-06-30": -805, "2010-03-31": "3921.00000", "2009-12-31": -510, "2009-09-30": -1453, "2009-06-30": -1296, "2009-03-31": "762.00000", "2008-12-31": -770, "2008-09-30": -544, "2008-06-30": -1640, "2008-03-31": "-71.00000", "2007-12-31": -122, "2007-09-30": -2235, "2007-06-30": -538, "2007-03-31": "-1111.00000", "2006-12-31": -1414, "2006-09-30": -1467, "2006-06-30": -1765, "2006-03-31": "-1337.00000", "2005-12-31": -366, "2005-09-30": -941, "2005-06-30": -660, "2005-03-31": "89.00000"}, "Net Cash Flow": {"2020-09-30": 170, "2020-06-30": -2303, "2020-03-31": "5722.00000", "2019-12-31": -137, "2019-09-30": 2236, "2019-06-30": -1834, "2019-03-31": "-5464.00000", "2018-12-31": -1274, "2018-09-30": -1851, "2018-06-30": 419, "2018-03-31": "2818.00000", "2017-12-31": 378, "2017-09-30": -24, "2017-06-30": 758, "2017-03-31": "376.00000", "2016-12-31": -1110, "2016-09-30": 610, "2016-06-30": 1522, "2016-03-31": "-972.00000", "2015-12-31": 398, "2015-09-30": 1136, "2015-06-30": 1152, "2015-03-31": "276.00000", "2014-12-31": -1148, "2014-09-30": -325, "2014-06-30": -2232, "2014-03-31": "464.00000", "2013-12-31": 171, "2013-09-30": 1411, "2013-06-30": 1078, "2013-03-31": "418.00000", "2012-12-31": 988, "2012-09-30": 1446, "2012-06-30": 378, "2012-03-31": "-582.00000", "2011-12-31": 984, "2011-09-30": 170, "2011-06-30": -749, "2011-03-31": "-2281.00000", "2010-12-31": 366, "2010-09-30": 1048, "2010-06-30": 580, "2010-03-31": "6.00000", "2009-12-31": 689, "2009-09-30": 1040, "2009-06-30": 26, "2009-03-31": "124.00000", "2008-12-31": 547, "2008-09-30": -251, "2008-06-30": 164, "2008-03-31": "694.00000", "2007-12-31": -125, "2007-09-30": 37, "2007-06-30": 31, "2007-03-31": "-684.00000", "2006-12-31": 385, "2006-09-30": 904, "2006-06-30": -522, "2006-03-31": "-832.00000", "2005-12-31": 872, "2005-09-30": 249, "2005-06-30": -86, "2005-03-31": "-599.00000"}, "Stock-Based Compensation": {"2020-09-30": 85, "2020-06-30": 40, "2020-03-31": "61.00000", "2019-12-31": 68, "2019-09-30": 51, "2019-06-30": 61, "2019-03-31": "57.00000", "2018-12-31": 53, "2018-09-30": 57, "2018-06-30": 66, "2018-03-31": "80.00000", "2017-12-31": 86, "2017-09-30": 63, "2017-06-30": 71, "2017-03-31": "72.00000", "2016-12-31": 94, "2016-09-30": 67, "2016-06-30": 54, "2016-03-31": "69.00000", "2015-12-31": 87, "2015-09-30": 64, "2015-06-30": 68, "2015-03-31": "76.00000", "2014-12-31": 90, "2014-09-30": 67, "2014-06-30": 68, "2014-03-31": "72.00000", "2013-12-31": 84, "2013-09-30": 70, "2013-06-30": 72, "2013-03-31": "77.00000", "2012-12-31": 85, "2012-09-30": 68, "2012-06-30": 69, "2012-03-31": "56.00000", "2011-12-31": 104, "2011-09-30": 76, "2011-06-30": 74, "2011-03-31": "72.00000", "2010-12-31": 108, "2010-09-30": 72, "2010-06-30": 72, "2010-03-31": "47.00000", "2009-12-31": 68, "2009-09-30": 51, "2009-06-30": 54, "2009-03-31": "54.00000", "2008-12-31": 69, "2008-09-30": 57, "2008-06-30": 40, "2008-03-31": "72.00000", "2007-12-31": 78, "2007-09-30": 59, "2007-06-30": 60, "2007-03-31": "63.00000", "2006-12-31": 79, "2006-09-30": 63, "2006-06-30": 61, "2006-03-31": "67.00000", "2005-12-31": 96, "2005-09-30": 68, "2005-06-30": 70, "2005-03-31": "77.00000"}, "Common Stock Dividends Paid": {"2020-09-30": -1417, "2020-06-30": -1328, "2020-03-31": "-1349.00000", "2019-12-31": -1333, "2019-09-30": -1336, "2019-06-30": -1303, "2019-03-31": "-1332.00000", "2018-12-31": -1309, "2018-09-30": -1316, "2018-06-30": -1145, "2018-03-31": "-1160.00000", "2017-12-31": -1148, "2017-09-30": -1149, "2017-06-30": -1077, "2017-03-31": "-1098.00000", "2016-12-31": -1083, "2016-09-30": -1084, "2016-06-30": -1022, "2016-03-31": "-1038.00000", "2015-12-31": -1032, "2015-09-30": -1035, "2015-06-30": -995, "2015-03-31": "-978.00000", "2014-12-31": -985, "2014-09-30": -993, "2014-06-30": -864, "2014-03-31": "-888.00000", "2013-12-31": -876, "2013-09-30": -881, "2013-06-30": -846, "2013-03-31": "-831.00000", "2012-12-31": -835, "2012-09-30": -844, "2012-06-30": -810, "2012-03-31": "-816.00000", "2011-12-31": -808, "2011-09-30": -819, "2011-06-30": -761, "2011-03-31": "-769.00000", "2010-12-31": -760, "2010-09-30": -767, "2010-06-30": -739, "2010-03-31": "-712.00000", "2009-12-31": -700, "2009-09-30": -701, "2009-06-30": -662, "2009-03-31": "-669.00000", "2008-12-31": -662, "2008-09-30": -670, "2008-06-30": -599, "2008-03-31": "-610.00000", "2007-12-31": -606, "2007-09-30": -609, "2007-06-30": -491, "2007-03-31": "-498.00000", "2006-12-31": -495, "2006-09-30": -496, "2006-06-30": -431, "2006-03-31": "-432.00000", "2005-12-31": -433, "2005-09-30": -435, "2005-06-30": -387, "2005-03-31": "-387.00000"}}, "financial ratios": {"Current Ratio": {"2019-12-31": "0.86240", "2018-12-31": "0.98890", "2017-12-31": "1.51340", "2016-12-31": "1.25150", "2015-12-31": "1.31020", "2014-12-31": "1.14210", "2013-12-31": "1.24460", "2012-12-31": "1.09540", "2011-12-31": "0.96070", "2010-12-31": "1.10550", "2009-12-31": "1.43570", "2008-12-31": "1.22980", "2007-12-31": "1.30930", "2006-12-31": "1.33090", "2005-12-31": "1.11140"}, "Long-term Debt / Capital": {"2019-12-31": "0.66220", "2018-12-31": "0.65960", "2017-12-31": "0.75480", "2016-12-31": "0.72850", "2015-12-31": "0.70830", "2014-12-31": "0.57580", "2013-12-31": "0.49940", "2012-12-31": "0.51250", "2011-12-31": "0.49600", "2010-12-31": "0.48220", "2009-12-31": "0.29790", "2008-12-31": "0.38440", "2007-12-31": "0.19610", "2006-12-31": "0.14230", "2005-12-31": "0.13960"}, "Debt/Equity Ratio": {"2019-12-31": "2.15680", "2018-12-31": "2.21350", "2017-12-31": "3.57720", "2016-12-31": "3.29900", "2015-12-31": "2.76680", "2014-12-31": "1.64670", "2013-12-31": "1.21530", "2012-12-31": "1.26610", "2011-12-31": "1.28110", "2010-12-31": "1.15930", "2009-12-31": "0.45090", "2008-12-31": "0.65390", "2007-12-31": "0.24390", "2006-12-31": "0.18380", "2005-12-31": "0.36500"}, "Gross Margin": {"2019-12-31": "55.13470", "2018-12-31": "54.56150", "2017-12-31": "54.66980", "2016-12-31": "55.05980", "2015-12-31": "54.43570", "2014-12-31": "53.15450", "2013-12-31": "52.95790", "2012-12-31": "52.22170", "2011-12-31": "52.49460", "2010-12-31": "54.05270", "2009-12-31": "53.50900", "2008-12-31": "52.94680", "2007-12-31": "54.30410", "2006-12-31": "55.14130", "2005-12-31": "56.46460"}, "Operating Margin": {"2019-12-31": "15.32290", "2018-12-31": "15.63540", "2017-12-31": "16.17630", "2016-12-31": "15.61170", "2015-12-31": "13.24700", "2014-12-31": "14.36800", "2013-12-31": "14.61270", "2012-12-31": "13.91320", "2011-12-31": "14.48480", "2010-12-31": "14.40580", "2009-12-31": "18.60660", "2008-12-31": "16.08980", "2007-12-31": "18.19430", "2006-12-31": "18.50470", "2005-12-31": "18.37730"}, "EBIT Margin": {"2019-12-31": "15.32290", "2018-12-31": "15.63540", "2017-12-31": "16.17630", "2016-12-31": "15.61170", "2015-12-31": "13.24700", "2014-12-31": "14.36800", "2013-12-31": "14.61270", "2012-12-31": "13.91320", "2011-12-31": "14.48480", "2010-12-31": "14.40580", "2009-12-31": "18.60660", "2008-12-31": "16.08980", "2007-12-31": "18.19430", "2006-12-31": "18.50470", "2005-12-31": "18.37730"}, "EBITDA Margin": {"2019-12-31": "18.94400", "2018-12-31": "19.34550", "2017-12-31": "19.90560", "2016-12-31": "19.38250", "2015-12-31": "17.07850", "2014-12-31": "18.30450", "2013-12-31": "18.62230", "2012-12-31": "18.01900", "2011-12-31": "18.60040", "2010-12-31": "18.42910", "2009-12-31": "22.38850", "2008-12-31": "19.65740", "2007-12-31": "21.80680", "2006-12-31": "22.50620", "2005-12-31": "22.39420"}, "Pre-Tax Profit Margin": {"2019-12-31": "13.86520", "2018-12-31": "14.21100", "2017-12-31": "15.11530", "2016-12-31": "13.61960", "2015-12-31": "11.80220", "2014-12-31": "13.13230", "2013-12-31": "13.38700", "2012-12-31": "12.67940", "2011-12-31": "13.28340", "2010-12-31": "14.23290", "2009-12-31": "18.68760", "2008-12-31": "16.28860", "2007-12-31": "19.36210", "2006-12-31": "19.89070", "2005-12-31": "19.59950"}, "Net Profit Margin": {"2019-12-31": "10.89030", "2018-12-31": "19.35480", "2017-12-31": "7.64580", "2016-12-31": "10.07820", "2015-12-31": "8.64630", "2014-12-31": "9.75210", "2013-12-31": "10.14830", "2012-12-31": "9.42250", "2011-12-31": "9.67760", "2010-12-31": "10.91670", "2009-12-31": "13.73980", "2008-12-31": "11.87030", "2007-12-31": "14.30310", "2006-12-31": "16.02580", "2005-12-31": "12.46850"}, "Asset Turnover": {"2019-12-31": "0.85500", "2018-12-31": "0.83270", "2017-12-31": "0.79600", "2016-12-31": "0.85450", "2015-12-31": "0.90510", "2014-12-31": "0.94570", "2013-12-31": "0.85720", "2012-12-31": "0.87750", "2011-12-31": "0.91250", "2010-12-31": "0.84860", "2009-12-31": "1.08490", "2008-12-31": "1.20160", "2007-12-31": "1.13990", "2006-12-31": "1.17400", "2005-12-31": "1.02630"}, "Inventory Turnover Ratio": {"2019-12-31": "9.02700", "2018-12-31": "9.39290", "2017-12-31": "9.77130", "2016-12-31": "10.36430", "2015-12-31": "10.56290", "2014-12-31": "9.93890", "2013-12-31": "9.16490", "2012-12-31": "8.73810", "2011-12-31": "8.25530", "2010-12-31": "7.88110", "2009-12-31": "7.67720", "2008-12-31": "8.06940", "2007-12-31": "7.87690", "2006-12-31": "8.18380", "2005-12-31": "8.37330"}, "Receiveable Turnover": {"2019-12-31": "8.58620", "2018-12-31": "9.05360", "2017-12-31": "9.04400", "2016-12-31": "9.38140", "2015-12-31": "9.79590", "2014-12-31": "", "2013-12-31": "9.55060", "2012-12-31": "9.30150", "2011-12-31": "9.62150", "2010-12-31": "9.14720", "2009-12-31": "9.34950", "2008-12-31": "9.23570", "2007-12-31": "8.99380", "2006-12-31": "9.43280", "2005-12-31": "9.98530"}, "Days Sales In Receivables": {"2019-12-31": "42.51020", "2018-12-31": "40.31530", "2017-12-31": "40.35830", "2016-12-31": "38.90680", "2015-12-31": "37.26060", "2014-12-31": "", "2013-12-31": "38.21740", "2012-12-31": "39.24090", "2011-12-31": "37.93580", "2010-12-31": "39.90270", "2009-12-31": "39.03960", "2008-12-31": "39.52040", "2007-12-31": "40.58330", "2006-12-31": "38.69500", "2005-12-31": "36.55380"}, "ROE - Return On Equity": {"2019-12-31": "49.45520", "2018-12-31": "86.00880", "2017-12-31": "44.06930", "2016-12-31": "56.20260", "2015-12-31": "45.18280", "2014-12-31": "37.07600", "2013-12-31": "27.68060", "2012-12-31": "27.59080", "2011-12-31": "30.74950", "2010-12-31": "29.36300", "2009-12-31": "34.07610", "2008-12-31": "40.74450", "2007-12-31": "32.72730", "2006-12-31": "36.52490", "2005-12-31": "28.47770"}, "Return On Tangible Equity": {"2019-12-31": "-44.09330", "2018-12-31": "-78.34200", "2017-12-31": "-27.88480", "2016-12-31": "-38.28010", "2015-12-31": "-36.12420", "2014-12-31": "-57.00130", "2013-12-31": "-82.13720", "2012-12-31": "-55.99710", "2011-12-31": "-52.34080", "2010-12-31": "-90.63350", "2009-12-31": "72.16660", "2008-12-31": "92.28300", "2007-12-31": "56.58120", "2006-12-31": "63.21570", "2005-12-31": "47.71270"}, "ROA - Return On Assets": {"2019-12-31": "9.36130", "2018-12-31": "16.17430", "2017-12-31": "6.15010", "2016-12-31": "8.68010", "2015-12-31": "7.89610", "2014-12-31": "9.30090", "2013-12-31": "8.75990", "2012-12-31": "8.32550", "2011-12-31": "8.86640", "2010-12-31": "9.29970", "2009-12-31": "15.00450", "2008-12-31": "14.35240", "2007-12-31": "16.37400", "2006-12-31": "18.85070", "2005-12-31": "12.85340"}, "ROI - Return On Investment": {"2019-12-31": "16.70530", "2018-12-31": "29.27710", "2017-12-31": "10.96100", "2016-12-31": "15.46350", "2015-12-31": "13.33800", "2014-12-31": "15.85250", "2013-12-31": "13.93010", "2012-12-31": "13.52550", "2011-12-31": "15.58350", "2010-12-31": "15.28150", "2009-12-31": "24.06810", "2008-12-31": "25.27400", "2007-12-31": "26.44960", "2006-12-31": "31.48790", "2005-12-31": "24.61970"}, "Book Value Per Share": {"2019-12-31": "10.68870", "2018-12-31": "10.36340", "2017-12-31": "7.73310", "2016-12-31": "7.84240", "2015-12-31": "8.30800", "2014-12-31": "11.79300", "2013-12-31": "15.95100", "2012-12-31": "14.50710", "2011-12-31": "13.35400", "2010-12-31": "13.58380", "2009-12-31": "11.14510", "2008-12-31": "8.10170", "2007-12-31": "10.73770", "2006-12-31": "9.38220", "2005-12-31": "8.60570"}, "Operating Cash Flow Per Share": {"2019-12-31": 0.2509, "2018-12-31": -0.368, "2017-12-31": -0.3687, "2016-12-31": 0.0279, "2015-12-31": 0.4356, "2014-12-31": 0.6699, "2013-12-31": 0.8268, "2012-12-31": -0.217, "2011-12-31": 0.3663, "2010-12-31": 0.9248, "2009-12-31": -0.0595, "2008-12-31": 0.1868, "2007-12-31": 0.5757, "2006-12-31": 0.1762, "2005-12-31": 3.4302}, "Free Cash Flow Per Share": {"2019-12-31": -0.427, "2018-12-31": -0.6376, "2017-12-31": -0.2827, "2016-12-31": -0.1983, "2015-12-31": 0.4333, "2014-12-31": 0.5947, "2013-12-31": 0.7679, "2012-12-31": 0.1583, "2011-12-31": 0.2934, "2010-12-31": 0.2721, "2009-12-31": 0.0936, "2008-12-31": 0.1583, "2007-12-31": 0.3353, "2006-12-31": -0.0546, "2005-12-31": 2.4642}}, "financial ratios, quarterly": {"Current Ratio": {"2020-09-30": "0.92510", "2020-06-30": "0.97320", "2020-03-31": "1.09920", "2019-12-31": "0.86240", "2019-09-30": "0.95370", "2019-06-30": "0.86370", "2019-03-31": "0.93860", "2018-12-31": "0.98890", "2018-09-30": "1.31150", "2018-06-30": "1.23670", "2018-03-31": "1.27670", "2017-12-31": "1.51340", "2017-09-30": "1.35060", "2017-06-30": "1.32270", "2017-03-31": "1.25440", "2016-12-31": "1.25150", "2016-09-30": "1.31620", "2016-06-30": "1.40190", "2016-03-31": "1.42300", "2015-12-31": "1.31020", "2015-09-30": "1.19630", "2015-06-30": "1.07070", "2015-03-31": "1.03950", "2014-12-31": "1.14210", "2014-09-30": "1.16400", "2014-06-30": "1.27520", "2014-03-31": "1.19670", "2013-12-31": "1.24460", "2013-09-30": "1.24170", "2013-06-30": "1.14620", "2013-03-31": "1.10650", "2012-12-31": "1.09540", "2012-09-30": "1.18800", "2012-06-30": "0.98710", "2012-03-31": "1.03490", "2011-12-31": "0.96070", "2011-09-30": "1.01530", "2011-06-30": "0.99220", "2011-03-31": "0.98050", "2010-12-31": "1.10550", "2010-09-30": "1.04580", "2010-06-30": "1.14900", "2010-03-31": "1.30990", "2009-12-31": "1.43570", "2009-09-30": "1.33580", "2009-06-30": "1.34930", "2009-03-31": "1.35890", "2008-12-31": "1.22980", "2008-09-30": "1.16800", "2008-06-30": "1.39720", "2008-03-31": "1.28860", "2007-12-31": "1.30930", "2007-09-30": "1.22760", "2007-06-30": "1.28980", "2007-03-31": "1.15540", "2006-12-31": "1.33090", "2006-09-30": "1.31100", "2006-06-30": "1.22270", "2006-03-31": "1.16450", "2005-12-31": "1.11140", "2005-09-30": "1.19690", "2005-06-30": "1.24370", "2005-03-31": "1.23380"}, "Long-term Debt / Capital": {"2020-09-30": "0.73590", "2020-06-30": "0.75300", "2020-03-31": "0.72280", "2019-12-31": "0.66220", "2019-09-30": "0.67570", "2019-06-30": "0.66380", "2019-03-31": "0.66560", "2018-12-31": "0.65960", "2018-09-30": "0.74680", "2018-06-30": "0.74980", "2018-03-31": "0.74400", "2017-12-31": "0.75480", "2017-09-30": "0.70110", "2017-06-30": "0.71350", "2017-03-31": "0.72030", "2016-12-31": "0.72850", "2016-09-30": "0.69750", "2016-06-30": "0.71370", "2016-03-31": "0.73450", "2015-12-31": "0.70830", "2015-09-30": "0.65960", "2015-06-30": "0.58360", "2015-03-31": "0.58350", "2014-12-31": "0.57580", "2014-09-30": "0.50320", "2014-06-30": "0.52040", "2014-03-31": "0.51430", "2013-12-31": "0.49940", "2013-09-30": "0.52020", "2013-06-30": "0.50490", "2013-03-31": "0.50830", "2012-12-31": "0.51250", "2012-09-30": "0.52370", "2012-06-30": "0.50830", "2012-03-31": "0.49000", "2011-12-31": "0.49600", "2011-09-30": "0.47570", "2011-06-30": "0.47000", "2011-03-31": "0.46940", "2010-12-31": "0.48220", "2010-09-30": "0.47680", "2010-06-30": "0.49580", "2010-03-31": "0.47640", "2009-12-31": "0.29790", "2009-09-30": "0.31950", "2009-06-30": "0.36230", "2009-03-31": "0.43340", "2008-12-31": "0.38440", "2008-09-30": "0.28940", "2008-06-30": "0.26660", "2008-03-31": "0.22610", "2007-12-31": "0.19610", "2007-09-30": "0.15390", "2007-06-30": "0.17040", "2007-03-31": "0.10530", "2006-12-31": "0.14230", "2006-09-30": "0.13640", "2006-06-30": "0.14300", "2006-03-31": "0.13440", "2005-12-31": "0.13960", "2005-09-30": "0.14020", "2005-06-30": "0.14110", "2005-03-31": "0.14660"}, "Debt/Equity Ratio": {"2020-09-30": "3.27850", "2020-06-30": "3.57340", "2020-03-31": "3.04170", "2019-12-31": "2.15680", "2019-09-30": "2.28870", "2019-06-30": "2.22160", "2019-03-31": "2.22080", "2018-12-31": "2.21350", "2018-09-30": "3.38020", "2018-06-30": "3.97150", "2018-03-31": "3.96280", "2017-12-31": "3.57720", "2017-09-30": "2.92070", "2017-06-30": "3.15120", "2017-03-31": "3.30890", "2016-12-31": "3.29900", "2016-09-30": "2.79970", "2016-06-30": "2.87820", "2016-03-31": "3.12400", "2015-12-31": "2.76680", "2015-09-30": "2.34500", "2015-06-30": "1.91070", "2015-03-31": "1.89910", "2014-12-31": "1.64670", "2014-09-30": "1.41210", "2014-06-30": "1.39190", "2014-03-31": "1.40100", "2013-12-31": "1.21530", "2013-09-30": "1.31900", "2013-06-30": "1.29630", "2013-03-31": "1.30880", "2012-12-31": "1.26610", "2012-09-30": "1.29460", "2012-06-30": "1.37570", "2012-03-31": "1.20720", "2011-12-31": "1.28110", "2011-09-30": "1.11870", "2011-06-30": "1.12110", "2011-03-31": "1.14890", "2010-12-31": "1.15930", "2010-09-30": "1.19590", "2010-06-30": "1.20910", "2010-03-31": "1.00010", "2009-12-31": "0.45090", "2009-09-30": "0.50190", "2009-06-30": "0.59820", "2009-03-31": "0.78620", "2008-12-31": "0.65390", "2008-09-30": "0.48220", "2008-06-30": "0.36350", "2008-03-31": "0.35820", "2007-12-31": "0.24390", "2007-09-30": "0.18350", "2007-06-30": "0.22840", "2007-03-31": "0.18300", "2006-12-31": "0.18380", "2006-09-30": "0.19340", "2006-06-30": "0.24310", "2006-03-31": "0.30540", "2005-12-31": "0.36500", "2005-09-30": "0.32380", "2005-06-30": "0.30520", "2005-03-31": "0.30140"}, "Gross Margin": {"2020-09-30": "54.91680", "2020-06-30": "55.54720", "2020-03-31": "55.86050", "2019-12-31": "54.71900", "2019-09-30": "55.23620", "2019-06-30": "54.98810", "2019-03-31": "55.85220", "2018-12-31": "54.23070", "2018-09-30": "54.34030", "2018-06-30": "54.86020", "2018-03-31": "54.98330", "2017-12-31": "53.50300", "2017-09-30": "54.63050", "2017-06-30": "55.06680", "2017-03-31": "56.09590", "2016-12-31": "54.10200", "2016-09-30": "54.55170", "2016-06-30": "55.63490", "2016-03-31": "56.57560", "2015-12-31": "54.33410", "2015-09-30": "54.13630", "2015-06-30": "54.46210", "2015-03-31": "54.95620", "2014-12-31": "51.28330", "2014-09-30": "53.56600", "2014-06-30": "53.96000", "2014-03-31": "54.47200", "2013-12-31": "52.45550", "2013-09-30": "53.00730", "2013-06-30": "53.00770", "2013-03-31": "53.62850", "2012-12-31": "51.61870", "2012-09-30": "52.96060", "2012-06-30": "51.90790", "2012-03-31": "52.61510", "2011-12-31": "51.72640", "2011-09-30": "51.92810", "2011-06-30": "52.67720", "2011-03-31": "54.36880", "2010-12-31": "53.95760", "2010-09-30": "54.82790", "2010-06-30": "54.42880", "2010-03-31": "52.35910", "2009-12-31": "52.67350", "2009-09-30": "53.24010", "2009-06-30": "53.91810", "2009-03-31": "54.68960", "2008-12-31": "51.52020", "2008-09-30": "53.14840", "2008-06-30": "53.60440", "2008-03-31": "53.99020", "2007-12-31": "53.15080", "2007-09-30": "54.50790", "2007-06-30": "54.80380", "2007-03-31": "55.30610", "2006-12-31": "54.30460", "2006-09-30": "55.02520", "2006-06-30": "55.68050", "2006-03-31": "55.91610", "2005-12-31": "55.65570", "2005-09-30": "57.05030", "2005-06-30": "56.94430", "2005-03-31": "56.41610"}, "Operating Margin": {"2020-09-30": "16.64360", "2020-06-30": "14.54370", "2020-03-31": "13.86070", "2019-12-31": "13.07660", "2019-09-30": "16.61040", "2019-06-30": "16.59070", "2019-03-31": "15.58520", "2018-12-31": "12.45130", "2018-09-30": "17.25210", "2018-06-30": "18.81910", "2018-03-31": "14.38470", "2017-12-31": "13.16190", "2017-09-30": "18.00490", "2017-06-30": "18.58050", "2017-03-31": "15.46190", "2016-12-31": "12.29820", "2016-09-30": "17.60160", "2016-06-30": "19.25300", "2016-03-31": "13.64860", "2015-12-31": "12.05270", "2015-09-30": "8.67060", "2015-06-30": "18.21270", "2015-03-31": "14.70900", "2014-12-31": "10.18150", "2014-09-30": "16.53500", "2014-06-30": "17.14220", "2014-03-31": "14.31510", "2013-12-31": "11.91970", "2013-09-30": "16.44100", "2013-06-30": "17.07030", "2013-03-31": "13.17860", "2012-12-31": "11.09050", "2012-09-30": "16.81480", "2012-06-30": "14.44280", "2012-03-31": "13.85580", "2011-12-31": "11.14690", "2011-09-30": "16.52830", "2011-06-30": "16.36660", "2011-03-31": "14.45920", "2010-12-31": "12.28860", "2010-09-30": "18.04820", "2010-06-30": "16.62730", "2010-03-31": "8.96670", "2009-12-31": "15.29670", "2009-09-30": "20.14440", "2009-06-30": "20.67600", "2009-03-31": "19.21820", "2008-12-31": "9.58440", "2008-09-30": "17.70720", "2008-06-30": "20.01830", "2008-03-31": "18.68480", "2007-12-31": "14.10980", "2007-09-30": "20.27330", "2007-06-30": "20.39140", "2007-03-31": "19.30610", "2006-12-31": "15.03310", "2006-09-30": "20.31970", "2006-06-30": "20.65640", "2006-03-31": "18.70810", "2005-12-31": "14.86730", "2005-09-30": "20.52790", "2005-06-30": "20.21570", "2005-03-31": "18.93700"}, "EBIT Margin": {"2020-09-30": "16.64360", "2020-06-30": "14.54370", "2020-03-31": "13.86070", "2019-12-31": "13.07660", "2019-09-30": "16.61040", "2019-06-30": "16.59070", "2019-03-31": "15.58520", "2018-12-31": "12.45130", "2018-09-30": "17.25210", "2018-06-30": "18.81910", "2018-03-31": "14.38470", "2017-12-31": "13.16190", "2017-09-30": "18.00490", "2017-06-30": "18.58050", "2017-03-31": "15.46190", "2016-12-31": "12.29820", "2016-09-30": "17.60160", "2016-06-30": "19.25300", "2016-03-31": "13.64860", "2015-12-31": "12.05270", "2015-09-30": "8.67060", "2015-06-30": "18.21270", "2015-03-31": "14.70900", "2014-12-31": "10.18150", "2014-09-30": "16.53500", "2014-06-30": "17.14220", "2014-03-31": "14.31510", "2013-12-31": "11.91970", "2013-09-30": "16.44100", "2013-06-30": "17.07030", "2013-03-31": "13.17860", "2012-12-31": "11.09050", "2012-09-30": "16.81480", "2012-06-30": "14.44280", "2012-03-31": "13.85580", "2011-12-31": "11.14690", "2011-09-30": "16.52830", "2011-06-30": "16.36660", "2011-03-31": "14.45920", "2010-12-31": "12.28860", "2010-09-30": "18.04820", "2010-06-30": "16.62730", "2010-03-31": "8.96670", "2009-12-31": "15.29670", "2009-09-30": "20.14440", "2009-06-30": "20.67600", "2009-03-31": "19.21820", "2008-12-31": "9.58440", "2008-09-30": "17.70720", "2008-06-30": "20.01830", "2008-03-31": "18.68480", "2007-12-31": "14.10980", "2007-09-30": "20.27330", "2007-06-30": "20.39140", "2007-03-31": "19.30610", "2006-12-31": "15.03310", "2006-09-30": "20.31970", "2006-06-30": "20.65640", "2006-03-31": "18.70810", "2005-12-31": "14.86730", "2005-09-30": "20.52790", "2005-06-30": "20.21570", "2005-03-31": "18.93700"}, "EBITDA Margin": {"2020-09-30": "", "2020-06-30": "", "2020-03-31": "", "2019-12-31": "", "2019-09-30": "", "2019-06-30": "", "2019-03-31": "", "2018-12-31": "", "2018-09-30": "", "2018-06-30": "", "2018-03-31": "", "2017-12-31": "", "2017-09-30": "", "2017-06-30": "", "2017-03-31": "", "2016-12-31": "", "2016-09-30": "", "2016-06-30": "", "2016-03-31": "", "2015-12-31": "", "2015-09-30": "", "2015-06-30": "", "2015-03-31": "", "2014-12-31": "", "2014-09-30": "", "2014-06-30": "", "2014-03-31": "", "2013-12-31": "", "2013-09-30": "", "2013-06-30": "", "2013-03-31": "", "2012-12-31": "", "2012-09-30": "", "2012-06-30": "", "2012-03-31": "", "2011-12-31": "", "2011-09-30": "", "2011-06-30": "", "2011-03-31": "", "2010-12-31": "", "2010-09-30": "", "2010-06-30": "", "2010-03-31": "", "2009-12-31": "", "2009-09-30": "", "2009-06-30": "", "2009-03-31": "", "2008-12-31": "", "2008-09-30": "", "2008-06-30": "", "2008-03-31": "", "2007-12-31": "", "2007-09-30": "", "2007-06-30": "", "2007-03-31": "", "2006-12-31": "", "2006-09-30": "", "2006-06-30": "", "2006-03-31": "", "2005-12-31": "", "2005-09-30": "", "2005-06-30": "", "2005-03-31": ""}, "Pre-Tax Profit Margin": {"2020-09-30": "15.65970", "2020-06-30": "13.59670", "2020-03-31": "12.32620", "2019-12-31": "10.69770", "2019-09-30": "15.52830", "2019-06-30": "15.60580", "2019-03-31": "14.49860", "2018-12-31": "9.91090", "2018-09-30": "16.36030", "2018-06-30": "18.02360", "2018-03-31": "13.19060", "2017-12-31": "11.93790", "2017-09-30": "17.09360", "2017-06-30": "17.65750", "2017-03-31": "14.28330", "2016-12-31": "9.38250", "2016-09-30": "16.24760", "2016-06-30": "17.73950", "2016-03-31": "11.69280", "2015-12-31": "10.49770", "2015-09-30": "7.30510", "2015-06-30": "16.93780", "2015-03-31": "13.10470", "2014-12-31": "8.92820", "2014-09-30": "15.41990", "2014-06-30": "16.01160", "2014-03-31": "12.80200", "2013-12-31": "10.75650", "2013-09-30": "15.24040", "2013-06-30": "15.93980", "2013-03-31": "11.69220", "2012-12-31": "9.86770", "2012-09-30": "15.72780", "2012-06-30": "13.17900", "2012-03-31": "12.44770", "2011-12-31": "9.91670", "2011-09-30": "15.33960", "2011-06-30": "15.30280", "2011-03-31": "13.09370", "2010-12-31": "10.31120", "2010-09-30": "17.13940", "2010-06-30": "15.53950", "2010-03-31": "14.95520", "2009-12-31": "15.19140", "2009-09-30": "20.83030", "2009-06-30": "21.11030", "2009-03-31": "18.33480", "2008-12-31": "8.00530", "2008-09-30": "18.97010", "2008-06-30": "21.22430", "2008-03-31": "18.84080", "2007-12-31": "14.65250", "2007-09-30": "22.06270", "2007-06-30": "22.03600", "2007-03-31": "20.04080", "2006-12-31": "16.06430", "2006-09-30": "22.42170", "2006-06-30": "22.12530", "2006-03-31": "19.57140", "2005-12-31": "15.27340", "2005-09-30": "22.82500", "2005-06-30": "21.91760", "2005-03-31": "19.51410"}, "Net Profit Margin": {"2020-09-30": "12.66380", "2020-06-30": "10.32300", "2020-03-31": "9.63910", "2019-12-31": "8.55620", "2019-09-30": "12.21780", "2019-06-30": "12.37160", "2019-03-31": "10.96710", "2018-12-31": "35.10550", "2018-09-30": "15.15320", "2018-06-30": "11.31140", "2018-03-31": "10.69100", "2017-12-31": "-3.63620", "2017-09-30": "13.20200", "2017-06-30": "13.39910", "2017-03-31": "10.93870", "2016-12-31": "7.17910", "2016-09-30": "12.42900", "2016-06-30": "13.02370", "2016-03-31": "7.84860", "2015-12-31": "9.24400", "2015-09-30": "3.26370", "2015-06-30": "12.43480", "2015-03-31": "9.99430", "2014-12-31": "6.53700", "2014-09-30": "11.66220", "2014-06-30": "11.69650", "2014-03-31": "9.62530", "2013-12-31": "8.68380", "2013-09-30": "11.31350", "2013-06-30": "11.94150", "2013-03-31": "8.52870", "2012-12-31": "8.31410", "2012-09-30": "11.41610", "2012-06-30": "9.02300", "2012-03-31": "9.06020", "2011-12-31": "7.00960", "2011-09-30": "11.36960", "2011-06-30": "11.19040", "2011-03-31": "9.55850", "2010-12-31": "7.50210", "2010-09-30": "12.38880", "2010-06-30": "10.81680", "2010-03-31": "15.25410", "2009-12-31": "10.76940", "2009-09-30": "15.48740", "2009-06-30": "15.65330", "2009-03-31": "13.72380", "2008-12-31": "5.62500", "2008-09-30": "13.99860", "2008-06-30": "15.51390", "2008-03-31": "13.75260", "2007-12-31": "10.18140", "2007-09-30": "17.11730", "2007-06-30": "16.18610", "2007-03-31": "14.87080", "2006-12-31": "17.24690", "2006-09-30": "16.32360", "2006-06-30": "15.74480", "2006-03-31": "14.06460", "2005-12-31": "10.92510", "2005-09-30": "10.52050", "2005-06-30": "15.44760", "2005-03-31": "13.77370"}, "Asset Turnover": {"2020-09-30": "0.19660", "2020-06-30": "0.17810", "2020-03-31": "0.16320", "2019-12-31": "0.26280", "2019-09-30": "0.22190", "2019-06-30": "0.21910", "2019-03-31": "0.17070", "2018-12-31": "0.25140", "2018-09-30": "0.22390", "2018-06-30": "0.20440", "2018-03-31": "0.15340", "2017-12-31": "0.24470", "2017-09-30": "0.20700", "2017-06-30": "0.20420", "2017-03-31": "0.16150", "2016-12-31": "0.26550", "2016-09-30": "0.21690", "2016-06-30": "0.21170", "2016-03-31": "0.16940", "2015-12-31": "0.26680", "2015-09-30": "0.23360", "2015-06-30": "0.22040", "2015-03-31": "0.17550", "2014-12-31": "0.28290", "2014-09-30": "0.21400", "2014-06-30": "0.21000", "2014-03-31": "0.16290", "2013-12-31": "0.25970", "2013-09-30": "0.22010", "2013-06-30": "0.21930", "2013-03-31": "0.16700", "2012-12-31": "0.26730", "2012-09-30": "0.22500", "2012-06-30": "0.22740", "2012-03-31": "0.16710", "2011-12-31": "0.27660", "2011-09-30": "0.23330", "2011-06-30": "0.22230", "2011-03-31": "0.16330", "2010-12-31": "0.26640", "2010-09-30": "0.23260", "2010-06-30": "0.22740", "2010-03-31": "0.14600", "2009-12-31": "0.33370", "2009-09-30": "0.28690", "2009-06-30": "0.28590", "2009-03-31": "0.23600", "2008-12-31": "0.35360", "2008-09-30": "0.29240", "2008-06-30": "0.29760", "2008-03-31": "0.23340", "2007-12-31": "0.35650", "2007-09-30": "0.31380", "2007-06-30": "0.30090", "2007-03-31": "0.24640", "2006-12-31": "0.35320", "2006-09-30": "0.28310", "2006-06-30": "0.27730", "2006-03-31": "0.21680", "2005-12-31": "0.31820", "2005-09-30": "0.26490", "2005-06-30": "0.25930", "2005-03-31": "0.22970"}, "Inventory Turnover Ratio": {"2020-09-30": "1.97240", "2020-06-30": "1.64300", "2020-03-31": "1.70190", "2019-12-31": "2.79990", "2019-09-30": "2.09820", "2019-06-30": "1.85660", "2019-03-31": "1.60050", "2018-12-31": "2.85680", "2018-09-30": "2.39560", "2018-06-30": "2.08050", "2018-03-31": "1.69570", "2017-12-31": "3.08080", "2017-09-30": "2.26640", "2017-06-30": "1.95430", "2017-03-31": "1.61180", "2016-12-31": "3.28940", "2016-09-30": "2.33460", "2016-06-30": "1.95870", "2016-03-31": "1.60020", "2015-12-31": "3.12020", "2015-09-30": "2.39760", "2015-06-30": "1.84460", "2015-03-31": "1.58950", "2014-12-31": "3.09200", "2014-09-30": "2.11280", "2014-06-30": "1.85460", "2014-03-31": "1.53340", "2013-12-31": "2.80580", "2013-09-30": "2.12570", "2013-06-30": "1.91190", "2013-03-31": "1.48830", "2012-12-31": "2.69590", "2012-09-30": "2.00590", "2012-06-30": "1.85190", "2012-03-31": "1.39750", "2011-12-31": "2.54270", "2011-09-30": "2.01000", "2011-06-30": "1.75440", "2011-03-31": "1.42180", "2010-12-31": "2.47890", "2010-09-30": "2.08630", "2010-06-30": "1.91080", "2010-03-31": "1.35940", "2009-12-31": "2.40370", "2009-09-30": "1.90760", "2009-06-30": "1.65350", "2009-03-31": "1.45120", "2008-12-31": "2.44690", "2008-09-30": "1.87870", "2008-06-30": "1.73020", "2008-03-31": "1.53850", "2007-12-31": "2.52580", "2007-09-30": "2.02670", "2007-06-30": "1.72990", "2007-03-31": "1.58390", "2006-12-31": "2.50780", "2006-09-30": "2.09380", "2006-06-30": "1.83900", "2006-03-31": "1.57470", "2005-12-31": "2.64440", "2005-09-30": "2.11240", "2005-06-30": "1.81890", "2005-03-31": "1.75210"}, "Receiveable Turnover": {"2020-09-30": "1.94630", "2020-06-30": "1.81610", "2020-03-31": "1.63750", "2019-12-31": "2.63870", "2019-09-30": "1.96770", "2019-06-30": "1.93470", "2019-03-31": "1.69440", "2018-12-31": "2.73370", "2018-09-30": "2.06710", "2018-06-30": "2.05200", "2018-03-31": "1.75180", "2017-12-31": "2.77990", "2017-09-30": "2.04970", "2017-06-30": "2.08270", "2017-03-31": "1.75950", "2016-12-31": "2.91530", "2016-09-30": "2.06930", "2016-06-30": "2.05400", "2016-03-31": "1.76860", "2015-12-31": "2.88720", "2015-09-30": "2.13030", "2015-06-30": "2.03460", "2015-03-31": "1.75460", "2014-12-31": "", "2014-09-30": "2.05560", "2014-06-30": "1.99460", "2014-03-31": "1.73820", "2013-12-31": "2.89300", "2013-09-30": "2.09060", "2013-06-30": "2.10590", "2013-03-31": "1.73910", "2012-12-31": "2.83400", "2012-09-30": "2.08200", "2012-06-30": "2.13160", "2012-03-31": "1.73620", "2011-12-31": "2.91640", "2011-09-30": "2.11070", "2011-06-30": "2.03150", "2011-03-31": "1.72080", "2010-12-31": "2.87130", "2010-09-30": "2.14130", "2010-06-30": "2.15130", "2010-03-31": "1.51000", "2009-12-31": "2.87560", "2009-09-30": "2.12420", "2009-06-30": "2.02800", "2009-03-31": "1.79590", "2008-12-31": "2.71810", "2008-09-30": "1.95480", "2008-06-30": "1.94850", "2008-03-31": "1.73140", "2007-12-31": "2.81290", "2007-09-30": "2.13500", "2007-06-30": "2.05760", "2007-03-31": "1.78270", "2006-12-31": "2.83760", "2006-09-30": "2.19880", "2006-06-30": "2.12330", "2006-03-31": "1.84890", "2005-12-31": "3.09600", "2005-09-30": "2.17830", "2005-06-30": "2.19660", "2005-03-31": "2.04690"}, "Days Sales In Receivables": {"2020-09-30": "46.24120", "2020-06-30": "49.55790", "2020-03-31": "54.96220", "2019-12-31": "34.10760", "2019-09-30": "45.73830", "2019-06-30": "46.51830", "2019-03-31": "53.11710", "2018-12-31": "32.92260", "2018-09-30": "43.53960", "2018-06-30": "43.85890", "2018-03-31": "51.37640", "2017-12-31": "32.37530", "2017-09-30": "43.90830", "2017-06-30": "43.21260", "2017-03-31": "51.15110", "2016-12-31": "30.87160", "2016-09-30": "43.49220", "2016-06-30": "43.81620", "2016-03-31": "50.88770", "2015-12-31": "31.17190", "2015-09-30": "42.24730", "2015-06-30": "44.23410", "2015-03-31": "51.29490", "2014-12-31": "", "2014-09-30": "43.78210", "2014-06-30": "45.12250", "2014-03-31": "51.77690", "2013-12-31": "31.10950", "2013-09-30": "43.04930", "2013-06-30": "42.73760", "2013-03-31": "51.74950", "2012-12-31": "31.75750", "2012-09-30": "43.22720", "2012-06-30": "42.22200", "2012-03-31": "51.83620", "2011-12-31": "30.86020", "2011-09-30": "42.64020", "2011-06-30": "44.30200", "2011-03-31": "52.30210", "2010-12-31": "31.34510", "2010-09-30": "42.02980", "2010-06-30": "41.83500", "2010-03-31": "59.60290", "2009-12-31": "31.29730", "2009-09-30": "42.36820", "2009-06-30": "44.37970", "2009-03-31": "50.11380", "2008-12-31": "33.11100", "2008-09-30": "46.04060", "2008-06-30": "46.18820", "2008-03-31": "51.98250", "2007-12-31": "31.99500", "2007-09-30": "42.15520", "2007-06-30": "43.74000", "2007-03-31": "50.48570", "2006-12-31": "31.71710", "2006-09-30": "40.93060", "2006-06-30": "42.38700", "2006-03-31": "48.67690", "2005-12-31": "29.06990", "2005-09-30": "41.31600", "2005-06-30": "40.97180", "2005-03-31": "43.96810"}, "ROE - Return On Equity": {"2020-09-30": "16.96950", "2020-06-30": "13.17230", "2020-03-31": "9.96390", "2019-12-31": "11.95860", "2019-09-30": "14.83410", "2019-06-30": "14.55440", "2019-03-31": "9.94680", "2018-12-31": "47.02780", "2018-09-30": "24.15060", "2018-06-30": "17.90430", "2018-03-31": "12.31680", "2017-12-31": "-6.24050", "2017-09-30": "15.89270", "2017-06-30": "16.69950", "2017-03-31": "11.22850", "2016-12-31": "12.48460", "2016-09-30": "15.57590", "2016-06-30": "16.07440", "2016-03-31": "8.30620", "2015-12-31": "14.23410", "2015-09-30": "3.95710", "2015-06-30": "12.00770", "2015-03-31": "7.63170", "2014-12-31": "7.49660", "2014-09-30": "8.65200", "2014-06-30": "8.37230", "2014-03-31": "5.32900", "2013-12-31": "7.15360", "2013-09-30": "8.53530", "2013-06-30": "8.84590", "2013-03-31": "4.80320", "2012-12-31": "7.40170", "2012-09-30": "8.81360", "2012-06-30": "7.24630", "2012-03-31": "4.91090", "2011-12-31": "6.67140", "2011-09-30": "8.33850", "2011-06-30": "7.78090", "2011-03-31": "4.80980", "2010-12-31": "6.30530", "2010-09-30": "9.48730", "2010-06-30": "8.05690", "2010-03-31": "6.52980", "2009-12-31": "8.18990", "2009-09-30": "10.87750", "2009-06-30": "11.49630", "2009-03-31": "9.37010", "2008-12-31": "5.72600", "2008-09-30": "9.80370", "2008-06-30": "10.18090", "2008-03-31": "6.85470", "2007-12-31": "7.35350", "2007-09-30": "10.67300", "2007-06-30": "9.75810", "2007-03-31": "7.10350", "2006-12-31": "11.82110", "2006-09-30": "9.28870", "2006-06-30": "8.98340", "2006-03-31": "6.39350", "2005-12-31": "7.73740", "2005-09-30": "6.10040", "2005-06-30": "8.37890", "2005-03-31": "6.52920"}, "Return On Tangible Equity": {"2020-09-30": "-9.53540", "2020-06-30": "-6.83630", "2020-03-31": "-7.55380", "2019-12-31": "-10.66200", "2019-09-30": "-12.46600", "2019-06-30": "-11.89450", "2019-03-31": "-8.55390", "2018-12-31": "-42.83580", "2018-09-30": "-14.41210", "2018-06-30": "-10.16670", "2018-03-31": "-7.66440", "2017-12-31": "3.94860", "2017-09-30": "-14.20850", "2017-06-30": "-13.36030", "2017-03-31": "-8.05550", "2016-12-31": "-8.50340", "2016-09-30": "-13.39840", "2016-06-30": "-13.09780", "2016-03-31": "-5.92480", "2015-12-31": "-11.38040", "2015-09-30": "-3.81830", "2015-06-30": "-15.97880", "2015-03-31": "-9.88760", "2014-12-31": "-11.52540", "2014-09-30": "-23.63550", "2014-06-30": "-22.97910", "2014-03-31": "-13.53860", "2013-12-31": "-21.22720", "2013-09-30": "-19.05090", "2013-06-30": "-19.99410", "2013-03-31": "-9.99540", "2012-12-31": "-15.02210", "2012-09-30": "-16.74110", "2012-06-30": "-12.43680", "2012-03-31": "-10.02030", "2011-12-31": "-11.35590", "2011-09-30": "-19.85580", "2011-06-30": "-19.13230", "2011-03-31": "-11.38880", "2010-12-31": "-19.46230", "2010-09-30": "-25.97230", "2010-06-30": "-21.31620", "2010-03-31": "-25.38050", "2009-12-31": "17.34460", "2009-09-30": "24.98920", "2009-06-30": "23.21180", "2009-03-31": "21.53240", "2008-12-31": "12.96890", "2008-09-30": "18.48000", "2008-06-30": "19.11440", "2008-03-31": "12.18150", "2007-12-31": "12.71330", "2007-09-30": "18.26850", "2007-06-30": "16.96260", "2007-03-31": "12.29800", "2006-12-31": "20.45940", "2006-09-30": "15.31050", "2006-06-30": "14.85200", "2006-03-31": "10.47570", "2005-12-31": "12.96360", "2005-09-30": "9.84170", "2005-06-30": "13.46720", "2005-03-31": "10.78270"}, "ROA - Return On Assets": {"2020-09-30": "2.50650", "2020-06-30": "1.85200", "2020-03-31": "1.58830", "2019-12-31": "2.26360", "2019-09-30": "2.72450", "2019-06-30": "2.72100", "2019-03-31": "1.88430", "2018-12-31": "8.84380", "2018-09-30": "3.40750", "2018-06-30": "2.32440", "2018-03-31": "1.65230", "2017-12-31": "-0.87090", "2017-09-30": "2.74780", "2017-06-30": "2.75270", "2017-03-31": "1.78100", "2016-12-31": "1.92820", "2016-09-30": "2.71190", "2016-06-30": "2.76850", "2016-03-31": "1.34960", "2015-12-31": "2.48750", "2015-09-30": "0.77680", "2015-06-30": "2.75940", "2015-03-31": "1.76800", "2014-12-31": "1.88060", "2014-09-30": "2.50790", "2014-06-30": "2.47040", "2014-03-31": "1.58340", "2013-12-31": "2.26390", "2013-09-30": "2.50350", "2013-06-30": "2.64180", "2013-03-31": "1.43990", "2012-12-31": "2.23340", "2012-09-30": "2.58450", "2012-06-30": "2.07350", "2012-03-31": "1.52300", "2011-12-31": "1.92370", "2011-09-30": "2.66790", "2011-06-30": "2.51720", "2011-03-31": "1.56530", "2010-12-31": "1.99700", "2010-09-30": "2.89350", "2010-06-30": "2.47870", "2010-03-31": "2.23560", "2009-12-31": "3.60620", "2009-09-30": "4.48730", "2009-06-30": "4.50200", "2009-03-31": "3.25810", "2008-12-31": "2.01700", "2008-09-30": "4.11620", "2008-06-30": "4.63580", "2008-03-31": "3.22700", "2007-12-31": "3.67910", "2007-09-30": "5.37830", "2007-06-30": "4.87710", "2007-03-31": "3.67420", "2006-12-31": "6.10090", "2006-09-30": "4.63030", "2006-06-30": "4.37540", "2006-03-31": "3.05540", "2005-12-31": "3.49230", "2005-09-30": "2.79630", "2005-06-30": "4.02240", "2005-03-31": "3.18090"}, "ROI - Return On Investment": {"2020-09-30": "4.48190", "2020-06-30": "3.25370", "2020-03-31": "2.76170", "2019-12-31": "4.03940", "2019-09-30": "4.81140", "2019-06-30": "4.89350", "2019-03-31": "3.32600", "2018-12-31": "16.00810", "2018-09-30": "6.11470", "2018-06-30": "4.47880", "2018-03-31": "3.15270", "2017-12-31": "-1.55210", "2017-09-30": "4.80570", "2017-06-30": "4.84280", "2017-03-31": "3.18220", "2016-12-31": "3.43500", "2016-09-30": "4.76690", "2016-06-30": "4.65720", "2016-03-31": "2.23410", "2015-12-31": "4.20190", "2015-09-30": "1.36100", "2015-06-30": "5.04310", "2015-03-31": "3.20640", "2014-12-31": "3.20530", "2014-09-30": "4.32340", "2014-06-30": "4.03810", "2014-03-31": "2.60330", "2013-12-31": "3.60000", "2013-09-30": "4.11820", "2013-06-30": "4.40440", "2013-03-31": "2.37480", "2012-12-31": "3.62840", "2012-09-30": "4.22150", "2012-06-30": "3.58330", "2012-03-31": "2.51730", "2011-12-31": "3.38100", "2011-09-30": "4.39240", "2011-06-30": "4.14340", "2011-03-31": "2.56410", "2010-12-31": "3.28150", "2010-09-30": "4.98950", "2010-06-30": "4.08350", "2010-03-31": "3.43560", "2009-12-31": "5.78460", "2009-09-30": "7.44900", "2009-06-30": "7.38250", "2009-03-31": "5.35180", "2008-12-31": "3.55190", "2008-09-30": "7.00780", "2008-06-30": "7.50900", "2008-03-31": "5.33380", "2007-12-31": "5.94300", "2007-09-30": "9.07910", "2007-06-30": "8.13730", "2007-03-31": "6.38880", "2006-12-31": "10.19090", "2006-09-30": "8.06000", "2006-06-30": "7.73560", "2006-03-31": "5.56110", "2005-12-31": "6.68920", "2005-09-30": "5.26830", "2005-06-30": "7.22720", "2005-03-31": "5.59410"}, "Book Value Per Share": {"2020-09-30": "9.83010", "2020-06-30": "9.08810", "2020-03-31": "9.76170", "2019-12-31": "10.68870", "2019-09-30": "10.18910", "2019-06-30": "10.03360", "2019-03-31": "10.18230", "2018-12-31": "10.36340", "2018-09-30": "7.35760", "2018-06-30": "7.22330", "2018-03-31": "7.74140", "2017-12-31": "7.73310", "2017-09-30": "9.42450", "2017-06-30": "8.78680", "2017-03-31": "8.16990", "2016-12-31": "7.84240", "2016-09-30": "8.85650", "2016-06-30": "8.58850", "2016-03-31": "7.76690", "2015-12-31": "8.30800", "2015-09-30": "9.28800", "2015-06-30": "11.18480", "2015-03-31": "10.81070", "2014-12-31": "11.79300", "2014-09-30": "15.42720", "2014-06-30": "15.61880", "2014-03-31": "15.07110", "2013-12-31": "15.95100", "2013-09-30": "14.57520", "2013-06-30": "14.71560", "2013-03-31": "14.53980", "2012-12-31": "14.50710", "2012-09-30": "13.91620", "2012-06-30": "13.21890", "2012-03-31": "14.64840", "2011-12-31": "13.35400", "2011-09-30": "15.30800", "2011-06-30": "15.38510", "2011-03-31": "14.97410", "2010-12-31": "13.58380", "2010-09-30": "12.79140", "2010-06-30": "12.50090", "2010-03-31": "13.44160", "2009-12-31": "11.14510", "2009-09-30": "10.15460", "2009-06-30": "9.25430", "2009-03-31": "7.76290", "2008-12-31": "8.10170", "2008-09-30": "10.30960", "2008-06-30": "10.60030", "2008-03-31": "10.51200", "2007-12-31": "10.73770", "2007-09-30": "10.08940", "2007-06-30": "9.79210", "2007-03-31": "9.41020", "2006-12-31": "9.38220", "2006-09-30": "9.72540", "2006-06-30": "9.23770", "2006-03-31": "8.90160", "2005-12-31": "8.60570", "2005-09-30": "8.48890", "2005-06-30": "8.48180", "2005-03-31": "8.29640"}, "Operating Cash Flow Per Share": {"2020-09-30": 3.3555, "2020-06-30": 1.586, "2020-03-31": "-0.53650", "2019-12-31": 3.2543, "2019-09-30": 2.6185, "2019-06-30": 1.2293, "2019-03-31": "-0.24420", "2018-12-31": 3.284, "2018-09-30": 2.5607, "2018-06-30": 1.6777, "2018-03-31": "-0.91540", "2017-12-31": 2.742, "2017-09-30": 2.6709, "2017-06-30": 1.6961, "2017-03-31": "-0.13400", "2016-12-31": 2.644, "2016-09-30": 2.5658, "2016-06-30": 1.9249, "2016-03-31": "0.20900", "2015-12-31": 2.7474, "2015-09-30": 2.7166, "2015-06-30": 1.6722, "2015-03-31": "0.17960", "2014-12-31": 2.4913, "2014-09-30": 2.6448, "2014-06-30": 1.6266, "2014-03-31": "0.11750", "2013-12-31": 1.9425, "2013-09-30": 2.3437, "2013-06-30": 1.475, "2013-03-31": "0.44910", "2012-12-31": 2.134, "2012-09-30": 2.4608, "2012-06-30": 1.2243, "2012-03-31": "-0.43560", "2011-12-31": 1.952, "2011-09-30": 2.1825, "2011-06-30": 1.2292, "2011-03-31": "0.23680", "2010-12-31": 1.6436, "2010-09-30": 2.0961, "2010-06-30": 1.3444, "2010-03-31": "0.15010", "2009-12-31": 1.5174, "2009-09-30": 1.8429, "2009-06-30": 1.1185, "2009-03-31": "-0.16940", "2008-12-31": 1.4449, "2008-09-30": 1.5636, "2008-06-30": 1.0418, "2008-03-31": "0.31860", "2007-12-31": 1.0507, "2007-09-30": 1.9194, "2007-06-30": 0.8378, "2007-03-31": "0.37420", "2006-12-31": 1.0792, "2006-09-30": 1.4733, "2006-06-30": 0.9518, "2006-03-31": "0.10210", "2005-12-31": 0.7537, "2005-09-30": 1.2962, "2005-06-30": 0.9431, "2005-03-31": "0.43720"}, "Free Cash Flow Per Share": {"2020-09-30": 2.7221, "2020-06-30": 1.0893, "2020-03-31": "-0.87970", "2019-12-31": 1.7168, "2019-09-30": 2.0674, "2019-06-30": 0.7423, "2019-03-31": "-0.55560", "2018-12-31": 2.0994, "2018-09-30": 2.1688, "2018-06-30": 1.2849, "2018-03-31": "-1.15520", "2017-12-31": 1.7705, "2017-09-30": 2.2914, "2017-06-30": 1.3194, "2017-03-31": "-0.34580", "2016-12-31": 1.6564, "2016-09-30": 2.1268, "2016-06-30": 1.5754, "2016-03-31": "-0.04040", "2015-12-31": 1.8921, "2015-09-30": 2.3132, "2015-06-30": 1.3039, "2015-03-31": "0.00730", "2014-12-31": 1.6648, "2014-09-30": 2.248, "2014-06-30": 1.2788, "2014-03-31": "-0.10840", "2013-12-31": 1.1471, "2013-09-30": 1.9796, "2013-06-30": 1.1014, "2013-03-31": "0.26040", "2012-12-31": 1.3289, "2012-09-30": 2.1463, "2012-06-30": 0.8698, "2012-03-31": "-0.62440", "2011-12-31": 1.112, "2011-09-30": 1.7301, "2011-06-30": 0.7457, "2011-03-31": "-0.02550", "2010-12-31": 0.6802, "2010-09-30": 1.664, "2010-06-30": 0.9353, "2010-03-31": "-0.01060", "2009-12-31": 0.9055, "2009-09-30": 1.5932, "2009-06-30": 0.8522, "2009-03-31": "-0.35410", "2008-12-31": 0.804, "2008-09-30": 1.2543, "2008-06-30": 0.6831, "2008-03-31": "0.16180", "2007-12-31": 0.3627, "2007-09-30": 1.6074, "2007-06-30": 0.5578, "2007-03-31": "0.21700", "2006-12-31": 0.5291, "2006-09-30": 1.2369, "2006-06-30": 0.7085, "2006-03-31": "-0.06490", "2005-12-31": 0.217, "2005-09-30": 1.1216, "2005-06-30": 0.7794, "2005-03-31": "0.34620"}}, "revenue": {"PepsiCo Annual Revenue (Millions of US $)": {"2019": "$67,161", "2018": "$64,661", "2017": "$63,525", "2016": "$62,799", "2015": "$63,056", "2014": "$66,683", "2013": "$66,415", "2012": "$65,492", "2011": "$66,504", "2010": "$57,838", "2009": "$43,232", "2008": "$43,251", "2007": "$39,474", "2006": "$35,137", "2005": "$32,562"}, "PepsiCo Quarterly Revenue (Millions of US $)": {"2020-09-30": "$18,091", "2020-06-30": "$15,945", "2020-03-31": "$13,881", "2019-12-31": "$20,640", "2019-09-30": "$17,188", "2019-06-30": "$16,449", "2019-03-31": "$12,884", "2018-12-31": "$19,524", "2018-09-30": "$16,485", "2018-06-30": "$16,090", "2018-03-31": "$12,562", "2017-12-31": "$19,526", "2017-09-30": "$16,240", "2017-06-30": "$15,710", "2017-03-31": "$12,049", "2016-12-31": "$19,515", "2016-09-30": "$16,027", "2016-06-30": "$15,395", "2016-03-31": "$11,862", "2015-12-31": "$18,585", "2015-09-30": "$16,331", "2015-06-30": "$15,923", "2015-03-31": "$12,217", "2014-12-31": "$19,948", "2014-09-30": "$17,218", "2014-06-30": "$16,894", "2014-03-31": "$12,623", "2013-12-31": "$20,118", "2013-09-30": "$16,909", "2013-06-30": "$16,807", "2013-03-31": "$12,581", "2012-12-31": "$19,954", "2012-09-30": "$16,652", "2012-06-30": "$16,458", "2012-03-31": "$12,428", "2011-12-31": "$20,158", "2011-09-30": "$17,582", "2011-06-30": "$16,827", "2011-03-31": "$11,937", "2010-12-31": "$18,155", "2010-09-30": "$15,514", "2010-06-30": "$14,801", "2010-03-31": "$9,368", "2009-12-31": "$13,297", "2009-09-30": "$11,080", "2009-06-30": "$10,592", "2009-03-31": "$8,263", "2008-12-31": "$12,729", "2008-09-30": "$11,244", "2008-06-30": "$10,945", "2008-03-31": "$8,333", "2007-12-31": "$12,346", "2007-09-30": "$10,171", "2007-06-30": "$9,607", "2007-03-31": "$7,350", "2006-12-31": "$10,570", "2006-09-30": "$9,134", "2006-06-30": "$8,714", "2006-03-31": "$6,719", "2005-12-31": "$10,096", "2005-09-30": "$8,184", "2005-06-30": "$7,697", "2005-03-31": "$6,585"}}, "gross-profit": {"PepsiCo Annual Gross Profit (Millions of US $)": {"2019": "$37,029", "2018": "$35,280", "2017": "$34,729", "2016": "$34,577", "2015": "$34,325", "2014": "$35,445", "2013": "$35,172", "2012": "$34,201", "2011": "$34,911", "2010": "$31,263", "2009": "$23,133", "2008": "$22,900", "2007": "$21,436", "2006": "$19,375", "2005": "$18,386"}, "PepsiCo Quarterly Gross Profit (Millions of US $)": {"2020-09-30": "$9,935", "2020-06-30": "$8,857", "2020-03-31": "$7,754", "2019-12-31": "$11,294", "2019-09-30": "$9,494", "2019-06-30": "$9,045", "2019-03-31": "$7,196", "2018-12-31": "$10,588", "2018-09-30": "$8,958", "2018-06-30": "$8,827", "2018-03-31": "$6,907", "2017-12-31": "$10,447", "2017-09-30": "$8,872", "2017-06-30": "$8,651", "2017-03-31": "$6,759", "2016-12-31": "$10,558", "2016-09-30": "$8,743", "2016-06-30": "$8,565", "2016-03-31": "$6,711", "2015-12-31": "$10,098", "2015-09-30": "$8,841", "2015-06-30": "$8,672", "2015-03-31": "$6,714", "2014-12-31": "$10,230", "2014-09-30": "$9,223", "2014-06-30": "$9,116", "2014-03-31": "$6,876", "2013-12-31": "$10,553", "2013-09-30": "$8,963", "2013-06-30": "$8,909", "2013-03-31": "$6,747", "2012-12-31": "$10,300", "2012-09-30": "$8,819", "2012-06-30": "$8,543", "2012-03-31": "$6,539", "2011-12-31": "$10,427", "2011-09-30": "$9,130", "2011-06-30": "$8,864", "2011-03-31": "$6,490", "2010-12-31": "$9,796", "2010-09-30": "$8,506", "2010-06-30": "$8,056", "2010-03-31": "$4,905", "2009-12-31": "$7,004", "2009-09-30": "$5,899", "2009-06-30": "$5,711", "2009-03-31": "$4,519", "2008-12-31": "$6,558", "2008-09-30": "$5,976", "2008-06-30": "$5,867", "2008-03-31": "$4,499", "2007-12-31": "$6,562", "2007-09-30": "$5,544", "2007-06-30": "$5,265", "2007-03-31": "$4,065", "2006-12-31": "$5,740", "2006-09-30": "$5,026", "2006-06-30": "$4,852", "2006-03-31": "$3,757", "2005-12-31": "$5,619", "2005-09-30": "$4,669", "2005-06-30": "$4,383", "2005-03-31": "$3,715"}}, "operating-income": {"PepsiCo Annual Operating Income (Millions of US $)": {"2019": "$10,291", "2018": "$10,110", "2017": "$10,276", "2016": "$9,804", "2015": "$8,353", "2014": "$9,581", "2013": "$9,705", "2012": "$9,112", "2011": "$9,633", "2010": "$8,332", "2009": "$8,044", "2008": "$6,959", "2007": "$7,182", "2006": "$6,502", "2005": "$5,984"}, "PepsiCo Quarterly Operating Income (Millions of US $)": {"2020-09-30": "$3,011", "2020-06-30": "$2,319", "2020-03-31": "$1,924", "2019-12-31": "$2,699", "2019-09-30": "$2,855", "2019-06-30": "$2,729", "2019-03-31": "$2,008", "2018-12-31": "$2,431", "2018-09-30": "$2,844", "2018-06-30": "$3,028", "2018-03-31": "$1,807", "2017-12-31": "$2,570", "2017-09-30": "$2,924", "2017-06-30": "$2,919", "2017-03-31": "$1,863", "2016-12-31": "$2,400", "2016-09-30": "$2,821", "2016-06-30": "$2,964", "2016-03-31": "$1,619", "2015-12-31": "$2,240", "2015-09-30": "$1,416", "2015-06-30": "$2,900", "2015-03-31": "$1,797", "2014-12-31": "$2,031", "2014-09-30": "$2,847", "2014-06-30": "$2,896", "2014-03-31": "$1,807", "2013-12-31": "$2,398", "2013-09-30": "$2,780", "2013-06-30": "$2,869", "2013-03-31": "$1,658", "2012-12-31": "$2,213", "2012-09-30": "$2,800", "2012-06-30": "$2,377", "2012-03-31": "$1,722", "2011-12-31": "$2,247", "2011-09-30": "$2,906", "2011-06-30": "$2,754", "2011-03-31": "$1,726", "2010-12-31": "$2,231", "2010-09-30": "$2,800", "2010-06-30": "$2,461", "2010-03-31": "$840", "2009-12-31": "$2,034", "2009-09-30": "$2,232", "2009-06-30": "$2,190", "2009-03-31": "$1,588", "2008-12-31": "$1,220", "2008-09-30": "$1,991", "2008-06-30": "$2,191", "2008-03-31": "$1,557", "2007-12-31": "$1,742", "2007-09-30": "$2,062", "2007-06-30": "$1,959", "2007-03-31": "$1,419", "2006-12-31": "$1,589", "2006-09-30": "$1,856", "2006-06-30": "$1,800", "2006-03-31": "$1,257", "2005-12-31": "$1,501", "2005-09-30": "$1,680", "2005-06-30": "$1,556", "2005-03-31": "$1,247"}}, "ebitda": {"PepsiCo Annual EBITDA (Millions of US $)": {"2019": "$12,723", "2018": "$12,509", "2017": "$12,645", "2016": "$12,172", "2015": "$10,769", "2014": "$12,206", "2013": "$12,368", "2012": "$11,801", "2011": "$12,370", "2010": "$10,659", "2009": "$9,679", "2008": "$8,502", "2007": "$8,608", "2006": "$7,908", "2005": "$7,292"}, "PepsiCo Quarterly EBITDA (Millions of US $)": {"2020-09-30": "$3,620", "2020-06-30": "$2,908", "2020-03-31": "$2,457", "2019-12-31": "$3,497", "2019-09-30": "$3,433", "2019-06-30": "$3,287", "2019-03-31": "$2,506", "2018-12-31": "$3,194", "2018-09-30": "$3,410", "2018-06-30": "$3,602", "2018-03-31": "$2,303", "2017-12-31": "$3,335", "2017-09-30": "$3,497", "2017-06-30": "$3,473", "2017-03-31": "$2,340", "2016-12-31": "$3,157", "2016-09-30": "$3,388", "2016-06-30": "$3,527", "2016-03-31": "$2,100", "2015-12-31": "$3,012", "2015-09-30": "$1,985", "2015-06-30": "$3,479", "2015-03-31": "$2,293", "2014-12-31": "$2,862", "2014-09-30": "$3,479", "2014-06-30": "$3,526", "2014-03-31": "$2,339", "2013-12-31": "$3,246", "2013-09-30": "$3,410", "2013-06-30": "$3,503", "2013-03-31": "$2,209", "2012-12-31": "$3,065", "2012-09-30": "$3,436", "2012-06-30": "$3,023", "2012-03-31": "$2,277", "2011-12-31": "$3,107", "2011-09-30": "$3,596", "2011-06-30": "$3,418", "2011-03-31": "$2,249", "2010-12-31": "$2,978", "2010-09-30": "$3,411", "2010-06-30": "$3,054", "2010-03-31": "$1,216", "2009-12-31": "$2,586", "2009-09-30": "$2,630", "2009-06-30": "$2,561", "2009-03-31": "$1,902", "2008-12-31": "$1,708", "2008-09-30": "$2,368", "2008-06-30": "$2,566", "2008-03-31": "$1,860", "2007-12-31": "$2,220", "2007-09-30": "$2,402", "2007-06-30": "$2,291", "2007-03-31": "$1,695", "2006-12-31": "$2,055", "2006-09-30": "$2,186", "2006-06-30": "$2,124", "2006-03-31": "$1,543", "2005-12-31": "$1,913", "2005-09-30": "$1,988", "2005-06-30": "$1,862", "2005-03-31": "$1,529"}}, "net-income": {"PepsiCo Annual Net Income (Millions of US $)": {"2019": "$7,314", "2018": "$12,515", "2017": "$4,857", "2016": "$6,329", "2015": "$5,452", "2014": "$6,503", "2013": "$6,740", "2012": "$6,171", "2011": "$6,436", "2010": "$6,314", "2009": "$5,940", "2008": "$5,134", "2007": "$5,646", "2006": "$5,631", "2005": "$4,060"}, "PepsiCo Quarterly Net Income (Millions of US $)": {"2020-09-30": "$2,291", "2020-06-30": "$1,646", "2020-03-31": "$1,338", "2019-12-31": "$1,766", "2019-09-30": "$2,100", "2019-06-30": "$2,035", "2019-03-31": "$1,413", "2018-12-31": "$6,854", "2018-09-30": "$2,498", "2018-06-30": "$1,820", "2018-03-31": "$1,343", "2017-12-31": "$-710", "2017-09-30": "$2,144", "2017-06-30": "$2,105", "2017-03-31": "$1,318", "2016-12-31": "$1,401", "2016-09-30": "$1,992", "2016-06-30": "$2,005", "2016-03-31": "$931", "2015-12-31": "$1,718", "2015-09-30": "$533", "2015-06-30": "$1,980", "2015-03-31": "$1,221", "2014-12-31": "$1,304", "2014-09-30": "$2,008", "2014-06-30": "$1,976", "2014-03-31": "$1,215", "2013-12-31": "$1,747", "2013-09-30": "$1,913", "2013-06-30": "$2,007", "2013-03-31": "$1,073", "2012-12-31": "$1,659", "2012-09-30": "$1,901", "2012-06-30": "$1,485", "2012-03-31": "$1,126", "2011-12-31": "$1,413", "2011-09-30": "$1,999", "2011-06-30": "$1,883", "2011-03-31": "$1,141", "2010-12-31": "$1,362", "2010-09-30": "$1,922", "2010-06-30": "$1,601", "2010-03-31": "$1,429", "2009-12-31": "$1,432", "2009-09-30": "$1,716", "2009-06-30": "$1,658", "2009-03-31": "$1,134", "2008-12-31": "$716", "2008-09-30": "$1,574", "2008-06-30": "$1,698", "2008-03-31": "$1,146", "2007-12-31": "$1,257", "2007-09-30": "$1,741", "2007-06-30": "$1,555", "2007-03-31": "$1,093", "2006-12-31": "$1,823", "2006-09-30": "$1,491", "2006-06-30": "$1,372", "2006-03-31": "$945", "2005-12-31": "$1,103", "2005-09-30": "$861", "2005-06-30": "$1,189", "2005-03-31": "$907"}}, "eps-earnings-per-share-diluted": {"PepsiCo Annual EPS": {"2019": "$5.20", "2018": "$8.78", "2017": "$3.38", "2016": "$4.36", "2015": "$3.67", "2014": "$4.27", "2013": "$4.32", "2012": "$3.92", "2011": "$4.03", "2010": "$3.91", "2009": "$3.77", "2008": "$3.21", "2007": "$3.41", "2006": "$3.34", "2005": "$2.39"}, "PepsiCo Quarterly EPS": {"2020-09-30": "$1.65", "2020-06-30": "$1.18", "2020-03-31": "$0.96", "2019-12-31": "$1.27", "2019-09-30": "$1.49", "2019-06-30": "$1.44", "2019-03-31": "$1.00", "2018-12-31": "$4.81", "2018-09-30": "$1.75", "2018-06-30": "$1.28", "2018-03-31": "$0.94", "2017-12-31": "$-0.48", "2017-09-30": "$1.49", "2017-06-30": "$1.46", "2017-03-31": "$0.91", "2016-12-31": "$0.97", "2016-09-30": "$1.37", "2016-06-30": "$1.38", "2016-03-31": "$0.64", "2015-12-31": "$1.17", "2015-09-30": "$0.36", "2015-06-30": "$1.33", "2015-03-31": "$0.81", "2014-12-31": "$0.87", "2014-09-30": "$1.32", "2014-06-30": "$1.29", "2014-03-31": "$0.79", "2013-12-31": "$1.12", "2013-09-30": "$1.23", "2013-06-30": "$1.28", "2013-03-31": "$0.69", "2012-12-31": "$1.06", "2012-09-30": "$1.21", "2012-06-30": "$0.94", "2012-03-31": "$0.71", "2011-12-31": "$0.90", "2011-09-30": "$1.25", "2011-06-30": "$1.17", "2011-03-31": "$0.71", "2010-12-31": "$0.85", "2010-09-30": "$1.19", "2010-06-30": "$0.98", "2010-03-31": "$0.89", "2009-12-31": "$0.90", "2009-09-30": "$1.09", "2009-06-30": "$1.06", "2009-03-31": "$0.72", "2008-12-31": "$0.47", "2008-09-30": "$0.99", "2008-06-30": "$1.05", "2008-03-31": "$0.70", "2007-12-31": "$0.76", "2007-09-30": "$1.06", "2007-06-30": "$0.94", "2007-03-31": "$0.65", "2006-12-31": "$1.08", "2006-09-30": "$0.89", "2006-06-30": "$0.81", "2006-03-31": "$0.56", "2005-12-31": "$0.65", "2005-09-30": "$0.51", "2005-06-30": "$0.70", "2005-03-31": "$0.53"}}, "shares-outstanding": {"PepsiCo Annual Shares Outstanding (Millions of Shares)": {"2019": "1,407", "2018": "1,425", "2017": "1,438", "2016": "1,452", "2015": "1,485", "2014": "1,527", "2013": "1,560", "2012": "1,575", "2011": "1,597", "2010": "1,614", "2009": "1,577", "2008": "1,602", "2007": "1,658", "2006": "1,687", "2005": "1,706"}, "PepsiCo Quarterly Shares Outstanding (Millions of Shares)": {"2020-09-30": "1,390", "2020-06-30": "1,393", "2020-03-31": "1,396", "2019-12-31": "1,407", "2019-09-30": "1,405", "2019-06-30": "1,409", "2019-03-31": "1,413", "2018-12-31": "1,425", "2018-09-30": "1,424", "2018-06-30": "1,426", "2018-03-31": "1,430", "2017-12-31": "1,438", "2017-09-30": "1,438", "2017-06-30": "1,441", "2017-03-31": "1,440", "2016-12-31": "1,452", "2016-09-30": "1,452", "2016-06-30": "1,456", "2016-03-31": "1,459", "2015-12-31": "1,485", "2015-09-30": "1,483", "2015-06-30": "1,491", "2015-03-31": "1,503", "2014-12-31": "1,527", "2014-09-30": "1,525", "2014-06-30": "1,532", "2014-03-31": "1,540", "2013-12-31": "1,560", "2013-09-30": "1,561", "2013-06-30": "1,567", "2013-03-31": "1,563", "2012-12-31": "1,575", "2012-09-30": "1,575", "2012-06-30": "1,581", "2012-03-31": "1,584", "2011-12-31": "1,597", "2011-09-30": "1,599", "2011-06-30": "1,605", "2011-03-31": "1,605", "2010-12-31": "1,614", "2010-09-30": "1,612", "2010-06-30": "1,634", "2010-03-31": "1,606", "2009-12-31": "1,577", "2009-09-30": "1,577", "2009-06-30": "1,572", "2009-03-31": "1,570", "2008-12-31": "1,602", "2008-09-30": "1,593", "2008-06-30": "1,612", "2008-03-31": "1,632", "2007-12-31": "1,658", "2007-09-30": "1,651", "2007-06-30": "1,665", "2007-03-31": "1,673", "2006-12-31": "1,687", "2006-09-30": "1,690", "2006-06-30": "1,689", "2006-03-31": "1,695", "2005-12-31": "1,706", "2005-09-30": "1,703", "2005-06-30": "1,712", "2005-03-31": "1,713"}}, "total-assets": {"PepsiCo Annual Total Assets (Millions of US $)": {"2019": "$78,547", "2018": "$77,648", "2017": "$79,804", "2016": "$73,490", "2015": "$69,667", "2014": "$70,509", "2013": "$77,478", "2012": "$74,638", "2011": "$72,882", "2010": "$68,153", "2009": "$39,848", "2008": "$35,994", "2007": "$34,628", "2006": "$29,930", "2005": "$31,727"}, "PepsiCo Quarterly Total Assets (Millions of US $)": {"2020-09-30": "$92,041", "2020-06-30": "$89,525", "2020-03-31": "$85,062", "2019-12-31": "$78,547", "2019-09-30": "$77,444", "2019-06-30": "$75,084", "2019-03-31": "$75,466", "2018-12-31": "$77,648", "2018-09-30": "$73,632", "2018-06-30": "$78,731", "2018-03-31": "$81,887", "2017-12-31": "$79,804", "2017-09-30": "$78,463", "2017-06-30": "$76,943", "2017-03-31": "$74,622", "2016-12-31": "$73,490", "2016-09-30": "$73,897", "2016-06-30": "$72,711", "2016-03-31": "$70,019", "2015-12-31": "$69,667", "2015-09-30": "$69,902", "2015-06-30": "$72,262", "2015-03-31": "$69,625", "2014-12-31": "$70,509", "2014-09-30": "$80,466", "2014-06-30": "$80,433", "2014-03-31": "$77,493", "2013-12-31": "$77,478", "2013-09-30": "$76,814", "2013-06-30": "$76,653", "2013-03-31": "$75,355", "2012-12-31": "$74,638", "2012-09-30": "$74,017", "2012-06-30": "$72,390", "2012-03-31": "$74,391", "2011-12-31": "$72,882", "2011-09-30": "$75,378", "2011-06-30": "$75,680", "2011-03-31": "$73,085", "2010-12-31": "$68,153", "2010-09-30": "$66,702", "2010-06-30": "$65,074", "2010-03-31": "$64,144", "2009-12-31": "$39,848", "2009-09-30": "$38,620", "2009-06-30": "$37,050", "2009-03-31": "$35,020", "2008-12-31": "$35,994", "2008-09-30": "$38,458", "2008-06-30": "$36,779", "2008-03-31": "$35,699", "2007-12-31": "$34,628", "2007-09-30": "$32,408", "2007-06-30": "$31,925", "2007-03-31": "$29,830", "2006-12-31": "$29,930", "2006-09-30": "$32,266", "2006-06-30": "$31,426", "2006-03-31": "$30,994", "2005-12-31": "$31,727", "2005-09-30": "$30,898", "2005-06-30": "$29,684", "2005-03-31": "$28,671"}}, "cash-on-hand": {"PepsiCo Annual Cash on Hand (Millions of US $)": {"2019": "$5,738", "2018": "$10,990", "2017": "$19,510", "2016": "$16,125", "2015": "$12,009", "2014": "$8,726", "2013": "$9,678", "2012": "$6,619", "2011": "$4,425", "2010": "$6,369", "2009": "$4,135", "2008": "$2,277", "2007": "$2,481", "2006": "$2,822", "2005": "$4,882"}, "PepsiCo Quarterly Cash on Hand (Millions of US $)": {"2020-09-30": "$9,705", "2020-06-30": "$9,123", "2020-03-31": "$11,247", "2019-12-31": "$5,738", "2019-09-30": "$5,908", "2019-06-30": "$3,734", "2019-03-31": "$5,551", "2018-12-31": "$10,990", "2018-09-30": "$13,898", "2018-06-30": "$18,129", "2018-03-31": "$20,610", "2017-12-31": "$19,510", "2017-09-30": "$18,278", "2017-06-30": "$17,160", "2017-03-31": "$15,989", "2016-12-31": "$16,125", "2016-09-30": "$14,780", "2016-06-30": "$13,379", "2016-03-31": "$12,144", "2015-12-31": "$12,009", "2015-09-30": "$10,679", "2015-06-30": "$9,579", "2015-03-31": "$8,495", "2014-12-31": "$8,726", "2014-09-30": "$12,906", "2014-06-30": "$11,299", "2014-03-31": "$10,086", "2013-12-31": "$9,678", "2013-09-30": "$9,559", "2013-06-30": "$8,139", "2013-03-31": "$7,011", "2012-12-31": "$6,619", "2012-09-30": "$5,711", "2012-06-30": "$4,193", "2012-03-31": "$3,813", "2011-12-31": "$4,425", "2011-09-30": "$3,535", "2011-06-30": "$3,344", "2011-03-31": "$4,029", "2010-12-31": "$6,369", "2010-09-30": "$5,809", "2010-06-30": "$4,754", "2010-03-31": "$4,147", "2009-12-31": "$4,135", "2009-09-30": "$3,460", "2009-06-30": "$2,424", "2009-03-31": "$2,387", "2008-12-31": "$2,277", "2008-09-30": "$1,859", "2008-06-30": "$2,073", "2008-03-31": "$2,597", "2007-12-31": "$2,481", "2007-09-30": "$2,238", "2007-06-30": "$1,862", "2007-03-31": "$1,737", "2006-12-31": "$2,822", "2006-09-30": "$3,400", "2006-06-30": "$2,678", "2006-03-31": "$3,329", "2005-12-31": "$4,882", "2005-09-30": "$4,872", "2005-06-30": "$3,923", "2005-03-31": "$3,373"}}, "long-term-debt": {"PepsiCo Annual Long Term Debt (Millions of US $)": {"2019": "$29,148", "2018": "$28,295", "2017": "$33,796", "2016": "$30,053", "2015": "$29,213", "2014": "$23,821", "2013": "$24,333", "2012": "$23,544", "2011": "$20,568", "2010": "$19,999", "2009": "$7,400", "2008": "$7,858", "2007": "$4,203", "2006": "$2,550", "2005": "$2,313"}, "PepsiCo Quarterly Long Term Debt (Millions of US $)": {"2020-09-30": "$37,879", "2020-06-30": "$38,371", "2020-03-31": "$35,361", "2019-12-31": "$29,148", "2019-09-30": "$29,630", "2019-06-30": "$27,712", "2019-03-31": "$28,458", "2018-12-31": "$28,295", "2018-09-30": "$30,643", "2018-06-30": "$30,638", "2018-03-31": "$31,931", "2017-12-31": "$33,796", "2017-09-30": "$31,452", "2017-06-30": "$31,205", "2017-03-31": "$30,081", "2016-12-31": "$30,053", "2016-09-30": "$29,322", "2016-06-30": "$30,847", "2016-03-31": "$31,068", "2015-12-31": "$29,213", "2015-09-30": "$26,318", "2015-06-30": "$23,075", "2015-03-31": "$22,403", "2014-12-31": "$23,821", "2014-09-30": "$23,489", "2014-06-30": "$25,606", "2014-03-31": "$24,240", "2013-12-31": "$24,333", "2013-09-30": "$24,293", "2013-06-30": "$23,212", "2013-03-31": "$23,225", "2012-12-31": "$23,544", "2012-09-30": "$23,732", "2012-06-30": "$21,294", "2012-03-31": "$22,054", "2011-12-31": "$20,568", "2011-09-30": "$21,781", "2011-06-30": "$21,607", "2011-03-31": "$20,942", "2010-12-31": "$19,999", "2010-09-30": "$18,445", "2010-06-30": "$19,586", "2010-03-31": "$19,884", "2009-12-31": "$7,400", "2009-09-30": "$7,434", "2009-06-30": "$8,185", "2009-03-31": "$9,241", "2008-12-31": "$7,858", "2008-09-30": "$6,537", "2008-06-30": "$6,053", "2008-03-31": "$4,884", "2007-12-31": "$4,203", "2007-09-30": "$2,954", "2007-06-30": "$3,261", "2007-03-31": "$1,807", "2006-12-31": "$2,550", "2006-09-30": "$2,528", "2006-06-30": "$2,542", "2006-03-31": "$2,288", "2005-12-31": "$2,313", "2005-09-30": "$2,300", "2005-06-30": "$2,331", "2005-03-31": "$2,390"}}, "total-liabilities": {"PepsiCo Annual Total Liabilities (Millions of US $)": {"2019": "$63,679", "2018": "$63,046", "2017": "$68,823", "2016": "$62,291", "2015": "$57,637", "2014": "$52,961", "2013": "$53,089", "2012": "$52,239", "2011": "$51,983", "2010": "$46,677", "2009": "$22,406", "2008": "$23,412", "2007": "$17,394", "2006": "$14,562", "2005": "$17,476"}, "PepsiCo Quarterly Total Liabilities (Millions of US $)": {"2020-09-30": "$78,446", "2020-06-30": "$76,938", "2020-03-31": "$71,503", "2019-12-31": "$63,679", "2019-09-30": "$63,220", "2019-06-30": "$61,047", "2019-03-31": "$61,170", "2018-12-31": "$63,046", "2018-09-30": "$63,243", "2018-06-30": "$68,510", "2018-03-31": "$70,902", "2017-12-31": "$68,823", "2017-09-30": "$65,052", "2017-06-30": "$64,413", "2017-03-31": "$62,939", "2016-12-31": "$62,291", "2016-09-30": "$61,179", "2016-06-30": "$60,335", "2016-03-31": "$58,788", "2015-12-31": "$57,637", "2015-09-30": "$56,323", "2015-06-30": "$55,798", "2015-03-31": "$53,636", "2014-12-31": "$52,961", "2014-09-30": "$57,279", "2014-06-30": "$56,833", "2014-03-31": "$54,600", "2013-12-31": "$53,089", "2013-09-30": "$54,412", "2013-06-30": "$53,888", "2013-03-31": "$52,891", "2012-12-31": "$52,239", "2012-09-30": "$52,433", "2012-06-30": "$51,795", "2012-03-31": "$51,437", "2011-12-31": "$51,983", "2011-09-30": "$51,375", "2011-06-30": "$51,310", "2011-03-31": "$49,411", "2010-12-31": "$46,677", "2010-09-30": "$46,466", "2010-06-30": "$45,160", "2010-03-31": "$42,288", "2009-12-31": "$22,406", "2009-09-30": "$22,789", "2009-06-30": "$22,641", "2009-03-31": "$22,941", "2008-12-31": "$23,412", "2008-09-30": "$22,406", "2008-06-30": "$20,126", "2008-03-31": "$18,985", "2007-12-31": "$17,394", "2007-09-30": "$16,164", "2007-06-30": "$16,052", "2007-03-31": "$14,482", "2006-12-31": "$14,562", "2006-09-30": "$16,258", "2006-06-30": "$16,193", "2006-03-31": "$16,253", "2005-12-31": "$17,476", "2005-09-30": "$16,798", "2005-06-30": "$15,494", "2005-03-31": "$14,758"}}, "total-share-holder-equity": {"PepsiCo Annual Share Holder Equity (Millions of US $)": {"2019": "$14,868", "2018": "$14,602", "2017": "$10,981", "2016": "$11,199", "2015": "$12,030", "2014": "$17,548", "2013": "$24,389", "2012": "$22,399", "2011": "$20,899", "2010": "$21,476", "2009": "$17,442", "2008": "$12,582", "2007": "$17,234", "2006": "$15,368", "2005": "$14,251"}, "PepsiCo Quarterly Share Holder Equity (Millions of US $)": {"2020-09-30": "$13,595", "2020-06-30": "$12,587", "2020-03-31": "$13,559", "2019-12-31": "$14,868", "2019-09-30": "$14,224", "2019-06-30": "$14,037", "2019-03-31": "$14,296", "2018-12-31": "$14,602", "2018-09-30": "$10,389", "2018-06-30": "$10,221", "2018-03-31": "$10,985", "2017-12-31": "$10,981", "2017-09-30": "$13,411", "2017-06-30": "$12,530", "2017-03-31": "$11,683", "2016-12-31": "$11,199", "2016-09-30": "$12,718", "2016-06-30": "$12,376", "2016-03-31": "$11,231", "2015-12-31": "$12,030", "2015-09-30": "$13,579", "2015-06-30": "$16,464", "2015-03-31": "$15,989", "2014-12-31": "$17,548", "2014-09-30": "$23,187", "2014-06-30": "$23,600", "2014-03-31": "$22,893", "2013-12-31": "$24,389", "2013-09-30": "$22,402", "2013-06-30": "$22,765", "2013-03-31": "$22,464", "2012-12-31": "$22,399", "2012-09-30": "$21,584", "2012-06-30": "$20,595", "2012-03-31": "$22,954", "2011-12-31": "$20,899", "2011-09-30": "$24,003", "2011-06-30": "$24,370", "2011-03-31": "$23,674", "2010-12-31": "$21,476", "2010-09-30": "$20,236", "2010-06-30": "$19,914", "2010-03-31": "$21,856", "2009-12-31": "$17,442", "2009-09-30": "$15,831", "2009-06-30": "$14,409", "2009-03-31": "$12,079", "2008-12-31": "$12,582", "2008-09-30": "$16,052", "2008-06-30": "$16,653", "2008-03-31": "$16,714", "2007-12-31": "$17,234", "2007-09-30": "$16,244", "2007-06-30": "$15,873", "2007-03-31": "$15,348", "2006-12-31": "$15,368", "2006-09-30": "$16,008", "2006-06-30": "$15,233", "2006-03-31": "$14,741", "2005-12-31": "$14,251", "2005-09-30": "$14,100", "2005-06-30": "$14,190", "2005-03-31": "$13,913"}}, "profit-margins": {"current": "10.27%"}, "gross margin": {"2020-09-30": "55.19%", "2020-06-30": "55.28%", "2020-03-31": "55.15%", "2019-12-31": "55.13%", "2019-09-30": "55.00%", "2019-06-30": "54.77%", "2019-03-31": "54.74%", "2018-12-31": "54.56%", "2018-09-30": "54.34%", "2018-06-30": "54.41%", "2018-03-31": "54.46%", "2017-12-31": "54.67%", "2017-09-30": "54.85%", "2017-06-30": "54.83%", "2017-03-31": "54.97%", "2016-12-31": "55.06%", "2016-09-30": "55.14%", "2016-06-30": "55.03%", "2016-03-31": "54.74%", "2015-12-31": "54.44%", "2015-09-30": "53.49%", "2015-06-30": "53.35%", "2015-03-31": "53.24%", "2014-12-31": "53.15%", "2014-09-30": "53.50%", "2014-06-30": "53.36%", "2014-03-31": "53.12%", "2013-12-31": "52.96%", "2013-09-30": "52.71%", "2013-06-30": "52.69%", "2013-03-31": "52.42%", "2012-12-31": "52.22%", "2012-09-30": "52.25%", "2012-06-30": "51.99%", "2012-03-31": "52.18%", "2011-12-31": "52.49%", "2011-09-30": "53.15%", "2011-06-30": "53.91%", "2011-03-31": "54.38%", "2010-12-31": "54.05%", "2010-09-30": "53.74%", "2010-06-30": "53.28%", "2010-03-31": "53.05%", "2009-12-31": "53.51%", "2009-09-30": "53.18%", "2009-06-30": "53.15%", "2009-03-31": "53.08%", "2008-12-31": "52.95%", "2008-09-30": "53.43%", "2008-06-30": "53.77%", "2008-03-31": "54.06%", "2007-12-31": "54.30%", "2007-09-30": "54.68%", "2007-06-30": "54.82%", "2007-03-31": "55.03%", "2006-12-31": "55.14%", "2006-09-30": "55.55%", "2006-06-30": "56.05%", "2006-03-31": "56.36%", "2005-12-31": "56.46%"}, "operating margin": {"2020-09-30": "14.52%", "2020-06-30": "14.48%", "2020-03-31": "14.98%", "2019-12-31": "15.32%", "2019-09-30": "15.18%", "2019-06-30": "15.32%", "2019-03-31": "15.87%", "2018-12-31": "15.64%", "2018-09-30": "15.85%", "2018-06-30": "16.03%", "2018-03-31": "15.96%", "2017-12-31": "16.18%", "2017-09-30": "15.91%", "2017-06-30": "15.80%", "2017-03-31": "15.95%", "2016-12-31": "15.61%", "2016-09-30": "15.59%", "2016-06-30": "13.25%", "2016-03-31": "13.04%", "2015-12-31": "13.25%", "2015-09-30": "12.64%", "2015-06-30": "14.66%", "2015-03-31": "14.44%", "2014-12-31": "14.37%", "2014-09-30": "14.88%", "2014-06-30": "14.85%", "2014-03-31": "14.83%", "2013-12-31": "14.61%", "2013-09-30": "14.37%", "2013-06-30": "14.46%", "2013-03-31": "13.78%", "2012-12-31": "13.91%", "2012-09-30": "13.92%", "2012-06-30": "13.89%", "2012-03-31": "14.37%", "2011-12-31": "14.48%", "2011-09-30": "14.91%", "2011-06-30": "15.23%", "2011-03-31": "15.26%", "2010-12-31": "14.41%", "2010-09-30": "15.35%", "2010-06-30": "15.59%", "2010-03-31": "16.46%", "2009-12-31": "18.61%", "2009-09-30": "16.95%", "2009-06-30": "16.32%", "2009-03-31": "16.19%", "2008-12-31": "16.09%", "2008-09-30": "17.45%", "2008-06-30": "18.07%", "2008-03-31": "18.09%", "2007-12-31": "18.19%", "2007-09-30": "18.65%", "2007-06-30": "18.61%", "2007-03-31": "18.63%", "2006-12-31": "18.50%", "2006-09-30": "18.50%", "2006-06-30": "18.50%", "2006-03-31": "18.33%", "2005-12-31": "18.38%"}, "ebitda margin": {"2020-09-30": "18.21%", "2020-06-30": "18.17%", "2020-03-31": "18.60%", "2019-12-31": "18.94%", "2019-09-30": "18.81%", "2019-06-30": "18.97%", "2019-03-31": "19.56%", "2018-12-31": "19.35%", "2018-09-30": "19.56%", "2018-06-30": "19.77%", "2018-03-31": "19.69%", "2017-12-31": "19.91%", "2017-09-30": "19.63%", "2017-06-30": "19.52%", "2017-03-31": "19.71%", "2016-12-31": "19.38%", "2016-09-30": "19.44%", "2016-06-30": "17.09%", "2016-03-31": "16.87%", "2015-12-31": "17.08%", "2015-09-30": "16.48%", "2015-06-30": "18.55%", "2015-03-31": "18.35%", "2014-12-31": "18.30%", "2014-09-30": "18.83%", "2014-06-30": "18.82%", "2014-03-31": "18.81%", "2013-12-31": "18.62%", "2013-09-30": "18.40%", "2013-06-30": "18.51%", "2013-03-31": "17.87%", "2012-12-31": "18.02%", "2012-09-30": "18.03%", "2012-06-30": "18.02%", "2012-03-31": "18.51%", "2011-12-31": "18.60%", "2011-09-30": "18.98%", "2011-06-30": "19.31%", "2011-03-31": "19.36%", "2010-12-31": "18.43%", "2010-09-30": "19.38%", "2010-06-30": "19.54%", "2010-03-31": "20.28%", "2009-12-31": "22.39%", "2009-09-30": "20.63%", "2009-06-30": "19.94%", "2009-03-31": "19.79%", "2008-12-31": "19.66%", "2008-09-30": "21.03%", "2008-06-30": "21.65%", "2008-03-31": "21.68%", "2007-12-31": "21.81%", "2007-09-30": "22.40%", "2007-06-30": "22.44%", "2007-03-31": "22.53%", "2006-12-31": "22.51%", "2006-09-30": "22.40%", "2006-06-30": "22.45%", "2006-03-31": "22.35%", "2005-12-31": "22.39%"}, "pre tax profit margin": {"2020-09-30": "13.01%", "2020-06-30": "12.94%", "2020-03-31": "13.43%", "2019-12-31": "13.87%", "2019-09-30": "13.69%", "2019-06-30": "13.88%", "2019-03-31": "14.47%", "2018-12-31": "14.21%", "2018-09-30": "14.82%", "2018-06-30": "15.00%", "2018-03-31": "14.89%", "2017-12-31": "15.12%", "2017-09-30": "14.33%", "2017-06-30": "14.11%", "2017-03-31": "14.11%", "2016-12-31": "13.62%", "2016-09-30": "14.02%", "2016-06-30": "11.68%", "2016-03-31": "11.53%", "2015-12-31": "11.80%", "2015-09-30": "11.29%", "2015-06-30": "13.37%", "2015-03-31": "13.19%", "2014-12-31": "13.13%", "2014-09-30": "13.67%", "2014-06-30": "13.62%", "2014-03-31": "13.60%", "2013-12-31": "13.39%", "2013-09-30": "13.13%", "2013-06-30": "13.24%", "2013-03-31": "12.53%", "2012-12-31": "12.68%", "2012-09-30": "12.69%", "2012-06-30": "12.63%", "2012-03-31": "13.16%", "2011-12-31": "13.28%", "2011-09-30": "13.50%", "2011-06-30": "13.89%", "2011-03-31": "13.90%", "2010-12-31": "14.23%", "2010-09-30": "15.82%", "2010-06-30": "16.54%", "2010-03-31": "17.96%", "2009-12-31": "18.69%", "2009-09-30": "16.59%", "2009-06-30": "16.12%", "2009-03-31": "16.19%", "2008-12-31": "16.29%", "2008-09-30": "18.28%", "2008-06-30": "19.01%", "2008-03-31": "19.13%", "2007-12-31": "19.36%", "2007-09-30": "19.98%", "2007-06-30": "20.01%", "2007-03-31": "19.98%", "2006-12-31": "19.89%", "2006-09-30": "19.71%", "2006-06-30": "19.73%", "2006-03-31": "19.61%", "2005-12-31": "19.60%"}, "net profit margin": {"2020-09-30": "10.27%", "2020-06-30": "10.13%", "2020-03-31": "10.62%", "2019-12-31": "10.89%", "2019-09-30": "18.78%", "2019-06-30": "19.59%", "2019-03-31": "19.37%", "2018-12-31": "19.35%", "2018-09-30": "7.66%", "2018-06-30": "7.14%", "2018-03-31": "7.62%", "2017-12-31": "7.65%", "2017-09-30": "10.97%", "2017-06-30": "10.77%", "2017-03-31": "10.66%", "2016-12-31": "10.08%", "2016-09-30": "10.74%", "2016-06-30": "8.34%", "2016-03-31": "8.23%", "2015-12-31": "8.65%", "2015-09-30": "7.82%", "2015-06-30": "9.97%", "2015-03-31": "9.82%", "2014-12-31": "9.75%", "2014-09-30": "10.39%", "2014-06-30": "10.30%", "2014-03-31": "10.36%", "2013-12-31": "10.15%", "2013-09-30": "10.04%", "2013-06-30": "10.06%", "2013-03-31": "9.32%", "2012-12-31": "9.42%", "2012-09-30": "9.02%", "2012-06-30": "9.04%", "2012-03-31": "9.58%", "2011-12-31": "9.68%", "2011-09-30": "9.90%", "2011-06-30": "10.10%", "2011-03-31": "9.98%", "2010-12-31": "10.92%", "2010-09-30": "12.05%", "2010-06-30": "12.73%", "2010-03-31": "14.06%", "2009-12-31": "13.74%", "2009-09-30": "12.24%", "2009-06-30": "11.87%", "2009-03-31": "11.86%", "2008-12-31": "11.87%", "2008-09-30": "13.24%", "2008-06-30": "13.98%", "2008-03-31": "14.09%", "2007-12-31": "14.30%", "2007-09-30": "16.48%", "2007-06-30": "16.26%", "2007-03-31": "16.16%", "2006-12-31": "16.03%", "2006-09-30": "14.17%", "2006-06-30": "12.70%", "2006-03-31": "12.53%", "2005-12-31": "12.47%"}, "pe ratio": {"current": "25.38", "2021-02-11": "26.73", "2020-09-30": "27.25", "2020-06-30": "26.66", "2020-03-31": "22.81", "2019-12-31": "25.58", "2019-09-30": "15.10", "2019-06-30": "13.93", "2019-03-31": "13.15", "2018-12-31": "11.84", "2018-09-30": "30.16", "2018-06-30": "31.49", "2018-03-31": "29.62", "2017-12-31": "32.49", "2017-09-30": "20.88", "2017-06-30": "22.03", "2017-03-31": "21.56", "2016-12-31": "21.32", "2016-09-30": "21.03", "2016-06-30": "26.13", "2016-03-31": "25.45", "2015-12-31": "23.49", "2015-09-30": "23.98", "2015-06-30": "18.33", "2015-03-31": "18.81", "2014-12-31": "18.57", "2014-09-30": "17.15", "2014-06-30": "16.68", "2014-03-31": "15.51", "2013-12-31": "15.65", "2013-09-30": "15.11", "2013-06-30": "15.51", "2013-03-31": "16.19", "2012-12-31": "13.84", "2012-09-30": "14.85", "2012-06-30": "14.56", "2012-03-31": "12.79", "2011-12-31": "12.68", "2011-09-30": "11.85", "2011-06-30": "13.59", "2011-03-31": "12.96", "2010-12-31": "12.45", "2010-09-30": "12.41", "2010-06-30": "11.59", "2010-03-31": "12.24", "2009-12-31": "11.67", "2009-09-30": "12.66", "2009-06-30": "12.13", "2009-03-31": "11.30", "2008-12-31": "11.99", "2008-09-30": "14.12", "2008-06-30": "12.27", "2008-03-31": "14.29", "2007-12-31": "15.16", "2007-09-30": "13.42", "2007-06-30": "12.42", "2007-03-31": "12.60", "2006-12-31": "12.53"}, "price sales": {"2021-02-11": "2.75", "2020-09-30": "2.80", "2020-06-30": "2.70", "2020-03-31": "2.42", "2019-12-31": "2.78", "2019-09-30": "2.83", "2019-06-30": "2.73", "2019-03-31": "2.55", "2018-12-31": "2.30", "2018-09-30": "2.31", "2018-06-30": "2.25", "2018-03-31": "2.25", "2017-12-31": "2.48", "2017-09-30": "2.30", "2017-06-30": "2.38", "2017-03-31": "2.30", "2016-12-31": "2.15", "2016-09-30": "2.27", "2016-06-30": "2.20", "2016-03-31": "2.10", "2015-12-31": "2.04", "2015-09-30": "1.88", "2015-06-30": "1.84", "2015-03-31": "1.86", "2014-12-31": "1.82", "2014-09-30": "1.79", "2014-06-30": "1.72", "2014-03-31": "1.61", "2013-12-31": "1.59", "2013-09-30": "1.52", "2013-06-30": "1.56", "2013-03-31": "1.51", "2012-12-31": "1.31", "2012-09-30": "1.34", "2012-06-30": "1.32", "2012-03-31": "1.23", "2011-12-31": "1.23", "2011-09-30": "1.17", "2011-06-30": "1.37", "2011-03-31": "1.29", "2010-12-31": "1.36", "2010-09-30": "1.49", "2010-06-30": "1.47", "2010-03-31": "1.72", "2009-12-31": "1.60", "2009-09-30": "1.56", "2009-06-30": "1.45", "2009-03-31": "1.35", "2008-12-31": "1.43", "2008-09-30": "1.88", "2008-06-30": "1.72", "2008-03-31": "2.02", "2007-12-31": "2.18", "2007-09-30": "2.20", "2007-06-30": "2.01", "2007-03-31": "2.01", "2006-12-31": "2.01"}, "price book": {"current": "14.19", "2021-02-11": "13.73", "2020-09-30": "14.00", "2020-06-30": "14.35", "2020-03-31": "12.03", "2019-12-31": "12.42", "2019-09-30": "12.98", "2019-06-30": "12.52", "2019-03-31": "11.45", "2018-12-31": "10.06", "2018-09-30": "14.22", "2018-06-30": "13.99", "2018-03-31": "12.97", "2017-12-31": "14.16", "2017-09-30": "10.72", "2017-06-30": "11.84", "2017-03-31": "12.25", "2016-12-31": "11.85", "2016-09-30": "10.83", "2016-06-30": "10.80", "2016-03-31": "11.47", "2015-12-31": "10.38", "2015-09-30": "8.70", "2015-06-30": "7.10", "2015-03-31": "7.47", "2014-12-31": "6.72", "2014-09-30": "5.03", "2014-06-30": "4.73", "2014-03-31": "4.55", "2013-12-31": "4.24", "2013-09-30": "4.42", "2013-06-30": "4.47", "2013-03-31": "4.34", "2012-12-31": "3.74", "2012-09-30": "4.00", "2012-06-30": "4.17", "2012-03-31": "3.51", "2011-12-31": "3.82", "2011-09-30": "3.08", "2011-06-30": "3.46", "2011-03-31": "3.23", "2010-12-31": "3.58", "2010-09-30": "3.84", "2010-06-30": "3.58", "2010-03-31": "3.59", "2009-12-31": "3.95", "2009-09-30": "4.15", "2009-06-30": "4.23", "2009-03-31": "4.69", "2008-12-31": "4.74", "2008-09-30": "4.81", "2008-06-30": "4.15", "2008-03-31": "4.72", "2007-12-31": "4.83", "2007-09-30": "4.93", "2007-06-30": "4.48", "2007-03-31": "4.54", "2006-12-31": "4.46", "2006-09-30": "4.47", "2006-06-30": "4.31", "2006-03-31": "4.28"}, "price fcf": {"2021-02-11": "", "2020-09-30": "$4.65", "2020-06-30": "$3.99", "2020-03-31": "$3.65", "2019-12-31": "$3.97", "2019-09-30": "$4.35", "2019-06-30": "$4.45", "2019-03-31": "$5.00", "2018-12-31": "$4.40", "2018-09-30": "$4.07", "2018-06-30": "$4.19", "2018-03-31": "$4.23", "2017-12-31": "$5.04", "2017-09-30": "$4.92", "2017-06-30": "$4.76", "2017-03-31": "$5.01", "2016-12-31": "$5.32", "2016-09-30": "$5.55", "2016-06-30": "$5.74", "2016-03-31": "$5.47", "2015-12-31": "$5.52", "2015-09-30": "$5.29", "2015-06-30": "$5.22", "2015-03-31": "$5.20", "2014-12-31": "$5.08", "2014-09-30": "$4.57", "2014-06-30": "$4.30", "2014-03-31": "$4.12", "2013-12-31": "$4.49", "2013-09-30": "$4.67", "2013-06-30": "$4.84", "2013-03-31": "$4.61", "2012-12-31": "$3.72", "2012-09-30": "$3.50", "2012-06-30": "$3.09", "2012-03-31": "$2.96", "2011-12-31": "$3.56", "2011-09-30": "$3.13", "2011-06-30": "$3.06", "2011-03-31": "$3.25", "2010-12-31": "$3.27", "2010-09-30": "$3.49", "2010-06-30": "$3.42", "2010-03-31": "$3.34", "2009-12-31": "$3.00", "2009-09-30": "$2.90", "2009-06-30": "$2.56", "2009-03-31": "$2.39", "2008-12-31": "$2.90", "2008-09-30": "$2.46", "2008-06-30": "$2.82", "2008-03-31": "$2.69", "2007-12-31": "$2.74", "2007-09-30": "$2.91", "2007-06-30": "$2.54", "2007-03-31": "$2.69", "2006-12-31": "$2.41"}, "net worth": {"value": "$192.92B"}, "current ratio": {"current": "0.93", "2020-09-30": "0.93", "2020-06-30": "0.97", "2020-03-31": "1.10", "2019-12-31": "0.86", "2019-09-30": "0.95", "2019-06-30": "0.86", "2019-03-31": "0.94", "2018-12-31": "0.99", "2018-09-30": "1.31", "2018-06-30": "1.24", "2018-03-31": "1.28", "2017-12-31": "1.51", "2017-09-30": "1.35", "2017-06-30": "1.32", "2017-03-31": "1.25", "2016-12-31": "1.25", "2016-09-30": "1.32", "2016-06-30": "1.40", "2016-03-31": "1.42", "2015-12-31": "1.31", "2015-09-30": "1.20", "2015-06-30": "1.07", "2015-03-31": "1.04", "2014-12-31": "1.14", "2014-09-30": "1.16", "2014-06-30": "1.28", "2014-03-31": "1.20", "2013-12-31": "1.25", "2013-09-30": "1.24", "2013-06-30": "1.15", "2013-03-31": "1.11", "2012-12-31": "1.10", "2012-09-30": "1.19", "2012-06-30": "0.99", "2012-03-31": "1.04", "2011-12-31": "0.96", "2011-09-30": "1.02", "2011-06-30": "0.99", "2011-03-31": "0.98", "2010-12-31": "1.11", "2010-09-30": "1.05", "2010-06-30": "1.15", "2010-03-31": "1.31", "2009-12-31": "1.44", "2009-09-30": "1.34", "2009-06-30": "1.35", "2009-03-31": "1.36", "2008-12-31": "1.23", "2008-09-30": "1.17", "2008-06-30": "1.40", "2008-03-31": "1.29", "2007-12-31": "1.31", "2007-09-30": "1.23", "2007-06-30": "1.29", "2007-03-31": "1.16", "2006-12-31": "1.33", "2006-09-30": "1.31", "2006-06-30": "1.22", "2006-03-31": "1.16", "2005-12-31": "1.11", "2005-09-30": "1.20", "2005-06-30": "1.24", "2005-03-31": "1.23"}, "quick ratio": {"2020-09-30": "0.77", "2020-06-30": "0.79", "2020-03-31": "0.94", "2019-12-31": "0.70", "2019-09-30": "0.77", "2019-06-30": "0.66", "2019-03-31": "0.75", "2018-12-31": "0.85", "2018-09-30": "1.15", "2018-06-30": "1.10", "2018-03-31": "1.15", "2017-12-31": "1.37", "2017-09-30": "1.21", "2017-06-30": "1.16", "2017-03-31": "1.10", "2016-12-31": "1.12", "2016-09-30": "1.17", "2016-06-30": "1.21", "2016-03-31": "1.23", "2015-12-31": "1.16", "2015-09-30": "1.03", "2015-06-30": "0.89", "2015-03-31": "0.87", "2014-12-31": "0.97", "2014-09-30": "1.00", "2014-06-30": "1.07", "2014-03-31": "1.00", "2013-12-31": "1.05", "2013-09-30": "1.04", "2013-06-30": "0.93", "2013-03-31": "0.89", "2012-12-31": "0.89", "2012-09-30": "0.95", "2012-06-30": "0.75", "2012-03-31": "0.79", "2011-12-31": "0.75", "2011-09-30": "0.78", "2011-06-30": "0.74", "2011-03-31": "0.75", "2010-12-31": "0.89", "2010-09-30": "0.85", "2010-06-30": "0.91", "2010-03-31": "1.03", "2009-12-31": "1.14", "2009-09-30": "1.04", "2009-06-30": "1.01", "2009-03-31": "1.04", "2008-12-31": "0.94", "2008-09-30": "0.88", "2008-06-30": "1.05", "2008-03-31": "1.00", "2007-12-31": "1.01", "2007-09-30": "0.95", "2007-06-30": "0.96", "2007-03-31": "0.88", "2006-12-31": "1.05", "2006-09-30": "1.06", "2006-06-30": "0.95", "2006-03-31": "0.93", "2005-12-31": "0.93", "2005-09-30": "1.01", "2005-06-30": "1.02", "2005-03-31": "1.01"}, "debt equity ratio": {"current": "2.79", "2020-09-30": "5.77", "2020-06-30": "6.11", "2020-03-31": "5.27", "2019-12-31": "4.28", "2019-09-30": "4.45", "2019-06-30": "4.35", "2019-03-31": "4.28", "2018-12-31": "4.32", "2018-09-30": "6.09", "2018-06-30": "6.70", "2018-03-31": "6.45", "2017-12-31": "6.27", "2017-09-30": "4.85", "2017-06-30": "5.14", "2017-03-31": "5.39", "2016-12-31": "5.56", "2016-09-30": "4.81", "2016-06-30": "4.88", "2016-03-31": "5.23", "2015-12-31": "4.79", "2015-09-30": "4.15", "2015-06-30": "3.39", "2015-03-31": "3.36", "2014-12-31": "3.02", "2014-09-30": "2.47", "2014-06-30": "2.41", "2014-03-31": "2.39", "2013-12-31": "2.18", "2013-09-30": "2.43", "2013-06-30": "2.37", "2013-03-31": "2.35", "2012-12-31": "2.33", "2012-09-30": "2.43", "2012-06-30": "2.52", "2012-03-31": "2.24", "2011-12-31": "2.49", "2011-09-30": "2.14", "2011-06-30": "2.11", "2011-03-31": "2.09", "2010-12-31": "2.17", "2010-09-30": "2.30", "2010-06-30": "2.27", "2010-03-31": "1.94", "2009-12-31": "1.29", "2009-09-30": "1.44", "2009-06-30": "1.57", "2009-03-31": "1.90", "2008-12-31": "1.86", "2008-09-30": "1.40", "2008-06-30": "1.21", "2008-03-31": "1.14", "2007-12-31": "1.01", "2007-09-30": "1.00", "2007-06-30": "1.01", "2007-03-31": "0.94", "2006-12-31": "0.95", "2006-09-30": "1.02", "2006-06-30": "1.06", "2006-03-31": "1.10", "2005-12-31": "1.23", "2005-09-30": "1.19", "2005-06-30": "1.09", "2005-03-31": "1.06"}, "return on equity": {"2020-09-30": "51.57%", "2020-06-30": "49.60%", "2020-03-31": "51.08%", "2019-12-31": "50.95%", "2019-09-30": "86.79%", "2019-06-30": "96.02%", "2019-03-31": "101.68%", "2018-12-31": "108.36%", "2018-09-30": "46.51%", "2018-06-30": "40.33%", "2018-03-31": "40.76%", "2017-12-31": "39.97%", "2017-09-30": "57.09%", "2017-06-30": "56.65%", "2017-03-31": "55.99%", "2016-12-31": "53.27%", "2016-09-30": "54.98%", "2016-06-30": "42.16%", "2016-03-31": "38.74%", "2015-12-31": "37.56%", "2015-09-30": "31.70%", "2015-06-30": "35.60%", "2015-03-31": "32.41%", "2014-12-31": "29.82%", "2014-09-30": "29.54%", "2014-06-30": "29.38%", "2014-03-31": "29.78%", "2013-12-31": "29.30%", "2013-09-30": "29.55%", "2013-06-30": "29.77%", "2013-03-31": "28.12%", "2012-12-31": "28.20%", "2012-09-30": "27.55%", "2012-06-30": "27.24%", "2012-03-31": "27.85%", "2011-12-31": "27.70%", "2011-09-30": "27.31%", "2011-06-30": "28.11%", "2011-03-31": "28.26%", "2010-12-31": "30.25%", "2010-09-30": "32.14%", "2010-06-30": "32.93%", "2010-03-31": "35.87%", "2009-12-31": "39.76%", "2009-09-30": "38.06%", "2009-06-30": "36.88%", "2009-03-31": "35.71%", "2008-12-31": "33.12%", "2008-09-30": "34.06%", "2008-06-30": "34.96%", "2008-03-31": "34.51%", "2007-12-31": "34.91%", "2007-09-30": "39.55%", "2007-06-30": "38.10%", "2007-03-31": "37.31%", "2006-12-31": "36.71%", "2006-09-30": "32.61%", "2006-06-30": "29.36%", "2006-03-31": "28.62%", "2005-12-31": "28.77%"}, "return on assets": {"2020-09-30": "8.16%", "2020-06-30": "8.29%", "2020-03-31": "9.16%", "2019-12-31": "9.54%", "2019-09-30": "16.23%", "2019-06-30": "16.96%", "2019-03-31": "16.48%", "2018-12-31": "16.05%", "2018-09-30": "6.31%", "2018-06-30": "5.77%", "2018-03-31": "6.16%", "2017-12-31": "6.27%", "2017-09-30": "9.18%", "2017-06-30": "9.12%", "2017-03-31": "9.12%", "2016-12-31": "8.73%", "2016-09-30": "9.29%", "2016-06-30": "7.35%", "2016-03-31": "7.33%", "2015-12-31": "7.75%", "2015-09-30": "7.14%", "2015-06-30": "8.90%", "2015-03-31": "8.65%", "2014-12-31": "8.42%", "2014-09-30": "8.80%", "2014-06-30": "8.78%", "2014-03-31": "8.92%", "2013-12-31": "8.80%", "2013-09-30": "8.77%", "2013-06-30": "8.83%", "2013-03-31": "8.26%", "2012-12-31": "8.36%", "2012-09-30": "8.07%", "2012-06-30": "8.17%", "2012-03-31": "8.61%", "2011-12-31": "8.67%", "2011-09-30": "8.74%", "2011-06-30": "8.90%", "2011-03-31": "8.83%", "2010-12-31": "9.56%", "2010-09-30": "10.83%", "2010-06-30": "11.90%", "2010-03-31": "13.88%", "2009-12-31": "15.78%", "2009-09-30": "14.25%", "2009-06-30": "13.87%", "2009-03-31": "14.01%", "2008-12-31": "13.98%", "2008-09-30": "15.59%", "2008-06-30": "16.75%", "2008-03-31": "16.93%", "2007-12-31": "17.54%", "2007-09-30": "20.02%", "2007-06-30": "19.24%", "2007-03-31": "18.72%", "2006-12-31": "18.07%", "2006-09-30": "15.54%", "2006-06-30": "13.69%", "2006-03-31": "13.29%", "2005-12-31": "13.42%"}, "return on investments": {"2020-09-30": "20.38%", "2020-06-30": "20.87%", "2020-03-31": "22.87%", "2019-12-31": "23.88%", "2019-09-30": "23.41%", "2019-06-30": "23.78%", "2019-03-31": "24.62%", "2018-12-31": "24.11%", "2018-09-30": "24.17%", "2018-06-30": "23.82%", "2018-03-31": "23.19%", "2017-12-31": "23.47%", "2017-09-30": "23.56%", "2017-06-30": "23.71%", "2017-03-31": "23.88%", "2016-12-31": "23.23%", "2016-09-30": "22.85%", "2016-06-30": "19.77%", "2016-03-31": "20.06%", "2015-12-31": "21.00%", "2015-09-30": "20.46%", "2015-06-30": "23.08%", "2015-03-31": "21.80%", "2014-12-31": "20.78%", "2014-09-30": "20.75%", "2014-06-30": "20.61%", "2014-03-31": "20.91%", "2013-12-31": "20.75%", "2013-09-30": "20.66%", "2013-06-30": "20.86%", "2013-03-31": "20.24%", "2012-12-31": "20.46%", "2012-09-30": "21.06%", "2012-06-30": "21.25%", "2012-03-31": "21.61%", "2011-12-31": "21.67%", "2011-09-30": "21.63%", "2011-06-30": "22.28%", "2011-03-31": "22.45%", "2010-12-31": "20.65%", "2010-09-30": "22.48%", "2010-06-30": "23.40%", "2010-03-31": "25.95%", "2009-12-31": "34.97%", "2009-09-30": "33.01%", "2009-06-30": "32.15%", "2009-03-31": "32.12%", "2008-12-31": "31.87%", "2008-09-30": "33.88%", "2008-06-30": "35.56%", "2008-03-31": "35.99%", "2007-12-31": "37.35%", "2007-09-30": "38.30%", "2007-06-30": "37.52%", "2007-03-31": "37.34%", "2006-12-31": "36.50%", "2006-09-30": "36.70%", "2006-06-30": "36.82%", "2006-03-31": "36.05%", "2005-12-31": "36.38%"}, "return on tangible equity": {"2020-09-30": "-33.93%", "2020-06-30": "-36.18%", "2020-03-31": "-42.17%", "2019-12-31": "-43.41%", "2019-09-30": "-74.31%", "2019-06-30": "-76.15%", "2019-03-31": "-73.96%", "2018-12-31": "-72.45%", "2018-09-30": "-28.03%", "2018-06-30": "-26.87%", "2018-03-31": "-29.46%", "2017-12-31": "-29.83%", "2017-09-30": "-43.42%", "2017-06-30": "-42.62%", "2017-03-31": "-42.31%", "2016-12-31": "-40.22%", "2016-09-30": "-43.22%", "2016-06-30": "-34.14%", "2016-03-31": "-35.68%", "2015-12-31": "-40.10%", "2015-09-30": "-39.78%", "2015-06-30": "-57.93%", "2015-03-31": "-63.29%", "2014-12-31": "-68.90%", "2014-09-30": "-80.51%", "2014-06-30": "-75.98%", "2014-03-31": "-73.31%", "2013-12-31": "-68.53%", "2013-09-30": "-63.09%", "2013-06-30": "-61.05%", "2013-03-31": "-53.85%", "2012-12-31": "-53.78%", "2012-09-30": "-50.27%", "2012-06-30": "-52.55%", "2012-03-31": "-58.72%", "2011-12-31": "-60.61%", "2011-09-30": "-68.80%", "2011-06-30": "-73.29%", "2011-03-31": "-75.24%", "2010-12-31": "-91.37%", "2010-09-30": "-206.55%", "2010-06-30": "1233.75%", "2010-03-31": "148.84%", "2009-12-31": "85.76%", "2009-09-30": "83.52%", "2009-06-30": "76.28%", "2009-03-31": "72.18%", "2008-12-31": "63.11%", "2008-09-30": "61.41%", "2008-06-30": "61.59%", "2008-03-31": "59.68%", "2007-12-31": "59.98%", "2007-09-30": "67.97%", "2007-06-30": "64.85%", "2007-03-31": "62.72%", "2006-12-31": "60.91%", "2006-09-30": "53.67%", "2006-06-30": "48.07%", "2006-03-31": "46.53%", "2005-12-31": "46.87%"}, "dividend yield history": {"last payout": "$4.09", "last yield": "2.93%"}}