{"ticker": "PKI", "price": {"title": "PerkinElmer Historical Annual Stock Price Data", "value": 145.03, "historical": {"2021": {"Average Stock Price": "149.8971", "Year Open": "145.5100", "Year High": "160.5300", "Year Low": "139.7200", "Year Close": "145.0300", "Annual % Change": "1.07%"}, "2020": {"Average Stock Price": "107.2531", "Year Open": "98.8600", "Year High": "147.9100", "Year Low": "66.7100", "Year Close": "143.5000", "Annual % Change": "47.79%"}, "2019": {"Average Stock Price": "89.9834", "Year Open": "76.9200", "Year High": "101.1200", "Year Low": "72.7900", "Year Close": "97.1000", "Annual % Change": "23.62%"}, "2018": {"Average Stock Price": "80.6522", "Year Open": "73.9100", "Year High": "97.2700", "Year Low": "71.8700", "Year Close": "78.5500", "Annual % Change": "7.43%"}, "2017": {"Average Stock Price": "63.9087", "Year Open": "52.9900", "Year High": "73.8400", "Year Low": "51.5700", "Year Close": "73.1200", "Annual % Change": "40.21%"}, "2016": {"Average Stock Price": "51.8395", "Year Open": "52.4300", "Year High": "56.9200", "Year Low": "41.4500", "Year Close": "52.1500", "Annual % Change": "-2.65%"}, "2015": {"Average Stock Price": "49.7950", "Year Open": "44.0900", "Year High": "54.3600", "Year Low": "42.6600", "Year Close": "53.5700", "Annual % Change": "22.50%"}, "2014": {"Average Stock Price": "44.3535", "Year Open": "40.9400", "Year High": "48.2500", "Year Low": "39.8300", "Year Close": "43.7300", "Annual % Change": "6.06%"}, "2013": {"Average Stock Price": "35.3212", "Year Open": "32.0900", "Year High": "41.3500", "Year Low": "30.3500", "Year Close": "41.2300", "Annual % Change": "29.90%"}, "2012": {"Average Stock Price": "27.3888", "Year Open": "20.6000", "Year High": "32.2900", "Year Low": "20.3700", "Year Close": "31.7400", "Annual % Change": "58.70%"}, "2011": {"Average Stock Price": "23.8187", "Year Open": "25.9000", "Year High": "28.4600", "Year Low": "17.4900", "Year Close": "20.0000", "Annual % Change": "-22.54%"}, "2010": {"Average Stock Price": "22.5890", "Year Open": "20.6400", "Year High": "26.1400", "Year Low": "18.8900", "Year Close": "25.8200", "Annual % Change": "25.40%"}, "2009": {"Average Stock Price": "16.7309", "Year Open": "14.1700", "Year High": "20.9900", "Year Low": "11.0000", "Year Close": "20.5900", "Annual % Change": "48.02%"}, "2008": {"Average Stock Price": "24.3244", "Year Open": "25.5300", "Year High": "29.6900", "Year Low": "13.1400", "Year Close": "13.9100", "Annual % Change": "-46.54%"}, "2007": {"Average Stock Price": "25.9870", "Year Open": "21.8900", "Year High": "29.8600", "Year Low": "21.4000", "Year Close": "26.0200", "Annual % Change": "17.05%"}, "2006": {"Average Stock Price": "21.2518", "Year Open": "23.9900", "Year High": "24.0800", "Year Low": "17.8900", "Year Close": "22.2300", "Annual % Change": "-5.65%"}, "2005": {"Average Stock Price": "20.9835", "Year Open": "22.0900", "Year High": "23.8600", "Year Low": "18.0100", "Year Close": "23.5600", "Annual % Change": "4.76%"}, "2004": {"Average Stock Price": "19.4471", "Year Open": "17.5500", "Year High": "22.8900", "Year Low": "15.7400", "Year Close": "22.4900", "Annual % Change": "31.75%"}, "2003": {"Average Stock Price": "13.0019", "Year Open": "8.8300", "Year High": "18.6700", "Year Low": "7.4100", "Year Close": "17.0700", "Annual % Change": "106.91%"}, "2002": {"Average Stock Price": "12.9057", "Year Open": "34.9900", "Year High": "36.2200", "Year Low": "4.3700", "Year Close": "8.2500", "Annual % Change": "-76.44%"}, "2001": {"Average Stock Price": "32.3266", "Year Open": "48.5000", "Year High": "50.0500", "Year Low": "21.3750", "Year Close": "35.0200", "Annual % Change": "-33.30%"}, "2000": {"Average Stock Price": "37.5057", "Year Open": "20.7200", "Year High": "59.7500", "Year Low": "19.5000", "Year Close": "52.5000", "Annual % Change": "151.86%"}, "1999": {"Average Stock Price": "16.6003", "Year Open": "14.4050", "Year High": "21.9050", "Year Low": "12.8750", "Year Close": "20.8450", "Annual % Change": "49.91%"}, "1998": {"Average Stock Price": "13.4432", "Year Open": "10.4400", "Year High": "16.8450", "Year Low": "9.7200", "Year Close": "13.9050", "Annual % Change": "33.64%"}, "1997": {"Average Stock Price": "10.2746", "Year Open": "9.9400", "Year High": "12.0600", "Year Low": "9.1250", "Year Close": "10.4050", "Annual % Change": "3.43%"}, "1996": {"Average Stock Price": "10.2821", "Year Open": "11.9400", "Year High": "12.3750", "Year Low": "8.2500", "Year Close": "10.0600", "Annual % Change": "-17.03%"}, "1995": {"Average Stock Price": "8.6661", "Year Open": "7.3100", "Year High": "12.1250", "Year Low": "6.6250", "Year Close": "12.1250", "Annual % Change": "71.74%"}, "1994": {"Average Stock Price": "8.0066", "Year Open": "8.8750", "Year High": "9.5000", "Year Low": "7.0600", "Year Close": "7.0600", "Annual % Change": "-23.18%"}, "1993": {"Average Stock Price": "10.2507", "Year Open": "9.9400", "Year High": "12.1900", "Year Low": "8.0600", "Year Close": "9.1900", "Annual % Change": "-6.32%"}, "1992": {"Average Stock Price": "11.4322", "Year Open": "12.0950", "Year High": "13.2800", "Year Low": "9.0600", "Year Close": "9.8100", "Annual % Change": "-21.13%"}, "1991": {"Average Stock Price": "10.1712", "Year Open": "7.9050", "Year High": "12.4375", "Year Low": "7.8450", "Year Close": "12.4375", "Annual % Change": "60.48%"}, "1990": {"Average Stock Price": "9.0656", "Year Open": "8.6250", "Year High": "10.2200", "Year Low": "7.0000", "Year Close": "7.7500", "Annual % Change": "-8.82%"}, "1989": {"Average Stock Price": "8.1391", "Year Open": "7.1550", "Year High": "9.0950", "Year Low": "7.1550", "Year Close": "8.5000", "Annual % Change": "18.26%"}, "1988": {"Average Stock Price": "8.1322", "Year Open": "8.4375", "Year High": "9.5950", "Year Low": "6.8125", "Year Close": "7.1875", "Annual % Change": "-13.53%"}, "1987": {"Average Stock Price": "8.8027", "Year Open": "7.0625", "Year High": "11.1875", "Year Low": "7.0625", "Year Close": "8.3125", "Annual % Change": "17.70%"}, "1986": {"Average Stock Price": "8.5112", "Year Open": "9.5625", "Year High": "10.6550", "Year Low": "7.0000", "Year Close": "7.0625", "Annual % Change": "-26.39%"}, "1985": {"Average Stock Price": "9.3906", "Year Open": "7.8750", "Year High": "10.6250", "Year Low": "7.8750", "Year Close": "9.5950", "Annual % Change": "21.38%"}, "1984": {"Average Stock Price": "7.6908", "Year Open": "8.0625", "Year High": "8.9050", "Year Low": "6.6250", "Year Close": "7.9050", "Annual % Change": "-2.71%"}}}, "market cap": {"value": "$16.24B"}, "income statement": {"Revenue": {"2020-12-31": "3782.74500", "2019-12-31": "2883.67300", "2018-12-31": "2777.99600", "2017-12-31": "2256.98200", "2016-12-31": "2115.51700", "2015-12-31": "2104.82300", "2014-12-31": "2069.88000", "2013-12-31": "2157.58600", "2012-12-31": "2105.18800", "2011-12-31": "1918.50800", "2010-12-31": "1701.76700", "2009-12-31": "1550.76600", "2008-12-31": "1659.66800", "2007-12-31": "1728.87700", "2006-12-31": "1477.68500", "2005-12-31": "1473.83100"}, "Cost Of Goods Sold": {"2020-12-31": "1672.86800", "2019-12-31": "1487.61800", "2018-12-31": "1437.05700", "2017-12-31": "1183.22800", "2016-12-31": "1101.15600", "2015-12-31": "1140.59200", "2014-12-31": "1135.28200", "2013-12-31": "1181.44400", "2012-12-31": "1143.65900", "2011-12-31": "1070.70800", "2010-12-31": "943.11200", "2009-12-31": "849.52110", "2008-12-31": "925.97000", "2007-12-31": "1016.36400", "2006-12-31": "868.92500", "2005-12-31": "859.29500"}, "Gross Profit": {"2020-12-31": "2109.87700", "2019-12-31": "1396.05500", "2018-12-31": "1340.93900", "2017-12-31": "1073.75400", "2016-12-31": "1014.36100", "2015-12-31": "964.23100", "2014-12-31": "934.59790", "2013-12-31": "976.14200", "2012-12-31": "961.52890", "2011-12-31": "847.80000", "2010-12-31": "758.65500", "2009-12-31": "701.24490", "2008-12-31": "733.69800", "2007-12-31": "712.51290", "2006-12-31": "608.76010", "2005-12-31": "614.53610"}, "Research And Development Expenses": {"2020-12-31": "205.38900", "2019-12-31": "189.33600", "2018-12-31": "193.99800", "2017-12-31": "139.46400", "2016-12-31": "124.18400", "2015-12-31": "112.53900", "2014-12-31": "108.05700", "2013-12-31": "132.40000", "2012-12-31": "131.83500", "2011-12-31": "115.82100", "2010-12-31": "94.81100", "2009-12-31": "90.49100", "2008-12-31": "93.03300", "2007-12-31": "104.89100", "2006-12-31": "93.44800", "2005-12-31": "87.37100"}, "SG&A Expenses": {"2020-12-31": "917.89400", "2019-12-31": "815.31800", "2018-12-31": "811.91300", "2017-12-31": "626.01800", "2016-12-31": "590.47100", "2015-12-31": "587.21900", "2014-12-31": "648.20900", "2013-12-31": "581.89800", "2012-12-31": "627.37000", "2011-12-31": "624.39300", "2010-12-31": "487.31300", "2009-12-31": "476.82100", "2008-12-31": "486.36900", "2007-12-31": "441.17700", "2006-12-31": "370.48400", "2005-12-31": "365.45700"}, "Other Operating Income Or Expenses": {"2020-12-31": "", "2019-12-31": "", "2018-12-31": "", "2017-12-31": "", "2016-12-31": "", "2015-12-31": "", "2014-12-31": "", "2013-12-31": "-0.15800", "2012-12-31": "-74.15300", "2011-12-31": "-3.00600", "2010-12-31": "", "2009-12-31": "0.00000", "2008-12-31": "", "2007-12-31": "15.34600", "2006-12-31": "-1.74100", "2005-12-31": "1.50200"}, "Operating Expenses": {"2020-12-31": "2804.16400", "2019-12-31": "2521.70000", "2018-12-31": "2454.11200", "2017-12-31": "1961.36700", "2016-12-31": "1820.93500", "2015-12-31": "1853.89700", "2014-12-31": "1904.87300", "2013-12-31": "1929.79200", "2012-12-31": "2002.06800", "2011-12-31": "1827.38000", "2010-12-31": "1544.19900", "2009-12-31": "1434.82000", "2008-12-31": "1512.04100", "2007-12-31": "1562.97500", "2006-12-31": "1330.95800", "2005-12-31": "1332.88000"}, "Operating Income": {"2020-12-31": "978.58110", "2019-12-31": "361.97310", "2018-12-31": "323.88400", "2017-12-31": "295.61500", "2016-12-31": "294.58200", "2015-12-31": "250.92590", "2014-12-31": "165.00700", "2013-12-31": "227.79410", "2012-12-31": "103.12000", "2011-12-31": "91.12790", "2010-12-31": "157.56800", "2009-12-31": "115.94590", "2008-12-31": "147.62710", "2007-12-31": "165.90200", "2006-12-31": "146.72720", "2005-12-31": "140.95100"}, "Total Non-Operating Income/Expense": {"2020-12-31": "-72.21700", "2019-12-31": "-124.83100", "2018-12-31": "-66.20100", "2017-12-31": "1.10300", "2016-12-31": "-50.51400", "2015-12-31": "-42.11900", "2014-12-31": "-41.13900", "2013-12-31": "-64.11000", "2012-12-31": "-47.95600", "2011-12-31": "-26.77400", "2010-12-31": "8.38300", "2009-12-31": "-15.78700", "2008-12-31": "-44.03900", "2007-12-31": "-16.87700", "2006-12-31": "-2.66600", "2005-12-31": "-74.29100"}, "Pre-Tax Income": {"2020-12-31": "906.36400", "2019-12-31": "237.14200", "2018-12-31": "257.68300", "2017-12-31": "296.71800", "2016-12-31": "244.06800", "2015-12-31": "208.80700", "2014-12-31": "123.86800", "2013-12-31": "163.68400", "2012-12-31": "55.16400", "2011-12-31": "64.35400", "2010-12-31": "165.95100", "2009-12-31": "100.15900", "2008-12-31": "103.58800", "2007-12-31": "149.02500", "2006-12-31": "144.06100", "2005-12-31": "66.66000"}, "Income Taxes": {"2020-12-31": "178.26600", "2019-12-31": "9.38900", "2018-12-31": "20.20800", "2017-12-31": "139.82800", "2016-12-31": "28.36200", "2015-12-31": "20.02200", "2014-12-31": "-6.27100", "2013-12-31": "-10.58300", "2012-12-31": "-16.12500", "2011-12-31": "63.18200", "2010-12-31": "27.04300", "2009-12-31": "26.69800", "2008-12-31": "12.69800", "2007-12-31": "16.47700", "2006-12-31": "30.16900", "2005-12-31": "0.12800"}, "Income After Taxes": {"2020-12-31": "728.09800", "2019-12-31": "227.75300", "2018-12-31": "237.47500", "2017-12-31": "156.89000", "2016-12-31": "215.70600", "2015-12-31": "188.78500", "2014-12-31": "130.13900", "2013-12-31": "174.26700", "2012-12-31": "71.28900", "2011-12-31": "1.17200", "2010-12-31": "138.90800", "2009-12-31": "73.46100", "2008-12-31": "90.89000", "2007-12-31": "132.54800", "2006-12-31": "113.89200", "2005-12-31": "66.53200"}, "Other Income": {"2020-12-31": "", "2019-12-31": "", "2018-12-31": "", "2017-12-31": "", "2016-12-31": "", "2015-12-31": "", "2014-12-31": "", "2013-12-31": "", "2012-12-31": "", "2011-12-31": "", "2010-12-31": "", "2009-12-31": "", "2008-12-31": "", "2007-12-31": "", "2006-12-31": "", "2005-12-31": ""}, "Income From Continuous Operations": {"2020-12-31": "728.09800", "2019-12-31": "227.75300", "2018-12-31": "237.47500", "2017-12-31": "156.89000", "2016-12-31": "215.70600", "2015-12-31": "188.78500", "2014-12-31": "130.13900", "2013-12-31": "174.26700", "2012-12-31": "71.28900", "2011-12-31": "1.17200", "2010-12-31": "138.90800", "2009-12-31": "73.46100", "2008-12-31": "90.89000", "2007-12-31": "132.54800", "2006-12-31": "113.89200", "2005-12-31": "66.53200"}, "Income From Discontinued Operations": {"2020-12-31": "-0.21100", "2019-12-31": "-0.19500", "2018-12-31": "0.45200", "2017-12-31": "135.74300", "2016-12-31": "18.59300", "2015-12-31": "23.64000", "2014-12-31": "27.63900", "2013-12-31": "-7.05500", "2012-12-31": "-1.34900", "2011-12-31": "6.48300", "2010-12-31": "252.07500", "2009-12-31": "8.62000", "2008-12-31": "35.51900", "2007-12-31": "-0.86200", "2006-12-31": "5.69100", "2005-12-31": "201.57600"}, "Net Income": {"2020-12-31": "727.88700", "2019-12-31": "227.55800", "2018-12-31": "237.92700", "2017-12-31": "292.63300", "2016-12-31": "234.29900", "2015-12-31": "212.42500", "2014-12-31": "157.77800", "2013-12-31": "167.21200", "2012-12-31": "69.94000", "2011-12-31": "7.65500", "2010-12-31": "390.98300", "2009-12-31": "82.08100", "2008-12-31": "126.40900", "2007-12-31": "131.68600", "2006-12-31": "119.58300", "2005-12-31": "268.10800"}, "EBITDA": {"2020-12-31": "1231.27200", "2019-12-31": "601.43410", "2018-12-31": "527.08500", "2017-12-31": "409.39500", "2016-12-31": "397.08700", "2015-12-31": "365.06090", "2014-12-31": "279.33100", "2013-12-31": "361.37810", "2012-12-31": "236.97700", "2011-12-31": "211.79190", "2010-12-31": "249.34400", "2009-12-31": "200.38890", "2008-12-31": "227.24210", "2007-12-31": "245.58700", "2006-12-31": "214.74020", "2005-12-31": "265.33400"}, "EBIT": {"2020-12-31": "978.58110", "2019-12-31": "361.97310", "2018-12-31": "323.88400", "2017-12-31": "295.61500", "2016-12-31": "294.58200", "2015-12-31": "250.92590", "2014-12-31": "165.00700", "2013-12-31": "227.79410", "2012-12-31": "103.12000", "2011-12-31": "91.12790", "2010-12-31": "157.56800", "2009-12-31": "115.94590", "2008-12-31": "147.62710", "2007-12-31": "165.90200", "2006-12-31": "146.72720", "2005-12-31": "140.95100"}, "Basic Shares Outstanding": {"2020-12-31": "", "2019-12-31": "110.82700", "2018-12-31": "110.56100", "2017-12-31": "109.85700", "2016-12-31": "109.47800", "2015-12-31": "112.50700", "2014-12-31": "112.59300", "2013-12-31": "112.25400", "2012-12-31": "113.72800", "2011-12-31": "112.97600", "2010-12-31": "117.10900", "2009-12-31": "116.25000", "2008-12-31": "117.65900", "2007-12-31": "118.91600", "2006-12-31": "125.20300", "2005-12-31": "129.26700"}, "Shares Outstanding": {"2020-12-31": "112.08500", "2019-12-31": "111.50100", "2018-12-31": "111.53400", "2017-12-31": "110.85900", "2016-12-31": "110.31300", "2015-12-31": "113.31500", "2014-12-31": "113.73900", "2013-12-31": "113.50300", "2012-12-31": "114.86000", "2011-12-31": "113.86400", "2010-12-31": "117.98200", "2009-12-31": "116.59000", "2008-12-31": "118.68700", "2007-12-31": "120.60500", "2006-12-31": "126.51200", "2005-12-31": "131.14000"}, "Basic EPS": {"2020-12-31": "", "2019-12-31": "2.06000", "2018-12-31": "2.15000", "2017-12-31": "2.67000", "2016-12-31": "2.14000", "2015-12-31": "1.89000", "2014-12-31": "1.40000", "2013-12-31": "1.49000", "2012-12-31": "0.61000", "2011-12-31": "0.07000", "2010-12-31": "3.34000", "2009-12-31": "0.71000", "2008-12-31": "1.07000", "2007-12-31": "1.11000", "2006-12-31": "0.96000", "2005-12-31": "2.07000"}, "EPS - Earnings Per Share": {"2020-12-31": "6.49000", "2019-12-31": "2.04000", "2018-12-31": "2.13000", "2017-12-31": "2.64000", "2016-12-31": "2.12000", "2015-12-31": "1.87000", "2014-12-31": "1.39000", "2013-12-31": "1.47000", "2012-12-31": "0.61000", "2011-12-31": "0.07000", "2010-12-31": "3.31000", "2009-12-31": "0.70000", "2008-12-31": "1.07000", "2007-12-31": "1.09000", "2006-12-31": "0.95000", "2005-12-31": "2.04000"}}, "income statement, quarterly": {"Revenue": {"2020-12-31": "1354.60600", "2020-09-30": "964.02500", "2020-06-30": "811.71800", "2020-03-31": "652.39600", "2019-12-31": "805.49590", "2019-09-30": "706.92300", "2019-06-30": "722.51700", "2019-03-31": "648.73700", "2018-12-31": "756.34910", "2018-09-30": "674.31300", "2018-06-30": "703.36200", "2018-03-31": "643.97200", "2017-12-31": "641.62990", "2017-09-30": "554.27500", "2017-06-30": "546.96200", "2017-03-31": "514.11500", "2016-12-31": "566.77010", "2016-09-30": "514.48900", "2016-06-30": "536.24200", "2016-03-31": "498.01600", "2015-12-31": "450.58000", "2015-09-30": "563.43600", "2015-06-30": "563.90600", "2015-03-31": "526.90100", "2014-12-31": "441.05080", "2014-09-30": "542.04900", "2014-06-30": "556.17000", "2014-03-31": "530.61000", "2013-12-31": "589.43500", "2013-09-30": "522.10000", "2013-06-30": "540.67300", "2013-03-31": "505.37800", "2012-12-31": "562.90390", "2012-09-30": "509.60400", "2012-06-30": "521.79000", "2012-03-31": "510.89000", "2011-12-31": "539.33000", "2011-09-30": "452.93500", "2011-06-30": "479.06500", "2011-03-31": "447.17800", "2010-12-31": "467.39100", "2010-09-30": "419.14300", "2010-06-30": "421.61300", "2010-03-31": "393.62000", "2009-12-31": "300.30290", "2009-09-30": "377.03600", "2009-06-30": "438.27000", "2009-03-31": "435.15700", "2008-12-31": "217.23590", "2008-09-30": "478.74700", "2008-06-30": "504.96500", "2008-03-31": "458.72000", "2007-12-31": "453.01900", "2007-09-30": "435.66800", "2007-06-30": "437.29000", "2007-03-31": "402.90000", "2006-12-31": "358.31310", "2006-09-30": "386.91700", "2006-06-30": "377.00100", "2006-03-31": "355.45400", "2005-12-31": "387.65810", "2005-09-30": "359.98200", "2005-06-30": "368.01700", "2005-03-31": "358.17400"}, "Cost Of Goods Sold": {"2020-12-31": "527.54100", "2020-09-30": "436.58000", "2020-06-30": "364.37400", "2020-03-31": "344.37300", "2019-12-31": "407.31500", "2019-09-30": "364.64800", "2019-06-30": "374.72400", "2019-03-31": "340.93100", "2018-12-31": "380.09900", "2018-09-30": "341.98600", "2018-06-30": "363.22200", "2018-03-31": "351.75000", "2017-12-31": "334.20100", "2017-09-30": "285.30800", "2017-06-30": "289.36000", "2017-03-31": "274.35900", "2016-12-31": "289.59910", "2016-09-30": "265.93900", "2016-06-30": "282.68800", "2016-03-31": "262.93000", "2015-12-31": "228.83800", "2015-09-30": "308.83300", "2015-06-30": "311.39400", "2015-03-31": "291.52700", "2014-12-31": "233.45900", "2014-09-30": "298.74000", "2014-06-30": "308.18600", "2014-03-31": "294.89700", "2013-12-31": "313.10790", "2013-09-30": "288.83200", "2013-06-30": "299.01100", "2013-03-31": "280.49300", "2012-12-31": "302.92310", "2012-09-30": "278.86400", "2012-06-30": "282.99600", "2012-03-31": "278.87600", "2011-12-31": "300.39110", "2011-09-30": "253.57900", "2011-06-30": "269.87100", "2011-03-31": "246.86700", "2010-12-31": "259.03800", "2010-09-30": "233.36000", "2010-06-30": "232.36000", "2010-03-31": "218.35400", "2009-12-31": "144.42200", "2009-09-30": "208.28100", "2009-06-30": "250.19900", "2009-03-31": "246.61900", "2008-12-31": "96.30500", "2008-09-30": "273.12400", "2008-06-30": "289.93500", "2008-03-31": "266.60600", "2007-12-31": "251.67500", "2007-09-30": "257.16700", "2007-06-30": "263.31200", "2007-03-31": "244.21000", "2006-12-31": "198.77000", "2006-09-30": "230.97600", "2006-06-30": "225.41200", "2006-03-31": "213.76700", "2005-12-31": "222.81600", "2005-09-30": "209.70000", "2005-06-30": "216.89400", "2005-03-31": "209.88500"}, "Gross Profit": {"2020-12-31": "827.06490", "2020-09-30": "527.44500", "2020-06-30": "447.34400", "2020-03-31": "308.02300", "2019-12-31": "398.18090", "2019-09-30": "342.27500", "2019-06-30": "347.79300", "2019-03-31": "307.80600", "2018-12-31": "376.25010", "2018-09-30": "332.32700", "2018-06-30": "340.14000", "2018-03-31": "292.22200", "2017-12-31": "307.42880", "2017-09-30": "268.96700", "2017-06-30": "257.60200", "2017-03-31": "239.75600", "2016-12-31": "277.17110", "2016-09-30": "248.55000", "2016-06-30": "253.55400", "2016-03-31": "235.08600", "2015-12-31": "221.74200", "2015-09-30": "254.60300", "2015-06-30": "252.51200", "2015-03-31": "235.37400", "2014-12-31": "207.59190", "2014-09-30": "243.30900", "2014-06-30": "247.98400", "2014-03-31": "235.71300", "2013-12-31": "276.32710", "2013-09-30": "233.26800", "2013-06-30": "241.66200", "2013-03-31": "224.88500", "2012-12-31": "259.98090", "2012-09-30": "230.74000", "2012-06-30": "238.79400", "2012-03-31": "232.01400", "2011-12-31": "238.93890", "2011-09-30": "199.35600", "2011-06-30": "209.19400", "2011-03-31": "200.31100", "2010-12-31": "208.35300", "2010-09-30": "185.78300", "2010-06-30": "189.25300", "2010-03-31": "175.26600", "2009-12-31": "155.88090", "2009-09-30": "168.75500", "2009-06-30": "188.07100", "2009-03-31": "188.53800", "2008-12-31": "120.93100", "2008-09-30": "205.62300", "2008-06-30": "215.03000", "2008-03-31": "192.11400", "2007-12-31": "201.34390", "2007-09-30": "178.50100", "2007-06-30": "173.97800", "2007-03-31": "158.69000", "2006-12-31": "159.54310", "2006-09-30": "155.94100", "2006-06-30": "151.58900", "2006-03-31": "141.68700", "2005-12-31": "164.84210", "2005-09-30": "150.28200", "2005-06-30": "151.12300", "2005-03-31": "148.28900"}, "Research And Development Expenses": {"2020-12-31": "56.82300", "2020-09-30": "50.13100", "2020-06-30": "49.52100", "2020-03-31": "48.91400", "2019-12-31": "47.63600", "2019-09-30": "45.37600", "2019-06-30": "48.34400", "2019-03-31": "47.98000", "2018-12-31": "51.97000", "2018-09-30": "48.84800", "2018-06-30": "47.19600", "2018-03-31": "45.98400", "2017-12-31": "37.73300", "2017-09-30": "34.88500", "2017-06-30": "33.56000", "2017-03-31": "33.28600", "2016-12-31": "32.83200", "2016-09-30": "29.51300", "2016-06-30": "31.86800", "2016-03-31": "29.97100", "2015-12-31": "16.64100", "2015-09-30": "31.09500", "2015-06-30": "32.68300", "2015-03-31": "32.12000", "2014-12-31": "17.88200", "2014-09-30": "30.44400", "2014-06-30": "30.35200", "2014-03-31": "29.37900", "2013-12-31": "32.40900", "2013-09-30": "31.41000", "2013-06-30": "34.40400", "2013-03-31": "34.17700", "2012-12-31": "32.73400", "2012-09-30": "32.40800", "2012-06-30": "34.06900", "2012-03-31": "32.62400", "2011-12-31": "31.50200", "2011-09-30": "30.10200", "2011-06-30": "28.03200", "2011-03-31": "26.18500", "2010-12-31": "25.01400", "2010-09-30": "23.81400", "2010-06-30": "22.92200", "2010-03-31": "23.06100", "2009-12-31": "15.14400", "2009-09-30": "23.30100", "2009-06-30": "25.81200", "2009-03-31": "26.23400", "2008-12-31": "10.07000", "2008-09-30": "26.19200", "2008-06-30": "28.92400", "2008-03-31": "27.84700", "2007-12-31": "22.04300", "2007-09-30": "27.69100", "2007-06-30": "27.31600", "2007-03-31": "27.84100", "2006-12-31": "20.80800", "2006-09-30": "24.76200", "2006-06-30": "25.03600", "2006-03-31": "22.84200", "2005-12-31": "21.02200", "2005-09-30": "21.67600", "2005-06-30": "22.08200", "2005-03-31": "22.59100"}, "SG&A Expenses": {"2020-12-31": "263.05000", "2020-09-30": "225.24900", "2020-06-30": "221.02600", "2020-03-31": "208.56900", "2019-12-31": "210.73700", "2019-09-30": "204.17100", "2019-06-30": "201.55300", "2019-03-31": "198.85700", "2018-12-31": "210.53900", "2018-09-30": "196.76900", "2018-06-30": "204.88000", "2018-03-31": "199.72500", "2017-12-31": "176.37600", "2017-09-30": "152.77500", "2017-06-30": "149.85900", "2017-03-31": "147.00800", "2016-12-31": "152.38100", "2016-09-30": "142.60000", "2016-06-30": "150.95200", "2016-03-31": "144.53800", "2015-12-31": "146.87600", "2015-09-30": "147.72800", "2015-06-30": "146.74200", "2015-03-31": "145.87300", "2014-12-31": "205.52200", "2014-09-30": "142.99700", "2014-06-30": "147.25300", "2014-03-31": "152.43700", "2013-12-31": "139.82600", "2013-09-30": "142.78000", "2013-06-30": "147.79500", "2013-03-31": "151.49700", "2012-12-31": "175.34400", "2012-09-30": "145.44200", "2012-06-30": "149.73500", "2012-03-31": "156.84900", "2011-12-31": "220.17600", "2011-09-30": "133.11900", "2011-06-30": "138.40300", "2011-03-31": "132.69500", "2010-12-31": "121.92100", "2010-09-30": "120.55200", "2010-06-30": "123.25400", "2010-03-31": "121.58600", "2009-12-31": "110.89200", "2009-09-30": "112.75500", "2009-06-30": "124.03900", "2009-03-31": "129.13500", "2008-12-31": "83.98500", "2008-09-30": "129.80000", "2008-06-30": "141.75000", "2008-03-31": "130.83400", "2007-12-31": "123.64900", "2007-09-30": "106.40600", "2007-06-30": "109.35700", "2007-03-31": "101.76500", "2006-12-31": "93.31200", "2006-09-30": "94.66400", "2006-06-30": "92.65500", "2006-03-31": "89.85300", "2005-12-31": "88.02000", "2005-09-30": "87.90000", "2005-06-30": "92.71100", "2005-03-31": "96.82600"}, "Other Operating Income Or Expenses": {"2020-12-31": "", "2020-09-30": "", "2020-06-30": "", "2020-03-31": "", "2019-12-31": "", "2019-09-30": "", "2019-06-30": "", "2019-03-31": "", "2018-12-31": "", "2018-09-30": "", "2018-06-30": "", "2018-03-31": "", "2017-12-31": "", "2017-09-30": "", "2017-06-30": "", "2017-03-31": "", "2016-12-31": "", "2016-09-30": "", "2016-06-30": "", "2016-03-31": "", "2015-12-31": "", "2015-09-30": "", "2015-06-30": "", "2015-03-31": "", "2014-12-31": "", "2014-09-30": "", "2014-06-30": "", "2014-03-31": "", "2013-12-31": "", "2013-09-30": "", "2013-06-30": "", "2013-03-31": "", "2012-12-31": "", "2012-09-30": "", "2012-06-30": "", "2012-03-31": "", "2011-12-31": "", "2011-09-30": "", "2011-06-30": "", "2011-03-31": "", "2010-12-31": "", "2010-09-30": "", "2010-06-30": "", "2010-03-31": "", "2009-12-31": "", "2009-09-30": "", "2009-06-30": "", "2009-03-31": "", "2008-12-31": "", "2008-09-30": "", "2008-06-30": "", "2008-03-31": "", "2007-12-31": "", "2007-09-30": "", "2007-06-30": "15.34600", "2007-03-31": "", "2006-12-31": "-3.24600", "2006-09-30": "", "2006-06-30": "1.50500", "2006-03-31": "", "2005-12-31": "1.43800", "2005-09-30": "0.46100", "2005-06-30": "-0.39700", "2005-03-31": ""}, "Operating Expenses": {"2020-12-31": "844.35200", "2020-09-30": "716.01900", "2020-06-30": "636.07900", "2020-03-31": "607.71400", "2019-12-31": "667.24800", "2019-09-30": "628.26300", "2019-06-30": "630.78200", "2019-03-31": "595.40700", "2018-12-31": "640.66610", "2018-09-30": "594.11100", "2018-06-30": "615.29800", "2018-03-31": "604.03700", "2017-12-31": "548.04690", "2017-09-30": "476.23700", "2017-06-30": "472.77900", "2017-03-31": "464.30400", "2016-12-31": "474.81210", "2016-09-30": "438.70800", "2016-06-30": "469.97600", "2016-03-31": "437.43900", "2015-12-31": "401.06410", "2015-09-30": "487.53800", "2015-06-30": "495.77500", "2015-03-31": "469.52000", "2014-12-31": "456.21890", "2014-09-30": "483.27300", "2014-06-30": "486.53300", "2014-03-31": "478.84800", "2013-12-31": "495.71190", "2013-09-30": "464.14600", "2013-06-30": "500.45700", "2013-03-31": "469.47700", "2012-12-31": "589.17100", "2012-09-30": "466.38600", "2012-06-30": "472.00300", "2012-03-31": "474.50800", "2011-12-31": "565.18710", "2011-09-30": "416.80000", "2011-06-30": "439.64600", "2011-03-31": "405.74700", "2010-12-31": "415.10290", "2010-09-30": "377.72600", "2010-06-30": "388.36900", "2010-03-31": "363.00100", "2009-12-31": "269.80100", "2009-09-30": "355.13300", "2009-06-30": "400.05000", "2009-03-31": "409.83600", "2008-12-31": "190.83890", "2008-09-30": "435.61100", "2008-06-30": "460.30400", "2008-03-31": "425.28700", "2007-12-31": "404.20090", "2007-09-30": "389.83200", "2007-06-30": "389.18600", "2007-03-31": "379.75600", "2006-12-31": "312.78590", "2006-09-30": "350.40200", "2006-06-30": "341.30800", "2006-03-31": "326.46200", "2005-12-31": "338.24000", "2005-09-30": "318.81500", "2005-06-30": "346.32900", "2005-03-31": "329.49600"}, "Operating Income": {"2020-12-31": "510.25400", "2020-09-30": "248.00600", "2020-06-30": "175.63900", "2020-03-31": "44.68200", "2019-12-31": "138.24790", "2019-09-30": "78.66000", "2019-06-30": "91.73510", "2019-03-31": "53.33000", "2018-12-31": "115.68290", "2018-09-30": "80.20200", "2018-06-30": "88.06400", "2018-03-31": "39.93500", "2017-12-31": "93.58300", "2017-09-30": "78.03800", "2017-06-30": "74.18300", "2017-03-31": "49.81100", "2016-12-31": "91.95800", "2016-09-30": "75.78100", "2016-06-30": "66.26600", "2016-03-31": "60.57700", "2015-12-31": "49.51590", "2015-09-30": "75.89800", "2015-06-30": "68.13100", "2015-03-31": "57.38100", "2014-12-31": "-15.16810", "2014-09-30": "58.77600", "2014-06-30": "69.63700", "2014-03-31": "51.76200", "2013-12-31": "93.72310", "2013-09-30": "57.95400", "2013-06-30": "40.21600", "2013-03-31": "35.90100", "2012-12-31": "-26.26700", "2012-09-30": "43.21800", "2012-06-30": "49.78700", "2012-03-31": "36.38200", "2011-12-31": "-25.85710", "2011-09-30": "36.13500", "2011-06-30": "39.41900", "2011-03-31": "41.43100", "2010-12-31": "52.28810", "2010-09-30": "41.41700", "2010-06-30": "33.24400", "2010-03-31": "30.61900", "2009-12-31": "30.50200", "2009-09-30": "21.90300", "2009-06-30": "38.22000", "2009-03-31": "25.32100", "2008-12-31": "26.39700", "2008-09-30": "43.13610", "2008-06-30": "44.66100", "2008-03-31": "33.43300", "2007-12-31": "48.81800", "2007-09-30": "45.83600", "2007-06-30": "48.10400", "2007-03-31": "23.14400", "2006-12-31": "45.52710", "2006-09-30": "36.51500", "2006-06-30": "35.69300", "2006-03-31": "28.99200", "2005-12-31": "49.41820", "2005-09-30": "41.16700", "2005-06-30": "21.68800", "2005-03-31": "28.67800"}, "Total Non-Operating Income/Expense": {"2020-12-31": "-37.16300", "2020-09-30": "-14.24900", "2020-06-30": "-10.81200", "2020-03-31": "-9.99300", "2019-12-31": "-72.95200", "2019-09-30": "-15.40600", "2019-06-30": "-19.90800", "2019-03-31": "-16.56500", "2018-12-31": "-36.25400", "2018-09-30": "-2.16100", "2018-06-30": "-16.35600", "2018-03-31": "-11.43000", "2017-12-31": "-12.69400", "2017-09-30": "27.01600", "2017-06-30": "-3.39100", "2017-03-31": "-9.82800", "2016-12-31": "-22.77200", "2016-09-30": "-11.26300", "2016-06-30": "-5.39300", "2016-03-31": "-11.08600", "2015-12-31": "-9.91100", "2015-09-30": "-11.94400", "2015-06-30": "-10.84300", "2015-03-31": "-9.42100", "2014-12-31": "-9.92000", "2014-09-30": "-10.96600", "2014-06-30": "-8.96400", "2014-03-31": "-11.28900", "2013-12-31": "-26.86500", "2013-09-30": "-12.34000", "2013-06-30": "-12.86500", "2013-03-31": "-12.04000", "2012-12-31": "-11.89600", "2012-09-30": "-11.87200", "2012-06-30": "-11.35800", "2012-03-31": "-12.83000", "2011-12-31": "-12.83100", "2011-09-30": "-3.91600", "2011-06-30": "-4.27100", "2011-03-31": "-5.75600", "2010-12-31": "-3.46800", "2010-09-30": "-6.68000", "2010-06-30": "21.65300", "2010-03-31": "-3.12200", "2009-12-31": "-2.21900", "2009-09-30": "-4.55000", "2009-06-30": "-4.18100", "2009-03-31": "-4.83700", "2008-12-31": "-27.73100", "2008-09-30": "-6.04900", "2008-06-30": "-4.94900", "2008-03-31": "-5.31000", "2007-12-31": "-5.40100", "2007-09-30": "-5.28000", "2007-06-30": "-3.43000", "2007-03-31": "-2.76600", "2006-12-31": "-1.24800", "2006-09-30": "0.22300", "2006-06-30": "-1.81400", "2006-03-31": "0.17300", "2005-12-31": "-52.73900", "2005-09-30": "-6.04800", "2005-06-30": "-7.44500", "2005-03-31": "-8.05900"}, "Pre-Tax Income": {"2020-12-31": "473.09100", "2020-09-30": "233.75700", "2020-06-30": "164.82700", "2020-03-31": "34.68900", "2019-12-31": "65.29600", "2019-09-30": "63.25400", "2019-06-30": "71.82700", "2019-03-31": "36.76500", "2018-12-31": "79.42900", "2018-09-30": "78.04100", "2018-06-30": "71.70800", "2018-03-31": "28.50500", "2017-12-31": "80.88900", "2017-09-30": "105.05400", "2017-06-30": "70.79200", "2017-03-31": "39.98300", "2016-12-31": "69.18600", "2016-09-30": "64.51800", "2016-06-30": "60.87300", "2016-03-31": "49.49100", "2015-12-31": "39.60500", "2015-09-30": "63.95400", "2015-06-30": "57.28800", "2015-03-31": "47.96000", "2014-12-31": "-25.08800", "2014-09-30": "47.81000", "2014-06-30": "60.67300", "2014-03-31": "40.47300", "2013-12-31": "66.85800", "2013-09-30": "45.61400", "2013-06-30": "27.35100", "2013-03-31": "23.86100", "2012-12-31": "-38.16300", "2012-09-30": "31.34600", "2012-06-30": "38.42900", "2012-03-31": "23.55200", "2011-12-31": "-38.68800", "2011-09-30": "32.21900", "2011-06-30": "35.14800", "2011-03-31": "35.67500", "2010-12-31": "48.82000", "2010-09-30": "34.73700", "2010-06-30": "54.89700", "2010-03-31": "27.49700", "2009-12-31": "28.28300", "2009-09-30": "17.35300", "2009-06-30": "34.03900", "2009-03-31": "20.48400", "2008-12-31": "-1.33400", "2008-09-30": "37.08700", "2008-06-30": "39.71200", "2008-03-31": "28.12300", "2007-12-31": "43.41700", "2007-09-30": "40.55600", "2007-06-30": "44.67400", "2007-03-31": "20.37800", "2006-12-31": "44.27900", "2006-09-30": "36.73800", "2006-06-30": "33.87900", "2006-03-31": "29.16500", "2005-12-31": "-3.32100", "2005-09-30": "35.11900", "2005-06-30": "14.24300", "2005-03-31": "20.61900"}, "Income Taxes": {"2020-12-31": "92.65700", "2020-09-30": "57.02100", "2020-06-30": "27.61400", "2020-03-31": "0.97400", "2019-12-31": "0.74700", "2019-09-30": "4.64400", "2019-06-30": "2.68600", "2019-03-31": "1.31200", "2018-12-31": "8.10700", "2018-09-30": "2.59600", "2018-06-30": "7.03500", "2018-03-31": "2.47000", "2017-12-31": "119.33300", "2017-09-30": "8.50800", "2017-06-30": "8.06600", "2017-03-31": "3.92100", "2016-12-31": "6.89700", "2016-09-30": "10.60100", "2016-06-30": "3.11700", "2016-03-31": "7.74700", "2015-12-31": "-4.97600", "2015-09-30": "9.05700", "2015-06-30": "8.29200", "2015-03-31": "7.64900", "2014-12-31": "-25.37500", "2014-09-30": "4.91200", "2014-06-30": "8.67000", "2014-03-31": "5.52200", "2013-12-31": "-7.08300", "2013-09-30": "4.85100", "2013-06-30": "0.07700", "2013-03-31": "-8.42800", "2012-12-31": "-24.81900", "2012-09-30": "2.35700", "2012-06-30": "4.86100", "2012-03-31": "1.47600", "2011-12-31": "44.53600", "2011-09-30": "4.21500", "2011-06-30": "6.04700", "2011-03-31": "8.38400", "2010-12-31": "3.27200", "2010-09-30": "8.19200", "2010-06-30": "7.71800", "2010-03-31": "7.86100", "2009-12-31": "6.07200", "2009-09-30": "4.02500", "2009-06-30": "10.79900", "2009-03-31": "5.80200", "2008-12-31": "-0.21000", "2008-09-30": "-4.59600", "2008-06-30": "10.12000", "2008-03-31": "7.38400", "2007-12-31": "-9.90700", "2007-09-30": "9.45400", "2007-06-30": "11.37100", "2007-03-31": "5.55900", "2006-12-31": "7.64200", "2006-09-30": "7.82300", "2006-06-30": "7.55900", "2006-03-31": "7.14500", "2005-12-31": "2.78000", "2005-09-30": "8.65000", "2005-06-30": "-16.31900", "2005-03-31": "5.01700"}, "Income After Taxes": {"2020-12-31": "380.43400", "2020-09-30": "176.73600", "2020-06-30": "137.21300", "2020-03-31": "33.71500", "2019-12-31": "64.54900", "2019-09-30": "58.61000", "2019-06-30": "69.14100", "2019-03-31": "35.45300", "2018-12-31": "71.32200", "2018-09-30": "75.44500", "2018-06-30": "64.67300", "2018-03-31": "26.03500", "2017-12-31": "-38.44400", "2017-09-30": "96.54600", "2017-06-30": "62.72600", "2017-03-31": "36.06200", "2016-12-31": "62.28900", "2016-09-30": "53.91700", "2016-06-30": "57.75600", "2016-03-31": "41.74400", "2015-12-31": "44.58100", "2015-09-30": "54.89700", "2015-06-30": "48.99600", "2015-03-31": "40.31100", "2014-12-31": "0.28700", "2014-09-30": "42.89800", "2014-06-30": "52.00300", "2014-03-31": "34.95100", "2013-12-31": "73.94100", "2013-09-30": "40.76300", "2013-06-30": "27.27400", "2013-03-31": "32.28900", "2012-12-31": "-13.34400", "2012-09-30": "28.98900", "2012-06-30": "33.56800", "2012-03-31": "22.07600", "2011-12-31": "-83.22400", "2011-09-30": "28.00400", "2011-06-30": "29.10100", "2011-03-31": "27.29100", "2010-12-31": "45.54800", "2010-09-30": "26.54500", "2010-06-30": "47.17900", "2010-03-31": "19.63600", "2009-12-31": "22.21100", "2009-09-30": "13.32800", "2009-06-30": "23.24000", "2009-03-31": "14.68200", "2008-12-31": "-1.12400", "2008-09-30": "41.68300", "2008-06-30": "29.59200", "2008-03-31": "20.73900", "2007-12-31": "53.32400", "2007-09-30": "31.10200", "2007-06-30": "33.30300", "2007-03-31": "14.81900", "2006-12-31": "36.63700", "2006-09-30": "28.91500", "2006-06-30": "26.32000", "2006-03-31": "22.02000", "2005-12-31": "-6.10100", "2005-09-30": "26.46900", "2005-06-30": "30.56200", "2005-03-31": "15.60200"}, "Other Income": {"2020-12-31": "", "2020-09-30": "", "2020-06-30": "", "2020-03-31": "", "2019-12-31": "", "2019-09-30": "", "2019-06-30": "", "2019-03-31": "", "2018-12-31": "", "2018-09-30": "", "2018-06-30": "", "2018-03-31": "", "2017-12-31": "", "2017-09-30": "", "2017-06-30": "", "2017-03-31": "", "2016-12-31": "", "2016-09-30": "", "2016-06-30": "", "2016-03-31": "", "2015-12-31": "", "2015-09-30": "", "2015-06-30": "", "2015-03-31": "", "2014-12-31": "", "2014-09-30": "", "2014-06-30": "", "2014-03-31": "", "2013-12-31": "", "2013-09-30": "", "2013-06-30": "", "2013-03-31": "", "2012-12-31": "", "2012-09-30": "", "2012-06-30": "", "2012-03-31": "", "2011-12-31": "", "2011-09-30": "", "2011-06-30": "", "2011-03-31": "", "2010-12-31": "", "2010-09-30": "", "2010-06-30": "", "2010-03-31": "", "2009-12-31": "", "2009-09-30": "", "2009-06-30": "", "2009-03-31": "", "2008-12-31": "", "2008-09-30": "", "2008-06-30": "", "2008-03-31": "", "2007-12-31": "", "2007-09-30": "", "2007-06-30": "", "2007-03-31": "", "2006-12-31": "", "2006-09-30": "", "2006-06-30": "", "2006-03-31": "", "2005-12-31": "", "2005-09-30": "", "2005-06-30": "", "2005-03-31": ""}, "Income From Continuous Operations": {"2020-12-31": "380.43400", "2020-09-30": "176.73600", "2020-06-30": "137.21300", "2020-03-31": "33.71500", "2019-12-31": "64.54900", "2019-09-30": "58.61000", "2019-06-30": "69.14100", "2019-03-31": "35.45300", "2018-12-31": "71.32200", "2018-09-30": "75.44500", "2018-06-30": "64.67300", "2018-03-31": "26.03500", "2017-12-31": "-38.44400", "2017-09-30": "96.54600", "2017-06-30": "62.72600", "2017-03-31": "36.06200", "2016-12-31": "62.28900", "2016-09-30": "53.91700", "2016-06-30": "57.75600", "2016-03-31": "41.74400", "2015-12-31": "44.58100", "2015-09-30": "54.89700", "2015-06-30": "48.99600", "2015-03-31": "40.31100", "2014-12-31": "0.28700", "2014-09-30": "42.89800", "2014-06-30": "52.00300", "2014-03-31": "34.95100", "2013-12-31": "73.94100", "2013-09-30": "40.76300", "2013-06-30": "27.27400", "2013-03-31": "32.28900", "2012-12-31": "-13.34400", "2012-09-30": "28.98900", "2012-06-30": "33.56800", "2012-03-31": "22.07600", "2011-12-31": "-83.22400", "2011-09-30": "28.00400", "2011-06-30": "29.10100", "2011-03-31": "27.29100", "2010-12-31": "45.54800", "2010-09-30": "26.54500", "2010-06-30": "47.17900", "2010-03-31": "19.63600", "2009-12-31": "22.21100", "2009-09-30": "13.32800", "2009-06-30": "23.24000", "2009-03-31": "14.68200", "2008-12-31": "-1.12400", "2008-09-30": "41.68300", "2008-06-30": "29.59200", "2008-03-31": "20.73900", "2007-12-31": "53.32400", "2007-09-30": "31.10200", "2007-06-30": "33.30300", "2007-03-31": "14.81900", "2006-12-31": "36.63700", "2006-09-30": "28.91500", "2006-06-30": "26.32000", "2006-03-31": "22.02000", "2005-12-31": "-6.10100", "2005-09-30": "26.46900", "2005-06-30": "30.56200", "2005-03-31": "15.60200"}, "Income From Discontinued Operations": {"2020-12-31": "-0.07300", "2020-09-30": "-0.03700", "2020-06-30": "-0.05100", "2020-03-31": "-0.05000", "2019-12-31": "-0.04800", "2019-09-30": "-0.05200", "2019-06-30": "-0.05400", "2019-03-31": "-0.04100", "2018-12-31": "-0.03000", "2018-09-30": "1.10300", "2018-06-30": "-0.61000", "2018-03-31": "-0.01100", "2017-12-31": "-2.67300", "2017-09-30": "-5.46800", "2017-06-30": "141.34300", "2017-03-31": "2.54100", "2016-12-31": "2.56000", "2016-09-30": "4.21000", "2016-06-30": "6.10100", "2016-03-31": "5.72200", "2015-12-31": "23.67300", "2015-09-30": "-0.03400", "2015-06-30": "-0.02200", "2015-03-31": "0.02300", "2014-12-31": "30.50000", "2014-09-30": "-0.62100", "2014-06-30": "-1.51300", "2014-03-31": "-0.72700", "2013-12-31": "-7.06800", "2013-09-30": "-0.56500", "2013-06-30": "0.65100", "2013-03-31": "-0.07300", "2012-12-31": "-2.51200", "2012-09-30": "0.60500", "2012-06-30": "0.06500", "2012-03-31": "0.49300", "2011-12-31": "-0.41700", "2011-09-30": "8.61800", "2011-06-30": "0.66000", "2011-03-31": "-2.37800", "2010-12-31": "250.01000", "2010-09-30": "-13.15400", "2010-06-30": "10.46400", "2010-03-31": "4.75500", "2009-12-31": "14.21700", "2009-09-30": "0.26100", "2009-06-30": "-1.73500", "2009-03-31": "-4.12300", "2008-12-31": "31.78700", "2008-09-30": "10.21900", "2008-06-30": "-5.88600", "2008-03-31": "-0.60100", "2007-12-31": "-0.76200", "2007-09-30": "-0.35700", "2007-06-30": "0.38400", "2007-03-31": "-0.12700", "2006-12-31": "5.09100", "2006-09-30": "0.83800", "2006-06-30": "-1.83500", "2006-03-31": "1.59700", "2005-12-31": "193.64900", "2005-09-30": "5.36400", "2005-06-30": "-1.66400", "2005-03-31": "4.22700"}, "Net Income": {"2020-12-31": "380.36100", "2020-09-30": "176.69900", "2020-06-30": "137.16200", "2020-03-31": "33.66500", "2019-12-31": "64.50100", "2019-09-30": "58.55800", "2019-06-30": "69.08700", "2019-03-31": "35.41200", "2018-12-31": "71.29200", "2018-09-30": "76.54800", "2018-06-30": "64.06300", "2018-03-31": "26.02400", "2017-12-31": "-41.11700", "2017-09-30": "91.07800", "2017-06-30": "204.06900", "2017-03-31": "38.60300", "2016-12-31": "64.84900", "2016-09-30": "58.12700", "2016-06-30": "63.85700", "2016-03-31": "47.46600", "2015-12-31": "68.25400", "2015-09-30": "54.86300", "2015-06-30": "48.97400", "2015-03-31": "40.33400", "2014-12-31": "30.78700", "2014-09-30": "42.27700", "2014-06-30": "50.49000", "2014-03-31": "34.22400", "2013-12-31": "66.87300", "2013-09-30": "40.19800", "2013-06-30": "27.92500", "2013-03-31": "32.21600", "2012-12-31": "-15.85600", "2012-09-30": "29.59400", "2012-06-30": "33.63300", "2012-03-31": "22.56900", "2011-12-31": "-83.64100", "2011-09-30": "36.62200", "2011-06-30": "29.76100", "2011-03-31": "24.91300", "2010-12-31": "295.55800", "2010-09-30": "13.39100", "2010-06-30": "57.64300", "2010-03-31": "24.39100", "2009-12-31": "36.42800", "2009-09-30": "13.58900", "2009-06-30": "21.50500", "2009-03-31": "10.55900", "2008-12-31": "30.66300", "2008-09-30": "51.90200", "2008-06-30": "23.70600", "2008-03-31": "20.13800", "2007-12-31": "52.56200", "2007-09-30": "30.74500", "2007-06-30": "33.68700", "2007-03-31": "14.69200", "2006-12-31": "41.72800", "2006-09-30": "29.75300", "2006-06-30": "24.48500", "2006-03-31": "23.61700", "2005-12-31": "187.54800", "2005-09-30": "31.83300", "2005-06-30": "28.89800", "2005-03-31": "19.82900"}, "EBITDA": {"2020-12-31": "", "2020-09-30": "311.66900", "2020-06-30": "236.26000", "2020-03-31": "107.23500", "2019-12-31": "204.55590", "2019-09-30": "140.66500", "2019-06-30": "151.27010", "2019-03-31": "104.94300", "2018-12-31": "164.88390", "2018-09-30": "126.29800", "2018-06-30": "141.69200", "2018-03-31": "94.21100", "2017-12-31": "125.68000", "2017-09-30": "104.74500", "2017-06-30": "101.65100", "2017-03-31": "77.31900", "2016-12-31": "118.05300", "2016-09-30": "100.80300", "2016-06-30": "91.77200", "2016-03-31": "86.45900", "2015-12-31": "71.50690", "2015-09-30": "104.30500", "2015-06-30": "98.37200", "2015-03-31": "90.87700", "2014-12-31": "11.25190", "2014-09-30": "88.11100", "2014-06-30": "98.57400", "2014-03-31": "81.39400", "2013-12-31": "129.26510", "2013-09-30": "92.13300", "2013-06-30": "72.56600", "2013-03-31": "67.41400", "2012-12-31": "5.37000", "2012-09-30": "74.75600", "2012-06-30": "83.10000", "2012-03-31": "73.75100", "2011-12-31": "13.54290", "2011-09-30": "65.15000", "2011-06-30": "66.97000", "2011-03-31": "66.12900", "2010-12-31": "76.28810", "2010-09-30": "64.84600", "2010-06-30": "56.95500", "2010-03-31": "51.25500", "2009-12-31": "54.80900", "2009-09-30": "36.46200", "2009-06-30": "61.27200", "2009-03-31": "47.84610", "2008-12-31": "38.14800", "2008-09-30": "66.28710", "2008-06-30": "67.39600", "2008-03-31": "55.41100", "2007-12-31": "68.64600", "2007-09-30": "65.33700", "2007-06-30": "67.92400", "2007-03-31": "43.68000", "2006-12-31": "62.38510", "2006-09-30": "54.12100", "2006-06-30": "52.69400", "2006-03-31": "45.54000", "2005-12-31": "114.17820", "2005-09-30": "62.78900", "2005-06-30": "41.55900", "2005-03-31": "46.80800"}, "EBIT": {"2020-12-31": "510.25400", "2020-09-30": "248.00600", "2020-06-30": "175.63900", "2020-03-31": "44.68200", "2019-12-31": "138.24810", "2019-09-30": "78.66000", "2019-06-30": "91.73510", "2019-03-31": "53.33000", "2018-12-31": "115.68300", "2018-09-30": "80.20200", "2018-06-30": "88.06400", "2018-03-31": "39.93500", "2017-12-31": "93.58300", "2017-09-30": "78.03800", "2017-06-30": "74.18300", "2017-03-31": "49.81100", "2016-12-31": "91.95800", "2016-09-30": "75.78100", "2016-06-30": "66.26600", "2016-03-31": "60.57700", "2015-12-31": "49.51600", "2015-09-30": "75.89800", "2015-06-30": "68.13100", "2015-03-31": "57.38100", "2014-12-31": "-15.16800", "2014-09-30": "58.77600", "2014-06-30": "69.63700", "2014-03-31": "51.76200", "2013-12-31": "93.72310", "2013-09-30": "57.95400", "2013-06-30": "40.21600", "2013-03-31": "35.90100", "2012-12-31": "-26.26700", "2012-09-30": "43.21800", "2012-06-30": "49.78700", "2012-03-31": "36.38200", "2011-12-31": "-25.85710", "2011-09-30": "36.13500", "2011-06-30": "39.41900", "2011-03-31": "41.43100", "2010-12-31": "52.28800", "2010-09-30": "41.41700", "2010-06-30": "33.24400", "2010-03-31": "30.61900", "2009-12-31": "30.50190", "2009-09-30": "21.90300", "2009-06-30": "38.22000", "2009-03-31": "25.32100", "2008-12-31": "26.39700", "2008-09-30": "43.13610", "2008-06-30": "44.66100", "2008-03-31": "33.43300", "2007-12-31": "48.81800", "2007-09-30": "45.83600", "2007-06-30": "48.10400", "2007-03-31": "23.14400", "2006-12-31": "45.52710", "2006-09-30": "36.51500", "2006-06-30": "35.69300", "2006-03-31": "28.99200", "2005-12-31": "49.41810", "2005-09-30": "41.16700", "2005-06-30": "21.68800", "2005-03-31": "28.67800"}, "Basic Shares Outstanding": {"2020-12-31": "", "2020-09-30": "111.68400", "2020-06-30": "111.32900", "2020-03-31": "111.12100", "2019-12-31": "110.82700", "2019-09-30": "110.94600", "2019-06-30": "110.84500", "2019-03-31": "110.54300", "2018-12-31": "110.56100", "2018-09-30": "110.72400", "2018-06-30": "110.47700", "2018-03-31": "110.29600", "2017-12-31": "109.85700", "2017-09-30": "110.00300", "2017-06-30": "109.89400", "2017-03-31": "109.46800", "2016-12-31": "109.47800", "2016-09-30": "109.19200", "2016-06-30": "108.97000", "2016-03-31": "110.40900", "2015-12-31": "112.50700", "2015-09-30": "112.63200", "2015-06-30": "113.01800", "2015-03-31": "112.64100", "2014-12-31": "112.59300", "2014-09-30": "112.64600", "2014-06-30": "112.78800", "2014-03-31": "112.55300", "2013-12-31": "112.25400", "2013-09-30": "111.82700", "2013-06-30": "111.57500", "2013-03-31": "113.45400", "2012-12-31": "113.72800", "2012-09-30": "113.86000", "2012-06-30": "113.51500", "2012-03-31": "113.09700", "2011-12-31": "112.97600", "2011-09-30": "112.70300", "2011-06-30": "112.49400", "2011-03-31": "113.99800", "2010-12-31": "117.10900", "2010-09-30": "117.47500", "2010-06-30": "117.36100", "2010-03-31": "117.18900", "2009-12-31": "116.25000", "2009-09-30": "116.21100", "2009-06-30": "116.06300", "2009-03-31": "116.40800", "2008-12-31": "117.65900", "2008-09-30": "118.34700", "2008-06-30": "117.81100", "2008-03-31": "117.30500", "2007-12-31": "118.91600", "2007-09-30": "117.58300", "2007-06-30": "118.91100", "2007-03-31": "121.68500", "2006-12-31": "125.20300", "2006-09-30": "124.27700", "2006-06-30": "126.11900", "2006-03-31": "127.91800", "2005-12-31": "129.26700", "2005-09-30": "129.54300", "2005-06-30": "129.03400", "2005-03-31": "128.82800"}, "Shares Outstanding": {"2020-12-31": "112.53700", "2020-09-30": "112.29200", "2020-06-30": "111.86900", "2020-03-31": "111.64400", "2019-12-31": "111.50100", "2019-09-30": "111.55900", "2019-06-30": "111.52800", "2019-03-31": "111.29300", "2018-12-31": "111.53400", "2018-09-30": "111.74700", "2018-06-30": "111.45200", "2018-03-31": "111.33000", "2017-12-31": "110.85900", "2017-09-30": "110.99300", "2017-06-30": "110.76200", "2017-03-31": "110.20400", "2016-12-31": "110.31300", "2016-09-30": "110.07800", "2016-06-30": "109.84400", "2016-03-31": "111.19500", "2015-12-31": "113.31500", "2015-09-30": "113.42200", "2015-06-30": "113.83300", "2015-03-31": "113.43900", "2014-12-31": "113.73900", "2014-09-30": "113.75900", "2014-06-30": "113.97100", "2014-03-31": "113.77700", "2013-12-31": "113.50300", "2013-09-30": "113.11500", "2013-06-30": "112.71800", "2013-03-31": "114.71600", "2012-12-31": "114.86000", "2012-09-30": "114.99800", "2012-06-30": "114.57800", "2012-03-31": "114.11900", "2011-12-31": "113.86400", "2011-09-30": "113.42500", "2011-06-30": "113.62300", "2011-03-31": "115.14000", "2010-12-31": "117.98200", "2010-09-30": "118.20700", "2010-06-30": "118.30400", "2010-03-31": "117.93100", "2009-12-31": "116.59000", "2009-09-30": "116.64100", "2009-06-30": "116.26800", "2009-03-31": "116.55200", "2008-12-31": "118.68700", "2008-09-30": "119.60900", "2008-06-30": "119.26300", "2008-03-31": "118.45900", "2007-12-31": "120.60500", "2007-09-30": "119.45300", "2007-06-30": "120.68900", "2007-03-31": "123.26300", "2006-12-31": "126.51200", "2006-09-30": "125.17100", "2006-06-30": "127.40100", "2006-03-31": "129.71500", "2005-12-31": "131.14000", "2005-09-30": "131.29100", "2005-06-30": "130.71800", "2005-03-31": "131.05600"}, "Basic EPS": {"2020-12-31": "", "2020-09-30": "1.58000", "2020-06-30": "1.23000", "2020-03-31": "0.30000", "2019-12-31": "0.59000", "2019-09-30": "0.53000", "2019-06-30": "0.62000", "2019-03-31": "0.32000", "2018-12-31": "0.64000", "2018-09-30": "0.69000", "2018-06-30": "0.58000", "2018-03-31": "0.24000", "2017-12-31": "-0.37000", "2017-09-30": "0.83000", "2017-06-30": "1.86000", "2017-03-31": "0.35000", "2016-12-31": "0.59000", "2016-09-30": "0.53000", "2016-06-30": "0.59000", "2016-03-31": "0.43000", "2015-12-31": "0.61000", "2015-09-30": "0.49000", "2015-06-30": "0.43000", "2015-03-31": "0.36000", "2014-12-31": "0.27000", "2014-09-30": "0.38000", "2014-06-30": "0.45000", "2014-03-31": "0.30000", "2013-12-31": "0.60000", "2013-09-30": "0.36000", "2013-06-30": "0.25000", "2013-03-31": "0.28000", "2012-12-31": "-0.15000", "2012-09-30": "0.26000", "2012-06-30": "0.30000", "2012-03-31": "0.20000", "2011-12-31": "-0.73000", "2011-09-30": "0.32000", "2011-06-30": "0.26000", "2011-03-31": "0.22000", "2010-12-31": "2.53000", "2010-09-30": "0.11000", "2010-06-30": "0.49000", "2010-03-31": "0.21000", "2009-12-31": "0.31000", "2009-09-30": "0.12000", "2009-06-30": "0.19000", "2009-03-31": "0.09000", "2008-12-31": "0.26000", "2008-09-30": "0.44000", "2008-06-30": "0.20000", "2008-03-31": "0.17000", "2007-12-31": "0.45000", "2007-09-30": "0.26000", "2007-06-30": "0.28000", "2007-03-31": "0.12000", "2006-12-31": "0.35000", "2006-09-30": "0.24000", "2006-06-30": "0.19000", "2006-03-31": "0.18000", "2005-12-31": "1.45000", "2005-09-30": "0.25000", "2005-06-30": "0.22000", "2005-03-31": "0.15000"}, "EPS - Earnings Per Share": {"2020-12-31": "3.38000", "2020-09-30": "1.57000", "2020-06-30": "1.23000", "2020-03-31": "0.30000", "2019-12-31": "0.58000", "2019-09-30": "0.52000", "2019-06-30": "0.62000", "2019-03-31": "0.32000", "2018-12-31": "0.64000", "2018-09-30": "0.69000", "2018-06-30": "0.57000", "2018-03-31": "0.23000", "2017-12-31": "-0.37000", "2017-09-30": "0.82000", "2017-06-30": "1.84000", "2017-03-31": "0.35000", "2016-12-31": "0.58000", "2016-09-30": "0.53000", "2016-06-30": "0.58000", "2016-03-31": "0.43000", "2015-12-31": "0.60000", "2015-09-30": "0.48000", "2015-06-30": "0.43000", "2015-03-31": "0.36000", "2014-12-31": "0.28000", "2014-09-30": "0.37000", "2014-06-30": "0.44000", "2014-03-31": "0.30000", "2013-12-31": "0.58000", "2013-09-30": "0.36000", "2013-06-30": "0.25000", "2013-03-31": "0.28000", "2012-12-31": "-0.14000", "2012-09-30": "0.26000", "2012-06-30": "0.29000", "2012-03-31": "0.20000", "2011-12-31": "-0.73000", "2011-09-30": "0.32000", "2011-06-30": "0.26000", "2011-03-31": "0.22000", "2010-12-31": "2.50000", "2010-09-30": "0.11000", "2010-06-30": "0.49000", "2010-03-31": "0.21000", "2009-12-31": "0.31000", "2009-09-30": "0.12000", "2009-06-30": "0.18000", "2009-03-31": "0.09000", "2008-12-31": "0.27000", "2008-09-30": "0.43000", "2008-06-30": "0.20000", "2008-03-31": "0.17000", "2007-12-31": "0.43000", "2007-09-30": "0.26000", "2007-06-30": "0.28000", "2007-03-31": "0.12000", "2006-12-31": "0.34000", "2006-09-30": "0.24000", "2006-06-30": "0.19000", "2006-03-31": "0.18000", "2005-12-31": "1.43000", "2005-09-30": "0.24000", "2005-06-30": "0.22000", "2005-03-31": "0.15000"}}, "balance sheet": {"Cash On Hand": {"2020-12-31": "402.03600", "2019-12-31": "191.87700", "2018-12-31": "163.11100", "2017-12-31": "202.13400", "2016-12-31": "359.26500", "2015-12-31": "237.93200", "2014-12-31": "174.82100", "2013-12-31": "173.24200", "2012-12-31": "171.44400", "2011-12-31": "142.34200", "2010-12-31": "420.08600", "2009-12-31": "179.70700", "2008-12-31": "179.11000", "2007-12-31": "203.34800", "2006-12-31": "191.05900", "2005-12-31": "502.26400"}, "Receivables": {"2020-12-31": "1205.08000", "2019-12-31": "725.18400", "2018-12-31": "632.66900", "2017-12-31": "552.30400", "2016-12-31": "425.58800", "2015-12-31": "415.06400", "2014-12-31": "470.56300", "2013-12-31": "466.74900", "2012-12-31": "457.01100", "2011-12-31": "409.88800", "2010-12-31": "356.76300", "2009-12-31": "320.18000", "2008-12-31": "330.91500", "2007-12-31": "314.42500", "2006-12-31": "268.45900", "2005-12-31": "250.84400"}, "Inventory": {"2020-12-31": "514.56700", "2019-12-31": "356.93700", "2018-12-31": "338.34700", "2017-12-31": "351.67500", "2016-12-31": "246.84700", "2015-12-31": "259.48600", "2014-12-31": "285.45700", "2013-12-31": "260.85800", "2012-12-31": "247.68800", "2011-12-31": "240.76300", "2010-12-31": "206.85100", "2009-12-31": "178.66600", "2008-12-31": "200.18700", "2007-12-31": "192.70800", "2006-12-31": "183.26000", "2005-12-31": "163.15000"}, "Pre-Paid Expenses": {"2020-12-31": "", "2019-12-31": "", "2018-12-31": "", "2017-12-31": "", "2016-12-31": "", "2015-12-31": "", "2014-12-31": "", "2013-12-31": "", "2012-12-31": "", "2011-12-31": "", "2010-12-31": "", "2009-12-31": "", "2008-12-31": "", "2007-12-31": "", "2006-12-31": "", "2005-12-31": ""}, "Other Current Assets": {"2020-12-31": "167.20800", "2019-12-31": "100.38100", "2018-12-31": "100.50700", "2017-12-31": "93.84200", "2016-12-31": "99.24600", "2015-12-31": "64.34700", "2014-12-31": "137.71000", "2013-12-31": "140.34200", "2012-12-31": "95.61100", "2011-12-31": "89.85700", "2010-12-31": "100.68500", "2009-12-31": "108.93000", "2008-12-31": "111.33000", "2007-12-31": "98.12000", "2006-12-31": "101.51100", "2005-12-31": "71.18900"}, "Total Current Assets": {"2020-12-31": "2288.89100", "2019-12-31": "1374.37900", "2018-12-31": "1234.63400", "2017-12-31": "1199.95500", "2016-12-31": "1189.93100", "2015-12-31": "1033.16100", "2014-12-31": "1068.55100", "2013-12-31": "1044.83800", "2012-12-31": "971.75400", "2011-12-31": "883.05200", "2010-12-31": "1084.61200", "2009-12-31": "884.01800", "2008-12-31": "830.74700", "2007-12-31": "842.94800", "2006-12-31": "744.76600", "2005-12-31": "998.88900"}, "Property, Plant, And Equipment": {"2020-12-31": "368.30400", "2019-12-31": "318.22300", "2018-12-31": "318.59000", "2017-12-31": "298.06600", "2016-12-31": "145.49400", "2015-12-31": "137.56400", "2014-12-31": "176.19400", "2013-12-31": "183.18800", "2012-12-31": "210.51600", "2011-12-31": "174.56700", "2010-12-31": "161.82000", "2009-12-31": "153.02600", "2008-12-31": "205.04700", "2007-12-31": "196.53500", "2006-12-31": "182.19600", "2005-12-31": "177.36900"}, "Long-Term Investments": {"2020-12-31": "", "2019-12-31": "", "2018-12-31": "", "2017-12-31": "", "2016-12-31": "", "2015-12-31": "", "2014-12-31": "1.56800", "2013-12-31": "1.31900", "2012-12-31": "1.14900", "2011-12-31": "1.10500", "2010-12-31": "1.35000", "2009-12-31": "2.28700", "2008-12-31": "3.45900", "2007-12-31": "5.91900", "2006-12-31": "7.50800", "2005-12-31": "9.22200"}, "Goodwill And Intangible Assets": {"2020-12-31": "4812.80700", "2019-12-31": "4394.51300", "2018-12-31": "4152.27500", "2017-12-31": "4349.13800", "2016-12-31": "2668.19000", "2015-12-31": "2722.50000", "2014-12-31": "2774.34200", "2013-12-31": "2603.55000", "2012-12-31": "2652.68900", "2011-12-31": "2755.84200", "2010-12-31": "1929.06300", "2009-12-31": "1862.16000", "2008-12-31": "1848.76500", "2007-12-31": "1834.86500", "2006-12-31": "1521.74500", "2005-12-31": "1401.62000"}, "Other Long-Term Assets": {"2020-12-31": "333.04800", "2019-12-31": "284.17300", "2018-12-31": "270.02300", "2017-12-31": "244.30400", "2016-12-31": "273.06800", "2015-12-31": "273.07000", "2014-12-31": "106.92100", "2013-12-31": "113.81700", "2012-12-31": "65.65400", "2011-12-31": "41.07500", "2010-12-31": "32.10100", "2009-12-31": "157.54900", "2008-12-31": "43.74900", "2007-12-31": "69.07000", "2006-12-31": "54.10700", "2005-12-31": "106.36100"}, "Total Long-Term Assets": {"2020-12-31": "5721.39500", "2019-12-31": "5164.18500", "2018-12-31": "4740.88800", "2017-12-31": "4891.50800", "2016-12-31": "3086.75200", "2015-12-31": "3133.13400", "2014-12-31": "3059.02500", "2013-12-31": "2901.87400", "2012-12-31": "2930.00800", "2011-12-31": "2972.58900", "2010-12-31": "2124.33400", "2009-12-31": "2175.02200", "2008-12-31": "2101.02000", "2007-12-31": "2106.38900", "2006-12-31": "1765.55600", "2005-12-31": "1694.57200"}, "Total Assets": {"2020-12-31": "8010.28600", "2019-12-31": "6538.56400", "2018-12-31": "5975.52200", "2017-12-31": "6091.46300", "2016-12-31": "4276.68300", "2015-12-31": "4166.29500", "2014-12-31": "4127.57600", "2013-12-31": "3946.71200", "2012-12-31": "3901.76200", "2011-12-31": "3855.64100", "2010-12-31": "3208.94600", "2009-12-31": "3059.04000", "2008-12-31": "2931.76700", "2007-12-31": "2949.33700", "2006-12-31": "2510.32200", "2005-12-31": "2693.46100"}, "Total Current Liabilities": {"2020-12-31": "1702.16000", "2019-12-31": "762.83200", "2018-12-31": "771.63100", "2017-12-31": "950.90200", "2016-12-31": "603.35500", "2015-12-31": "561.48500", "2014-12-31": "597.31000", "2013-12-31": "602.79600", "2012-12-31": "581.10000", "2011-12-31": "598.68200", "2010-12-31": "515.20200", "2009-12-31": "497.20400", "2008-12-31": "516.24200", "2007-12-31": "547.59800", "2006-12-31": "476.53300", "2005-12-31": "494.53900"}, "Long Term Debt": {"2020-12-31": "1609.70100", "2019-12-31": "2064.04100", "2018-12-31": "1876.62400", "2017-12-31": "1788.80300", "2016-12-31": "1045.25400", "2015-12-31": "1011.76200", "2014-12-31": "1045.39300", "2013-12-31": "932.10400", "2012-12-31": "938.82400", "2011-12-31": "944.90800", "2010-12-31": "424.00000", "2009-12-31": "558.19700", "2008-12-31": "509.04000", "2007-12-31": "516.07800", "2006-12-31": "151.78100", "2005-12-31": "243.28200"}, "Other Non-Current Liabilities": {"2020-12-31": "774.53100", "2019-12-31": "751.46800", "2018-12-31": "742.31200", "2017-12-31": "848.57000", "2016-12-31": "459.54400", "2015-12-31": "465.49000", "2014-12-31": "442.77100", "2013-12-31": "417.32500", "2012-12-31": "442.02600", "2011-12-31": "469.83500", "2010-12-31": "344.35300", "2009-12-31": "363.90500", "2008-12-31": "338.54100", "2007-12-31": "305.95000", "2006-12-31": "304.27800", "2005-12-31": "303.68700"}, "Total Long Term Liabilities": {"2020-12-31": "2572.63400", "2019-12-31": "2961.90800", "2018-12-31": "2618.93600", "2017-12-31": "2637.37300", "2016-12-31": "1519.75800", "2015-12-31": "1494.36900", "2014-12-31": "1488.16400", "2013-12-31": "1349.42900", "2012-12-31": "1380.85000", "2011-12-31": "1414.74300", "2010-12-31": "768.35300", "2009-12-31": "932.87900", "2008-12-31": "847.58200", "2007-12-31": "826.46200", "2006-12-31": "456.05900", "2005-12-31": "548.40900"}, "Total Liabilities": {"2020-12-31": "4274.79400", "2019-12-31": "3724.74000", "2018-12-31": "3390.56700", "2017-12-31": "3588.27500", "2016-12-31": "2123.11300", "2015-12-31": "2055.85400", "2014-12-31": "2085.47400", "2013-12-31": "1952.22500", "2012-12-31": "1961.95000", "2011-12-31": "2013.42500", "2010-12-31": "1283.55500", "2009-12-31": "1430.08300", "2008-12-31": "1363.82400", "2007-12-31": "1374.06000", "2006-12-31": "932.59200", "2005-12-31": "1042.94800"}, "Common Stock Net": {"2020-12-31": "", "2019-12-31": "111.14000", "2018-12-31": "110.59700", "2017-12-31": "110.36100", "2016-12-31": "109.61700", "2015-12-31": "112.03400", "2014-12-31": "112.48100", "2013-12-31": "112.62600", "2012-12-31": "115.03600", "2011-12-31": "113.15700", "2010-12-31": "115.71500", "2009-12-31": "117.02300", "2008-12-31": "117.11200", "2007-12-31": "117.58500", "2006-12-31": "123.25500", "2005-12-31": "130.10900"}, "Retained Earnings (Accumulated Deficit)": {"2020-12-31": "", "2019-12-31": "2811.97300", "2018-12-31": "2602.06700", "2017-12-31": "2380.51700", "2016-12-31": "2118.68400", "2015-12-31": "1991.43100", "2014-12-31": "1810.54500", "2013-12-31": "1684.36400", "2012-12-31": "1548.57300", "2011-12-31": "1510.68300", "2010-12-31": "1534.63500", "2009-12-31": "1288.58600", "2008-12-31": "1235.52100", "2007-12-31": "1142.13500", "2006-12-31": "1040.19000", "2005-12-31": "964.69000"}, "Comprehensive Income": {"2020-12-31": "", "2019-12-31": "-199.64600", "2018-12-31": "-176.48100", "2017-12-31": "-46.51800", "2016-12-31": "-100.86100", "2015-12-31": "-45.95600", "2014-12-31": "24.80000", "2013-12-31": "77.59100", "2012-12-31": "66.59300", "2011-12-31": "54.08600", "2010-12-31": "51.02800", "2009-12-31": "-27.25100", "2008-12-31": "-31.23900", "2007-12-31": "57.70700", "2006-12-31": "6.94000", "2005-12-31": "5.35800"}, "Other Share Holders Equity": {"2020-12-31": "", "2019-12-31": "", "2018-12-31": "", "2017-12-31": "", "2016-12-31": "", "2015-12-31": "", "2014-12-31": "", "2013-12-31": "", "2012-12-31": "", "2011-12-31": "", "2010-12-31": "", "2009-12-31": "", "2008-12-31": "", "2007-12-31": "", "2006-12-31": "", "2005-12-31": ""}, "Share Holder Equity": {"2020-12-31": "3735.49200", "2019-12-31": "2813.82400", "2018-12-31": "2584.95500", "2017-12-31": "2503.18800", "2016-12-31": "2153.57000", "2015-12-31": "2110.44100", "2014-12-31": "2042.10200", "2013-12-31": "1994.48700", "2012-12-31": "1939.81200", "2011-12-31": "1842.21600", "2010-12-31": "1925.39100", "2009-12-31": "1628.95700", "2008-12-31": "1567.94300", "2007-12-31": "1575.27700", "2006-12-31": "1577.73000", "2005-12-31": "1650.51300"}, "Total Liabilities And Share Holders Equity": {"2020-12-31": "8010.28600", "2019-12-31": "6538.56400", "2018-12-31": "5975.52200", "2017-12-31": "6091.46300", "2016-12-31": "4276.68300", "2015-12-31": "4166.29500", "2014-12-31": "4127.57600", "2013-12-31": "3946.71200", "2012-12-31": "3901.76200", "2011-12-31": "3855.64100", "2010-12-31": "3208.94600", "2009-12-31": "3059.04000", "2008-12-31": "2931.76700", "2007-12-31": "2949.33700", "2006-12-31": "2510.32200", "2005-12-31": "2693.46100"}}, "balance sheet, quarterly": {"Cash On Hand": {"2020-12-31": "402.03600", "2020-09-30": "258.29300", "2020-06-30": "218.53600", "2020-03-31": "195.14600", "2019-12-31": "191.87700", "2019-09-30": "392.96900", "2019-06-30": "150.01600", "2019-03-31": "134.25200", "2018-12-31": "163.11100", "2018-09-30": "149.51300", "2018-06-30": "163.39200", "2018-03-31": "180.80000", "2017-12-31": "202.13400", "2017-09-30": "709.48800", "2017-06-30": "616.30800", "2017-03-31": "288.32900", "2016-12-31": "359.26500", "2016-09-30": "311.66300", "2016-06-30": "248.08300", "2016-03-31": "210.73100", "2015-12-31": "237.93200", "2015-09-30": "195.06600", "2015-06-30": "192.17000", "2015-03-31": "168.92400", "2014-12-31": "174.82100", "2014-09-30": "203.68300", "2014-06-30": "205.25800", "2014-03-31": "224.11300", "2013-12-31": "173.24200", "2013-09-30": "132.30300", "2013-06-30": "112.47000", "2013-03-31": "125.87100", "2012-12-31": "171.44400", "2012-09-30": "170.82800", "2012-06-30": "171.40300", "2012-03-31": "144.75700", "2011-12-31": "142.34200", "2011-09-30": "248.10200", "2011-06-30": "395.20800", "2011-03-31": "415.84800", "2010-12-31": "420.08600", "2010-09-30": "250.98800", "2010-06-30": "215.66400", "2010-03-31": "181.74400", "2009-12-31": "179.70700", "2009-09-30": "150.58600", "2009-06-30": "151.33900", "2009-03-31": "162.04900", "2008-12-31": "179.11000", "2008-09-30": "188.80800", "2008-06-30": "193.45100", "2008-03-31": "185.26200", "2007-12-31": "203.34800", "2007-09-30": "160.90100", "2007-06-30": "150.04000", "2007-03-31": "119.56200", "2006-12-31": "191.05900", "2006-09-30": "207.07400", "2006-06-30": "323.75500", "2006-03-31": "321.84100", "2005-12-31": "502.26400", "2005-09-30": "166.05700", "2005-06-30": "158.73300", "2005-03-31": "184.21300"}, "Receivables": {"2020-12-31": "1205.08000", "2020-09-30": "797.91100", "2020-06-30": "708.79900", "2020-03-31": "626.15000", "2019-12-31": "725.18400", "2019-09-30": "646.28600", "2019-06-30": "654.45400", "2019-03-31": "623.92700", "2018-12-31": "632.66900", "2018-09-30": "551.38500", "2018-06-30": "564.04100", "2018-03-31": "575.74000", "2017-12-31": "552.30400", "2017-09-30": "440.64900", "2017-06-30": "440.41200", "2017-03-31": "411.08400", "2016-12-31": "425.58800", "2016-09-30": "443.27500", "2016-06-30": "435.82200", "2016-03-31": "436.75500", "2015-12-31": "415.06400", "2015-09-30": "414.19300", "2015-06-30": "425.69800", "2015-03-31": "415.37800", "2014-12-31": "470.56300", "2014-09-30": "427.00800", "2014-06-30": "443.72200", "2014-03-31": "442.97600", "2013-12-31": "466.74900", "2013-09-30": "428.53100", "2013-06-30": "434.79800", "2013-03-31": "410.78200", "2012-12-31": "457.01100", "2012-09-30": "394.93700", "2012-06-30": "389.46600", "2012-03-31": "407.86700", "2011-12-31": "409.88800", "2011-09-30": "359.67200", "2011-06-30": "382.71700", "2011-03-31": "345.49200", "2010-12-31": "356.76300", "2010-09-30": "323.53600", "2010-06-30": "365.17500", "2010-03-31": "359.58500", "2009-12-31": "320.18000", "2009-09-30": "348.39900", "2009-06-30": "328.22800", "2009-03-31": "292.10500", "2008-12-31": "330.91500", "2008-09-30": "345.25100", "2008-06-30": "349.68800", "2008-03-31": "353.48700", "2007-12-31": "314.42500", "2007-09-30": "287.08100", "2007-06-30": "271.47000", "2007-03-31": "267.62800", "2006-12-31": "268.45900", "2006-09-30": "253.18900", "2006-06-30": "233.44900", "2006-03-31": "235.26900", "2005-12-31": "250.84400", "2005-09-30": "247.59900", "2005-06-30": "269.21600", "2005-03-31": "286.71000"}, "Inventory": {"2020-12-31": "514.56700", "2020-09-30": "486.55500", "2020-06-30": "477.70700", "2020-03-31": "393.16400", "2019-12-31": "356.93700", "2019-09-30": "391.82000", "2019-06-30": "414.33000", "2019-03-31": "376.50700", "2018-12-31": "338.34700", "2018-09-30": "354.24400", "2018-06-30": "366.96100", "2018-03-31": "374.80800", "2017-12-31": "351.67500", "2017-09-30": "295.17600", "2017-06-30": "275.08500", "2017-03-31": "264.63300", "2016-12-31": "246.84700", "2016-09-30": "306.04100", "2016-06-30": "300.26200", "2016-03-31": "314.06000", "2015-12-31": "259.48600", "2015-09-30": "313.04700", "2015-06-30": "304.75400", "2015-03-31": "291.12000", "2014-12-31": "285.45700", "2014-09-30": "281.61700", "2014-06-30": "277.99100", "2014-03-31": "279.03100", "2013-12-31": "260.85800", "2013-09-30": "278.35100", "2013-06-30": "259.47000", "2013-03-31": "259.76200", "2012-12-31": "247.68800", "2012-09-30": "261.40000", "2012-06-30": "244.43600", "2012-03-31": "251.85800", "2011-12-31": "240.76300", "2011-09-30": "228.54900", "2011-06-30": "222.23800", "2011-03-31": "224.83200", "2010-12-31": "206.85100", "2010-09-30": "210.15800", "2010-06-30": "232.47600", "2010-03-31": "226.61400", "2009-12-31": "178.66600", "2009-09-30": "224.42700", "2009-06-30": "216.32000", "2009-03-31": "204.17200", "2008-12-31": "200.18700", "2008-09-30": "218.86800", "2008-06-30": "222.63600", "2008-03-31": "223.46500", "2007-12-31": "192.70800", "2007-09-30": "210.56000", "2007-06-30": "204.05900", "2007-03-31": "204.59700", "2006-12-31": "183.26000", "2006-09-30": "182.12400", "2006-06-30": "173.65800", "2006-03-31": "171.23800", "2005-12-31": "163.15000", "2005-09-30": "168.63200", "2005-06-30": "192.91900", "2005-03-31": "201.30200"}, "Pre-Paid Expenses": {"2020-12-31": "", "2020-09-30": "", "2020-06-30": "", "2020-03-31": "", "2019-12-31": "", "2019-09-30": "", "2019-06-30": "", "2019-03-31": "", "2018-12-31": "", "2018-09-30": "", "2018-06-30": "", "2018-03-31": "", "2017-12-31": "", "2017-09-30": "", "2017-06-30": "", "2017-03-31": "", "2016-12-31": "", "2016-09-30": "", "2016-06-30": "", "2016-03-31": "", "2015-12-31": "", "2015-09-30": "", "2015-06-30": "", "2015-03-31": "", "2014-12-31": "", "2014-09-30": "", "2014-06-30": "", "2014-03-31": "", "2013-12-31": "", "2013-09-30": "", "2013-06-30": "", "2013-03-31": "", "2012-12-31": "", "2012-09-30": "", "2012-06-30": "", "2012-03-31": "", "2011-12-31": "", "2011-09-30": "", "2011-06-30": "", "2011-03-31": "", "2010-12-31": "", "2010-09-30": "", "2010-06-30": "", "2010-03-31": "", "2009-12-31": "", "2009-09-30": "", "2009-06-30": "", "2009-03-31": "", "2008-12-31": "", "2008-09-30": "", "2008-06-30": "", "2008-03-31": "", "2007-12-31": "", "2007-09-30": "", "2007-06-30": "", "2007-03-31": "", "2006-12-31": "", "2006-09-30": "", "2006-06-30": "", "2006-03-31": "", "2005-12-31": "", "2005-09-30": "", "2005-06-30": "", "2005-03-31": ""}, "Other Current Assets": {"2020-12-31": "167.20800", "2020-09-30": "133.06200", "2020-06-30": "126.37100", "2020-03-31": "127.36600", "2019-12-31": "100.38100", "2019-09-30": "117.33000", "2019-06-30": "118.96100", "2019-03-31": "112.96000", "2018-12-31": "100.50700", "2018-09-30": "110.35300", "2018-06-30": "108.01900", "2018-03-31": "102.65600", "2017-12-31": "93.84200", "2017-09-30": "100.34700", "2017-06-30": "102.02100", "2017-03-31": "96.79600", "2016-12-31": "99.24600", "2016-09-30": "92.58700", "2016-06-30": "94.78000", "2016-03-31": "88.27400", "2015-12-31": "64.34700", "2015-09-30": "151.53100", "2015-06-30": "147.70600", "2015-03-31": "147.11300", "2014-12-31": "137.71000", "2014-09-30": "161.38900", "2014-06-30": "151.71500", "2014-03-31": "151.46200", "2013-12-31": "140.34200", "2013-09-30": "109.23900", "2013-06-30": "99.76700", "2013-03-31": "100.27700", "2012-12-31": "95.61100", "2012-09-30": "113.62700", "2012-06-30": "92.29300", "2012-03-31": "103.38000", "2011-12-31": "89.85700", "2011-09-30": "93.29600", "2011-06-30": "75.77700", "2011-03-31": "101.29700", "2010-12-31": "100.68500", "2010-09-30": "90.20100", "2010-06-30": "108.41700", "2010-03-31": "111.84600", "2009-12-31": "108.93000", "2009-09-30": "110.48900", "2009-06-30": "107.44700", "2009-03-31": "107.81700", "2008-12-31": "111.33000", "2008-09-30": "111.48000", "2008-06-30": "116.28300", "2008-03-31": "113.30600", "2007-12-31": "98.12000", "2007-09-30": "95.98000", "2007-06-30": "86.13900", "2007-03-31": "82.37800", "2006-12-31": "101.51100", "2006-09-30": "72.74500", "2006-06-30": "76.70700", "2006-03-31": "75.19500", "2005-12-31": "71.18900", "2005-09-30": "72.03300", "2005-06-30": "74.62300", "2005-03-31": "71.00600"}, "Total Current Assets": {"2020-12-31": "2288.89100", "2020-09-30": "1675.82100", "2020-06-30": "1531.41300", "2020-03-31": "1341.82600", "2019-12-31": "1374.37900", "2019-09-30": "1548.40500", "2019-06-30": "1337.76100", "2019-03-31": "1247.64600", "2018-12-31": "1234.63400", "2018-09-30": "1165.49500", "2018-06-30": "1202.41300", "2018-03-31": "1234.00400", "2017-12-31": "1199.95500", "2017-09-30": "1545.66000", "2017-06-30": "1433.82600", "2017-03-31": "1116.57900", "2016-12-31": "1189.93100", "2016-09-30": "1153.56600", "2016-06-30": "1078.94700", "2016-03-31": "1049.82000", "2015-12-31": "1033.16100", "2015-09-30": "1073.83700", "2015-06-30": "1070.32800", "2015-03-31": "1022.53500", "2014-12-31": "1068.55100", "2014-09-30": "1074.34700", "2014-06-30": "1080.64900", "2014-03-31": "1097.58200", "2013-12-31": "1044.83800", "2013-09-30": "948.42400", "2013-06-30": "906.50500", "2013-03-31": "896.69200", "2012-12-31": "971.75400", "2012-09-30": "940.99400", "2012-06-30": "897.80000", "2012-03-31": "908.06400", "2011-12-31": "883.05200", "2011-09-30": "929.82500", "2011-06-30": "1076.17100", "2011-03-31": "1087.70000", "2010-12-31": "1084.61200", "2010-09-30": "977.58500", "2010-06-30": "923.86800", "2010-03-31": "891.07000", "2009-12-31": "884.01800", "2009-09-30": "851.26400", "2009-06-30": "819.95400", "2009-03-31": "780.52500", "2008-12-31": "830.74700", "2008-09-30": "865.07100", "2008-06-30": "882.69100", "2008-03-31": "876.14800", "2007-12-31": "842.94800", "2007-09-30": "755.00900", "2007-06-30": "712.19300", "2007-03-31": "674.64200", "2006-12-31": "744.76600", "2006-09-30": "716.22200", "2006-06-30": "808.42300", "2006-03-31": "803.81600", "2005-12-31": "998.88900", "2005-09-30": "709.30100", "2005-06-30": "696.04300", "2005-03-31": "743.23100"}, "Property, Plant, And Equipment": {"2020-12-31": "368.30400", "2020-09-30": "336.44200", "2020-06-30": "322.78900", "2020-03-31": "313.85700", "2019-12-31": "318.22300", "2019-09-30": "298.24000", "2019-06-30": "302.72000", "2019-03-31": "293.14200", "2018-12-31": "318.59000", "2018-09-30": "317.04900", "2018-06-30": "304.53800", "2018-03-31": "307.23400", "2017-12-31": "298.06600", "2017-09-30": "157.66500", "2017-06-30": "154.15600", "2017-03-31": "153.93700", "2016-12-31": "145.49400", "2016-09-30": "175.22600", "2016-06-30": "167.19600", "2016-03-31": "168.12500", "2015-12-31": "137.56400", "2015-09-30": "164.17700", "2015-06-30": "166.31700", "2015-03-31": "168.49900", "2014-12-31": "176.19400", "2014-09-30": "177.32400", "2014-06-30": "179.67600", "2014-03-31": "182.66800", "2013-12-31": "183.18800", "2013-09-30": "194.69500", "2013-06-30": "214.12900", "2013-03-31": "212.67200", "2012-12-31": "210.51600", "2012-09-30": "201.64800", "2012-06-30": "167.17700", "2012-03-31": "171.68300", "2011-12-31": "174.56700", "2011-09-30": "165.85800", "2011-06-30": "167.25100", "2011-03-31": "165.10500", "2010-12-31": "161.82000", "2010-09-30": "161.05000", "2010-06-30": "205.58900", "2010-03-31": "202.60400", "2009-12-31": "153.02600", "2009-09-30": "211.35500", "2009-06-30": "200.87000", "2009-03-31": "198.34400", "2008-12-31": "205.04700", "2008-09-30": "209.11500", "2008-06-30": "207.03100", "2008-03-31": "203.49800", "2007-12-31": "196.53500", "2007-09-30": "194.61700", "2007-06-30": "190.73800", "2007-03-31": "188.35600", "2006-12-31": "182.19600", "2006-09-30": "181.58500", "2006-06-30": "179.71100", "2006-03-31": "178.85100", "2005-12-31": "177.36900", "2005-09-30": "180.32700", "2005-06-30": "215.48100", "2005-03-31": "230.64900"}, "Long-Term Investments": {"2020-12-31": "", "2020-09-30": "", "2020-06-30": "", "2020-03-31": "", "2019-12-31": "", "2019-09-30": "", "2019-06-30": "", "2019-03-31": "", "2018-12-31": "", "2018-09-30": "", "2018-06-30": "", "2018-03-31": "", "2017-12-31": "", "2017-09-30": "", "2017-06-30": "", "2017-03-31": "", "2016-12-31": "", "2016-09-30": "1.53900", "2016-06-30": "1.44800", "2016-03-31": "1.37900", "2015-12-31": "", "2015-09-30": "1.57400", "2015-06-30": "1.63300", "2015-03-31": "1.59800", "2014-12-31": "1.56800", "2014-09-30": "1.39100", "2014-06-30": "1.32700", "2014-03-31": "1.30000", "2013-12-31": "1.31900", "2013-09-30": "1.22000", "2013-06-30": "1.13900", "2013-03-31": "1.18000", "2012-12-31": "1.14900", "2012-09-30": "1.14400", "2012-06-30": "1.10200", "2012-03-31": "1.11300", "2011-12-31": "1.10500", "2011-09-30": "1.02300", "2011-06-30": "1.17700", "2011-03-31": "1.38900", "2010-12-31": "1.35000", "2010-09-30": "1.22800", "2010-06-30": "1.13800", "2010-03-31": "2.32400", "2009-12-31": "2.28700", "2009-09-30": "2.19000", "2009-06-30": "2.03100", "2009-03-31": "3.07800", "2008-12-31": "3.45900", "2008-09-30": "4.14100", "2008-06-30": "4.25400", "2008-03-31": "4.98500", "2007-12-31": "5.91900", "2007-09-30": "4.65800", "2007-06-30": "4.48500", "2007-03-31": "4.58900", "2006-12-31": "7.50800", "2006-09-30": "7.53100", "2006-06-30": "9.67400", "2006-03-31": "9.43200", "2005-12-31": "9.22200", "2005-09-30": "9.26800", "2005-06-30": "9.22000", "2005-03-31": "10.30200"}, "Goodwill And Intangible Assets": {"2020-12-31": "4812.80700", "2020-09-30": "4343.75200", "2020-06-30": "4295.83700", "2020-03-31": "4251.98200", "2019-12-31": "4394.51300", "2019-09-30": "4187.00200", "2019-06-30": "4324.48900", "2019-03-31": "4106.65800", "2018-12-31": "4152.27500", "2018-09-30": "4144.46400", "2018-06-30": "4211.69200", "2018-03-31": "4332.41700", "2017-12-31": "4349.13800", "2017-09-30": "2814.43400", "2017-06-30": "2809.74900", "2017-03-31": "2787.66100", "2016-12-31": "2668.19000", "2016-09-30": "2766.35800", "2016-06-30": "2726.60900", "2016-03-31": "2777.74400", "2015-12-31": "2722.50000", "2015-09-30": "2678.18200", "2015-06-30": "2730.14900", "2015-03-31": "2723.22000", "2014-12-31": "2774.34200", "2014-09-30": "2519.70100", "2014-06-30": "2559.12700", "2014-03-31": "2580.35700", "2013-12-31": "2603.55000", "2013-09-30": "2612.46800", "2013-06-30": "2604.37400", "2013-03-31": "2618.16100", "2012-12-31": "2652.68900", "2012-09-30": "2698.45100", "2012-06-30": "2693.04000", "2012-03-31": "2741.82200", "2011-12-31": "2755.84200", "2011-09-30": "2270.68200", "2011-06-30": "2316.09200", "2011-03-31": "2017.82700", "2010-12-31": "1929.06300", "2010-09-30": "1967.52400", "2010-06-30": "1984.52700", "2010-03-31": "1883.60600", "2009-12-31": "1862.16000", "2009-09-30": "1948.16100", "2009-06-30": "1881.80000", "2009-03-31": "1834.76100", "2008-12-31": "1848.76500", "2008-09-30": "1885.83100", "2008-06-30": "1926.06900", "2008-03-31": "1931.79300", "2007-12-31": "1834.86500", "2007-09-30": "1584.59700", "2007-06-30": "1573.57300", "2007-03-31": "1577.69700", "2006-12-31": "1521.74500", "2006-09-30": "1514.24900", "2006-06-30": "1449.94800", "2006-03-31": "1410.22100", "2005-12-31": "1401.62000", "2005-09-30": "1406.80500", "2005-06-30": "1469.83500", "2005-03-31": "1477.48100"}, "Other Long-Term Assets": {"2020-12-31": "333.04800", "2020-09-30": "315.65300", "2020-06-30": "291.55500", "2020-03-31": "280.41200", "2019-12-31": "284.17300", "2019-09-30": "280.74500", "2019-06-30": "246.16800", "2019-03-31": "247.80000", "2018-12-31": "270.02300", "2018-09-30": "235.34700", "2018-06-30": "239.13500", "2018-03-31": "252.53100", "2017-12-31": "244.30400", "2017-09-30": "221.19600", "2017-06-30": "207.37300", "2017-03-31": "282.32400", "2016-12-31": "273.06800", "2016-09-30": "207.86700", "2016-06-30": "219.79600", "2016-03-31": "213.65300", "2015-12-31": "273.07000", "2015-09-30": "113.89700", "2015-06-30": "114.32900", "2015-03-31": "112.41900", "2014-12-31": "106.92100", "2014-09-30": "113.70700", "2014-06-30": "115.78900", "2014-03-31": "109.17100", "2013-12-31": "113.81700", "2013-09-30": "94.71900", "2013-06-30": "85.13700", "2013-03-31": "79.44100", "2012-12-31": "65.65400", "2012-09-30": "47.73400", "2012-06-30": "41.81800", "2012-03-31": "41.55600", "2011-12-31": "41.07500", "2011-09-30": "34.55000", "2011-06-30": "35.16800", "2011-03-31": "34.07900", "2010-12-31": "32.10100", "2010-09-30": "140.62400", "2010-06-30": "30.91700", "2010-03-31": "47.42000", "2009-12-31": "157.54900", "2009-09-30": "45.81600", "2009-06-30": "41.21800", "2009-03-31": "41.78500", "2008-12-31": "43.74900", "2008-09-30": "57.10000", "2008-06-30": "56.42300", "2008-03-31": "62.17900", "2007-12-31": "69.07000", "2007-09-30": "52.47700", "2007-06-30": "51.48000", "2007-03-31": "52.68600", "2006-12-31": "54.10700", "2006-09-30": "81.68200", "2006-06-30": "87.80600", "2006-03-31": "93.77800", "2005-12-31": "106.36100", "2005-09-30": "187.99700", "2005-06-30": "101.84700", "2005-03-31": "104.84700"}, "Total Long-Term Assets": {"2020-12-31": "5721.39500", "2020-09-30": "5189.74400", "2020-06-30": "5105.40300", "2020-03-31": "5042.57000", "2019-12-31": "5164.18500", "2019-09-30": "4940.67600", "2019-06-30": "5061.31200", "2019-03-31": "4838.85100", "2018-12-31": "4740.88800", "2018-09-30": "4696.86000", "2018-06-30": "4755.36500", "2018-03-31": "4892.18200", "2017-12-31": "4891.50800", "2017-09-30": "3193.29500", "2017-06-30": "3171.27800", "2017-03-31": "3223.92200", "2016-12-31": "3086.75200", "2016-09-30": "3150.99000", "2016-06-30": "3115.04900", "2016-03-31": "3160.90100", "2015-12-31": "3133.13400", "2015-09-30": "2957.83000", "2015-06-30": "3012.42800", "2015-03-31": "3005.73600", "2014-12-31": "3059.02500", "2014-09-30": "2812.12300", "2014-06-30": "2855.91900", "2014-03-31": "2873.49600", "2013-12-31": "2901.87400", "2013-09-30": "2903.10200", "2013-06-30": "2904.77900", "2013-03-31": "2911.45400", "2012-12-31": "2930.00800", "2012-09-30": "2948.97700", "2012-06-30": "2903.13700", "2012-03-31": "2956.17400", "2011-12-31": "2972.58900", "2011-09-30": "2472.11300", "2011-06-30": "2519.68800", "2011-03-31": "2218.40000", "2010-12-31": "2124.33400", "2010-09-30": "2270.42600", "2010-06-30": "2222.17100", "2010-03-31": "2135.95400", "2009-12-31": "2175.02200", "2009-09-30": "2207.52200", "2009-06-30": "2125.91900", "2009-03-31": "2077.96800", "2008-12-31": "2101.02000", "2008-09-30": "2156.18700", "2008-06-30": "2193.77700", "2008-03-31": "2202.45500", "2007-12-31": "2106.38900", "2007-09-30": "1836.34900", "2007-06-30": "1820.27600", "2007-03-31": "1823.32800", "2006-12-31": "1765.55600", "2006-09-30": "1785.04700", "2006-06-30": "1727.13900", "2006-03-31": "1692.28200", "2005-12-31": "1694.57200", "2005-09-30": "1784.39700", "2005-06-30": "1796.38300", "2005-03-31": "1823.27900"}, "Total Assets": {"2020-12-31": "8010.28600", "2020-09-30": "6865.56500", "2020-06-30": "6636.81600", "2020-03-31": "6384.39600", "2019-12-31": "6538.56400", "2019-09-30": "6489.08100", "2019-06-30": "6399.07200", "2019-03-31": "6086.49700", "2018-12-31": "5975.52200", "2018-09-30": "5862.35500", "2018-06-30": "5957.77800", "2018-03-31": "6126.18600", "2017-12-31": "6091.46300", "2017-09-30": "4738.95500", "2017-06-30": "4605.10400", "2017-03-31": "4340.50100", "2016-12-31": "4276.68300", "2016-09-30": "4304.55600", "2016-06-30": "4193.99600", "2016-03-31": "4210.72100", "2015-12-31": "4166.29500", "2015-09-30": "4031.66700", "2015-06-30": "4082.75600", "2015-03-31": "4028.27100", "2014-12-31": "4127.57600", "2014-09-30": "3886.47000", "2014-06-30": "3936.56800", "2014-03-31": "3971.07800", "2013-12-31": "3946.71200", "2013-09-30": "3851.52600", "2013-06-30": "3811.28400", "2013-03-31": "3808.14600", "2012-12-31": "3901.76200", "2012-09-30": "3889.97100", "2012-06-30": "3800.93700", "2012-03-31": "3864.23800", "2011-12-31": "3855.64100", "2011-09-30": "3401.93800", "2011-06-30": "3595.85900", "2011-03-31": "3306.10000", "2010-12-31": "3208.94600", "2010-09-30": "3248.01100", "2010-06-30": "3146.03900", "2010-03-31": "3027.02400", "2009-12-31": "3059.04000", "2009-09-30": "3058.78600", "2009-06-30": "2945.87300", "2009-03-31": "2858.49300", "2008-12-31": "2931.76700", "2008-09-30": "3021.25800", "2008-06-30": "3076.46800", "2008-03-31": "3078.60300", "2007-12-31": "2949.33700", "2007-09-30": "2591.35800", "2007-06-30": "2532.46900", "2007-03-31": "2497.97000", "2006-12-31": "2510.32200", "2006-09-30": "2501.26900", "2006-06-30": "2535.56200", "2006-03-31": "2496.09800", "2005-12-31": "2693.46100", "2005-09-30": "2493.69800", "2005-06-30": "2492.42600", "2005-03-31": "2566.51000"}, "Total Current Liabilities": {"2020-12-31": "1702.16000", "2020-09-30": "1244.79700", "2020-06-30": "1163.25600", "2020-03-31": "730.14400", "2019-12-31": "762.83200", "2019-09-30": "1188.10200", "2019-06-30": "706.79900", "2019-03-31": "742.26800", "2018-12-31": "771.63100", "2018-09-30": "686.75200", "2018-06-30": "712.69300", "2018-03-31": "925.98400", "2017-12-31": "950.90200", "2017-09-30": "597.51200", "2017-06-30": "589.38800", "2017-03-31": "600.60800", "2016-12-31": "603.35500", "2016-09-30": "547.99100", "2016-06-30": "561.18100", "2016-03-31": "554.54700", "2015-12-31": "561.48500", "2015-09-30": "554.27600", "2015-06-30": "574.34400", "2015-03-31": "550.58100", "2014-12-31": "597.31000", "2014-09-30": "567.43300", "2014-06-30": "578.59900", "2014-03-31": "605.46200", "2013-12-31": "602.79600", "2013-09-30": "589.39100", "2013-06-30": "563.28100", "2013-03-31": "573.35400", "2012-12-31": "581.10000", "2012-09-30": "582.27700", "2012-06-30": "587.68500", "2012-03-31": "602.78600", "2011-12-31": "598.68200", "2011-09-30": "875.95700", "2011-06-30": "559.35200", "2011-03-31": "511.21400", "2010-12-31": "515.20200", "2010-09-30": "513.84500", "2010-06-30": "513.91300", "2010-03-31": "498.36300", "2009-12-31": "497.20400", "2009-09-30": "512.92800", "2009-06-30": "496.80800", "2009-03-31": "468.84500", "2008-12-31": "516.24200", "2008-09-30": "520.96900", "2008-06-30": "570.58500", "2008-03-31": "557.72400", "2007-12-31": "547.59800", "2007-09-30": "445.29200", "2007-06-30": "449.75600", "2007-03-31": "421.27200", "2006-12-31": "476.53300", "2006-09-30": "432.27100", "2006-06-30": "418.03400", "2006-03-31": "402.33300", "2005-12-31": "494.53900", "2005-09-30": "444.04000", "2005-06-30": "470.43800", "2005-03-31": "433.73200"}, "Long Term Debt": {"2020-12-31": "1609.70100", "2020-09-30": "1492.63300", "2020-06-30": "1624.99600", "2020-03-31": "2010.52500", "2019-12-31": "2064.04100", "2019-09-30": "1750.92500", "2019-06-30": "2104.46600", "2019-03-31": "1848.93500", "2018-12-31": "1876.62400", "2018-09-30": "1882.50200", "2018-06-30": "1983.95300", "2018-03-31": "1859.69800", "2017-12-31": "1788.80300", "2017-09-30": "1109.26900", "2017-06-30": "1089.39500", "2017-03-31": "1052.67700", "2016-12-31": "1045.25400", "2016-09-30": "1131.92500", "2016-06-30": "1056.93400", "2016-03-31": "1119.83000", "2015-12-31": "1011.76200", "2015-09-30": "1027.26900", "2015-06-30": "986.45200", "2015-03-31": "1014.66600", "2014-12-31": "1045.39300", "2014-09-30": "858.57800", "2014-06-30": "894.28200", "2014-03-31": "926.89700", "2013-12-31": "932.10400", "2013-09-30": "933.29200", "2013-06-30": "1001.85800", "2013-03-31": "1019.34500", "2012-12-31": "938.82400", "2012-09-30": "930.86000", "2012-06-30": "911.04300", "2012-03-31": "933.97100", "2011-12-31": "944.90800", "2011-09-30": "150.00000", "2011-06-30": "671.00000", "2011-03-31": "514.00000", "2010-12-31": "424.00000", "2010-09-30": "670.13100", "2010-06-30": "620.13800", "2010-03-31": "528.16100", "2009-12-31": "558.19700", "2009-09-30": "576.73400", "2009-06-30": "524.00000", "2009-03-31": "544.03000", "2008-12-31": "509.04000", "2008-09-30": "544.05000", "2008-06-30": "521.05900", "2008-03-31": "566.06800", "2007-12-31": "516.07800", "2007-09-30": "246.09500", "2007-06-30": "234.50400", "2007-03-31": "178.11900", "2006-12-31": "151.78100", "2006-09-30": "201.13300", "2006-06-30": "199.18700", "2006-03-31": "206.62400", "2005-12-31": "243.28200", "2005-09-30": "268.39000", "2005-06-30": "268.33400", "2005-03-31": "364.76100"}, "Other Non-Current Liabilities": {"2020-12-31": "774.53100", "2020-09-30": "720.80000", "2020-06-30": "703.20800", "2020-03-31": "704.15400", "2019-12-31": "751.46800", "2019-09-30": "690.04100", "2019-06-30": "716.92900", "2019-03-31": "689.07400", "2018-12-31": "742.31200", "2018-09-30": "720.63200", "2018-06-30": "743.95500", "2018-03-31": "785.25200", "2017-12-31": "848.57000", "2017-09-30": "496.14500", "2017-06-30": "487.68500", "2017-03-31": "462.96500", "2016-12-31": "459.54400", "2016-09-30": "489.21800", "2016-06-30": "487.67800", "2016-03-31": "486.86400", "2015-12-31": "465.49000", "2015-09-30": "395.79800", "2015-06-30": "401.05600", "2015-03-31": "403.13900", "2014-12-31": "442.77100", "2014-09-30": "397.70500", "2014-06-30": "407.69600", "2014-03-31": "409.28300", "2013-12-31": "417.32500", "2013-09-30": "409.27200", "2013-06-30": "386.29300", "2013-03-31": "381.02400", "2012-12-31": "442.02600", "2012-09-30": "434.39400", "2012-06-30": "416.87900", "2012-03-31": "444.89800", "2011-12-31": "469.83500", "2011-09-30": "430.84100", "2011-06-30": "409.04600", "2011-03-31": "372.95400", "2010-12-31": "344.35300", "2010-09-30": "344.45400", "2010-06-30": "368.29600", "2010-03-31": "369.09600", "2009-12-31": "363.90500", "2009-09-30": "364.26700", "2009-06-30": "347.47200", "2009-03-31": "330.31700", "2008-12-31": "338.54100", "2008-09-30": "321.15500", "2008-06-30": "329.32400", "2008-03-31": "336.89200", "2007-12-31": "305.95000", "2007-09-30": "363.73400", "2007-06-30": "351.90300", "2007-03-31": "356.75500", "2006-12-31": "304.27800", "2006-09-30": "311.21800", "2006-06-30": "317.36400", "2006-03-31": "310.88600", "2005-12-31": "303.68700", "2005-09-30": "283.04300", "2005-06-30": "295.95300", "2005-03-31": "307.32700"}, "Total Long Term Liabilities": {"2020-12-31": "2572.63400", "2020-09-30": "2389.08700", "2020-06-30": "2506.09700", "2020-03-31": "2894.50600", "2019-12-31": "2961.90800", "2019-09-30": "2594.18200", "2019-06-30": "2985.40600", "2019-03-31": "2705.75700", "2018-12-31": "2618.93600", "2018-09-30": "2603.13400", "2018-06-30": "2727.90800", "2018-03-31": "2644.95000", "2017-12-31": "2637.37300", "2017-09-30": "1605.41400", "2017-06-30": "1577.08000", "2017-03-31": "1530.90600", "2016-12-31": "1519.75800", "2016-09-30": "1621.14300", "2016-06-30": "1544.61200", "2016-03-31": "1606.69400", "2015-12-31": "1494.36900", "2015-09-30": "1423.06700", "2015-06-30": "1387.50800", "2015-03-31": "1417.80500", "2014-12-31": "1488.16400", "2014-09-30": "1256.28300", "2014-06-30": "1301.97800", "2014-03-31": "1336.18000", "2013-12-31": "1349.42900", "2013-09-30": "1342.56400", "2013-06-30": "1388.15100", "2013-03-31": "1400.36900", "2012-12-31": "1380.85000", "2012-09-30": "1365.25400", "2012-06-30": "1327.92200", "2012-03-31": "1378.86900", "2011-12-31": "1414.74300", "2011-09-30": "580.84100", "2011-06-30": "1080.04600", "2011-03-31": "886.95400", "2010-12-31": "768.35300", "2010-09-30": "1027.13100", "2010-06-30": "988.43400", "2010-03-31": "897.25700", "2009-12-31": "932.87900", "2009-09-30": "944.10000", "2009-06-30": "874.73300", "2009-03-31": "877.24710", "2008-12-31": "847.58200", "2008-09-30": "865.20500", "2008-06-30": "850.38310", "2008-03-31": "902.96000", "2007-12-31": "826.46200", "2007-09-30": "609.82900", "2007-06-30": "586.40700", "2007-03-31": "534.87400", "2006-12-31": "456.05900", "2006-09-30": "512.35100", "2006-06-30": "516.55100", "2006-03-31": "517.51000", "2005-12-31": "548.40900", "2005-09-30": "563.55300", "2005-06-30": "564.28700", "2005-03-31": "672.08800"}, "Total Liabilities": {"2020-12-31": "4274.79400", "2020-09-30": "3633.88400", "2020-06-30": "3669.35300", "2020-03-31": "3624.65000", "2019-12-31": "3724.74000", "2019-09-30": "3782.28400", "2019-06-30": "3692.20500", "2019-03-31": "3448.02500", "2018-12-31": "3390.56700", "2018-09-30": "3289.88600", "2018-06-30": "3440.60100", "2018-03-31": "3570.93400", "2017-12-31": "3588.27500", "2017-09-30": "2202.92600", "2017-06-30": "2166.46800", "2017-03-31": "2131.51400", "2016-12-31": "2123.11300", "2016-09-30": "2169.13400", "2016-06-30": "2105.79300", "2016-03-31": "2161.24100", "2015-12-31": "2055.85400", "2015-09-30": "1977.34300", "2015-06-30": "1961.85200", "2015-03-31": "1968.38600", "2014-12-31": "2085.47400", "2014-09-30": "1823.71600", "2014-06-30": "1880.57700", "2014-03-31": "1941.64200", "2013-12-31": "1952.22500", "2013-09-30": "1931.95500", "2013-06-30": "1951.43200", "2013-03-31": "1973.72300", "2012-12-31": "1961.95000", "2012-09-30": "1947.53100", "2012-06-30": "1915.60700", "2012-03-31": "1981.65500", "2011-12-31": "2013.42500", "2011-09-30": "1456.79800", "2011-06-30": "1639.39800", "2011-03-31": "1398.16800", "2010-12-31": "1283.55500", "2010-09-30": "1540.97600", "2010-06-30": "1502.34700", "2010-03-31": "1395.62000", "2009-12-31": "1430.08300", "2009-09-30": "1457.02800", "2009-06-30": "1371.54100", "2009-03-31": "1346.09200", "2008-12-31": "1363.82400", "2008-09-30": "1386.17400", "2008-06-30": "1420.96800", "2008-03-31": "1460.68400", "2007-12-31": "1374.06000", "2007-09-30": "1055.12100", "2007-06-30": "1036.16300", "2007-03-31": "956.14600", "2006-12-31": "932.59200", "2006-09-30": "944.62200", "2006-06-30": "934.58500", "2006-03-31": "919.84300", "2005-12-31": "1042.94800", "2005-09-30": "1007.59300", "2005-06-30": "1034.72500", "2005-03-31": "1105.82000"}, "Common Stock Net": {"2020-12-31": "", "2020-09-30": "111.87800", "2020-06-30": "111.50100", "2020-03-31": "111.30600", "2019-12-31": "111.14000", "2019-09-30": "111.09300", "2019-06-30": "111.07100", "2019-03-31": "110.89100", "2018-12-31": "110.59700", "2018-09-30": "111.08700", "2018-06-30": "110.71600", "2018-03-31": "110.62000", "2017-12-31": "110.36100", "2017-09-30": "110.20700", "2017-06-30": "110.19600", "2017-03-31": "109.85900", "2016-12-31": "109.61700", "2016-09-30": "109.51100", "2016-06-30": "109.39400", "2016-03-31": "109.01500", "2015-12-31": "112.03400", "2015-09-30": "111.90500", "2015-06-30": "113.35500", "2015-03-31": "113.19000", "2014-12-31": "112.48100", "2014-09-30": "112.96200", "2014-06-30": "112.87500", "2014-03-31": "113.10400", "2013-12-31": "112.62600", "2013-09-30": "112.38200", "2013-06-30": "111.99900", "2013-03-31": "111.86500", "2012-12-31": "115.03600", "2012-09-30": "114.59500", "2012-06-30": "114.06000", "2012-03-31": "113.83100", "2011-12-31": "113.15700", "2011-09-30": "113.08500", "2011-06-30": "113.07700", "2011-03-31": "112.70600", "2010-12-31": "115.71500", "2010-09-30": "118.03400", "2010-06-30": "117.91000", "2010-03-31": "117.79000", "2009-12-31": "117.02300", "2009-09-30": "116.72000", "2009-06-30": "116.70300", "2009-03-31": "116.45100", "2008-12-31": "117.11200", "2008-09-30": "118.08400", "2008-06-30": "118.73500", "2008-03-31": "117.84700", "2007-12-31": "117.58500", "2007-09-30": "118.45900", "2007-06-30": "118.29900", "2007-03-31": "121.30200", "2006-12-31": "123.25500", "2006-09-30": "122.91900", "2006-06-30": "126.80100", "2006-03-31": "126.52200", "2005-12-31": "130.10900", "2005-09-30": "130.31900", "2005-06-30": "129.92400", "2005-03-31": "129.56600"}, "Retained Earnings (Accumulated Deficit)": {"2020-12-31": "", "2020-09-30": "3134.75000", "2020-06-30": "2965.89000", "2020-03-31": "2836.53100", "2019-12-31": "2811.97300", "2019-09-30": "2755.16500", "2019-06-30": "2704.36700", "2019-03-31": "2643.02600", "2018-12-31": "2602.06700", "2018-09-30": "2532.06000", "2018-06-30": "2463.28700", "2018-03-31": "2406.95200", "2017-12-31": "2380.51700", "2017-09-30": "2429.36100", "2017-06-30": "2345.98600", "2017-03-31": "2149.61000", "2016-12-31": "2118.68400", "2016-09-30": "2061.48700", "2016-06-30": "2011.03500", "2016-03-31": "1954.82200", "2015-12-31": "1991.43100", "2015-09-30": "1931.02600", "2015-06-30": "1883.99900", "2015-03-31": "1842.94800", "2014-12-31": "1810.54500", "2014-09-30": "1787.61400", "2014-06-30": "1753.25300", "2014-03-31": "1710.66700", "2013-12-31": "1684.36400", "2013-09-30": "1625.38100", "2013-06-30": "1593.05700", "2013-03-31": "1572.97500", "2012-12-31": "1548.57300", "2012-09-30": "1572.38500", "2012-06-30": "1550.82100", "2012-03-31": "1525.14700", "2011-12-31": "1510.68300", "2011-09-30": "1703.27700", "2011-06-30": "1675.87900", "2011-03-31": "1655.22300", "2010-12-31": "1534.63500", "2010-09-30": "1359.20100", "2010-06-30": "1354.07300", "2010-03-31": "1304.68200", "2009-12-31": "1288.58600", "2009-09-30": "1256.85000", "2009-06-30": "1251.27600", "2009-03-31": "1237.91500", "2008-12-31": "1235.52100", "2008-09-30": "1213.05200", "2008-06-30": "1169.39100", "2008-03-31": "1154.02300", "2007-12-31": "1142.13500", "2007-09-30": "1097.81700", "2007-06-30": "1075.35800", "2007-03-31": "1049.96400", "2006-12-31": "1040.19000", "2006-09-30": "1007.08800", "2006-06-30": "985.94400", "2006-03-31": "979.19200", "2005-12-31": "964.69000", "2005-09-30": "786.22800", "2005-06-30": "763.49500", "2005-03-31": "743.67000"}, "Comprehensive Income": {"2020-12-31": "", "2020-09-30": "-143.76700", "2020-06-30": "-216.67200", "2020-03-31": "-278.32700", "2019-12-31": "-199.64600", "2019-09-30": "-243.45700", "2019-06-30": "-180.75200", "2019-03-31": "-173.53500", "2018-12-31": "-176.48100", "2018-09-30": "-160.64800", "2018-06-30": "-130.56600", "2018-03-31": "-27.97800", "2017-12-31": "-46.51800", "2017-09-30": "-53.57500", "2017-06-30": "-63.42700", "2017-03-31": "-81.63000", "2016-12-31": "-100.86100", "2016-09-30": "-54.78500", "2016-06-30": "-45.35300", "2016-03-31": "-14.35700", "2015-12-31": "-45.95600", "2015-09-30": "-33.39800", "2015-06-30": "13.31100", "2015-03-31": "1.07400", "2014-12-31": "24.80000", "2014-09-30": "47.95300", "2014-06-30": "80.90100", "2014-03-31": "78.19300", "2013-12-31": "77.59100", "2013-09-30": "69.20300", "2013-06-30": "52.45700", "2013-03-31": "53.40000", "2012-12-31": "66.59300", "2012-09-30": "58.89200", "2012-06-30": "38.12800", "2012-03-31": "68.18600", "2011-12-31": "54.08600", "2011-09-30": "-31.22500", "2011-06-30": "10.39500", "2011-03-31": "-6.08300", "2010-12-31": "51.02800", "2010-09-30": "-44.91600", "2010-06-30": "-98.14900", "2010-03-31": "-56.03000", "2009-12-31": "-27.25100", "2009-09-30": "-16.48300", "2009-06-30": "-36.63100", "2009-03-31": "-79.10800", "2008-12-31": "-31.23900", "2008-09-30": "47.12900", "2008-06-30": "84.47100", "2008-03-31": "83.13600", "2007-12-31": "57.70700", "2007-09-30": "37.43500", "2007-06-30": "15.99200", "2007-03-31": "11.50800", "2006-12-31": "6.94000", "2006-09-30": "26.63400", "2006-06-30": "22.79900", "2006-03-31": "11.77400", "2005-12-31": "5.35800", "2005-09-30": "14.67000", "2005-06-30": "14.89200", "2005-03-31": "43.83900"}, "Other Share Holders Equity": {"2020-12-31": "", "2020-09-30": "", "2020-06-30": "", "2020-03-31": "", "2019-12-31": "", "2019-09-30": "", "2019-06-30": "", "2019-03-31": "", "2018-12-31": "", "2018-09-30": "", "2018-06-30": "", "2018-03-31": "", "2017-12-31": "", "2017-09-30": "", "2017-06-30": "", "2017-03-31": "", "2016-12-31": "", "2016-09-30": "", "2016-06-30": "", "2016-03-31": "", "2015-12-31": "", "2015-09-30": "", "2015-06-30": "", "2015-03-31": "", "2014-12-31": "", "2014-09-30": "", "2014-06-30": "", "2014-03-31": "", "2013-12-31": "", "2013-09-30": "", "2013-06-30": "", "2013-03-31": "", "2012-12-31": "", "2012-09-30": "", "2012-06-30": "", "2012-03-31": "", "2011-12-31": "", "2011-09-30": "", "2011-06-30": "", "2011-03-31": "", "2010-12-31": "", "2010-09-30": "", "2010-06-30": "", "2010-03-31": "", "2009-12-31": "", "2009-09-30": "", "2009-06-30": "", "2009-03-31": "", "2008-12-31": "", "2008-09-30": "", "2008-06-30": "", "2008-03-31": "", "2007-12-31": "", "2007-09-30": "", "2007-06-30": "", "2007-03-31": "", "2006-12-31": "", "2006-09-30": "", "2006-06-30": "", "2006-03-31": "", "2005-12-31": "", "2005-09-30": "", "2005-06-30": "", "2005-03-31": ""}, "Share Holder Equity": {"2020-12-31": "3735.49200", "2020-09-30": "3231.68100", "2020-06-30": "2967.46300", "2020-03-31": "2759.74600", "2019-12-31": "2813.82400", "2019-09-30": "2706.79700", "2019-06-30": "2706.86700", "2019-03-31": "2638.47200", "2018-12-31": "2584.95500", "2018-09-30": "2572.46900", "2018-06-30": "2517.17700", "2018-03-31": "2555.25200", "2017-12-31": "2503.18800", "2017-09-30": "2536.02900", "2017-06-30": "2438.63600", "2017-03-31": "2208.98700", "2016-12-31": "2153.57000", "2016-09-30": "2135.42200", "2016-06-30": "2088.20300", "2016-03-31": "2049.48000", "2015-12-31": "2110.44100", "2015-09-30": "2054.32400", "2015-06-30": "2120.90400", "2015-03-31": "2059.88500", "2014-12-31": "2042.10200", "2014-09-30": "2062.75400", "2014-06-30": "2055.99100", "2014-03-31": "2029.43600", "2013-12-31": "1994.48700", "2013-09-30": "1919.57100", "2013-06-30": "1859.85200", "2013-03-31": "1834.42300", "2012-12-31": "1939.81200", "2012-09-30": "1942.44000", "2012-06-30": "1885.33000", "2012-03-31": "1882.58300", "2011-12-31": "1842.21600", "2011-09-30": "1945.14000", "2011-06-30": "1956.46100", "2011-03-31": "1907.93200", "2010-12-31": "1925.39100", "2010-09-30": "1707.03500", "2010-06-30": "1643.69200", "2010-03-31": "1631.40400", "2009-12-31": "1628.95700", "2009-09-30": "1601.75800", "2009-06-30": "1574.33200", "2009-03-31": "1512.40100", "2008-12-31": "1567.94300", "2008-09-30": "1635.08400", "2008-06-30": "1655.50000", "2008-03-31": "1617.91900", "2007-12-31": "1575.27700", "2007-09-30": "1536.23700", "2007-06-30": "1496.30600", "2007-03-31": "1541.82400", "2006-12-31": "1577.73000", "2006-09-30": "1556.64700", "2006-06-30": "1600.97700", "2006-03-31": "1576.25500", "2005-12-31": "1650.51300", "2005-09-30": "1486.10500", "2005-06-30": "1457.70100", "2005-03-31": "1460.69000"}, "Total Liabilities And Share Holders Equity": {"2020-12-31": "8010.28600", "2020-09-30": "6865.56500", "2020-06-30": "6636.81600", "2020-03-31": "6384.39600", "2019-12-31": "6538.56400", "2019-09-30": "6489.08100", "2019-06-30": "6399.07200", "2019-03-31": "6086.49700", "2018-12-31": "5975.52200", "2018-09-30": "5862.35500", "2018-06-30": "5957.77800", "2018-03-31": "6126.18600", "2017-12-31": "6091.46300", "2017-09-30": "4738.95500", "2017-06-30": "4605.10400", "2017-03-31": "4340.50100", "2016-12-31": "4276.68300", "2016-09-30": "4304.55600", "2016-06-30": "4193.99600", "2016-03-31": "4210.72100", "2015-12-31": "4166.29500", "2015-09-30": "4031.66700", "2015-06-30": "4082.75600", "2015-03-31": "4028.27100", "2014-12-31": "4127.57600", "2014-09-30": "3886.47000", "2014-06-30": "3936.56800", "2014-03-31": "3971.07800", "2013-12-31": "3946.71200", "2013-09-30": "3851.52600", "2013-06-30": "3811.28400", "2013-03-31": "3808.14600", "2012-12-31": "3901.76200", "2012-09-30": "3889.97100", "2012-06-30": "3800.93700", "2012-03-31": "3864.23800", "2011-12-31": "3855.64100", "2011-09-30": "3401.93800", "2011-06-30": "3595.85900", "2011-03-31": "3306.10000", "2010-12-31": "3208.94600", "2010-09-30": "3248.01100", "2010-06-30": "3146.03900", "2010-03-31": "3027.02400", "2009-12-31": "3059.04000", "2009-09-30": "3058.78600", "2009-06-30": "2945.87300", "2009-03-31": "2858.49300", "2008-12-31": "2931.76700", "2008-09-30": "3021.25800", "2008-06-30": "3076.46800", "2008-03-31": "3078.60300", "2007-12-31": "2949.33700", "2007-09-30": "2591.35800", "2007-06-30": "2532.46900", "2007-03-31": "2497.97000", "2006-12-31": "2510.32200", "2006-09-30": "2501.26900", "2006-06-30": "2535.56200", "2006-03-31": "2496.09800", "2005-12-31": "2693.46100", "2005-09-30": "2493.69800", "2005-06-30": "2492.42600", "2005-03-31": "2566.51000"}}, "cash flow statement": {"Net Income/Loss": {"2020-12-31": "727.88700", "2019-12-31": "227.55800", "2018-12-31": "237.92700", "2017-12-31": "292.63300", "2016-12-31": "234.29900", "2015-12-31": "212.42500", "2014-12-31": "157.77800", "2013-12-31": "167.21200", "2012-12-31": "69.94000", "2011-12-31": "7.65500", "2010-12-31": "390.98300", "2009-12-31": "82.08100", "2008-12-31": "126.40900", "2007-12-31": "131.68600", "2006-12-31": "119.58300", "2005-12-31": "268.10800"}, "Total Depreciation And Amortization - Cash Flow": {"2020-12-31": "252.69100", "2019-12-31": "239.46100", "2018-12-31": "203.20100", "2017-12-31": "113.78000", "2016-12-31": "102.50500", "2015-12-31": "114.13500", "2014-12-31": "114.32400", "2013-12-31": "133.58400", "2012-12-31": "133.85700", "2011-12-31": "120.66400", "2010-12-31": "91.77600", "2009-12-31": "84.44300", "2008-12-31": "79.61500", "2007-12-31": "79.68500", "2006-12-31": "68.01300", "2005-12-31": "124.38300"}, "Other Non-Cash Items": {"2020-12-31": "9.39000", "2019-12-31": "35.00200", "2018-12-31": "-11.27700", "2017-12-31": "-69.86000", "2016-12-31": "34.33200", "2015-12-31": "18.53600", "2014-12-31": "-7.41000", "2013-12-31": "-9.42700", "2012-12-31": "55.19300", "2011-12-31": "21.63400", "2010-12-31": "-284.75400", "2009-12-31": "67.20600", "2008-12-31": "11.05700", "2007-12-31": "-8.91000", "2006-12-31": "-62.76300", "2005-12-31": "-182.69000"}, "Total Non-Cash Items": {"2020-12-31": "262.08100", "2019-12-31": "274.46300", "2018-12-31": "191.92400", "2017-12-31": "43.92000", "2016-12-31": "136.83700", "2015-12-31": "132.67100", "2014-12-31": "106.91400", "2013-12-31": "124.15700", "2012-12-31": "189.05000", "2011-12-31": "142.29800", "2010-12-31": "-192.97800", "2009-12-31": "151.64900", "2008-12-31": "90.67200", "2007-12-31": "70.77500", "2006-12-31": "5.25000", "2005-12-31": "-58.30700"}, "Change In Accounts Receivable": {"2020-12-31": "-423.86600", "2019-12-31": "-100.63000", "2018-12-31": "-94.51200", "2017-12-31": "-36.63300", "2016-12-31": "-18.96000", "2015-12-31": "4.06100", "2014-12-31": "-12.05900", "2013-12-31": "-14.07100", "2012-12-31": "-44.87800", "2011-12-31": "-20.59700", "2010-12-31": "-38.10300", "2009-12-31": "-30.43900", "2008-12-31": "-6.12000", "2007-12-31": "-18.79300", "2006-12-31": "3.77500", "2005-12-31": "-10.43400"}, "Change In Inventories": {"2020-12-31": "-122.51300", "2019-12-31": "-9.60700", "2018-12-31": "-30.18300", "2017-12-31": "-17.92300", "2016-12-31": "6.75200", "2015-12-31": "-27.93100", "2014-12-31": "-19.44300", "2013-12-31": "-14.17100", "2012-12-31": "-7.86000", "2011-12-31": "-2.20000", "2010-12-31": "-22.53500", "2009-12-31": "-3.67500", "2008-12-31": "-9.49300", "2007-12-31": "-2.25600", "2006-12-31": "-12.74200", "2005-12-31": "-0.32300"}, "Change In Accounts Payable": {"2020-12-31": "62.75300", "2019-12-31": "7.35100", "2018-12-31": "8.90000", "2017-12-31": "34.33100", "2016-12-31": "30.71600", "2015-12-31": "-10.89700", "2014-12-31": "2.84700", "2013-12-31": "-1.08300", "2012-12-31": "-8.08300", "2011-12-31": "-1.77600", "2010-12-31": "27.78900", "2009-12-31": "-10.43500", "2008-12-31": "4.54800", "2007-12-31": "11.36200", "2006-12-31": "-0.41900", "2005-12-31": "23.24200"}, "Change In Assets/Liabilities": {"2020-12-31": "", "2019-12-31": "", "2018-12-31": "", "2017-12-31": "", "2016-12-31": "", "2015-12-31": "-2.43500", "2014-12-31": "0.00000", "2013-12-31": "0.00000", "2012-12-31": "1.76700", "2011-12-31": "-9.32100", "2010-12-31": "2.40500", "2009-12-31": "0.22200", "2008-12-31": "0.34200", "2007-12-31": "", "2006-12-31": "", "2005-12-31": ""}, "Total Change In Assets/Liabilities": {"2020-12-31": "-115.80300", "2019-12-31": "-164.65900", "2018-12-31": "-130.72800", "2017-12-31": "-37.66100", "2016-12-31": "-35.03200", "2015-12-31": "-67.37900", "2014-12-31": "-60.27700", "2013-12-31": "-114.60200", "2012-12-31": "-142.15600", "2011-12-31": "-0.05300", "2010-12-31": "-37.58400", "2009-12-31": "-106.35600", "2008-12-31": "0.76300", "2007-12-31": "2.66600", "2006-12-31": "2.60700", "2005-12-31": "-1.70800"}, "Cash Flow From Operating Activities": {"2020-12-31": "892.17700", "2019-12-31": "363.46900", "2018-12-31": "311.03800", "2017-12-31": "288.45300", "2016-12-31": "350.61500", "2015-12-31": "287.09800", "2014-12-31": "281.59700", "2013-12-31": "158.59100", "2012-12-31": "152.17000", "2011-12-31": "224.87400", "2010-12-31": "164.25300", "2009-12-31": "148.72200", "2008-12-31": "217.84400", "2007-12-31": "205.12700", "2006-12-31": "127.44000", "2005-12-31": "208.09300"}, "Net Change In Property, Plant, And Equipment": {"2020-12-31": "-77.50600", "2019-12-31": "-75.78100", "2018-12-31": "-55.22600", "2017-12-31": "-37.98900", "2016-12-31": "-10.70200", "2015-12-31": "-28.21800", "2014-12-31": "-24.62100", "2013-12-31": "13.22100", "2012-12-31": "-42.40100", "2011-12-31": "-30.13600", "2010-12-31": "-22.63200", "2009-12-31": "-25.51600", "2008-12-31": "-35.43600", "2007-12-31": "-35.14500", "2006-12-31": "-34.20300", "2005-12-31": "-15.65800"}, "Net Change In Intangible Assets": {"2020-12-31": "", "2019-12-31": "-5.00000", "2018-12-31": "", "2017-12-31": "", "2016-12-31": "", "2015-12-31": "", "2014-12-31": "", "2013-12-31": "", "2012-12-31": "", "2011-12-31": "", "2010-12-31": "", "2009-12-31": "", "2008-12-31": "", "2007-12-31": "", "2006-12-31": "", "2005-12-31": ""}, "Net Acquisitions/Divestitures": {"2020-12-31": "-407.21500", "2019-12-31": "-400.40500", "2018-12-31": "-97.68600", "2017-12-31": "-1527.18300", "2016-12-31": "-71.92400", "2015-12-31": "-72.04000", "2014-12-31": "-271.47700", "2013-12-31": "-15.69900", "2012-12-31": "-40.85800", "2011-12-31": "-914.04100", "2010-12-31": "-150.37400", "2009-12-31": "-101.92600", "2008-12-31": "-84.48400", "2007-12-31": "-314.50700", "2006-12-31": "-108.70500", "2005-12-31": "349.00700"}, "Net Change In Short-term Investments": {"2020-12-31": "", "2019-12-31": "", "2018-12-31": "", "2017-12-31": "", "2016-12-31": "", "2015-12-31": "", "2014-12-31": "", "2013-12-31": "", "2012-12-31": "", "2011-12-31": "", "2010-12-31": "", "2009-12-31": "", "2008-12-31": "", "2007-12-31": "", "2006-12-31": "", "2005-12-31": ""}, "Net Change In Long-Term Investments": {"2020-12-31": "-20.05900", "2019-12-31": "-6.38700", "2018-12-31": "-7.01900", "2017-12-31": "-10.78300", "2016-12-31": "", "2015-12-31": "", "2014-12-31": "", "2013-12-31": "", "2012-12-31": "", "2011-12-31": "", "2010-12-31": "", "2009-12-31": "", "2008-12-31": "", "2007-12-31": "", "2006-12-31": "", "2005-12-31": ""}, "Net Change In Investments - Total": {"2020-12-31": "-20.05900", "2019-12-31": "-6.38700", "2018-12-31": "-7.01900", "2017-12-31": "-10.78300", "2016-12-31": "", "2015-12-31": "", "2014-12-31": "", "2013-12-31": "", "2012-12-31": "", "2011-12-31": "", "2010-12-31": "", "2009-12-31": "", "2008-12-31": "", "2007-12-31": "", "2006-12-31": "", "2005-12-31": ""}, "Investing Activities - Other": {"2020-12-31": "0.28200", "2019-12-31": "", "2018-12-31": "0.07200", "2017-12-31": "309.36500", "2016-12-31": "-1.25800", "2015-12-31": "-0.59800", "2014-12-31": "0.20100", "2013-12-31": "1.26700", "2012-12-31": "2.95000", "2011-12-31": "34.31600", "2010-12-31": "468.15500", "2009-12-31": "-26.42500", "2008-12-31": "-15.75800", "2007-12-31": "0.31300", "2006-12-31": "3.41200", "2005-12-31": "-10.06000"}, "Cash Flow From Investing Activities": {"2020-12-31": "-504.49800", "2019-12-31": "-487.57300", "2018-12-31": "-159.85900", "2017-12-31": "-1266.59000", "2016-12-31": "-83.88400", "2015-12-31": "-100.85600", "2014-12-31": "-295.89700", "2013-12-31": "-1.21100", "2012-12-31": "-80.30900", "2011-12-31": "-909.86100", "2010-12-31": "295.14900", "2009-12-31": "-153.86700", "2008-12-31": "-135.67800", "2007-12-31": "-349.33900", "2006-12-31": "-139.49600", "2005-12-31": "323.28900"}, "Net Long-Term Debt": {"2020-12-31": "-182.97600", "2019-12-31": "223.84610", "2018-12-31": "-37.66000", "2017-12-31": "824.98710", "2016-12-31": "64.19000", "2015-12-31": "-34.00000", "2014-12-31": "119.00000", "2013-12-31": "-161.11900", "2012-12-31": "", "2011-12-31": "496.86000", "2010-12-31": "-140.84600", "2009-12-31": "44.95300", "2008-12-31": "-7.00000", "2007-12-31": "359.03100", "2006-12-31": "-110.74800", "2005-12-31": "-166.72400"}, "Net Current Debt": {"2020-12-31": "-4.49400", "2019-12-31": "-14.97500", "2018-12-31": "-28.38300", "2017-12-31": "-2.83100", "2016-12-31": "-1.09600", "2015-12-31": "-1.07200", "2014-12-31": "-12.67500", "2013-12-31": "144.28100", "2012-12-31": "-35.57600", "2011-12-31": "21.69700", "2010-12-31": "-0.14900", "2009-12-31": "-0.11600", "2008-12-31": "-0.52100", "2007-12-31": "-1.26300", "2006-12-31": "-0.16400", "2005-12-31": "0.02400"}, "Debt Issuance/Retirement Net - Total": {"2020-12-31": "-187.47000", "2019-12-31": "208.87110", "2018-12-31": "-66.04300", "2017-12-31": "822.15610", "2016-12-31": "63.09400", "2015-12-31": "-35.07200", "2014-12-31": "106.32500", "2013-12-31": "-16.83800", "2012-12-31": "-35.57600", "2011-12-31": "518.55700", "2010-12-31": "-140.99500", "2009-12-31": "44.83700", "2008-12-31": "-7.52100", "2007-12-31": "357.76800", "2006-12-31": "-110.91200", "2005-12-31": "-166.70000"}, "Net Common Equity Issued/Repurchased": {"2020-12-31": "30.72700", "2019-12-31": "13.41900", "2018-12-31": "-32.61200", "2017-12-31": "14.17000", "2016-12-31": "-137.38300", "2015-12-31": "-61.53400", "2014-12-31": "-41.07400", "2013-12-31": "-107.08500", "2012-12-31": "30.37400", "2011-12-31": "-86.26900", "2010-12-31": "-43.73300", "2009-12-31": "-8.37500", "2008-12-31": "-31.77300", "2007-12-31": "-170.59400", "2006-12-31": "-168.60100", "2005-12-31": "-5.00900"}, "Net Total Equity Issued/Repurchased": {"2020-12-31": "30.72700", "2019-12-31": "13.41900", "2018-12-31": "-32.61200", "2017-12-31": "14.17000", "2016-12-31": "-137.38300", "2015-12-31": "-61.53400", "2014-12-31": "-41.07400", "2013-12-31": "-107.08500", "2012-12-31": "30.37400", "2011-12-31": "-86.26900", "2010-12-31": "-43.73300", "2009-12-31": "-8.37500", "2008-12-31": "-31.77300", "2007-12-31": "-170.59400", "2006-12-31": "-168.60100", "2005-12-31": "-5.00900"}, "Total Common And Preferred Stock Dividends Paid": {"2020-12-31": "-31.21200", "2019-12-31": "-31.05900", "2018-12-31": "-31.00900", "2017-12-31": "-30.79300", "2016-12-31": "-30.79900", "2015-12-31": "-31.57100", "2014-12-31": "-31.62000", "2013-12-31": "-31.60000", "2012-12-31": "-31.90300", "2011-12-31": "-31.82900", "2010-12-31": "-32.99200", "2009-12-31": "-32.70100", "2008-12-31": "-33.07200", "2007-12-31": "-33.70400", "2006-12-31": "-35.45500", "2005-12-31": "-36.29600"}, "Financial Activities - Other": {"2020-12-31": "-14.91700", "2019-12-31": "-41.10100", "2018-12-31": "-49.56600", "2017-12-31": "-23.29700", "2016-12-31": "-9.92300", "2015-12-31": "21.03800", "2014-12-31": "-2.70000", "2013-12-31": "1.36300", "2012-12-31": "-7.05800", "2011-12-31": "-3.25500", "2010-12-31": "-0.64700", "2009-12-31": "-1.34900", "2008-12-31": "-28.71900", "2007-12-31": "-4.58300", "2006-12-31": "1.46200", "2005-12-31": "-9.84600"}, "Cash Flow From Financial Activities": {"2020-12-31": "-202.87200", "2019-12-31": "150.13000", "2018-12-31": "-179.23000", "2017-12-31": "782.23600", "2016-12-31": "-115.01100", "2015-12-31": "-107.13900", "2014-12-31": "30.93100", "2013-12-31": "-154.16000", "2012-12-31": "-44.16300", "2011-12-31": "397.20400", "2010-12-31": "-218.36700", "2009-12-31": "2.41200", "2008-12-31": "-101.08500", "2007-12-31": "148.88700", "2006-12-31": "-313.50600", "2005-12-31": "-217.85100"}, "Net Cash Flow": {"2020-12-31": "210.72000", "2019-12-31": "25.57900", "2018-12-31": "-36.05500", "2017-12-31": "-174.19800", "2016-12-31": "138.29800", "2015-12-31": "63.11100", "2014-12-31": "1.57900", "2013-12-31": "1.79800", "2012-12-31": "29.10200", "2011-12-31": "-277.74400", "2010-12-31": "240.37900", "2009-12-31": "0.59700", "2008-12-31": "-24.23800", "2007-12-31": "12.28900", "2006-12-31": "-311.20500", "2005-12-31": "304.75100"}, "Stock-Based Compensation": {"2020-12-31": "29.12600", "2019-12-31": "31.51400", "2018-12-31": "28.76700", "2017-12-31": "25.42100", "2016-12-31": "17.15800", "2015-12-31": "17.27800", "2014-12-31": "14.05700", "2013-12-31": "14.05300", "2012-12-31": "20.62500", "2011-12-31": "15.48200", "2010-12-31": "12.41600", "2009-12-31": "13.99500", "2008-12-31": "18.14600", "2007-12-31": "15.75800", "2006-12-31": "16.04800", "2005-12-31": "9.82400"}, "Common Stock Dividends Paid": {"2020-12-31": "-31.21200", "2019-12-31": "-31.05900", "2018-12-31": "-31.00900", "2017-12-31": "-30.79300", "2016-12-31": "-30.79900", "2015-12-31": "-31.57100", "2014-12-31": "-31.62000", "2013-12-31": "-31.60000", "2012-12-31": "-31.90300", "2011-12-31": "-31.82900", "2010-12-31": "-32.99200", "2009-12-31": "-32.70100", "2008-12-31": "-33.07200", "2007-12-31": "-33.70400", "2006-12-31": "-35.45500", "2005-12-31": "-36.29600"}}, "cash flow statement, quarterly": {"Net Income/Loss": {"2020-12-31": 380.361, "2020-09-30": 176.699, "2020-06-30": 137.162, "2020-03-31": "33.66500", "2019-12-31": 64.501, "2019-09-30": 58.558, "2019-06-30": 69.087, "2019-03-31": "35.41200", "2018-12-31": 71.292, "2018-09-30": 76.548, "2018-06-30": 64.063, "2018-03-31": "26.02400", "2017-12-31": -41.117, "2017-09-30": 91.078, "2017-06-30": 204.069, "2017-03-31": "38.60300", "2016-12-31": 64.849, "2016-09-30": 58.127, "2016-06-30": 63.857, "2016-03-31": "47.46600", "2015-12-31": 68.254, "2015-09-30": 54.863, "2015-06-30": 48.974, "2015-03-31": "40.33400", "2014-12-31": 30.787, "2014-09-30": 42.277, "2014-06-30": 50.49, "2014-03-31": "34.22400", "2013-12-31": 66.873, "2013-09-30": 40.198, "2013-06-30": 27.925, "2013-03-31": "32.21600", "2012-12-31": -15.856, "2012-09-30": 29.594, "2012-06-30": 33.633, "2012-03-31": "22.56900", "2011-12-31": -83.641, "2011-09-30": 36.622, "2011-06-30": 29.761, "2011-03-31": "24.91300", "2010-12-31": 295.558, "2010-09-30": 13.391, "2010-06-30": 57.643, "2010-03-31": "24.39100", "2009-12-31": 36.428, "2009-09-30": 13.589, "2009-06-30": 21.505, "2009-03-31": "10.55900", "2008-12-31": 30.663, "2008-09-30": 51.902, "2008-06-30": 23.706, "2008-03-31": "20.13800", "2007-12-31": 52.562, "2007-09-30": 30.745, "2007-06-30": 33.687, "2007-03-31": "14.69200", "2006-12-31": 41.728, "2006-09-30": 29.753, "2006-06-30": 24.485, "2006-03-31": "23.61700", "2005-12-31": 187.548, "2005-09-30": 31.833, "2005-06-30": 28.898, "2005-03-31": "19.82900"}, "Total Depreciation And Amortization - Cash Flow": {"2020-12-31": 65.854, "2020-09-30": 63.663, "2020-06-30": 60.621, "2020-03-31": "62.55300", "2019-12-31": 66.308, "2019-09-30": 62.005, "2019-06-30": 59.535, "2019-03-31": "51.61300", "2018-12-31": 49.201, "2018-09-30": 46.096, "2018-06-30": 53.628, "2018-03-31": "54.27600", "2017-12-31": 32.097, "2017-09-30": 26.707, "2017-06-30": 27.468, "2017-03-31": "27.50800", "2016-12-31": 26.095, "2016-09-30": 25.022, "2016-06-30": 25.506, "2016-03-31": "25.88200", "2015-12-31": 21.991, "2015-09-30": 28.407, "2015-06-30": 30.241, "2015-03-31": "33.49600", "2014-12-31": 26.42, "2014-09-30": 29.335, "2014-06-30": 28.937, "2014-03-31": "29.63200", "2013-12-31": 35.542, "2013-09-30": 34.179, "2013-06-30": 32.35, "2013-03-31": "31.51300", "2012-12-31": 31.637, "2012-09-30": 31.538, "2012-06-30": 33.313, "2012-03-31": "37.36900", "2011-12-31": 39.4, "2011-09-30": 29.015, "2011-06-30": 27.551, "2011-03-31": "24.69800", "2010-12-31": 24, "2010-09-30": 23.429, "2010-06-30": 23.711, "2010-03-31": "20.63600", "2009-12-31": 24.307, "2009-09-30": 14.559, "2009-06-30": 23.052, "2009-03-31": "22.52500", "2008-12-31": 11.751, "2008-09-30": 23.151, "2008-06-30": 22.735, "2008-03-31": "21.97800", "2007-12-31": 19.828, "2007-09-30": 19.501, "2007-06-30": 19.82, "2007-03-31": "20.53600", "2006-12-31": 16.858, "2006-09-30": 17.606, "2006-06-30": 17.001, "2006-03-31": "16.54800", "2005-12-31": 64.76, "2005-09-30": 21.622, "2005-06-30": 19.871, "2005-03-31": "18.13000"}, "Other Non-Cash Items": {"2020-12-31": -13.672, "2020-09-30": 14.252, "2020-06-30": 12.177, "2020-03-31": "-3.36700", "2019-12-31": -25.457, "2019-09-30": 28.133, "2019-06-30": 13.314, "2019-03-31": "19.01200", "2018-12-31": -44.172, "2018-09-30": 6.483, "2018-06-30": 14.374, "2018-03-31": "12.03800", "2017-12-31": 42.402, "2017-09-30": 2.787, "2017-06-30": -140.43, "2017-03-31": "25.38100", "2016-12-31": 6.974, "2016-09-30": 4.13, "2016-06-30": 18.029, "2016-03-31": "5.19900", "2015-12-31": 1.252, "2015-09-30": 4.163, "2015-06-30": 9.142, "2015-03-31": "3.97900", "2014-12-31": -35.385, "2014-09-30": 14.003, "2014-06-30": 6.996, "2014-03-31": "6.97600", "2013-12-31": -42.058, "2013-09-30": 3.656, "2013-06-30": 21.363, "2013-03-31": "7.61200", "2012-12-31": 21.101, "2012-09-30": 14.919, "2012-06-30": 7.752, "2012-03-31": "11.42100", "2011-12-31": 24.675, "2011-09-30": -8.428, "2011-06-30": 4.584, "2011-03-31": "0.80300", "2010-12-31": -288.324, "2010-09-30": 24.278, "2010-06-30": -17.423, "2010-03-31": "-3.28500", "2009-12-31": 29.705, "2009-09-30": 22.612, "2009-06-30": 2.174, "2009-03-31": "12.71500", "2008-12-31": -12.161, "2008-09-30": 11.806, "2008-06-30": 15.748, "2008-03-31": "-4.33600", "2007-12-31": -12.533, "2007-09-30": 1.523, "2007-06-30": -6.323, "2007-03-31": "8.42300", "2006-12-31": -68.222, "2006-09-30": 2.903, "2006-06-30": 2.158, "2006-03-31": "0.39800", "2005-12-31": -174.606, "2005-09-30": -15.057, "2005-06-30": 4.029, "2005-03-31": "2.94400"}, "Total Non-Cash Items": {"2020-12-31": 52.182, "2020-09-30": 77.915, "2020-06-30": 72.798, "2020-03-31": "59.18600", "2019-12-31": 40.851, "2019-09-30": 90.138, "2019-06-30": 72.849, "2019-03-31": "70.62500", "2018-12-31": 5.029, "2018-09-30": 52.579, "2018-06-30": 68.002, "2018-03-31": "66.31400", "2017-12-31": 74.499, "2017-09-30": 29.494, "2017-06-30": -112.962, "2017-03-31": "52.88900", "2016-12-31": 33.069, "2016-09-30": 29.152, "2016-06-30": 43.535, "2016-03-31": "31.08100", "2015-12-31": 23.243, "2015-09-30": 32.57, "2015-06-30": 39.383, "2015-03-31": "37.47500", "2014-12-31": -8.965, "2014-09-30": 43.338, "2014-06-30": 35.933, "2014-03-31": "36.60800", "2013-12-31": -6.516, "2013-09-30": 37.835, "2013-06-30": 53.713, "2013-03-31": "39.12500", "2012-12-31": 52.738, "2012-09-30": 46.457, "2012-06-30": 41.065, "2012-03-31": "48.79000", "2011-12-31": 64.075, "2011-09-30": 20.587, "2011-06-30": 32.135, "2011-03-31": "25.50100", "2010-12-31": -264.324, "2010-09-30": 47.707, "2010-06-30": 6.288, "2010-03-31": "17.35100", "2009-12-31": 54.012, "2009-09-30": 37.171, "2009-06-30": 25.226, "2009-03-31": "35.24000", "2008-12-31": -0.41, "2008-09-30": 34.957, "2008-06-30": 38.483, "2008-03-31": "17.64200", "2007-12-31": 7.295, "2007-09-30": 21.024, "2007-06-30": 13.497, "2007-03-31": "28.95900", "2006-12-31": -51.364, "2006-09-30": 20.509, "2006-06-30": 19.159, "2006-03-31": "16.94600", "2005-12-31": -109.846, "2005-09-30": 6.565, "2005-06-30": 23.9, "2005-03-31": "21.07400"}, "Change In Accounts Receivable": {"2020-12-31": -356.171, "2020-09-30": -72.007, "2020-06-30": -76.288, "2020-03-31": "80.60000", "2019-12-31": -78.498, "2019-09-30": -12.528, "2019-06-30": -17.468, "2019-03-31": "7.86400", "2018-12-31": -81.842, "2018-09-30": 6.098, "2018-06-30": -8.488, "2018-03-31": "-10.28000", "2017-12-31": -47.604, "2017-09-30": 5.756, "2017-06-30": -19.878, "2017-03-31": "25.09300", "2016-12-31": -24.041, "2016-09-30": -2.283, "2016-06-30": -9.383, "2016-03-31": "16.74700", "2015-12-31": -32.3, "2015-09-30": 5.518, "2015-06-30": -6.739, "2015-03-31": "37.58200", "2014-12-31": -38.9, "2014-09-30": 3.407, "2014-06-30": -3.298, "2014-03-31": "26.73200", "2013-12-31": -41.639, "2013-09-30": 12.079, "2013-06-30": -24.738, "2013-03-31": "40.22700", "2012-12-31": -59.966, "2012-09-30": 1.615, "2012-06-30": 7.623, "2012-03-31": "5.85000", "2011-12-31": -37.97, "2011-09-30": 13.469, "2011-06-30": -20.705, "2011-03-31": "24.60900", "2010-12-31": -37.201, "2010-09-30": 5.902, "2010-06-30": -9.781, "2010-03-31": "2.97700", "2009-12-31": -16.096, "2009-09-30": -12.279, "2009-06-30": -23.518, "2009-03-31": "21.45400", "2008-12-31": 0.778, "2008-09-30": -14.097, "2008-06-30": 0.246, "2008-03-31": "6.95300", "2007-12-31": -21.101, "2007-09-30": -7.149, "2007-06-30": -3.002, "2007-03-31": "12.45900", "2006-12-31": -9.197, "2006-09-30": -14.87, "2006-06-30": 9.618, "2006-03-31": "18.22400", "2005-12-31": -7.776, "2005-09-30": -6.829, "2005-06-30": 6.402, "2005-03-31": "-2.23100"}, "Change In Inventories": {"2020-12-31": -1.579, "2020-09-30": 5.773, "2020-06-30": -71.949, "2020-03-31": "-54.75800", "2019-12-31": 38.76, "2019-09-30": 2.083, "2019-06-30": -12.009, "2019-03-31": "-38.44100", "2018-12-31": 11.13, "2018-09-30": 1.68, "2018-06-30": -17.965, "2018-03-31": "-25.02800", "2017-12-31": 7.285, "2017-09-30": -15.295, "2017-06-30": -3.076, "2017-03-31": "-6.83700", "2016-12-31": 20.774, "2016-09-30": -3.414, "2016-06-30": 6.351, "2016-03-31": "-16.95900", "2015-12-31": 22.893, "2015-09-30": -17.497, "2015-06-30": -10.829, "2015-03-31": "-22.49800", "2014-12-31": 9.093, "2014-09-30": -12.799, "2014-06-30": 1.982, "2014-03-31": "-17.71900", "2013-12-31": 17.849, "2013-09-30": -14.31, "2013-06-30": -1.523, "2013-03-31": "-16.18700", "2012-12-31": 16.587, "2012-09-30": -11.795, "2012-06-30": 0.318, "2012-03-31": "-12.97000", "2011-12-31": 15.644, "2011-09-30": -14.278, "2011-06-30": 6.177, "2011-03-31": "-9.74300", "2010-12-31": 0.636, "2010-09-30": -8.555, "2010-06-30": -2.657, "2010-03-31": "-11.95900", "2009-12-31": 8.287, "2009-09-30": 1.948, "2009-06-30": -1.259, "2009-03-31": "-12.65100", "2008-12-31": 6.62, "2008-09-30": -4.352, "2008-06-30": -0.334, "2008-03-31": "-11.42700", "2007-12-31": 6.605, "2007-09-30": -2.405, "2007-06-30": 2.445, "2007-03-31": "-8.90100", "2006-12-31": 0.522, "2006-09-30": -6.745, "2006-06-30": 0.854, "2006-03-31": "-7.37300", "2005-12-31": 1.863, "2005-09-30": 0.147, "2005-06-30": 3.969, "2005-03-31": "-6.30200"}, "Change In Accounts Payable": {"2020-12-31": 46.362, "2020-09-30": -4.516, "2020-06-30": 17.743, "2020-03-31": "3.16400", "2019-12-31": 41.394, "2019-09-30": 5.908, "2019-06-30": -38.5, "2019-03-31": "-1.45100", "2018-12-31": 45.487, "2018-09-30": -12.203, "2018-06-30": -14.358, "2018-03-31": "-10.02600", "2017-12-31": 46.79, "2017-09-30": 8.396, "2017-06-30": -6.972, "2017-03-31": "-13.88300", "2016-12-31": 24.853, "2016-09-30": 5.146, "2016-06-30": -0.896, "2016-03-31": "1.61300", "2015-12-31": 9.019, "2015-09-30": -18.375, "2015-06-30": 10.794, "2015-03-31": "-12.33500", "2014-12-31": 6.856, "2014-09-30": 7.858, "2014-06-30": -12.826, "2014-03-31": "0.95900", "2013-12-31": 4.431, "2013-09-30": -9.504, "2013-06-30": -0.951, "2013-03-31": "4.94100", "2012-12-31": 10.528, "2012-09-30": -20.256, "2012-06-30": 13.364, "2012-03-31": "-11.71900", "2011-12-31": 13.736, "2011-09-30": 4.326, "2011-06-30": -3.508, "2011-03-31": "-16.33000", "2010-12-31": 19.013, "2010-09-30": -6.805, "2010-06-30": 7.297, "2010-03-31": "8.28400", "2009-12-31": -0.474, "2009-09-30": 5.487, "2009-06-30": 6.018, "2009-03-31": "-21.46600", "2008-12-31": 5.684, "2008-09-30": -7.453, "2008-06-30": 2.36, "2008-03-31": "3.95700", "2007-12-31": 13.311, "2007-09-30": 3.996, "2007-06-30": 4.21, "2007-03-31": "-10.15500", "2006-12-31": 9.557, "2006-09-30": 11.284, "2006-06-30": -9.049, "2006-03-31": "-12.21100", "2005-12-31": 20.432, "2005-09-30": 2.976, "2005-06-30": 2.263, "2005-03-31": "-2.42900"}, "Change In Assets/Liabilities": {"2020-12-31": 0, "2020-09-30": 0, "2020-06-30": 0, "2020-03-31": "", "2019-12-31": 0, "2019-09-30": 0, "2019-06-30": 0, "2019-03-31": "", "2018-12-31": 0, "2018-09-30": 0, "2018-06-30": 0, "2018-03-31": "", "2017-12-31": 0, "2017-09-30": 0, "2017-06-30": 0, "2017-03-31": "", "2016-12-31": 0, "2016-09-30": 0, "2016-06-30": 0, "2016-03-31": "", "2015-12-31": -2.435, "2015-09-30": 0, "2015-06-30": 0, "2015-03-31": "", "2014-12-31": 0, "2014-09-30": 0, "2014-06-30": 0, "2014-03-31": "", "2013-12-31": 0, "2013-09-30": 0, "2013-06-30": 0, "2013-03-31": "0.00000", "2012-12-31": 3.534, "2012-09-30": -1.767, "2012-06-30": 1.139, "2012-03-31": "-1.13900", "2011-12-31": -0.018, "2011-09-30": -0.712, "2011-06-30": -0.819, "2011-03-31": "-7.77200", "2010-12-31": 2.487, "2010-09-30": -0.058, "2010-06-30": 0, "2010-03-31": "-0.02400", "2009-12-31": 0.222, "2009-09-30": 0, "2009-06-30": 0, "2009-03-31": "", "2008-12-31": 0.342, "2008-09-30": 0, "2008-06-30": 0, "2008-03-31": "", "2007-12-31": 0, "2007-09-30": 0, "2007-06-30": 0, "2007-03-31": "", "2006-12-31": 0, "2006-09-30": 0, "2006-06-30": 0, "2006-03-31": "", "2005-12-31": 0, "2005-09-30": 0, "2005-06-30": 0, "2005-03-31": ""}, "Total Change In Assets/Liabilities": {"2020-12-31": 31.542, "2020-09-30": -43.18, "2020-06-30": -71.364, "2020-03-31": "-32.80100", "2019-12-31": 83.752, "2019-09-30": -41.981, "2019-06-30": -95.077, "2019-03-31": "-111.35300", "2018-12-31": 71.183, "2018-09-30": -35.935, "2018-06-30": -59.08, "2018-03-31": "-106.89600", "2017-12-31": 105.153, "2017-09-30": -62.068, "2017-06-30": -42.99, "2017-03-31": "-37.75600", "2016-12-31": 36.294, "2016-09-30": -13.665, "2016-06-30": -11.154, "2016-03-31": "-46.50700", "2015-12-31": 24.361, "2015-09-30": -26.708, "2015-06-30": -24.886, "2015-03-31": "-40.14600", "2014-12-31": -2.44, "2014-09-30": -22.688, "2014-06-30": -32.028, "2014-03-31": "-3.12100", "2013-12-31": 29.522, "2013-09-30": -29.938, "2013-06-30": -53.776, "2013-03-31": "-60.41000", "2012-12-31": -32.694, "2012-09-30": -55.334, "2012-06-30": 1.692, "2012-03-31": "-55.82000", "2011-12-31": 27.117, "2011-09-30": -9.411, "2011-06-30": -9.996, "2011-03-31": "-7.76300", "2010-12-31": -6.144, "2010-09-30": -45.826, "2010-06-30": 6.736, "2010-03-31": "7.65000", "2009-12-31": -48.689, "2009-09-30": -16.357, "2009-06-30": -10.456, "2009-03-31": "-30.85400", "2008-12-31": 60.322, "2008-09-30": -54.452, "2008-06-30": 17.068, "2008-03-31": "-22.17500", "2007-12-31": 34.911, "2007-09-30": -28.397, "2007-06-30": 22.551, "2007-03-31": "-26.39900", "2006-12-31": 94.723, "2006-09-30": -23.457, "2006-06-30": 6.643, "2006-03-31": "-75.30200", "2005-12-31": 6.873, "2005-09-30": -15.19, "2005-06-30": 34.017, "2005-03-31": "-27.40800"}, "Cash Flow From Operating Activities": {"2020-12-31": 482.097, "2020-09-30": 211.434, "2020-06-30": 138.596, "2020-03-31": "60.05000", "2019-12-31": 215.211, "2019-09-30": 106.715, "2019-06-30": 46.859, "2019-03-31": "-5.31600", "2018-12-31": 159.419, "2018-09-30": 93.192, "2018-06-30": 72.985, "2018-03-31": "-14.55800", "2017-12-31": 128.096, "2017-09-30": 58.504, "2017-06-30": 48.117, "2017-03-31": "53.73600", "2016-12-31": 148.723, "2016-09-30": 73.614, "2016-06-30": 96.238, "2016-03-31": "32.04000", "2015-12-31": 125.239, "2015-09-30": 60.725, "2015-06-30": 63.471, "2015-03-31": "37.66300", "2014-12-31": 96.564, "2014-09-30": 62.927, "2014-06-30": 54.395, "2014-03-31": "67.71100", "2013-12-31": 71.703, "2013-09-30": 48.095, "2013-06-30": 27.862, "2013-03-31": "10.93100", "2012-12-31": 39.524, "2012-09-30": 20.717, "2012-06-30": 76.39, "2012-03-31": "15.53900", "2011-12-31": 82.525, "2011-09-30": 47.798, "2011-06-30": 51.9, "2011-03-31": "42.65100", "2010-12-31": 28.922, "2010-09-30": 15.272, "2010-06-30": 70.667, "2010-03-31": "49.39200", "2009-12-31": 63.099, "2009-09-30": 34.403, "2009-06-30": 36.275, "2009-03-31": "14.94500", "2008-12-31": 90.575, "2008-09-30": 32.407, "2008-06-30": 79.257, "2008-03-31": "15.60500", "2007-12-31": 94.768, "2007-09-30": 23.372, "2007-06-30": 69.735, "2007-03-31": "17.25200", "2006-12-31": 85.087, "2006-09-30": 26.805, "2006-06-30": 50.287, "2006-03-31": "-34.73900", "2005-12-31": 84.575, "2005-09-30": 23.208, "2005-06-30": 86.815, "2005-03-31": "13.49500"}, "Net Change In Property, Plant, And Equipment": {"2020-12-31": -20.115, "2020-09-30": -22.068, "2020-06-30": -14.895, "2020-03-31": "-20.42800", "2019-12-31": -22.699, "2019-09-30": -17.171, "2019-06-30": -16.586, "2019-03-31": "-19.32500", "2018-12-31": -32.81, "2018-09-30": 17.192, "2018-06-30": -16.956, "2018-03-31": "-22.65200", "2017-12-31": -15.627, "2017-09-30": -10.889, "2017-06-30": -5.492, "2017-03-31": "-5.98100", "2016-12-31": 13.709, "2016-09-30": -29.541, "2016-06-30": 11.789, "2016-03-31": "-6.65900", "2015-12-31": -10.404, "2015-09-30": -7.715, "2015-06-30": -5.62, "2015-03-31": "-4.47900", "2014-12-31": -2.407, "2014-09-30": -7.767, "2014-06-30": -8.427, "2014-03-31": "-6.02000", "2013-12-31": -7.427, "2013-09-30": 43.5, "2013-06-30": -11.023, "2013-03-31": "-11.82900", "2012-12-31": -18.051, "2012-09-30": -12.901, "2012-06-30": -6.221, "2012-03-31": "-5.22800", "2011-12-31": -5.613, "2011-09-30": -8.553, "2011-06-30": -8.289, "2011-03-31": "-7.68100", "2010-12-31": -10.764, "2010-09-30": -9.05, "2010-06-30": 4.683, "2010-03-31": "-7.50100", "2009-12-31": -10.696, "2009-09-30": -2.177, "2009-06-30": -7.52, "2009-03-31": "-5.12300", "2008-12-31": -3.814, "2008-09-30": -13.726, "2008-06-30": -11.193, "2008-03-31": "-6.70300", "2007-12-31": -7.944, "2007-09-30": -10.471, "2007-06-30": -5.337, "2007-03-31": "-11.39300", "2006-12-31": -10.289, "2006-09-30": -9.551, "2006-06-30": -26.326, "2006-03-31": "11.96300", "2005-12-31": -8.852, "2005-09-30": -3.46, "2005-06-30": -0.004, "2005-03-31": "-3.34200"}, "Net Change In Intangible Assets": {"2020-12-31": 0, "2020-09-30": 0, "2020-06-30": 0, "2020-03-31": "0.00000", "2019-12-31": 0, "2019-09-30": 0, "2019-06-30": 0, "2019-03-31": "-5.00000", "2018-12-31": 0, "2018-09-30": 0, "2018-06-30": 0, "2018-03-31": "0.00000", "2017-12-31": 0, "2017-09-30": 0, "2017-06-30": 0, "2017-03-31": "", "2016-12-31": 0, "2016-09-30": 0, "2016-06-30": 0, "2016-03-31": "", "2015-12-31": 0, "2015-09-30": 0, "2015-06-30": 0, "2015-03-31": "", "2014-12-31": 0, "2014-09-30": 0, "2014-06-30": 0, "2014-03-31": "", "2013-12-31": 0, "2013-09-30": 0, "2013-06-30": 0, "2013-03-31": "", "2012-12-31": 0, "2012-09-30": 0, "2012-06-30": 0, "2012-03-31": "", "2011-12-31": 0, "2011-09-30": 0, "2011-06-30": 0, "2011-03-31": "", "2010-12-31": 0, "2010-09-30": 0, "2010-06-30": 0, "2010-03-31": "", "2009-12-31": 0, "2009-09-30": 0, "2009-06-30": 0, "2009-03-31": "", "2008-12-31": 0, "2008-09-30": 0, "2008-06-30": 0, "2008-03-31": "", "2007-12-31": 0, "2007-09-30": 0, "2007-06-30": 0, "2007-03-31": "", "2006-12-31": 0, "2006-09-30": 0, "2006-06-30": 0, "2006-03-31": "", "2005-12-31": 0, "2005-09-30": 0, "2005-06-30": 0, "2005-03-31": ""}, "Net Acquisitions/Divestitures": {"2020-12-31": -405.936, "2020-09-30": 1.711, "2020-06-30": -2.99, "2020-03-31": "", "2019-12-31": -148.335, "2019-09-30": -7.332, "2019-06-30": -240.354, "2019-03-31": "-4.38400", "2018-12-31": -53.629, "2018-09-30": -3.673, "2018-06-30": -39.297, "2018-03-31": "-1.08700", "2017-12-31": -1403.605, "2017-09-30": 0, "2017-06-30": 0, "2017-03-31": "-123.57800", "2016-12-31": -21, "2016-09-30": -40.44, "2016-06-30": 0, "2016-03-31": "-10.48400", "2015-12-31": -53.305, "2015-09-30": 0, "2015-06-30": -14.116, "2015-03-31": "-4.61900", "2014-12-31": -269.598, "2014-09-30": -1.529, "2014-06-30": -0.35, "2014-03-31": "", "2013-12-31": -8.65, "2013-09-30": -7, "2013-06-30": -1.449, "2013-03-31": "1.40000", "2012-12-31": -34.108, "2012-09-30": -6.75, "2012-06-30": 0, "2012-03-31": "", "2011-12-31": -602.772, "2011-09-30": -0.918, "2011-06-30": -253.749, "2011-03-31": "-56.60200", "2010-12-31": -1.386, "2010-09-30": -22.26, "2010-06-30": -123.639, "2010-03-31": "-3.08900", "2009-12-31": 0, "2009-09-30": -52.704, "2009-06-30": -20.911, "2009-03-31": "-28.31100", "2008-12-31": 2.768, "2008-09-30": -0.894, "2008-06-30": -10.126, "2008-03-31": "-76.23200", "2007-12-31": -271.52, "2007-09-30": -0.062, "2007-06-30": -2.93, "2007-03-31": "-39.99500", "2006-12-31": -35.168, "2006-09-30": -54.754, "2006-06-30": -10.087, "2006-03-31": "-8.69600", "2005-12-31": 363.895, "2005-09-30": -8.306, "2005-06-30": 6.306, "2005-03-31": "-12.88800"}, "Net Change In Short-term Investments": {"2020-12-31": 0, "2020-09-30": 0, "2020-06-30": 0, "2020-03-31": "", "2019-12-31": 0, "2019-09-30": 0, "2019-06-30": 0, "2019-03-31": "", "2018-12-31": 0, "2018-09-30": 0, "2018-06-30": 0, "2018-03-31": "", "2017-12-31": 0, "2017-09-30": 0, "2017-06-30": 0, "2017-03-31": "", "2016-12-31": 0, "2016-09-30": 0, "2016-06-30": 0, "2016-03-31": "", "2015-12-31": 0, "2015-09-30": 0, "2015-06-30": 0, "2015-03-31": "", "2014-12-31": 0, "2014-09-30": 0, "2014-06-30": 0, "2014-03-31": "", "2013-12-31": 0, "2013-09-30": 0, "2013-06-30": 0, "2013-03-31": "", "2012-12-31": 0, "2012-09-30": 0, "2012-06-30": 0, "2012-03-31": "", "2011-12-31": 0, "2011-09-30": 0, "2011-06-30": 0, "2011-03-31": "", "2010-12-31": 0, "2010-09-30": 0, "2010-06-30": 0, "2010-03-31": "", "2009-12-31": 0, "2009-09-30": 0, "2009-06-30": 0, "2009-03-31": "", "2008-12-31": 0, "2008-09-30": 0, "2008-06-30": 0, "2008-03-31": "", "2007-12-31": 0, "2007-09-30": 0, "2007-06-30": 0, "2007-03-31": "", "2006-12-31": 0, "2006-09-30": 0, "2006-06-30": 0, "2006-03-31": "", "2005-12-31": 0, "2005-09-30": 0, "2005-06-30": 0, "2005-03-31": ""}, "Net Change In Long-Term Investments": {"2020-12-31": -10.5, "2020-09-30": -2.166, "2020-06-30": -5.755, "2020-03-31": "-1.63800", "2019-12-31": -1, "2019-09-30": -4.519, "2019-06-30": -0.349, "2019-03-31": "-0.51900", "2018-12-31": -1.519, "2018-09-30": -5.5, "2018-06-30": 0, "2018-03-31": "", "2017-12-31": -10.783, "2017-09-30": 0, "2017-06-30": 0, "2017-03-31": "", "2016-12-31": 0, "2016-09-30": 0, "2016-06-30": 0, "2016-03-31": "", "2015-12-31": -0.757, "2015-09-30": 0.757, "2015-06-30": 0, "2015-03-31": "", "2014-12-31": 0, "2014-09-30": 0, "2014-06-30": 0, "2014-03-31": "", "2013-12-31": -0.783, "2013-09-30": 0.563, "2013-06-30": 0.22, "2013-03-31": "", "2012-12-31": 0, "2012-09-30": 0, "2012-06-30": 0, "2012-03-31": "", "2011-12-31": 0, "2011-09-30": 0, "2011-06-30": 0, "2011-03-31": "", "2010-12-31": 0, "2010-09-30": 0, "2010-06-30": 0, "2010-03-31": "", "2009-12-31": 0, "2009-09-30": 0, "2009-06-30": 0, "2009-03-31": "", "2008-12-31": -1.158, "2008-09-30": 0, "2008-06-30": 0.269, "2008-03-31": "0.88900", "2007-12-31": -1.601, "2007-09-30": -0.306, "2007-06-30": 1.462, "2007-03-31": "0.44500", "2006-12-31": -3.753, "2006-09-30": 1.426, "2006-06-30": 2.327, "2006-03-31": "", "2005-12-31": -6.956, "2005-09-30": 6.956, "2005-06-30": 0, "2005-03-31": ""}, "Net Change In Investments - Total": {"2020-12-31": -10.5, "2020-09-30": -2.166, "2020-06-30": -5.755, "2020-03-31": "-1.63800", "2019-12-31": -1, "2019-09-30": -4.519, "2019-06-30": -0.349, "2019-03-31": "-0.51900", "2018-12-31": -1.519, "2018-09-30": -5.5, "2018-06-30": 0, "2018-03-31": "", "2017-12-31": -10.783, "2017-09-30": 0, "2017-06-30": 0, "2017-03-31": "", "2016-12-31": 0, "2016-09-30": 0, "2016-06-30": 0, "2016-03-31": "", "2015-12-31": -0.757, "2015-09-30": 0.757, "2015-06-30": 0, "2015-03-31": "", "2014-12-31": 0, "2014-09-30": 0, "2014-06-30": 0, "2014-03-31": "", "2013-12-31": -0.783, "2013-09-30": 0.563, "2013-06-30": 0.22, "2013-03-31": "", "2012-12-31": 0, "2012-09-30": 0, "2012-06-30": 0, "2012-03-31": "", "2011-12-31": 0, "2011-09-30": 0, "2011-06-30": 0, "2011-03-31": "", "2010-12-31": 0, "2010-09-30": 0, "2010-06-30": 0, "2010-03-31": "", "2009-12-31": 0, "2009-09-30": 0, "2009-06-30": 0, "2009-03-31": "", "2008-12-31": -1.158, "2008-09-30": 0, "2008-06-30": 0.269, "2008-03-31": "0.88900", "2007-12-31": -1.601, "2007-09-30": -0.306, "2007-06-30": 1.462, "2007-03-31": "0.44500", "2006-12-31": -3.753, "2006-09-30": 1.426, "2006-06-30": 2.327, "2006-03-31": "", "2005-12-31": -6.956, "2005-09-30": 6.956, "2005-06-30": 0, "2005-03-31": ""}, "Investing Activities - Other": {"2020-12-31": 0.151, "2020-09-30": 0, "2020-06-30": 0.079, "2020-03-31": "0.05200", "2019-12-31": 0, "2019-09-30": 0, "2019-06-30": 0, "2019-03-31": "", "2018-12-31": 0, "2018-09-30": 0, "2018-06-30": 0, "2018-03-31": "0.07200", "2017-12-31": -23.879, "2017-09-30": 56.217, "2017-06-30": 277.307, "2017-03-31": "-0.28000", "2016-12-31": 1.598, "2016-09-30": -0.45, "2016-06-30": -2.257, "2016-03-31": "-0.14900", "2015-12-31": -0.657, "2015-09-30": 0, "2015-06-30": 0, "2015-03-31": "0.05900", "2014-12-31": -0.076, "2014-09-30": 0.065, "2014-06-30": 0.212, "2014-03-31": "", "2013-12-31": 0.783, "2013-09-30": -0.01, "2013-06-30": 0.371, "2013-03-31": "0.12300", "2012-12-31": 0.304, "2012-09-30": 1.458, "2012-06-30": 1.188, "2012-03-31": "", "2011-12-31": 0.941, "2011-09-30": 4.703, "2011-06-30": 28.672, "2011-03-31": "", "2010-12-31": 464.788, "2010-09-30": -2.407, "2010-06-30": 8.095, "2010-03-31": "-2.32100", "2009-12-31": -0.038, "2009-09-30": -27.22, "2009-06-30": -0.07, "2009-03-31": "0.90300", "2008-12-31": -14.068, "2008-09-30": 0.031, "2008-06-30": -0.956, "2008-03-31": "-0.76500", "2007-12-31": 0.653, "2007-09-30": -0.046, "2007-06-30": 0.624, "2007-03-31": "-0.91800", "2006-12-31": 3.741, "2006-09-30": -0.329, "2006-06-30": 0, "2006-03-31": "", "2005-12-31": -0.513, "2005-09-30": -7.602, "2005-06-30": -1.079, "2005-03-31": "-0.86600"}, "Cash Flow From Investing Activities": {"2020-12-31": -436.4, "2020-09-30": -22.523, "2020-06-30": -23.561, "2020-03-31": "-22.01400", "2019-12-31": -172.034, "2019-09-30": -29.022, "2019-06-30": -257.289, "2019-03-31": "-29.22800", "2018-12-31": -87.958, "2018-09-30": 8.019, "2018-06-30": -56.253, "2018-03-31": "-23.66700", "2017-12-31": -1453.894, "2017-09-30": 45.328, "2017-06-30": 271.815, "2017-03-31": "-129.83900", "2016-12-31": -5.693, "2016-09-30": -70.431, "2016-06-30": 9.532, "2016-03-31": "-17.29200", "2015-12-31": -65.123, "2015-09-30": -6.958, "2015-06-30": -19.736, "2015-03-31": "-9.03900", "2014-12-31": -272.081, "2014-09-30": -9.231, "2014-06-30": -8.565, "2014-03-31": "-6.02000", "2013-12-31": -16.077, "2013-09-30": 37.053, "2013-06-30": -11.881, "2013-03-31": "-10.30600", "2012-12-31": -51.855, "2012-09-30": -18.193, "2012-06-30": -5.033, "2012-03-31": "-5.22800", "2011-12-31": -607.444, "2011-09-30": -4.768, "2011-06-30": -233.366, "2011-03-31": "-64.28300", "2010-12-31": 452.638, "2010-09-30": -33.717, "2010-06-30": -110.861, "2010-03-31": "-12.91100", "2009-12-31": -10.734, "2009-09-30": -82.101, "2009-06-30": -28.501, "2009-03-31": "-32.53100", "2008-12-31": -16.272, "2008-09-30": -14.589, "2008-06-30": -22.006, "2008-03-31": "-82.81100", "2007-12-31": -280.412, "2007-09-30": -10.885, "2007-06-30": -6.181, "2007-03-31": "-51.86100", "2006-12-31": -45.469, "2006-09-30": -63.208, "2006-06-30": -34.086, "2006-03-31": "3.26700", "2005-12-31": 347.574, "2005-09-30": -12.412, "2005-06-30": 5.223, "2005-03-31": "-17.09600"}, "Net Long-Term Debt": {"2020-12-31": 75.234, "2020-09-30": -156.21, "2020-06-30": -86, "2020-03-31": "-16.00000", "2019-12-31": -238.2759, "2019-09-30": 190.572, "2019-06-30": 244.55, "2019-03-31": "27.00000", "2018-12-31": 7, "2018-09-30": -89, "2018-06-30": -12.66, "2018-03-31": "57.00000", "2017-12-31": 825.0001, "2017-09-30": -1.015, "2017-06-30": 0, "2017-03-31": "1.00200", "2016-12-31": -53, "2016-09-30": 72.19, "2016-06-30": -63, "2016-03-31": "108.00000", "2015-12-31": -34, "2015-09-30": 65, "2015-06-30": -28, "2015-03-31": "-37.00000", "2014-12-31": 119, "2014-09-30": 39, "2014-06-30": -39, "2014-03-31": "", "2013-12-31": -161.119, "2013-09-30": 0, "2013-06-30": 0, "2013-03-31": "", "2012-12-31": 0, "2012-09-30": 0.416, "2012-06-30": 10.584, "2012-03-31": "-11.00000", "2011-12-31": 412.86, "2011-09-30": -163, "2011-06-30": 157.2, "2011-03-31": "89.80000", "2010-12-31": -244, "2010-09-30": 43.654, "2010-06-30": 89.5, "2010-03-31": "-30.00000", "2009-12-31": -18.5, "2009-09-30": 52.064, "2009-06-30": -93.611, "2009-03-31": "105.00000", "2008-12-31": 115, "2008-09-30": 23, "2008-06-30": -195, "2008-03-31": "50.00000", "2007-12-31": 270, "2007-09-30": 9.263, "2007-06-30": 54.318, "2007-03-31": "25.45000", "2006-12-31": -54.183, "2006-09-30": 0, "2006-06-30": -16.831, "2006-03-31": "-39.73400", "2005-12-31": -62.599, "2005-09-30": 0, "2005-06-30": -103.95, "2005-03-31": "-0.17500"}, "Net Current Debt": {"2020-12-31": 3.63, "2020-09-30": -2.088, "2020-06-30": -1.753, "2020-03-31": "-4.28300", "2019-12-31": -3.809, "2019-09-30": -1.36, "2019-06-30": -6.33, "2019-03-31": "-3.47600", "2018-12-31": -5.512, "2018-09-30": -12.717, "2018-06-30": -7.146, "2018-03-31": "-3.00800", "2017-12-31": -1.959, "2017-09-30": -0.295, "2017-06-30": -0.29, "2017-03-31": "-0.28700", "2016-12-31": -0.261, "2016-09-30": -0.282, "2016-06-30": -0.278, "2016-03-31": "-0.27500", "2015-12-31": 23.728, "2015-09-30": -25.144, "2015-06-30": 0.607, "2015-03-31": "-0.26300", "2014-12-31": 66.55, "2014-09-30": -78.718, "2014-06-30": 4.745, "2014-03-31": "-5.25200", "2013-12-31": 148.751, "2013-09-30": -67.734, "2013-06-30": -22.758, "2013-03-31": "86.02200", "2012-12-31": 6.567, "2012-09-30": -8.143, "2012-06-30": -34, "2012-03-31": "", "2011-12-31": 24, "2011-09-30": 0, "2011-06-30": -2.265, "2011-03-31": "-0.03800", "2010-12-31": -0.038, "2010-09-30": -0.037, "2010-06-30": -0.037, "2010-03-31": "-0.03700", "2009-12-31": -0.037, "2009-09-30": 0.002, "2009-06-30": 71.493, "2009-03-31": "-71.57400", "2008-12-31": -150.01, "2008-09-30": -0.012, "2008-06-30": 149.517, "2008-03-31": "-0.01600", "2007-12-31": -0.402, "2007-09-30": -0.037, "2007-06-30": -0.811, "2007-03-31": "-0.01300", "2006-12-31": 0.648, "2006-09-30": -0.209, "2006-06-30": -0.499, "2006-03-31": "-0.10400", "2005-12-31": 0.899, "2005-09-30": 0.075, "2005-06-30": -0.707, "2005-03-31": "-0.24300"}, "Debt Issuance/Retirement Net - Total": {"2020-12-31": 78.864, "2020-09-30": -158.298, "2020-06-30": -87.753, "2020-03-31": "-20.28300", "2019-12-31": -242.0849, "2019-09-30": 189.212, "2019-06-30": 238.22, "2019-03-31": "23.52400", "2018-12-31": 1.488, "2018-09-30": -101.717, "2018-06-30": -19.806, "2018-03-31": "53.99200", "2017-12-31": 823.0411, "2017-09-30": -1.31, "2017-06-30": -0.29, "2017-03-31": "0.71500", "2016-12-31": -53.261, "2016-09-30": 71.908, "2016-06-30": -63.278, "2016-03-31": "107.72500", "2015-12-31": -10.272, "2015-09-30": 39.856, "2015-06-30": -27.393, "2015-03-31": "-37.26300", "2014-12-31": 185.55, "2014-09-30": -39.718, "2014-06-30": -34.255, "2014-03-31": "-5.25200", "2013-12-31": -12.368, "2013-09-30": -67.734, "2013-06-30": -22.758, "2013-03-31": "86.02200", "2012-12-31": 6.567, "2012-09-30": -7.727, "2012-06-30": -23.416, "2012-03-31": "-11.00000", "2011-12-31": 436.86, "2011-09-30": -163, "2011-06-30": 154.935, "2011-03-31": "89.76200", "2010-12-31": -244.038, "2010-09-30": 43.617, "2010-06-30": 89.463, "2010-03-31": "-30.03700", "2009-12-31": -18.537, "2009-09-30": 52.066, "2009-06-30": -22.118, "2009-03-31": "33.42600", "2008-12-31": -35.01, "2008-09-30": 22.988, "2008-06-30": -45.483, "2008-03-31": "49.98400", "2007-12-31": 269.598, "2007-09-30": 9.226, "2007-06-30": 53.507, "2007-03-31": "25.43700", "2006-12-31": -53.535, "2006-09-30": -0.209, "2006-06-30": -17.33, "2006-03-31": "-39.83800", "2005-12-31": -61.7, "2005-09-30": 0.075, "2005-06-30": -104.657, "2005-03-31": "-0.41800"}, "Net Common Equity Issued/Repurchased": {"2020-12-31": 10.028, "2020-09-30": 17.294, "2020-06-30": 8.641, "2020-03-31": "-5.23600", "2019-12-31": 2.057, "2019-09-30": 0.865, "2019-06-30": 7.18, "2019-03-31": "3.31700", "2018-12-31": -47.122, "2018-09-30": 10.811, "2018-06-30": 0.786, "2018-03-31": "2.91300", "2017-12-31": 3.646, "2017-09-30": 0.566, "2017-06-30": 8.458, "2017-03-31": "1.50000", "2016-12-31": 1.983, "2016-09-30": 3.032, "2016-06-30": 7.523, "2016-03-31": "-149.92100", "2015-12-31": 1.543, "2015-09-30": -71.651, "2015-06-30": 3.688, "2015-03-31": "4.88600", "2014-12-31": -23.017, "2014-09-30": 1.465, "2014-06-30": -22.837, "2014-03-31": "3.31500", "2013-12-31": 4.809, "2013-09-30": 7.81, "2013-06-30": 1.692, "2013-03-31": "-121.39600", "2012-12-31": 9.522, "2012-09-30": 11.169, "2012-06-30": 0.677, "2012-03-31": "9.00600", "2011-12-31": -9.238, "2011-09-30": 0.823, "2011-06-30": 5.568, "2011-03-31": "-83.42200", "2010-12-31": -57.991, "2010-09-30": 2.182, "2010-06-30": 0.58, "2010-03-31": "11.49600", "2009-12-31": 3.982, "2009-09-30": 0.151, "2009-06-30": 1.765, "2009-03-31": "-14.27300", "2008-12-31": -18.069, "2008-09-30": -31.664, "2008-06-30": 17.722, "2008-03-31": "0.23800", "2007-12-31": -24.786, "2007-09-30": -11.484, "2007-06-30": -80.466, "2007-03-31": "-53.85800", "2006-12-31": 4.135, "2006-09-30": -73.488, "2006-06-30": 2.316, "2006-03-31": "-101.56400", "2005-12-31": -14.279, "2005-09-30": 5.294, "2005-06-30": 1.333, "2005-03-31": "2.64300"}, "Net Total Equity Issued/Repurchased": {"2020-12-31": 10.028, "2020-09-30": 17.294, "2020-06-30": 8.641, "2020-03-31": "-5.23600", "2019-12-31": 2.057, "2019-09-30": 0.865, "2019-06-30": 7.18, "2019-03-31": "3.31700", "2018-12-31": -47.122, "2018-09-30": 10.811, "2018-06-30": 0.786, "2018-03-31": "2.91300", "2017-12-31": 3.646, "2017-09-30": 0.566, "2017-06-30": 8.458, "2017-03-31": "1.50000", "2016-12-31": 1.983, "2016-09-30": 3.032, "2016-06-30": 7.523, "2016-03-31": "-149.92100", "2015-12-31": 1.543, "2015-09-30": -71.651, "2015-06-30": 3.688, "2015-03-31": "4.88600", "2014-12-31": -23.017, "2014-09-30": 1.465, "2014-06-30": -22.837, "2014-03-31": "3.31500", "2013-12-31": 4.809, "2013-09-30": 7.81, "2013-06-30": 1.692, "2013-03-31": "-121.39600", "2012-12-31": 9.522, "2012-09-30": 11.169, "2012-06-30": 0.677, "2012-03-31": "9.00600", "2011-12-31": -9.238, "2011-09-30": 0.823, "2011-06-30": 5.568, "2011-03-31": "-83.42200", "2010-12-31": -57.991, "2010-09-30": 2.182, "2010-06-30": 0.58, "2010-03-31": "11.49600", "2009-12-31": 3.982, "2009-09-30": 0.151, "2009-06-30": 1.765, "2009-03-31": "-14.27300", "2008-12-31": -18.069, "2008-09-30": -31.664, "2008-06-30": 17.722, "2008-03-31": "0.23800", "2007-12-31": -24.786, "2007-09-30": -11.484, "2007-06-30": -80.466, "2007-03-31": "-53.85800", "2006-12-31": 4.135, "2006-09-30": -73.488, "2006-06-30": 2.316, "2006-03-31": "-101.56400", "2005-12-31": -14.279, "2005-09-30": 5.294, "2005-06-30": 1.333, "2005-03-31": "2.64300"}, "Total Common And Preferred Stock Dividends Paid": {"2020-12-31": -7.831, "2020-09-30": -7.809, "2020-06-30": -7.791, "2020-03-31": "-7.78100", "2019-12-31": -7.777, "2019-09-30": -7.775, "2019-06-30": -7.764, "2019-03-31": "-7.74300", "2018-12-31": -7.787, "2018-09-30": -7.751, "2018-06-30": -7.744, "2018-03-31": "-7.72700", "2017-12-31": -7.716, "2017-09-30": -7.714, "2017-06-30": -7.69, "2017-03-31": "-7.67300", "2016-12-31": -7.668, "2016-09-30": -7.657, "2016-06-30": -7.631, "2016-03-31": "-7.84300", "2015-12-31": -7.834, "2015-09-30": -7.938, "2015-06-30": -7.923, "2015-03-31": "-7.87600", "2014-12-31": -7.907, "2014-09-30": -7.904, "2014-06-30": -7.922, "2014-03-31": "-7.88700", "2013-12-31": -7.867, "2013-09-30": -7.841, "2013-06-30": -7.832, "2013-03-31": "-8.06000", "2012-12-31": -8.028, "2012-09-30": -7.984, "2012-06-30": -7.969, "2012-03-31": "-7.92200", "2011-12-31": -7.916, "2011-09-30": -7.916, "2011-06-30": -7.891, "2011-03-31": "-8.10600", "2010-12-31": -8.263, "2010-09-30": -8.255, "2010-06-30": -8.247, "2010-03-31": "-8.22700", "2009-12-31": -8.173, "2009-09-30": -8.17, "2009-06-30": -8.153, "2009-03-31": "-8.20500", "2008-12-31": -8.267, "2008-09-30": -8.318, "2008-06-30": -8.251, "2008-03-31": "-8.23600", "2007-12-31": -8.294, "2007-09-30": -8.287, "2007-06-30": -8.493, "2007-03-31": "-8.63000", "2006-12-31": -8.604, "2006-09-30": -8.877, "2006-06-30": -8.858, "2006-03-31": "-9.11600", "2005-12-31": -9.086, "2005-09-30": -9.1, "2005-06-30": -9.073, "2005-03-31": "-9.03700"}, "Financial Activities - Other": {"2020-12-31": -7.628, "2020-09-30": -7.126, "2020-06-30": -8.871, "2020-03-31": "8.70800", "2019-12-31": -3.392, "2019-09-30": -12.169, "2019-06-30": -11.677, "2019-03-31": "-13.86300", "2018-12-31": -3.847, "2018-09-30": -10.374, "2018-06-30": 0.824, "2018-03-31": "-36.16900", "2017-12-31": -2.285, "2017-09-30": -7.225, "2017-06-30": -3.064, "2017-03-31": "-10.72300", "2016-12-31": -3.423, "2016-09-30": -7.486, "2016-06-30": -1.358, "2016-03-31": "2.34400", "2015-12-31": 1.854, "2015-09-30": -4.284, "2015-06-30": 7.905, "2015-03-31": "15.56300", "2014-12-31": 0, "2014-09-30": -0.855, "2014-06-30": -0.121, "2014-03-31": "-1.72400", "2013-12-31": 0, "2013-09-30": 0, "2013-06-30": 0.523, "2013-03-31": "0.84000", "2012-12-31": 4.05, "2012-09-30": -2.904, "2012-06-30": -7.925, "2012-03-31": "-0.27900", "2011-12-31": -0.21, "2011-09-30": -1, "2011-06-30": 0, "2011-03-31": "-2.04500", "2010-12-31": 2.405, "2010-09-30": 0, "2010-06-30": -0.096, "2010-03-31": "-2.95600", "2009-12-31": 0.192, "2009-09-30": -1.559, "2009-06-30": 0.101, "2009-03-31": "-0.08300", "2008-12-31": -15.407, "2008-09-30": 0.123, "2008-06-30": -12.854, "2008-03-31": "-0.58100", "2007-12-31": -10.155, "2007-09-30": 4.137, "2007-06-30": 0.732, "2007-03-31": "0.70300", "2006-12-31": -1.795, "2006-09-30": 0.367, "2006-06-30": -0.154, "2006-03-31": "3.04400", "2005-12-31": -9.691, "2005-09-30": -0.155, "2005-06-30": 0, "2005-03-31": ""}, "Cash Flow From Financial Activities": {"2020-12-31": 73.433, "2020-09-30": -155.939, "2020-06-30": -95.774, "2020-03-31": "-24.59200", "2019-12-31": -251.197, "2019-09-30": 170.133, "2019-06-30": 225.959, "2019-03-31": "5.23500", "2018-12-31": -57.268, "2018-09-30": -109.031, "2018-06-30": -25.94, "2018-03-31": "13.00900", "2017-12-31": 816.686, "2017-09-30": -15.683, "2017-06-30": -2.586, "2017-03-31": "-16.18100", "2016-12-31": -62.369, "2016-09-30": 59.797, "2016-06-30": -64.744, "2016-03-31": "-47.69500", "2015-12-31": -14.709, "2015-09-30": -44.017, "2015-06-30": -23.723, "2015-03-31": "-24.69000", "2014-12-31": 154.626, "2014-09-30": -47.012, "2014-06-30": -65.135, "2014-03-31": "-11.54800", "2013-12-31": -15.426, "2013-09-30": -67.765, "2013-06-30": -28.375, "2013-03-31": "-42.59400", "2012-12-31": 12.111, "2012-09-30": -7.446, "2012-06-30": -38.633, "2012-03-31": "-10.19500", "2011-12-31": 419.496, "2011-09-30": -171.093, "2011-06-30": 152.612, "2011-03-31": "-3.81100", "2010-12-31": -307.887, "2010-09-30": 37.544, "2010-06-30": 81.7, "2010-03-31": "-29.72400", "2009-12-31": -22.536, "2009-09-30": 42.488, "2009-06-30": -28.405, "2009-03-31": "10.86500", "2008-12-31": -76.753, "2008-09-30": -16.871, "2008-06-30": -48.866, "2008-03-31": "41.40500", "2007-12-31": 226.363, "2007-09-30": -6.408, "2007-06-30": -34.72, "2007-03-31": "-36.34800", "2006-12-31": -59.799, "2006-09-30": -82.207, "2006-06-30": -24.026, "2006-03-31": "-147.47400", "2005-12-31": -94.756, "2005-09-30": -3.886, "2005-06-30": -112.397, "2005-03-31": "-6.81200"}, "Net Cash Flow": {"2020-12-31": 144.211, "2020-09-30": 38.462, "2020-06-30": 24.772, "2020-03-31": "3.27500", "2019-12-31": -204.083, "2019-09-30": 242.757, "2019-06-30": 15.764, "2019-03-31": "-28.85900", "2018-12-31": 13.599, "2018-09-30": -10.879, "2018-06-30": -17.409, "2018-03-31": "-21.36600", "2017-12-31": -507.354, "2017-09-30": 93.166, "2017-06-30": 325.929, "2017-03-31": "-85.93900", "2016-12-31": 64.567, "2016-09-30": 63.58, "2016-06-30": 37.352, "2016-03-31": "-27.20100", "2015-12-31": 42.866, "2015-09-30": 2.896, "2015-06-30": 23.246, "2015-03-31": "-5.89700", "2014-12-31": -28.862, "2014-09-30": -1.575, "2014-06-30": -18.855, "2014-03-31": "50.87100", "2013-12-31": 40.939, "2013-09-30": 19.833, "2013-06-30": -13.401, "2013-03-31": "-45.57300", "2012-12-31": 0.616, "2012-09-30": -0.575, "2012-06-30": 26.646, "2012-03-31": "2.41500", "2011-12-31": -105.76, "2011-09-30": -147.106, "2011-06-30": -20.64, "2011-03-31": "-4.23800", "2010-12-31": 169.098, "2010-09-30": 35.324, "2010-06-30": 33.92, "2010-03-31": "2.03700", "2009-12-31": 29.121, "2009-09-30": -0.753, "2009-06-30": -10.71, "2009-03-31": "-17.06100", "2008-12-31": -9.698, "2008-09-30": -4.643, "2008-06-30": 8.189, "2008-03-31": "-18.08600", "2007-12-31": 42.447, "2007-09-30": 10.861, "2007-06-30": 30.478, "2007-03-31": "-71.49700", "2006-12-31": -16.015, "2006-09-30": -116.681, "2006-06-30": 1.914, "2006-03-31": "-180.42300", "2005-12-31": 336.207, "2005-09-30": 7.324, "2005-06-30": -25.48, "2005-03-31": "-13.30000"}, "Stock-Based Compensation": {"2020-12-31": 9.356, "2020-09-30": 7.116, "2020-06-30": 9.604, "2020-03-31": "3.05000", "2019-12-31": 6.409, "2019-09-30": 12.304, "2019-06-30": 6.704, "2019-03-31": "6.09700", "2018-12-31": 5.492, "2018-09-30": 11.127, "2018-06-30": 6.816, "2018-03-31": "5.33200", "2017-12-31": 9.242, "2017-09-30": 4.412, "2017-06-30": 6.841, "2017-03-31": "4.92600", "2016-12-31": 3.709, "2016-09-30": 3.774, "2016-06-30": 5.829, "2016-03-31": "3.84600", "2015-12-31": 4.795, "2015-09-30": 4.29, "2015-06-30": 4.206, "2015-03-31": "3.98700", "2014-12-31": 2.288, "2014-09-30": 2.45, "2014-06-30": 4.803, "2014-03-31": "4.51600", "2013-12-31": 2.63, "2013-09-30": 3.781, "2013-06-30": 3.226, "2013-03-31": "4.41600", "2012-12-31": 5.273, "2012-09-30": 5.1, "2012-06-30": 4.776, "2012-03-31": "5.47600", "2011-12-31": 6.055, "2011-09-30": 1.467, "2011-06-30": 4.906, "2011-03-31": "3.05400", "2010-12-31": 2.064, "2010-09-30": 2.753, "2010-06-30": 4.284, "2010-03-31": "3.31500", "2009-12-31": 3.702, "2009-09-30": 2.118, "2009-06-30": 4.363, "2009-03-31": "3.81200", "2008-12-31": 4.475, "2008-09-30": 5.399, "2008-06-30": 3.063, "2008-03-31": "5.20900", "2007-12-31": 5.133, "2007-09-30": 3.119, "2007-06-30": 4.618, "2007-03-31": "2.88800", "2006-12-31": 5.419, "2006-09-30": 3.313, "2006-06-30": 4.475, "2006-03-31": "2.84100", "2005-12-31": 4.197, "2005-09-30": 0.619, "2005-06-30": 4.087, "2005-03-31": "0.92100"}, "Common Stock Dividends Paid": {"2020-12-31": -7.831, "2020-09-30": -7.809, "2020-06-30": -7.791, "2020-03-31": "-7.78100", "2019-12-31": -7.777, "2019-09-30": -7.775, "2019-06-30": -7.764, "2019-03-31": "-7.74300", "2018-12-31": -7.787, "2018-09-30": -7.751, "2018-06-30": -7.744, "2018-03-31": "-7.72700", "2017-12-31": -7.716, "2017-09-30": -7.714, "2017-06-30": -7.69, "2017-03-31": "-7.67300", "2016-12-31": -7.668, "2016-09-30": -7.657, "2016-06-30": -7.631, "2016-03-31": "-7.84300", "2015-12-31": -7.834, "2015-09-30": -7.938, "2015-06-30": -7.923, "2015-03-31": "-7.87600", "2014-12-31": -7.907, "2014-09-30": -7.904, "2014-06-30": -7.922, "2014-03-31": "-7.88700", "2013-12-31": -7.867, "2013-09-30": -7.841, "2013-06-30": -7.832, "2013-03-31": "-8.06000", "2012-12-31": -8.028, "2012-09-30": -7.984, "2012-06-30": -7.969, "2012-03-31": "-7.92200", "2011-12-31": -7.916, "2011-09-30": -7.916, "2011-06-30": -7.891, "2011-03-31": "-8.10600", "2010-12-31": -8.263, "2010-09-30": -8.255, "2010-06-30": -8.247, "2010-03-31": "-8.22700", "2009-12-31": -8.173, "2009-09-30": -8.17, "2009-06-30": -8.153, "2009-03-31": "-8.20500", "2008-12-31": -8.267, "2008-09-30": -8.318, "2008-06-30": -8.251, "2008-03-31": "-8.23600", "2007-12-31": -8.294, "2007-09-30": -8.287, "2007-06-30": -8.493, "2007-03-31": "-8.63000", "2006-12-31": -8.604, "2006-09-30": -8.877, "2006-06-30": -8.858, "2006-03-31": "-9.11600", "2005-12-31": -9.086, "2005-09-30": -9.1, "2005-06-30": -9.073, "2005-03-31": "-9.03700"}}, "financial ratios": {"Current Ratio": {"2019-12-31": "1.80170", "2018-12-31": "1.60000", "2017-12-31": "1.26190", "2016-12-31": "1.97220", "2015-12-31": "1.84010", "2014-12-31": "1.78890", "2013-12-31": "1.73330", "2012-12-31": "1.67230", "2011-12-31": "1.47500", "2010-12-31": "2.10520", "2009-12-31": "1.77800", "2008-12-31": "1.60920", "2007-12-31": "1.53940", "2006-12-31": "1.56290", "2005-12-31": "2.01980"}, "Long-term Debt / Capital": {"2019-12-31": "0.42310", "2018-12-31": "0.42060", "2017-12-31": "0.41680", "2016-12-31": "0.32680", "2015-12-31": "0.32410", "2014-12-31": "0.33860", "2013-12-31": "0.31850", "2012-12-31": "0.32610", "2011-12-31": "0.33900", "2010-12-31": "0.18050", "2009-12-31": "0.25520", "2008-12-31": "0.24510", "2007-12-31": "0.24680", "2006-12-31": "0.08780", "2005-12-31": "0.12850"}, "Debt/Equity Ratio": {"2019-12-31": "0.73710", "2018-12-31": "0.73170", "2017-12-31": "0.80140", "2016-12-31": "0.48590", "2015-12-31": "0.47990", "2014-12-31": "0.51240", "2013-12-31": "0.46870", "2012-12-31": "0.48490", "2011-12-31": "0.51290", "2010-12-31": "0.22140", "2009-12-31": "0.34280", "2008-12-31": "0.32470", "2007-12-31": "0.32800", "2006-12-31": "0.09690", "2005-12-31": "0.14810"}, "Gross Margin": {"2019-12-31": "48.41240", "2018-12-31": "48.27000", "2017-12-31": "47.57480", "2016-12-31": "47.94860", "2015-12-31": "45.81060", "2014-12-31": "45.15230", "2013-12-31": "45.24230", "2012-12-31": "45.67430", "2011-12-31": "44.19060", "2010-12-31": "44.58040", "2009-12-31": "45.21930", "2008-12-31": "44.20750", "2007-12-31": "41.21250", "2006-12-31": "41.19690", "2005-12-31": "41.69650"}, "Operating Margin": {"2019-12-31": "12.55250", "2018-12-31": "11.65890", "2017-12-31": "13.09780", "2016-12-31": "13.92480", "2015-12-31": "11.92150", "2014-12-31": "7.97180", "2013-12-31": "10.55780", "2012-12-31": "4.89840", "2011-12-31": "4.74990", "2010-12-31": "9.25910", "2009-12-31": "7.47670", "2008-12-31": "8.89500", "2007-12-31": "9.59590", "2006-12-31": "9.92950", "2005-12-31": "9.56360"}, "EBIT Margin": {"2019-12-31": "12.55250", "2018-12-31": "11.65890", "2017-12-31": "13.09780", "2016-12-31": "13.92480", "2015-12-31": "11.92150", "2014-12-31": "7.97180", "2013-12-31": "10.55780", "2012-12-31": "4.89840", "2011-12-31": "4.74990", "2010-12-31": "9.25910", "2009-12-31": "7.47670", "2008-12-31": "8.89500", "2007-12-31": "9.59590", "2006-12-31": "9.92950", "2005-12-31": "9.56360"}, "EBITDA Margin": {"2019-12-31": "20.85650", "2018-12-31": "18.97360", "2017-12-31": "18.13910", "2016-12-31": "18.77020", "2015-12-31": "17.34400", "2014-12-31": "13.49500", "2013-12-31": "16.74920", "2012-12-31": "11.25680", "2011-12-31": "11.03940", "2010-12-31": "14.65210", "2009-12-31": "12.92190", "2008-12-31": "13.69200", "2007-12-31": "14.20500", "2006-12-31": "14.53220", "2005-12-31": "18.00300"}, "Pre-Tax Profit Margin": {"2019-12-31": "8.22360", "2018-12-31": "9.27590", "2017-12-31": "13.14670", "2016-12-31": "11.53700", "2015-12-31": "9.92040", "2014-12-31": "5.98430", "2013-12-31": "7.58640", "2012-12-31": "2.62040", "2011-12-31": "3.35440", "2010-12-31": "9.75170", "2009-12-31": "6.45870", "2008-12-31": "6.24150", "2007-12-31": "8.61980", "2006-12-31": "9.74910", "2005-12-31": "4.52290"}, "Net Profit Margin": {"2019-12-31": "7.89130", "2018-12-31": "8.56470", "2017-12-31": "12.96570", "2016-12-31": "11.07530", "2015-12-31": "10.09230", "2014-12-31": "7.62260", "2013-12-31": "7.75000", "2012-12-31": "3.32230", "2011-12-31": "0.39900", "2010-12-31": "22.97510", "2009-12-31": "5.29290", "2008-12-31": "7.61650", "2007-12-31": "7.61690", "2006-12-31": "8.09260", "2005-12-31": "18.19120"}, "Asset Turnover": {"2019-12-31": "0.44100", "2018-12-31": "0.46490", "2017-12-31": "0.37050", "2016-12-31": "0.49470", "2015-12-31": "0.50520", "2014-12-31": "0.50150", "2013-12-31": "0.54670", "2012-12-31": "0.53950", "2011-12-31": "0.49760", "2010-12-31": "0.53030", "2009-12-31": "0.50690", "2008-12-31": "0.56610", "2007-12-31": "0.58620", "2006-12-31": "0.58860", "2005-12-31": "0.54720"}, "Inventory Turnover Ratio": {"2019-12-31": "4.16770", "2018-12-31": "4.24730", "2017-12-31": "3.36460", "2016-12-31": "4.46090", "2015-12-31": "4.39560", "2014-12-31": "3.97710", "2013-12-31": "4.52910", "2012-12-31": "4.61730", "2011-12-31": "4.44710", "2010-12-31": "4.55940", "2009-12-31": "4.75480", "2008-12-31": "4.62550", "2007-12-31": "5.27410", "2006-12-31": "4.74150", "2005-12-31": "5.26690"}, "Receiveable Turnover": {"2019-12-31": "3.97650", "2018-12-31": "4.39090", "2017-12-31": "4.08650", "2016-12-31": "4.97080", "2015-12-31": "5.07110", "2014-12-31": "4.39870", "2013-12-31": "4.62260", "2012-12-31": "4.60640", "2011-12-31": "4.68060", "2010-12-31": "4.77000", "2009-12-31": "4.84340", "2008-12-31": "5.01540", "2007-12-31": "5.49850", "2006-12-31": "5.50430", "2005-12-31": "5.87550"}, "Days Sales In Receivables": {"2019-12-31": "91.78990", "2018-12-31": "83.12620", "2017-12-31": "89.31880", "2016-12-31": "73.42870", "2015-12-31": "71.97680", "2014-12-31": "82.97850", "2013-12-31": "78.96020", "2012-12-31": "79.23710", "2011-12-31": "77.98200", "2010-12-31": "76.51960", "2009-12-31": "75.36000", "2008-12-31": "72.77600", "2007-12-31": "66.38130", "2006-12-31": "66.31150", "2005-12-31": "62.12250"}, "ROE - Return On Equity": {"2019-12-31": "8.09410", "2018-12-31": "9.18680", "2017-12-31": "6.26760", "2016-12-31": "10.01620", "2015-12-31": "8.94530", "2014-12-31": "6.37280", "2013-12-31": "8.73740", "2012-12-31": "3.67500", "2011-12-31": "0.06360", "2010-12-31": "7.21450", "2009-12-31": "4.50970", "2008-12-31": "5.79680", "2007-12-31": "8.41430", "2006-12-31": "7.21870", "2005-12-31": "4.03100"}, "Return On Tangible Equity": {"2019-12-31": "-14.40850", "2018-12-31": "-15.15170", "2017-12-31": "-8.49910", "2016-12-31": "-41.91560", "2015-12-31": "-30.84420", "2014-12-31": "-17.77270", "2013-12-31": "-28.61230", "2012-12-31": "-10.00020", "2011-12-31": "-0.12830", "2010-12-31": "-3782.90100", "2009-12-31": "-31.50090", "2008-12-31": "-32.36570", "2007-12-31": "-51.06090", "2006-12-31": "203.43310", "2005-12-31": "26.73120"}, "ROA - Return On Assets": {"2019-12-31": "3.48320", "2018-12-31": "3.97410", "2017-12-31": "2.57560", "2016-12-31": "5.04380", "2015-12-31": "4.53120", "2014-12-31": "3.15290", "2013-12-31": "4.41550", "2012-12-31": "1.82710", "2011-12-31": "0.03040", "2010-12-31": "4.32880", "2009-12-31": "2.40140", "2008-12-31": "3.10020", "2007-12-31": "4.49420", "2006-12-31": "4.53690", "2005-12-31": "2.47010"}, "ROI - Return On Investment": {"2019-12-31": "4.66910", "2018-12-31": "5.32270", "2017-12-31": "3.65540", "2016-12-31": "6.74330", "2015-12-31": "6.04650", "2014-12-31": "4.21500", "2013-12-31": "5.95460", "2012-12-31": "2.47650", "2011-12-31": "0.04210", "2010-12-31": "5.91250", "2009-12-31": "3.35870", "2008-12-31": "4.37610", "2007-12-31": "6.33790", "2006-12-31": "6.58520", "2005-12-31": "3.51320"}, "Book Value Per Share": {"2019-12-31": "25.31780", "2018-12-31": "23.37270", "2017-12-31": "22.68180", "2016-12-31": "19.64630", "2015-12-31": "18.83750", "2014-12-31": "18.15510", "2013-12-31": "17.70890", "2012-12-31": "16.86270", "2011-12-31": "16.28020", "2010-12-31": "16.63910", "2009-12-31": "13.92000", "2008-12-31": "13.38840", "2007-12-31": "13.39690", "2006-12-31": "12.80050", "2005-12-31": "12.68560"}, "Operating Cash Flow Per Share": {"2019-12-31": 0.4711, "2018-12-31": 0.1867, "2017-12-31": -0.5764, "2016-12-31": 0.6448, "2015-12-31": 0.0578, "2014-12-31": 1.0786, "2013-12-31": 0.0724, "2012-12-31": -0.6501, "2011-12-31": 0.5827, "2010-12-31": 0.1166, "2009-12-31": -0.5599, "2008-12-31": 0.1347, "2007-12-31": 0.6935, "2006-12-31": -0.5795, "2005-12-31": 1.5868}, "Free Cash Flow Per Share": {"2019-12-31": 0.2865, "2018-12-31": 0.0343, "2017-12-31": -0.8221, "2016-12-31": 0.7968, "2015-12-31": 0.0253, "2014-12-31": 0.7456, "2013-12-31": 0.558, "2012-12-31": -0.7546, "2011-12-31": 0.5099, "2010-12-31": 0.1437, "2009-12-31": -0.4802, "2008-12-31": 0.1275, "2007-12-31": 0.6724, "2006-12-31": -0.7304, "2005-12-31": 1.4674}}, "financial ratios, quarterly": {"Current Ratio": {"2020-09-30": "1.34630", "2020-06-30": "1.31650", "2020-03-31": "1.83780", "2019-12-31": "1.80170", "2019-09-30": "1.30330", "2019-06-30": "1.89270", "2019-03-31": "1.68090", "2018-12-31": "1.60000", "2018-09-30": "1.69710", "2018-06-30": "1.68710", "2018-03-31": "1.33260", "2017-12-31": "1.26190", "2017-09-30": "2.58680", "2017-06-30": "2.43270", "2017-03-31": "1.85910", "2016-12-31": "1.97220", "2016-09-30": "2.10510", "2016-06-30": "1.92260", "2016-03-31": "1.89310", "2015-12-31": "1.84010", "2015-09-30": "1.93740", "2015-06-30": "1.86360", "2015-03-31": "1.85720", "2014-12-31": "1.78890", "2014-09-30": "1.89330", "2014-06-30": "1.86770", "2014-03-31": "1.81280", "2013-12-31": "1.73330", "2013-09-30": "1.60920", "2013-06-30": "1.60930", "2013-03-31": "1.56390", "2012-12-31": "1.67230", "2012-09-30": "1.61610", "2012-06-30": "1.52770", "2012-03-31": "1.50640", "2011-12-31": "1.47500", "2011-09-30": "1.06150", "2011-06-30": "1.92400", "2011-03-31": "2.12770", "2010-12-31": "2.10520", "2010-09-30": "1.90250", "2010-06-30": "1.79770", "2010-03-31": "1.78800", "2009-12-31": "1.77800", "2009-09-30": "1.65960", "2009-06-30": "1.65040", "2009-03-31": "1.66480", "2008-12-31": "1.60920", "2008-09-30": "1.66050", "2008-06-30": "1.54700", "2008-03-31": "1.57090", "2007-12-31": "1.53940", "2007-09-30": "1.69550", "2007-06-30": "1.58350", "2007-03-31": "1.60140", "2006-12-31": "1.56290", "2006-09-30": "1.65690", "2006-06-30": "1.93390", "2006-03-31": "1.99790", "2005-12-31": "2.01980", "2005-09-30": "1.59740", "2005-06-30": "1.47960", "2005-03-31": "1.71360"}, "Long-term Debt / Capital": {"2020-09-30": "0.31590", "2020-06-30": "0.35380", "2020-03-31": "0.42150", "2019-12-31": "0.42310", "2019-09-30": "0.39280", "2019-06-30": "0.43740", "2019-03-31": "0.41200", "2018-12-31": "0.42060", "2018-09-30": "0.42260", "2018-06-30": "0.44080", "2018-03-31": "0.42120", "2017-12-31": "0.41680", "2017-09-30": "0.30430", "2017-06-30": "0.30880", "2017-03-31": "0.32270", "2016-12-31": "0.32680", "2016-09-30": "0.34640", "2016-06-30": "0.33610", "2016-03-31": "0.35330", "2015-12-31": "0.32410", "2015-09-30": "0.33340", "2015-06-30": "0.31750", "2015-03-31": "0.33000", "2014-12-31": "0.33860", "2014-09-30": "0.29390", "2014-06-30": "0.30310", "2014-03-31": "0.31350", "2013-12-31": "0.31850", "2013-09-30": "0.32710", "2013-06-30": "0.35010", "2013-03-31": "0.35720", "2012-12-31": "0.32610", "2012-09-30": "0.32400", "2012-06-30": "0.32580", "2012-03-31": "0.33160", "2011-12-31": "0.33900", "2011-09-30": "0.07160", "2011-06-30": "0.25540", "2011-03-31": "0.21220", "2010-12-31": "0.18050", "2010-09-30": "0.28190", "2010-06-30": "0.27390", "2010-03-31": "0.24460", "2009-12-31": "0.25520", "2009-09-30": "0.26470", "2009-06-30": "0.24970", "2009-03-31": "0.26460", "2008-12-31": "0.24510", "2008-09-30": "0.24970", "2008-06-30": "0.23940", "2008-03-31": "0.25920", "2007-12-31": "0.24680", "2007-09-30": "0.13810", "2007-06-30": "0.13550", "2007-03-31": "0.10360", "2006-12-31": "0.08780", "2006-09-30": "0.11440", "2006-06-30": "0.11060", "2006-03-31": "0.11590", "2005-12-31": "0.12850", "2005-09-30": "0.15300", "2005-06-30": "0.15550", "2005-03-31": "0.19980"}, "Debt/Equity Ratio": {"2020-09-30": "0.57650", "2020-06-30": "0.66760", "2020-03-31": "0.73610", "2019-12-31": "0.74120", "2019-09-30": "0.83400", "2019-06-30": "0.78050", "2019-03-31": "0.70580", "2018-12-31": "0.73170", "2018-09-30": "0.73960", "2018-06-30": "0.79500", "2018-03-31": "0.81300", "2017-12-31": "0.80140", "2017-09-30": "0.43790", "2017-06-30": "0.44760", "2017-03-31": "0.47750", "2016-12-31": "0.48590", "2016-09-30": "0.53060", "2016-06-30": "0.50670", "2016-03-31": "0.54700", "2015-12-31": "0.47990", "2015-09-30": "0.50060", "2015-06-30": "0.46600", "2015-03-31": "0.49310", "2014-12-31": "0.51240", "2014-09-30": "0.41680", "2014-06-30": "0.43550", "2014-03-31": "0.45800", "2013-12-31": "0.46870", "2013-09-30": "0.48760", "2013-06-30": "0.53990", "2013-03-31": "0.55970", "2012-12-31": "0.48490", "2012-09-30": "0.48000", "2012-06-30": "0.48320", "2012-03-31": "0.49610", "2011-12-31": "0.51290", "2011-09-30": "0.26120", "2011-06-30": "0.34300", "2011-03-31": "0.27060", "2010-12-31": "0.22140", "2010-09-30": "0.39270", "2010-06-30": "0.37740", "2010-03-31": "0.32380", "2009-12-31": "0.34280", "2009-09-30": "0.36020", "2009-06-30": "0.33280", "2009-03-31": "0.35970", "2008-12-31": "0.32470", "2008-09-30": "0.33280", "2008-06-30": "0.31480", "2008-03-31": "0.35020", "2007-12-31": "0.32800", "2007-09-30": "0.16080", "2007-06-30": "0.15730", "2007-03-31": "0.11660", "2006-12-31": "0.09690", "2006-09-30": "0.12990", "2006-06-30": "0.12510", "2006-03-31": "0.13180", "2005-12-31": "0.14810", "2005-09-30": "0.18450", "2005-06-30": "0.18810", "2005-03-31": "0.25630"}, "Gross Margin": {"2020-09-30": "54.71280", "2020-06-30": "55.11080", "2020-03-31": "47.21410", "2019-12-31": "49.43300", "2019-09-30": "48.41760", "2019-06-30": "48.13630", "2019-03-31": "47.44700", "2018-12-31": "49.74560", "2018-09-30": "49.28380", "2018-06-30": "48.35920", "2018-03-31": "45.37810", "2017-12-31": "47.91370", "2017-09-30": "48.52590", "2017-06-30": "47.09690", "2017-03-31": "46.63470", "2016-12-31": "48.90360", "2016-09-30": "48.31010", "2016-06-30": "47.28350", "2016-03-31": "47.20450", "2015-12-31": "49.21260", "2015-09-30": "45.18760", "2015-06-30": "44.77910", "2015-03-31": "44.67140", "2014-12-31": "47.06760", "2014-09-30": "44.88690", "2014-06-30": "44.58780", "2014-03-31": "44.42300", "2013-12-31": "46.88000", "2013-09-30": "44.67880", "2013-06-30": "44.69650", "2013-03-31": "44.49840", "2012-12-31": "46.18570", "2012-09-30": "45.27830", "2012-06-30": "45.76440", "2012-03-31": "45.41370", "2011-12-31": "44.30300", "2011-09-30": "44.01430", "2011-06-30": "43.66710", "2011-03-31": "44.79450", "2010-12-31": "44.57790", "2010-09-30": "44.32450", "2010-06-30": "44.88790", "2010-03-31": "44.52670", "2009-12-31": "51.90790", "2009-09-30": "44.75830", "2009-06-30": "42.91210", "2009-03-31": "43.32640", "2008-12-31": "55.66800", "2008-09-30": "42.95020", "2008-06-30": "42.58320", "2008-03-31": "41.88050", "2007-12-31": "44.44490", "2007-09-30": "40.97180", "2007-06-30": "39.78550", "2007-03-31": "39.38690", "2006-12-31": "44.52620", "2006-09-30": "40.30350", "2006-06-30": "40.20920", "2006-03-31": "39.86090", "2005-12-31": "42.52250", "2005-09-30": "41.74710", "2005-06-30": "41.06410", "2005-03-31": "41.40140"}, "Operating Margin": {"2020-09-30": "25.72610", "2020-06-30": "21.63790", "2020-03-31": "6.84890", "2019-12-31": "17.16310", "2019-09-30": "11.12710", "2019-06-30": "12.69660", "2019-03-31": "8.22060", "2018-12-31": "15.29490", "2018-09-30": "11.89390", "2018-06-30": "12.52040", "2018-03-31": "6.20140", "2017-12-31": "14.58520", "2017-09-30": "14.07930", "2017-06-30": "13.56270", "2017-03-31": "9.68870", "2016-12-31": "16.22490", "2016-09-30": "14.72940", "2016-06-30": "12.35750", "2016-03-31": "12.16370", "2015-12-31": "10.98940", "2015-09-30": "13.47060", "2015-06-30": "12.08200", "2015-03-31": "10.89030", "2014-12-31": "-3.43910", "2014-09-30": "10.84330", "2014-06-30": "12.52080", "2014-03-31": "9.75520", "2013-12-31": "15.90050", "2013-09-30": "11.10020", "2013-06-30": "7.43810", "2013-03-31": "7.10380", "2012-12-31": "-4.66630", "2012-09-30": "8.48070", "2012-06-30": "9.54160", "2012-03-31": "7.12130", "2011-12-31": "-4.79430", "2011-09-30": "7.97800", "2011-06-30": "8.22830", "2011-03-31": "9.26500", "2010-12-31": "11.18720", "2010-09-30": "9.88140", "2010-06-30": "7.88500", "2010-03-31": "7.77880", "2009-12-31": "10.15710", "2009-09-30": "5.80930", "2009-06-30": "8.72060", "2009-03-31": "5.81880", "2008-12-31": "12.15130", "2008-09-30": "9.01020", "2008-06-30": "8.84440", "2008-03-31": "7.28830", "2007-12-31": "10.77620", "2007-09-30": "10.52090", "2007-06-30": "11.00050", "2007-03-31": "5.74440", "2006-12-31": "12.70600", "2006-09-30": "9.43740", "2006-06-30": "9.46760", "2006-03-31": "8.15630", "2005-12-31": "12.74790", "2005-09-30": "11.43590", "2005-06-30": "5.89320", "2005-03-31": "8.00670"}, "EBIT Margin": {"2020-09-30": "25.72610", "2020-06-30": "21.63790", "2020-03-31": "6.84890", "2019-12-31": "17.16310", "2019-09-30": "11.12710", "2019-06-30": "12.69660", "2019-03-31": "8.22060", "2018-12-31": "15.29490", "2018-09-30": "11.89390", "2018-06-30": "12.52040", "2018-03-31": "6.20140", "2017-12-31": "14.58520", "2017-09-30": "14.07930", "2017-06-30": "13.56270", "2017-03-31": "9.68870", "2016-12-31": "16.22490", "2016-09-30": "14.72940", "2016-06-30": "12.35750", "2016-03-31": "12.16370", "2015-12-31": "10.98940", "2015-09-30": "13.47060", "2015-06-30": "12.08200", "2015-03-31": "10.89030", "2014-12-31": "-3.43910", "2014-09-30": "10.84330", "2014-06-30": "12.52080", "2014-03-31": "9.75520", "2013-12-31": "15.90050", "2013-09-30": "11.10020", "2013-06-30": "7.43810", "2013-03-31": "7.10380", "2012-12-31": "-4.66630", "2012-09-30": "8.48070", "2012-06-30": "9.54160", "2012-03-31": "7.12130", "2011-12-31": "-4.79430", "2011-09-30": "7.97800", "2011-06-30": "8.22830", "2011-03-31": "9.26500", "2010-12-31": "11.18720", "2010-09-30": "9.88140", "2010-06-30": "7.88500", "2010-03-31": "7.77880", "2009-12-31": "10.15700", "2009-09-30": "5.80930", "2009-06-30": "8.72060", "2009-03-31": "5.81880", "2008-12-31": "12.15130", "2008-09-30": "9.01020", "2008-06-30": "8.84440", "2008-03-31": "7.28830", "2007-12-31": "10.77610", "2007-09-30": "10.52090", "2007-06-30": "11.00050", "2007-03-31": "5.74440", "2006-12-31": "12.70600", "2006-09-30": "9.43740", "2006-06-30": "9.46760", "2006-03-31": "8.15630", "2005-12-31": "12.74780", "2005-09-30": "11.43590", "2005-06-30": "5.89320", "2005-03-31": "8.00670"}, "EBITDA Margin": {"2020-09-30": "", "2020-06-30": "", "2020-03-31": "", "2019-12-31": "", "2019-09-30": "", "2019-06-30": "", "2019-03-31": "", "2018-12-31": "", "2018-09-30": "", "2018-06-30": "", "2018-03-31": "", "2017-12-31": "", "2017-09-30": "", "2017-06-30": "", "2017-03-31": "", "2016-12-31": "", "2016-09-30": "", "2016-06-30": "", "2016-03-31": "", "2015-12-31": "", "2015-09-30": "", "2015-06-30": "", "2015-03-31": "", "2014-12-31": "", "2014-09-30": "", "2014-06-30": "", "2014-03-31": "", "2013-12-31": "", "2013-09-30": "", "2013-06-30": "", "2013-03-31": "", "2012-12-31": "", "2012-09-30": "", "2012-06-30": "", "2012-03-31": "", "2011-12-31": "", "2011-09-30": "", "2011-06-30": "", "2011-03-31": "", "2010-12-31": "", "2010-09-30": "", "2010-06-30": "", "2010-03-31": "", "2009-12-31": "", "2009-09-30": "", "2009-06-30": "", "2009-03-31": "", "2008-12-31": "", "2008-09-30": "", "2008-06-30": "", "2008-03-31": "", "2007-12-31": "", "2007-09-30": "", "2007-06-30": "", "2007-03-31": "", "2006-12-31": "", "2006-09-30": "", "2006-06-30": "", "2006-03-31": "", "2005-12-31": "", "2005-09-30": "", "2005-06-30": "", "2005-03-31": ""}, "Pre-Tax Profit Margin": {"2020-09-30": "24.24800", "2020-06-30": "20.30590", "2020-03-31": "5.31720", "2019-12-31": "8.10630", "2019-09-30": "8.94780", "2019-06-30": "9.94120", "2019-03-31": "5.66720", "2018-12-31": "10.50160", "2018-09-30": "11.57340", "2018-06-30": "10.19500", "2018-03-31": "4.42640", "2017-12-31": "12.60680", "2017-09-30": "18.95340", "2017-06-30": "12.94280", "2017-03-31": "7.77710", "2016-12-31": "12.20710", "2016-09-30": "12.54020", "2016-06-30": "11.35180", "2016-03-31": "9.93760", "2015-12-31": "8.78980", "2015-09-30": "11.35070", "2015-06-30": "10.15910", "2015-03-31": "9.10230", "2014-12-31": "-5.68820", "2014-09-30": "8.82020", "2014-06-30": "10.90910", "2014-03-31": "7.62760", "2013-12-31": "11.34270", "2013-09-30": "8.73660", "2013-06-30": "5.05870", "2013-03-31": "4.72140", "2012-12-31": "-6.77970", "2012-09-30": "6.15110", "2012-06-30": "7.36480", "2012-03-31": "4.61000", "2011-12-31": "-7.17330", "2011-09-30": "7.11340", "2011-06-30": "7.33680", "2011-03-31": "7.97780", "2010-12-31": "10.44520", "2010-09-30": "8.28760", "2010-06-30": "13.02070", "2010-03-31": "6.98570", "2009-12-31": "9.41820", "2009-09-30": "4.60250", "2009-06-30": "7.76670", "2009-03-31": "4.70730", "2008-12-31": "-0.61410", "2008-09-30": "7.74670", "2008-06-30": "7.86430", "2008-03-31": "6.13080", "2007-12-31": "9.58390", "2007-09-30": "9.30890", "2007-06-30": "10.21610", "2007-03-31": "5.05780", "2006-12-31": "12.35760", "2006-09-30": "9.49510", "2006-06-30": "8.98640", "2006-03-31": "8.20500", "2005-12-31": "-0.85670", "2005-09-30": "9.75580", "2005-06-30": "3.87020", "2005-03-31": "5.75670"}, "Net Profit Margin": {"2020-09-30": "18.32930", "2020-06-30": "16.89770", "2020-03-31": "5.16020", "2019-12-31": "8.00760", "2019-09-30": "8.28350", "2019-06-30": "9.56200", "2019-03-31": "5.45860", "2018-12-31": "9.42580", "2018-09-30": "11.35200", "2018-06-30": "9.10810", "2018-03-31": "4.04120", "2017-12-31": "-6.40820", "2017-09-30": "16.43190", "2017-06-30": "37.30950", "2017-03-31": "7.50860", "2016-12-31": "11.44190", "2016-09-30": "11.29800", "2016-06-30": "11.90820", "2016-03-31": "9.53100", "2015-12-31": "15.14800", "2015-09-30": "9.73720", "2015-06-30": "8.68480", "2015-03-31": "7.65490", "2014-12-31": "6.98040", "2014-09-30": "7.79950", "2014-06-30": "9.07820", "2014-03-31": "6.44990", "2013-12-31": "11.34530", "2013-09-30": "7.69930", "2013-06-30": "5.16490", "2013-03-31": "6.37460", "2012-12-31": "-2.81680", "2012-09-30": "5.80730", "2012-06-30": "6.44570", "2012-03-31": "4.41760", "2011-12-31": "-15.50830", "2011-09-30": "8.08550", "2011-06-30": "6.21230", "2011-03-31": "5.57120", "2010-12-31": "63.23570", "2010-09-30": "3.19490", "2010-06-30": "13.67200", "2010-03-31": "6.19660", "2009-12-31": "12.13040", "2009-09-30": "3.60420", "2009-06-30": "4.90680", "2009-03-31": "2.42650", "2008-12-31": "14.11510", "2008-09-30": "10.84120", "2008-06-30": "4.69460", "2008-03-31": "4.39000", "2007-12-31": "11.60260", "2007-09-30": "7.05700", "2007-06-30": "7.70360", "2007-03-31": "3.64660", "2006-12-31": "11.64570", "2006-09-30": "7.68980", "2006-06-30": "6.49470", "2006-03-31": "6.64420", "2005-12-31": "48.37970", "2005-09-30": "8.84290", "2005-06-30": "7.85240", "2005-03-31": "5.53610"}, "Asset Turnover": {"2020-09-30": "0.14040", "2020-06-30": "0.12230", "2020-03-31": "0.10220", "2019-12-31": "0.12320", "2019-09-30": "0.10890", "2019-06-30": "0.11290", "2019-03-31": "0.10660", "2018-12-31": "0.12660", "2018-09-30": "0.11500", "2018-06-30": "0.11810", "2018-03-31": "0.10510", "2017-12-31": "0.10530", "2017-09-30": "0.11700", "2017-06-30": "0.11880", "2017-03-31": "0.11840", "2016-12-31": "0.13250", "2016-09-30": "0.11950", "2016-06-30": "0.12790", "2016-03-31": "0.11830", "2015-12-31": "0.10810", "2015-09-30": "0.13980", "2015-06-30": "0.13810", "2015-03-31": "0.13080", "2014-12-31": "0.10690", "2014-09-30": "0.13950", "2014-06-30": "0.14130", "2014-03-31": "0.13360", "2013-12-31": "0.14930", "2013-09-30": "0.13560", "2013-06-30": "0.14190", "2013-03-31": "0.13270", "2012-12-31": "0.14430", "2012-09-30": "0.13100", "2012-06-30": "0.13730", "2012-03-31": "0.13220", "2011-12-31": "0.13990", "2011-09-30": "0.13310", "2011-06-30": "0.13320", "2011-03-31": "0.13530", "2010-12-31": "0.14570", "2010-09-30": "0.12900", "2010-06-30": "0.13400", "2010-03-31": "0.13000", "2009-12-31": "0.09820", "2009-09-30": "0.12330", "2009-06-30": "0.14880", "2009-03-31": "0.15220", "2008-12-31": "0.07410", "2008-09-30": "0.15850", "2008-06-30": "0.16410", "2008-03-31": "0.14900", "2007-12-31": "0.15360", "2007-09-30": "0.16810", "2007-06-30": "0.17270", "2007-03-31": "0.16130", "2006-12-31": "0.14270", "2006-09-30": "0.15470", "2006-06-30": "0.14870", "2006-03-31": "0.14240", "2005-12-31": "0.14390", "2005-09-30": "0.14440", "2005-06-30": "0.14770", "2005-03-31": "0.13960"}, "Inventory Turnover Ratio": {"2020-09-30": "0.89730", "2020-06-30": "0.76280", "2020-03-31": "0.87590", "2019-12-31": "1.14110", "2019-09-30": "0.93070", "2019-06-30": "0.90440", "2019-03-31": "0.90550", "2018-12-31": "1.12340", "2018-09-30": "0.96540", "2018-06-30": "0.98980", "2018-03-31": "0.93850", "2017-12-31": "0.95030", "2017-09-30": "0.96660", "2017-06-30": "1.05190", "2017-03-31": "1.03680", "2016-12-31": "1.17320", "2016-09-30": "0.86900", "2016-06-30": "0.94150", "2016-03-31": "0.83720", "2015-12-31": "0.88190", "2015-09-30": "0.98650", "2015-06-30": "1.02180", "2015-03-31": "1.00140", "2014-12-31": "0.81780", "2014-09-30": "1.06080", "2014-06-30": "1.10860", "2014-03-31": "1.05690", "2013-12-31": "1.20030", "2013-09-30": "1.03770", "2013-06-30": "1.15240", "2013-03-31": "1.07980", "2012-12-31": "1.22300", "2012-09-30": "1.06680", "2012-06-30": "1.15780", "2012-03-31": "1.10730", "2011-12-31": "1.24770", "2011-09-30": "1.10950", "2011-06-30": "1.21430", "2011-03-31": "1.09800", "2010-12-31": "1.25230", "2010-09-30": "1.11040", "2010-06-30": "0.99950", "2010-03-31": "0.96360", "2009-12-31": "0.80830", "2009-09-30": "0.92810", "2009-06-30": "1.15660", "2009-03-31": "1.20790", "2008-12-31": "0.48110", "2008-09-30": "1.24790", "2008-06-30": "1.30230", "2008-03-31": "1.19310", "2007-12-31": "1.30600", "2007-09-30": "1.22130", "2007-06-30": "1.29040", "2007-03-31": "1.19360", "2006-12-31": "1.08460", "2006-09-30": "1.26820", "2006-06-30": "1.29800", "2006-03-31": "1.24840", "2005-12-31": "1.36570", "2005-09-30": "1.24350", "2005-06-30": "1.12430", "2005-03-31": "1.04260"}, "Receiveable Turnover": {"2020-09-30": "1.20820", "2020-06-30": "1.14520", "2020-03-31": "1.04190", "2019-12-31": "1.11070", "2019-09-30": "1.09380", "2019-06-30": "1.10400", "2019-03-31": "1.03980", "2018-12-31": "1.19550", "2018-09-30": "1.22290", "2018-06-30": "1.24700", "2018-03-31": "1.11850", "2017-12-31": "1.16170", "2017-09-30": "1.25790", "2017-06-30": "1.24190", "2017-03-31": "1.25060", "2016-12-31": "1.33170", "2016-09-30": "1.16070", "2016-06-30": "1.23040", "2016-03-31": "1.14030", "2015-12-31": "1.08560", "2015-09-30": "1.36030", "2015-06-30": "1.32470", "2015-03-31": "1.26850", "2014-12-31": "0.93730", "2014-09-30": "1.26940", "2014-06-30": "1.25340", "2014-03-31": "1.19780", "2013-12-31": "1.26290", "2013-09-30": "1.21830", "2013-06-30": "1.24350", "2013-03-31": "1.23030", "2012-12-31": "1.23170", "2012-09-30": "1.29030", "2012-06-30": "1.33980", "2012-03-31": "1.25260", "2011-12-31": "1.31580", "2011-09-30": "1.25930", "2011-06-30": "1.25170", "2011-03-31": "1.29430", "2010-12-31": "1.31010", "2010-09-30": "1.29550", "2010-06-30": "1.15460", "2010-03-31": "1.09470", "2009-12-31": "0.93790", "2009-09-30": "1.08220", "2009-06-30": "1.33530", "2009-03-31": "1.48970", "2008-12-31": "0.65650", "2008-09-30": "1.38670", "2008-06-30": "1.44400", "2008-03-31": "1.29770", "2007-12-31": "1.44080", "2007-09-30": "1.51760", "2007-06-30": "1.61080", "2007-03-31": "1.50540", "2006-12-31": "1.33470", "2006-09-30": "1.52820", "2006-06-30": "1.61490", "2006-03-31": "1.51080", "2005-12-31": "1.54540", "2005-09-30": "1.45390", "2005-06-30": "1.36700", "2005-03-31": "1.24930"}, "Days Sales In Receivables": {"2020-09-30": "74.49180", "2020-06-30": "78.58880", "2020-03-31": "86.37930", "2019-12-31": "81.02660", "2019-09-30": "82.28020", "2019-06-30": "81.52180", "2019-03-31": "86.55810", "2018-12-31": "75.28300", "2018-09-30": "73.59290", "2018-06-30": "72.17290", "2018-03-31": "80.46410", "2017-12-31": "77.47050", "2017-09-30": "71.55010", "2017-06-30": "72.46770", "2017-03-31": "71.96360", "2016-12-31": "67.58110", "2016-09-30": "77.54250", "2016-06-30": "73.14600", "2016-03-31": "78.92910", "2015-12-31": "82.90590", "2015-09-30": "66.16080", "2015-06-30": "67.94190", "2015-03-31": "70.95080", "2014-12-31": "96.02220", "2014-09-30": "70.89900", "2014-06-30": "71.80350", "2014-03-31": "75.13590", "2013-12-31": "71.26730", "2013-09-30": "73.87050", "2013-06-30": "72.37610", "2013-03-31": "73.15390", "2012-12-31": "73.06930", "2012-09-30": "69.74890", "2012-06-30": "67.17630", "2012-03-31": "71.85110", "2011-12-31": "68.39950", "2011-09-30": "71.46830", "2011-06-30": "71.89950", "2011-03-31": "69.53450", "2010-12-31": "68.69770", "2010-09-30": "69.47090", "2010-06-30": "77.95240", "2010-03-31": "82.21800", "2009-12-31": "95.95710", "2009-09-30": "83.16420", "2009-06-30": "67.40260", "2009-03-31": "60.41370", "2008-12-31": "137.09680", "2008-09-30": "64.90400", "2008-06-30": "62.32500", "2008-03-31": "69.35350", "2007-12-31": "62.46590", "2007-09-30": "59.30500", "2007-06-30": "55.87210", "2007-03-31": "59.78290", "2006-12-31": "67.43070", "2006-09-30": "58.89380", "2006-06-30": "55.73040", "2006-03-31": "59.56950", "2005-12-31": "58.23680", "2005-09-30": "61.90290", "2005-06-30": "65.83780", "2005-03-31": "72.04290"}, "ROE - Return On Equity": {"2020-09-30": "5.46890", "2020-06-30": "4.62390", "2020-03-31": "1.22170", "2019-12-31": "2.29400", "2019-09-30": "2.16530", "2019-06-30": "2.55430", "2019-03-31": "1.34370", "2018-12-31": "2.75910", "2018-09-30": "2.93280", "2018-06-30": "2.56930", "2018-03-31": "1.01890", "2017-12-31": "-1.53580", "2017-09-30": "3.80700", "2017-06-30": "2.57220", "2017-03-31": "1.63250", "2016-12-31": "2.89240", "2016-09-30": "2.52490", "2016-06-30": "2.76580", "2016-03-31": "2.03680", "2015-12-31": "2.11240", "2015-09-30": "2.67230", "2015-06-30": "2.31010", "2015-03-31": "1.95700", "2014-12-31": "0.01410", "2014-09-30": "2.07960", "2014-06-30": "2.52930", "2014-03-31": "1.72220", "2013-12-31": "3.70730", "2013-09-30": "2.12350", "2013-06-30": "1.46650", "2013-03-31": "1.76020", "2012-12-31": "-0.68790", "2012-09-30": "1.49240", "2012-06-30": "1.78050", "2012-03-31": "1.17260", "2011-12-31": "-4.51760", "2011-09-30": "1.43970", "2011-06-30": "1.48740", "2011-03-31": "1.43040", "2010-12-31": "2.36570", "2010-09-30": "1.55500", "2010-06-30": "2.87030", "2010-03-31": "1.20360", "2009-12-31": "1.36350", "2009-09-30": "0.83210", "2009-06-30": "1.47620", "2009-03-31": "0.97080", "2008-12-31": "-0.07170", "2008-09-30": "2.54930", "2008-06-30": "1.78750", "2008-03-31": "1.28180", "2007-12-31": "3.38510", "2007-09-30": "2.02460", "2007-06-30": "2.22570", "2007-03-31": "0.96110", "2006-12-31": "2.32210", "2006-09-30": "1.85750", "2006-06-30": "1.64400", "2006-03-31": "1.39700", "2005-12-31": "-0.36960", "2005-09-30": "1.78110", "2005-06-30": "2.09660", "2005-03-31": "1.06810"}, "Return On Tangible Equity": {"2020-09-30": "-15.89250", "2020-06-30": "-10.32940", "2020-03-31": "-2.25940", "2019-12-31": "-4.08360", "2019-09-30": "-3.95960", "2019-06-30": "-4.27420", "2019-03-31": "-2.41470", "2018-12-31": "-4.55060", "2018-09-30": "-4.79930", "2018-06-30": "-3.81660", "2018-03-31": "-1.46500", "2017-12-31": "2.08260", "2017-09-30": "-34.67830", "2017-06-30": "-16.90210", "2017-03-31": "-6.23180", "2016-12-31": "-12.10390", "2016-09-30": "-8.54560", "2016-06-30": "-9.04690", "2016-03-31": "-5.73200", "2015-12-31": "-7.28380", "2015-09-30": "-8.79960", "2015-06-30": "-8.04210", "2015-03-31": "-6.07700", "2014-12-31": "-0.03920", "2014-09-30": "-9.38800", "2014-06-30": "-10.33580", "2014-03-31": "-6.34410", "2013-12-31": "-12.14010", "2013-09-30": "-5.88300", "2013-06-30": "-3.66330", "2013-03-31": "-4.11990", "2012-12-31": "1.87190", "2012-09-30": "-3.83450", "2012-06-30": "-4.15590", "2012-03-31": "-2.56930", "2011-12-31": "9.10920", "2011-09-30": "-8.60230", "2011-06-30": "-8.09190", "2011-03-31": "-24.83380", "2010-12-31": "-1240.41500", "2010-09-30": "-10.19050", "2010-06-30": "-13.84220", "2010-03-31": "-7.78580", "2009-12-31": "-9.52430", "2009-09-30": "-3.84750", "2009-06-30": "-7.55850", "2009-03-31": "-4.55450", "2008-12-31": "0.40030", "2008-09-30": "-16.62350", "2008-06-30": "-10.93700", "2008-03-31": "-6.60740", "2007-12-31": "-20.54180", "2007-09-30": "-64.31330", "2007-06-30": "-43.10120", "2007-03-31": "-41.30960", "2006-12-31": "65.44080", "2006-09-30": "68.19910", "2006-06-30": "17.42710", "2006-03-31": "13.26240", "2005-12-31": "-2.45130", "2005-09-30": "33.37830", "2005-06-30": "-251.87260", "2005-03-31": "-92.91940"}, "ROA - Return On Assets": {"2020-09-30": "2.57420", "2020-06-30": "2.06750", "2020-03-31": "0.52810", "2019-12-31": "0.98720", "2019-09-30": "0.90320", "2019-06-30": "1.08050", "2019-03-31": "0.58250", "2018-12-31": "1.19360", "2018-09-30": "1.28690", "2018-06-30": "1.08550", "2018-03-31": "0.42500", "2017-12-31": "-0.63110", "2017-09-30": "2.03730", "2017-06-30": "1.36210", "2017-03-31": "0.83080", "2016-12-31": "1.45650", "2016-09-30": "1.25260", "2016-06-30": "1.37710", "2016-03-31": "0.99140", "2015-12-31": "1.07000", "2015-09-30": "1.36160", "2015-06-30": "1.20010", "2015-03-31": "1.00070", "2014-12-31": "0.00700", "2014-09-30": "1.10380", "2014-06-30": "1.32100", "2014-03-31": "0.88010", "2013-12-31": "1.87350", "2013-09-30": "1.05840", "2013-06-30": "0.71560", "2013-03-31": "0.84790", "2012-12-31": "-0.34200", "2012-09-30": "0.74520", "2012-06-30": "0.88320", "2012-03-31": "0.57130", "2011-12-31": "-2.15850", "2011-09-30": "0.82320", "2011-06-30": "0.80930", "2011-03-31": "0.82550", "2010-12-31": "1.41940", "2010-09-30": "0.81730", "2010-06-30": "1.49960", "2010-03-31": "0.64870", "2009-12-31": "0.72610", "2009-09-30": "0.43570", "2009-06-30": "0.78890", "2009-03-31": "0.51360", "2008-12-31": "-0.03830", "2008-09-30": "1.37970", "2008-06-30": "0.96190", "2008-03-31": "0.67360", "2007-12-31": "1.80800", "2007-09-30": "1.20020", "2007-06-30": "1.31500", "2007-03-31": "0.59320", "2006-12-31": "1.45950", "2006-09-30": "1.15600", "2006-06-30": "1.03800", "2006-03-31": "0.88220", "2005-12-31": "-0.22650", "2005-09-30": "1.06140", "2005-06-30": "1.22620", "2005-03-31": "0.60790"}, "ROI - Return On Investment": {"2020-09-30": "3.74100", "2020-06-30": "2.98780", "2020-03-31": "0.70680", "2019-12-31": "1.32330", "2019-09-30": "1.31480", "2019-06-30": "1.43700", "2019-03-31": "0.79010", "2018-12-31": "1.59860", "2018-09-30": "1.69350", "2018-06-30": "1.43680", "2018-03-31": "0.58970", "2017-12-31": "-0.89570", "2017-09-30": "2.64850", "2017-06-30": "1.77790", "2017-03-31": "1.10560", "2016-12-31": "1.94720", "2016-09-30": "1.65020", "2016-06-30": "1.83640", "2016-03-31": "1.31710", "2015-12-31": "1.42790", "2015-09-30": "1.78140", "2015-06-30": "1.57680", "2015-03-31": "1.31110", "2014-12-31": "0.00930", "2014-09-30": "1.46840", "2014-06-30": "1.76270", "2014-03-31": "1.18220", "2013-12-31": "2.52650", "2013-09-30": "1.42880", "2013-06-30": "0.95310", "2013-03-31": "1.13150", "2012-12-31": "-0.46360", "2012-09-30": "1.00890", "2012-06-30": "1.20040", "2012-03-31": "0.78380", "2011-12-31": "-2.98600", "2011-09-30": "1.33660", "2011-06-30": "1.10760", "2011-03-31": "1.12680", "2010-12-31": "1.93870", "2010-09-30": "1.11670", "2010-06-30": "2.08400", "2010-03-31": "0.90930", "2009-12-31": "1.01550", "2009-09-30": "0.61180", "2009-06-30": "1.10750", "2009-03-31": "0.71400", "2008-12-31": "-0.05410", "2008-09-30": "1.91280", "2008-06-30": "1.35960", "2008-03-31": "0.94960", "2007-12-31": "2.54970", "2007-09-30": "1.74500", "2007-06-30": "1.92410", "2007-03-31": "0.86160", "2006-12-31": "2.11830", "2006-09-30": "1.64500", "2006-06-30": "1.46210", "2006-03-31": "1.23510", "2005-12-31": "-0.32220", "2005-09-30": "1.50860", "2005-06-30": "1.77060", "2005-03-31": "0.85470"}, "Book Value Per Share": {"2020-09-30": "28.88580", "2020-06-30": "26.61380", "2020-03-31": "24.79420", "2019-12-31": "25.31780", "2019-09-30": "24.36510", "2019-06-30": "24.37060", "2019-03-31": "23.79340", "2018-12-31": "23.37270", "2018-09-30": "23.15730", "2018-06-30": "22.73540", "2018-03-31": "23.09940", "2017-12-31": "22.68180", "2017-09-30": "23.01150", "2017-06-30": "22.13000", "2017-03-31": "20.10750", "2016-12-31": "19.64630", "2016-09-30": "19.49960", "2016-06-30": "19.08880", "2016-03-31": "18.80000", "2015-12-31": "18.83750", "2015-09-30": "18.35780", "2015-06-30": "18.71030", "2015-03-31": "18.19850", "2014-12-31": "18.15510", "2014-09-30": "18.26060", "2014-06-30": "18.21480", "2014-03-31": "17.94310", "2013-12-31": "17.70890", "2013-09-30": "17.08080", "2013-06-30": "16.60600", "2013-03-31": "16.39850", "2012-12-31": "16.86270", "2012-09-30": "16.95050", "2012-06-30": "16.52930", "2012-03-31": "16.53840", "2011-12-31": "16.28020", "2011-09-30": "17.20070", "2011-06-30": "17.30200", "2011-03-31": "16.92840", "2010-12-31": "16.63910", "2010-09-30": "14.46220", "2010-06-30": "13.94020", "2010-03-31": "13.85010", "2009-12-31": "13.92000", "2009-09-30": "13.72310", "2009-06-30": "13.49010", "2009-03-31": "12.98750", "2008-12-31": "13.38840", "2008-09-30": "13.84680", "2008-06-30": "13.94280", "2008-03-31": "13.72900", "2007-12-31": "13.39690", "2007-09-30": "12.96850", "2007-06-30": "12.64850", "2007-03-31": "12.71060", "2006-12-31": "12.80050", "2006-09-30": "12.66400", "2006-06-30": "12.62590", "2006-03-31": "12.45840", "2005-12-31": "12.68560", "2005-09-30": "11.40360", "2005-06-30": "11.21960", "2005-03-31": "11.27370"}, "Operating Cash Flow Per Share": {"2020-09-30": 1.8762, "2020-06-30": 1.2378, "2020-03-31": "0.53790", "2019-12-31": 1.9308, "2019-09-30": 0.9565, "2019-06-30": 0.4203, "2019-03-31": "-0.04780", "2018-12-31": 1.4319, "2018-09-30": 0.8326, "2018-06-30": 0.655, "2018-03-31": "-0.13080", "2017-12-31": 1.1573, "2017-09-30": 0.5251, "2017-06-30": 0.432, "2017-03-31": "0.48760", "2016-12-31": 1.3443, "2016-09-30": 0.6663, "2016-06-30": 0.8797, "2016-03-31": "0.28810", "2015-12-31": 1.1065, "2015-09-30": 0.5387, "2015-06-30": 0.5564, "2015-03-31": "0.33200", "2014-12-31": 0.8493, "2014-09-30": 0.5551, "2014-06-30": 0.4763, "2014-03-31": "0.59510", "2013-12-31": 0.6291, "2013-09-30": 0.4239, "2013-06-30": 0.2489, "2013-03-31": "0.09530", "2012-12-31": 0.3453, "2012-09-30": 0.1772, "2012-06-30": 0.6661, "2012-03-31": "0.13620", "2011-12-31": 0.7199, "2011-09-30": 0.4229, "2011-06-30": 0.4617, "2011-03-31": "0.37040", "2010-12-31": 0.2473, "2010-09-30": 0.1301, "2010-06-30": 0.596, "2010-03-31": "0.41880", "2009-12-31": 0.5415, "2009-09-30": 0.2936, "2009-06-30": 0.3123, "2009-03-31": "0.12820", "2008-12-31": 0.7715, "2008-09-30": 0.2686, "2008-06-30": 0.6637, "2008-03-31": "0.13170", "2007-12-31": 0.7769, "2007-09-30": 0.2031, "2007-06-30": 0.5808, "2007-03-31": "0.14000", "2006-12-31": 0.6689, "2006-09-30": 0.2164, "2006-06-30": 0.3898, "2006-03-31": "-0.26780", "2005-12-31": 0.646, "2005-09-30": 0.1734, "2005-06-30": 0.6644, "2005-03-31": "0.10300"}, "Free Cash Flow Per Share": {"2020-09-30": 1.6809, "2020-06-30": 1.105, "2020-03-31": "0.35490", "2019-12-31": 1.727, "2019-09-30": 0.8026, "2019-06-30": 0.2719, "2019-03-31": "-0.22140", "2018-12-31": 1.1374, "2018-09-30": 0.9873, "2018-06-30": 0.5031, "2018-03-31": "-0.33420", "2017-12-31": 1.016, "2017-09-30": 0.4273, "2017-06-30": 0.3827, "2017-03-31": "0.43330", "2016-12-31": 1.4691, "2016-09-30": 0.3978, "2016-06-30": 0.9862, "2016-03-31": "0.22830", "2015-12-31": 1.0146, "2015-09-30": 0.4703, "2015-06-30": 0.5072, "2015-03-31": "0.29250", "2014-12-31": 0.828, "2014-09-30": 0.4867, "2014-06-30": 0.4024, "2014-03-31": "0.54220", "2013-12-31": 0.563, "2013-09-30": 0.8093, "2013-06-30": 0.1492, "2013-03-31": "-0.00780", "2012-12-31": 0.1879, "2012-09-30": 0.0654, "2012-06-30": 0.612, "2012-03-31": "0.09040", "2011-12-31": 0.6715, "2011-09-30": 0.3472, "2011-06-30": 0.3879, "2011-03-31": "0.30370", "2010-12-31": 0.1559, "2010-09-30": 0.0535, "2010-06-30": 0.6358, "2010-03-31": "0.35520", "2009-12-31": 0.4497, "2009-09-30": 0.2752, "2009-06-30": 0.2475, "2009-03-31": "0.08430", "2008-12-31": 0.7372, "2008-09-30": 0.1544, "2008-06-30": 0.5702, "2008-03-31": "0.07510", "2007-12-31": 0.7132, "2007-09-30": 0.1141, "2007-06-30": 0.5346, "2007-03-31": "0.04750", "2006-12-31": 0.5897, "2006-09-30": 0.138, "2006-06-30": 0.1849, "2006-03-31": "-0.17560", "2005-12-31": 0.5784, "2005-09-30": 0.1472, "2005-06-30": 0.6643, "2005-03-31": "0.07750"}}, "revenue": {"PerkinElmer Annual Revenue (Millions of US $)": {"2020": "$3,783", "2019": "$2,884", "2018": "$2,778", "2017": "$2,257", "2016": "$2,116", "2015": "$2,105", "2014": "$2,070", "2013": "$2,158", "2012": "$2,105", "2011": "$1,919", "2010": "$1,702", "2009": "$1,551", "2008": "$1,660", "2007": "$1,729", "2006": "$1,478", "2005": "$1,474"}, "PerkinElmer Quarterly Revenue (Millions of US $)": {"2020-12-31": "$1,355", "2020-09-30": "$964", "2020-06-30": "$812", "2020-03-31": "$652", "2019-12-31": "$805", "2019-09-30": "$707", "2019-06-30": "$723", "2019-03-31": "$649", "2018-12-31": "$756", "2018-09-30": "$674", "2018-06-30": "$703", "2018-03-31": "$644", "2017-12-31": "$642", "2017-09-30": "$554", "2017-06-30": "$547", "2017-03-31": "$514", "2016-12-31": "$567", "2016-09-30": "$514", "2016-06-30": "$536", "2016-03-31": "$498", "2015-12-31": "$451", "2015-09-30": "$563", "2015-06-30": "$564", "2015-03-31": "$527", "2014-12-31": "$441", "2014-09-30": "$542", "2014-06-30": "$556", "2014-03-31": "$531", "2013-12-31": "$589", "2013-09-30": "$522", "2013-06-30": "$541", "2013-03-31": "$505", "2012-12-31": "$563", "2012-09-30": "$510", "2012-06-30": "$522", "2012-03-31": "$511", "2011-12-31": "$539", "2011-09-30": "$453", "2011-06-30": "$479", "2011-03-31": "$447", "2010-12-31": "$467", "2010-09-30": "$419", "2010-06-30": "$422", "2010-03-31": "$394", "2009-12-31": "$300", "2009-09-30": "$377", "2009-06-30": "$438", "2009-03-31": "$435", "2008-12-31": "$217", "2008-09-30": "$479", "2008-06-30": "$505", "2008-03-31": "$459", "2007-12-31": "$453", "2007-09-30": "$436", "2007-06-30": "$437", "2007-03-31": "$403", "2006-12-31": "$358", "2006-09-30": "$387", "2006-06-30": "$377", "2006-03-31": "$355", "2005-12-31": "$388", "2005-09-30": "$360", "2005-06-30": "$368", "2005-03-31": "$358"}}, "gross-profit": {"PerkinElmer Annual Gross Profit (Millions of US $)": {"2020": "$2,110", "2019": "$1,396", "2018": "$1,341", "2017": "$1,074", "2016": "$1,014", "2015": "$964", "2014": "$935", "2013": "$976", "2012": "$962", "2011": "$848", "2010": "$759", "2009": "$701", "2008": "$734", "2007": "$713", "2006": "$609", "2005": "$615"}, "PerkinElmer Quarterly Gross Profit (Millions of US $)": {"2020-12-31": "$827", "2020-09-30": "$527", "2020-06-30": "$447", "2020-03-31": "$308", "2019-12-31": "$398", "2019-09-30": "$342", "2019-06-30": "$348", "2019-03-31": "$308", "2018-12-31": "$376", "2018-09-30": "$332", "2018-06-30": "$340", "2018-03-31": "$292", "2017-12-31": "$307", "2017-09-30": "$269", "2017-06-30": "$258", "2017-03-31": "$240", "2016-12-31": "$277", "2016-09-30": "$249", "2016-06-30": "$254", "2016-03-31": "$235", "2015-12-31": "$222", "2015-09-30": "$255", "2015-06-30": "$253", "2015-03-31": "$235", "2014-12-31": "$208", "2014-09-30": "$243", "2014-06-30": "$248", "2014-03-31": "$236", "2013-12-31": "$276", "2013-09-30": "$233", "2013-06-30": "$242", "2013-03-31": "$225", "2012-12-31": "$260", "2012-09-30": "$231", "2012-06-30": "$239", "2012-03-31": "$232", "2011-12-31": "$239", "2011-09-30": "$199", "2011-06-30": "$209", "2011-03-31": "$200", "2010-12-31": "$208", "2010-09-30": "$186", "2010-06-30": "$189", "2010-03-31": "$175", "2009-12-31": "$156", "2009-09-30": "$169", "2009-06-30": "$188", "2009-03-31": "$189", "2008-12-31": "$121", "2008-09-30": "$206", "2008-06-30": "$215", "2008-03-31": "$192", "2007-12-31": "$201", "2007-09-30": "$179", "2007-06-30": "$174", "2007-03-31": "$159", "2006-12-31": "$160", "2006-09-30": "$156", "2006-06-30": "$152", "2006-03-31": "$142", "2005-12-31": "$165", "2005-09-30": "$150", "2005-06-30": "$151", "2005-03-31": "$148"}}, "operating-income": {"PerkinElmer Annual Operating Income (Millions of US $)": {"2020": "$979", "2019": "$362", "2018": "$324", "2017": "$296", "2016": "$295", "2015": "$251", "2014": "$165", "2013": "$228", "2012": "$103", "2011": "$91", "2010": "$158", "2009": "$116", "2008": "$148", "2007": "$166", "2006": "$147", "2005": "$141"}, "PerkinElmer Quarterly Operating Income (Millions of US $)": {"2020-12-31": "$510", "2020-09-30": "$248", "2020-06-30": "$176", "2020-03-31": "$45", "2019-12-31": "$138", "2019-09-30": "$79", "2019-06-30": "$92", "2019-03-31": "$53", "2018-12-31": "$116", "2018-09-30": "$80", "2018-06-30": "$88", "2018-03-31": "$40", "2017-12-31": "$94", "2017-09-30": "$78", "2017-06-30": "$74", "2017-03-31": "$50", "2016-12-31": "$92", "2016-09-30": "$76", "2016-06-30": "$66", "2016-03-31": "$61", "2015-12-31": "$50", "2015-09-30": "$76", "2015-06-30": "$68", "2015-03-31": "$57", "2014-12-31": "$-15", "2014-09-30": "$59", "2014-06-30": "$70", "2014-03-31": "$52", "2013-12-31": "$94", "2013-09-30": "$58", "2013-06-30": "$40", "2013-03-31": "$36", "2012-12-31": "$-26", "2012-09-30": "$43", "2012-06-30": "$50", "2012-03-31": "$36", "2011-12-31": "$-26", "2011-09-30": "$36", "2011-06-30": "$39", "2011-03-31": "$41", "2010-12-31": "$52", "2010-09-30": "$41", "2010-06-30": "$33", "2010-03-31": "$31", "2009-12-31": "$31", "2009-09-30": "$22", "2009-06-30": "$38", "2009-03-31": "$25", "2008-12-31": "$26", "2008-09-30": "$43", "2008-06-30": "$45", "2008-03-31": "$33", "2007-12-31": "$49", "2007-09-30": "$46", "2007-06-30": "$48", "2007-03-31": "$23", "2006-12-31": "$46", "2006-09-30": "$37", "2006-06-30": "$36", "2006-03-31": "$29", "2005-12-31": "$49", "2005-09-30": "$41", "2005-06-30": "$22", "2005-03-31": "$29"}}, "ebitda": {"PerkinElmer Annual EBITDA (Millions of US $)": {"2019": "$601", "2018": "$527", "2017": "$409", "2016": "$397", "2015": "$365", "2014": "$279", "2013": "$361", "2012": "$237", "2011": "$212", "2010": "$249", "2009": "$200", "2008": "$227", "2007": "$246", "2006": "$215", "2005": "$265"}, "PerkinElmer Quarterly EBITDA (Millions of US $)": {"2020-09-30": "$312", "2020-06-30": "$236", "2020-03-31": "$107", "2019-12-31": "$205", "2019-09-30": "$141", "2019-06-30": "$151", "2019-03-31": "$105", "2018-12-31": "$165", "2018-09-30": "$126", "2018-06-30": "$142", "2018-03-31": "$94", "2017-12-31": "$126", "2017-09-30": "$105", "2017-06-30": "$102", "2017-03-31": "$77", "2016-12-31": "$118", "2016-09-30": "$101", "2016-06-30": "$92", "2016-03-31": "$86", "2015-12-31": "$72", "2015-09-30": "$104", "2015-06-30": "$98", "2015-03-31": "$91", "2014-12-31": "$11", "2014-09-30": "$88", "2014-06-30": "$99", "2014-03-31": "$81", "2013-12-31": "$129", "2013-09-30": "$92", "2013-06-30": "$73", "2013-03-31": "$67", "2012-12-31": "$5", "2012-09-30": "$75", "2012-06-30": "$83", "2012-03-31": "$74", "2011-12-31": "$14", "2011-09-30": "$65", "2011-06-30": "$67", "2011-03-31": "$66", "2010-12-31": "$76", "2010-09-30": "$65", "2010-06-30": "$57", "2010-03-31": "$51", "2009-12-31": "$55", "2009-09-30": "$36", "2009-06-30": "$61", "2009-03-31": "$48", "2008-12-31": "$38", "2008-09-30": "$66", "2008-06-30": "$67", "2008-03-31": "$55", "2007-12-31": "$69", "2007-09-30": "$65", "2007-06-30": "$68", "2007-03-31": "$44", "2006-12-31": "$62", "2006-09-30": "$54", "2006-06-30": "$53", "2006-03-31": "$46", "2005-12-31": "$114", "2005-09-30": "$63", "2005-06-30": "$42", "2005-03-31": "$47"}}, "net-income": {"PerkinElmer Annual Net Income (Millions of US $)": {"2020": "$728", "2019": "$228", "2018": "$238", "2017": "$293", "2016": "$234", "2015": "$212", "2014": "$158", "2013": "$167", "2012": "$70", "2011": "$8", "2010": "$391", "2009": "$82", "2008": "$126", "2007": "$132", "2006": "$120", "2005": "$268"}, "PerkinElmer Quarterly Net Income (Millions of US $)": {"2020-12-31": "$380", "2020-09-30": "$177", "2020-06-30": "$137", "2020-03-31": "$34", "2019-12-31": "$65", "2019-09-30": "$59", "2019-06-30": "$69", "2019-03-31": "$35", "2018-12-31": "$71", "2018-09-30": "$77", "2018-06-30": "$64", "2018-03-31": "$26", "2017-12-31": "$-41", "2017-09-30": "$91", "2017-06-30": "$204", "2017-03-31": "$39", "2016-12-31": "$65", "2016-09-30": "$58", "2016-06-30": "$64", "2016-03-31": "$47", "2015-12-31": "$68", "2015-09-30": "$55", "2015-06-30": "$49", "2015-03-31": "$40", "2014-12-31": "$31", "2014-09-30": "$42", "2014-06-30": "$50", "2014-03-31": "$34", "2013-12-31": "$67", "2013-09-30": "$40", "2013-06-30": "$28", "2013-03-31": "$32", "2012-12-31": "$-16", "2012-09-30": "$30", "2012-06-30": "$34", "2012-03-31": "$23", "2011-12-31": "$-84", "2011-09-30": "$37", "2011-06-30": "$30", "2011-03-31": "$25", "2010-12-31": "$296", "2010-09-30": "$13", "2010-06-30": "$58", "2010-03-31": "$24", "2009-12-31": "$36", "2009-09-30": "$14", "2009-06-30": "$22", "2009-03-31": "$11", "2008-12-31": "$31", "2008-09-30": "$52", "2008-06-30": "$24", "2008-03-31": "$20", "2007-12-31": "$53", "2007-09-30": "$31", "2007-06-30": "$34", "2007-03-31": "$15", "2006-12-31": "$42", "2006-09-30": "$30", "2006-06-30": "$24", "2006-03-31": "$24", "2005-12-31": "$188", "2005-09-30": "$32", "2005-06-30": "$29", "2005-03-31": "$20"}}, "eps-earnings-per-share-diluted": {"PerkinElmer Annual EPS": {"2020": "$6.49", "2019": "$2.04", "2018": "$2.13", "2017": "$2.64", "2016": "$2.12", "2015": "$1.87", "2014": "$1.39", "2013": "$1.47", "2012": "$0.61", "2011": "$0.07", "2010": "$3.31", "2009": "$0.70", "2008": "$1.07", "2007": "$1.09", "2006": "$0.95", "2005": "$2.04"}, "PerkinElmer Quarterly EPS": {"2020-12-31": "$3.38", "2020-09-30": "$1.57", "2020-06-30": "$1.23", "2020-03-31": "$0.30", "2019-12-31": "$0.58", "2019-09-30": "$0.52", "2019-06-30": "$0.62", "2019-03-31": "$0.32", "2018-12-31": "$0.64", "2018-09-30": "$0.69", "2018-06-30": "$0.57", "2018-03-31": "$0.23", "2017-12-31": "$-0.37", "2017-09-30": "$0.82", "2017-06-30": "$1.84", "2017-03-31": "$0.35", "2016-12-31": "$0.58", "2016-09-30": "$0.53", "2016-06-30": "$0.58", "2016-03-31": "$0.43", "2015-12-31": "$0.60", "2015-09-30": "$0.48", "2015-06-30": "$0.43", "2015-03-31": "$0.36", "2014-12-31": "$0.28", "2014-09-30": "$0.37", "2014-06-30": "$0.44", "2014-03-31": "$0.30", "2013-12-31": "$0.58", "2013-09-30": "$0.36", "2013-06-30": "$0.25", "2013-03-31": "$0.28", "2012-12-31": "$-0.14", "2012-09-30": "$0.26", "2012-06-30": "$0.29", "2012-03-31": "$0.20", "2011-12-31": "$-0.73", "2011-09-30": "$0.32", "2011-06-30": "$0.26", "2011-03-31": "$0.22", "2010-12-31": "$2.50", "2010-09-30": "$0.11", "2010-06-30": "$0.49", "2010-03-31": "$0.21", "2009-12-31": "$0.31", "2009-09-30": "$0.12", "2009-06-30": "$0.18", "2009-03-31": "$0.09", "2008-12-31": "$0.27", "2008-09-30": "$0.43", "2008-06-30": "$0.20", "2008-03-31": "$0.17", "2007-12-31": "$0.43", "2007-09-30": "$0.26", "2007-06-30": "$0.28", "2007-03-31": "$0.12", "2006-12-31": "$0.34", "2006-09-30": "$0.24", "2006-06-30": "$0.19", "2006-03-31": "$0.18", "2005-12-31": "$1.43", "2005-09-30": "$0.24", "2005-06-30": "$0.22", "2005-03-31": "$0.15"}}, "shares-outstanding": {"PerkinElmer Annual Shares Outstanding (Millions of Shares)": {"2020": "112", "2019": "112", "2018": "112", "2017": "111", "2016": "110", "2015": "113", "2014": "114", "2013": "114", "2012": "115", "2011": "114", "2010": "118", "2009": "117", "2008": "119", "2007": "121", "2006": "127", "2005": "131"}, "PerkinElmer Quarterly Shares Outstanding (Millions of Shares)": {"2020-12-31": "113", "2020-09-30": "112", "2020-06-30": "112", "2020-03-31": "112", "2019-12-31": "112", "2019-09-30": "112", "2019-06-30": "112", "2019-03-31": "111", "2018-12-31": "112", "2018-09-30": "112", "2018-06-30": "111", "2018-03-31": "111", "2017-12-31": "111", "2017-09-30": "111", "2017-06-30": "111", "2017-03-31": "110", "2016-12-31": "110", "2016-09-30": "110", "2016-06-30": "110", "2016-03-31": "111", "2015-12-31": "113", "2015-09-30": "113", "2015-06-30": "114", "2015-03-31": "113", "2014-12-31": "114", "2014-09-30": "114", "2014-06-30": "114", "2014-03-31": "114", "2013-12-31": "114", "2013-09-30": "113", "2013-06-30": "113", "2013-03-31": "115", "2012-12-31": "115", "2012-09-30": "115", "2012-06-30": "115", "2012-03-31": "114", "2011-12-31": "114", "2011-09-30": "113", "2011-06-30": "114", "2011-03-31": "115", "2010-12-31": "118", "2010-09-30": "118", "2010-06-30": "118", "2010-03-31": "118", "2009-12-31": "117", "2009-09-30": "117", "2009-06-30": "116", "2009-03-31": "117", "2008-12-31": "119", "2008-09-30": "120", "2008-06-30": "119", "2008-03-31": "118", "2007-12-31": "121", "2007-09-30": "119", "2007-06-30": "121", "2007-03-31": "123", "2006-12-31": "127", "2006-09-30": "125", "2006-06-30": "127", "2006-03-31": "130", "2005-12-31": "131", "2005-09-30": "131", "2005-06-30": "131", "2005-03-31": "131"}}, "total-assets": {"PerkinElmer Annual Total Assets (Millions of US $)": {"2019": "$6,539", "2018": "$5,976", "2017": "$6,091", "2016": "$4,277", "2015": "$4,166", "2014": "$4,128", "2013": "$3,947", "2012": "$3,902", "2011": "$3,856", "2010": "$3,209", "2009": "$3,059", "2008": "$2,932", "2007": "$2,949", "2006": "$2,510", "2005": "$2,693"}, "PerkinElmer Quarterly Total Assets (Millions of US $)": {"2020-09-30": "$6,866", "2020-06-30": "$6,637", "2020-03-31": "$6,384", "2019-12-31": "$6,539", "2019-09-30": "$6,489", "2019-06-30": "$6,399", "2019-03-31": "$6,086", "2018-12-31": "$5,976", "2018-09-30": "$5,862", "2018-06-30": "$5,958", "2018-03-31": "$6,126", "2017-12-31": "$6,091", "2017-09-30": "$4,739", "2017-06-30": "$4,605", "2017-03-31": "$4,341", "2016-12-31": "$4,277", "2016-09-30": "$4,305", "2016-06-30": "$4,194", "2016-03-31": "$4,211", "2015-12-31": "$4,166", "2015-09-30": "$4,032", "2015-06-30": "$4,083", "2015-03-31": "$4,028", "2014-12-31": "$4,128", "2014-09-30": "$3,886", "2014-06-30": "$3,937", "2014-03-31": "$3,971", "2013-12-31": "$3,947", "2013-09-30": "$3,852", "2013-06-30": "$3,811", "2013-03-31": "$3,808", "2012-12-31": "$3,902", "2012-09-30": "$3,890", "2012-06-30": "$3,801", "2012-03-31": "$3,864", "2011-12-31": "$3,856", "2011-09-30": "$3,402", "2011-06-30": "$3,596", "2011-03-31": "$3,306", "2010-12-31": "$3,209", "2010-09-30": "$3,248", "2010-06-30": "$3,146", "2010-03-31": "$3,027", "2009-12-31": "$3,059", "2009-09-30": "$3,059", "2009-06-30": "$2,946", "2009-03-31": "$2,858", "2008-12-31": "$2,932", "2008-09-30": "$3,021", "2008-06-30": "$3,076", "2008-03-31": "$3,079", "2007-12-31": "$2,949", "2007-09-30": "$2,591", "2007-06-30": "$2,532", "2007-03-31": "$2,498", "2006-12-31": "$2,510", "2006-09-30": "$2,501", "2006-06-30": "$2,536", "2006-03-31": "$2,496", "2005-12-31": "$2,693", "2005-09-30": "$2,494", "2005-06-30": "$2,492", "2005-03-31": "$2,567"}}, "cash-on-hand": {"PerkinElmer Annual Cash on Hand (Millions of US $)": {"2019": "$192", "2018": "$163", "2017": "$202", "2016": "$359", "2015": "$238", "2014": "$175", "2013": "$173", "2012": "$171", "2011": "$142", "2010": "$420", "2009": "$180", "2008": "$179", "2007": "$203", "2006": "$191", "2005": "$502"}, "PerkinElmer Quarterly Cash on Hand (Millions of US $)": {"2020-09-30": "$258", "2020-06-30": "$219", "2020-03-31": "$195", "2019-12-31": "$192", "2019-09-30": "$393", "2019-06-30": "$150", "2019-03-31": "$134", "2018-12-31": "$163", "2018-09-30": "$150", "2018-06-30": "$163", "2018-03-31": "$181", "2017-12-31": "$202", "2017-09-30": "$709", "2017-06-30": "$616", "2017-03-31": "$288", "2016-12-31": "$359", "2016-09-30": "$312", "2016-06-30": "$248", "2016-03-31": "$211", "2015-12-31": "$238", "2015-09-30": "$195", "2015-06-30": "$192", "2015-03-31": "$169", "2014-12-31": "$175", "2014-09-30": "$204", "2014-06-30": "$205", "2014-03-31": "$224", "2013-12-31": "$173", "2013-09-30": "$132", "2013-06-30": "$112", "2013-03-31": "$126", "2012-12-31": "$171", "2012-09-30": "$171", "2012-06-30": "$171", "2012-03-31": "$145", "2011-12-31": "$142", "2011-09-30": "$248", "2011-06-30": "$395", "2011-03-31": "$416", "2010-12-31": "$420", "2010-09-30": "$251", "2010-06-30": "$216", "2010-03-31": "$182", "2009-12-31": "$180", "2009-09-30": "$151", "2009-06-30": "$151", "2009-03-31": "$162", "2008-12-31": "$179", "2008-09-30": "$189", "2008-06-30": "$193", "2008-03-31": "$185", "2007-12-31": "$203", "2007-09-30": "$161", "2007-06-30": "$150", "2007-03-31": "$120", "2006-12-31": "$191", "2006-09-30": "$207", "2006-06-30": "$324", "2006-03-31": "$322", "2005-12-31": "$502", "2005-09-30": "$166", "2005-06-30": "$159", "2005-03-31": "$184"}}, "long-term-debt": {"PerkinElmer Annual Long Term Debt (Millions of US $)": {"2019": "$2,064", "2018": "$1,877", "2017": "$1,789", "2016": "$1,045", "2015": "$1,012", "2014": "$1,045", "2013": "$932", "2012": "$939", "2011": "$945", "2010": "$424", "2009": "$558", "2008": "$509", "2007": "$516", "2006": "$152", "2005": "$243"}, "PerkinElmer Quarterly Long Term Debt (Millions of US $)": {"2020-09-30": "$1,493", "2020-06-30": "$1,625", "2020-03-31": "$2,011", "2019-12-31": "$2,064", "2019-09-30": "$1,751", "2019-06-30": "$2,104", "2019-03-31": "$1,849", "2018-12-31": "$1,877", "2018-09-30": "$1,883", "2018-06-30": "$1,984", "2018-03-31": "$1,860", "2017-12-31": "$1,789", "2017-09-30": "$1,109", "2017-06-30": "$1,089", "2017-03-31": "$1,053", "2016-12-31": "$1,045", "2016-09-30": "$1,132", "2016-06-30": "$1,057", "2016-03-31": "$1,120", "2015-12-31": "$1,012", "2015-09-30": "$1,027", "2015-06-30": "$986", "2015-03-31": "$1,015", "2014-12-31": "$1,045", "2014-09-30": "$859", "2014-06-30": "$894", "2014-03-31": "$927", "2013-12-31": "$932", "2013-09-30": "$933", "2013-06-30": "$1,002", "2013-03-31": "$1,019", "2012-12-31": "$939", "2012-09-30": "$931", "2012-06-30": "$911", "2012-03-31": "$934", "2011-12-31": "$945", "2011-09-30": "$150", "2011-06-30": "$671", "2011-03-31": "$514", "2010-12-31": "$424", "2010-09-30": "$670", "2010-06-30": "$620", "2010-03-31": "$528", "2009-12-31": "$558", "2009-09-30": "$577", "2009-06-30": "$524", "2009-03-31": "$544", "2008-12-31": "$509", "2008-09-30": "$544", "2008-06-30": "$521", "2008-03-31": "$566", "2007-12-31": "$516", "2007-09-30": "$246", "2007-06-30": "$235", "2007-03-31": "$178", "2006-12-31": "$152", "2006-09-30": "$201", "2006-06-30": "$199", "2006-03-31": "$207", "2005-12-31": "$243", "2005-09-30": "$268", "2005-06-30": "$268", "2005-03-31": "$365"}}, "total-liabilities": {"PerkinElmer Annual Total Liabilities (Millions of US $)": {"2019": "$3,725", "2018": "$3,391", "2017": "$3,588", "2016": "$2,123", "2015": "$2,056", "2014": "$2,085", "2013": "$1,952", "2012": "$1,962", "2011": "$2,013", "2010": "$1,284", "2009": "$1,430", "2008": "$1,364", "2007": "$1,374", "2006": "$933", "2005": "$1,043"}, "PerkinElmer Quarterly Total Liabilities (Millions of US $)": {"2020-09-30": "$3,634", "2020-06-30": "$3,669", "2020-03-31": "$3,625", "2019-12-31": "$3,725", "2019-09-30": "$3,782", "2019-06-30": "$3,692", "2019-03-31": "$3,448", "2018-12-31": "$3,391", "2018-09-30": "$3,290", "2018-06-30": "$3,441", "2018-03-31": "$3,571", "2017-12-31": "$3,588", "2017-09-30": "$2,203", "2017-06-30": "$2,166", "2017-03-31": "$2,132", "2016-12-31": "$2,123", "2016-09-30": "$2,169", "2016-06-30": "$2,106", "2016-03-31": "$2,161", "2015-12-31": "$2,056", "2015-09-30": "$1,977", "2015-06-30": "$1,962", "2015-03-31": "$1,968", "2014-12-31": "$2,085", "2014-09-30": "$1,824", "2014-06-30": "$1,881", "2014-03-31": "$1,942", "2013-12-31": "$1,952", "2013-09-30": "$1,932", "2013-06-30": "$1,951", "2013-03-31": "$1,974", "2012-12-31": "$1,962", "2012-09-30": "$1,948", "2012-06-30": "$1,916", "2012-03-31": "$1,982", "2011-12-31": "$2,013", "2011-09-30": "$1,457", "2011-06-30": "$1,639", "2011-03-31": "$1,398", "2010-12-31": "$1,284", "2010-09-30": "$1,541", "2010-06-30": "$1,502", "2010-03-31": "$1,396", "2009-12-31": "$1,430", "2009-09-30": "$1,457", "2009-06-30": "$1,372", "2009-03-31": "$1,346", "2008-12-31": "$1,364", "2008-09-30": "$1,386", "2008-06-30": "$1,421", "2008-03-31": "$1,461", "2007-12-31": "$1,374", "2007-09-30": "$1,055", "2007-06-30": "$1,036", "2007-03-31": "$956", "2006-12-31": "$933", "2006-09-30": "$945", "2006-06-30": "$935", "2006-03-31": "$920", "2005-12-31": "$1,043", "2005-09-30": "$1,008", "2005-06-30": "$1,035", "2005-03-31": "$1,106"}}, "total-share-holder-equity": {"PerkinElmer Annual Share Holder Equity (Millions of US $)": {"2019": "$2,814", "2018": "$2,585", "2017": "$2,503", "2016": "$2,154", "2015": "$2,110", "2014": "$2,042", "2013": "$1,994", "2012": "$1,940", "2011": "$1,842", "2010": "$1,925", "2009": "$1,629", "2008": "$1,568", "2007": "$1,575", "2006": "$1,578", "2005": "$1,651"}, "PerkinElmer Quarterly Share Holder Equity (Millions of US $)": {"2020-09-30": "$3,232", "2020-06-30": "$2,967", "2020-03-31": "$2,760", "2019-12-31": "$2,814", "2019-09-30": "$2,707", "2019-06-30": "$2,707", "2019-03-31": "$2,638", "2018-12-31": "$2,585", "2018-09-30": "$2,572", "2018-06-30": "$2,517", "2018-03-31": "$2,555", "2017-12-31": "$2,503", "2017-09-30": "$2,536", "2017-06-30": "$2,439", "2017-03-31": "$2,209", "2016-12-31": "$2,154", "2016-09-30": "$2,135", "2016-06-30": "$2,088", "2016-03-31": "$2,049", "2015-12-31": "$2,110", "2015-09-30": "$2,054", "2015-06-30": "$2,121", "2015-03-31": "$2,060", "2014-12-31": "$2,042", "2014-09-30": "$2,063", "2014-06-30": "$2,056", "2014-03-31": "$2,029", "2013-12-31": "$1,994", "2013-09-30": "$1,920", "2013-06-30": "$1,860", "2013-03-31": "$1,834", "2012-12-31": "$1,940", "2012-09-30": "$1,942", "2012-06-30": "$1,885", "2012-03-31": "$1,883", "2011-12-31": "$1,842", "2011-09-30": "$1,945", "2011-06-30": "$1,956", "2011-03-31": "$1,908", "2010-12-31": "$1,925", "2010-09-30": "$1,707", "2010-06-30": "$1,644", "2010-03-31": "$1,631", "2009-12-31": "$1,629", "2009-09-30": "$1,602", "2009-06-30": "$1,574", "2009-03-31": "$1,512", "2008-12-31": "$1,568", "2008-09-30": "$1,635", "2008-06-30": "$1,656", "2008-03-31": "$1,618", "2007-12-31": "$1,575", "2007-09-30": "$1,536", "2007-06-30": "$1,496", "2007-03-31": "$1,542", "2006-12-31": "$1,578", "2006-09-30": "$1,557", "2006-06-30": "$1,601", "2006-03-31": "$1,576", "2005-12-31": "$1,651", "2005-09-30": "$1,486", "2005-06-30": "$1,458", "2005-03-31": "$1,461"}}, "profit-margins": {"current": "19.24%"}, "gross margin": {"2020-12-31": "55.75%", "2020-09-30": "51.96%", "2020-06-30": "50.24%", "2020-03-31": "48.35%", "2019-12-31": "48.40%", "2019-09-30": "48.47%", "2019-06-30": "48.68%", "2019-03-31": "48.74%", "2018-12-31": "48.25%", "2018-09-30": "47.73%", "2018-06-30": "47.50%", "2018-03-31": "47.17%", "2017-12-31": "47.59%", "2017-09-30": "47.85%", "2017-06-30": "47.81%", "2017-03-31": "47.86%", "2016-12-31": "47.99%", "2016-09-30": "48.02%", "2016-06-30": "47.17%", "2016-03-31": "46.48%", "2015-12-31": "45.84%", "2015-09-30": "45.39%", "2015-06-30": "45.27%", "2015-03-31": "45.21%", "2014-12-31": "45.17%", "2014-09-30": "45.22%", "2014-06-30": "45.18%", "2014-03-31": "45.21%", "2013-12-31": "45.25%", "2013-09-30": "45.05%", "2013-06-30": "45.21%", "2013-03-31": "45.48%", "2012-12-31": "45.68%", "2012-09-30": "45.20%", "2012-06-30": "44.89%", "2012-03-31": "44.35%", "2011-12-31": "44.16%", "2011-09-30": "44.20%", "2011-06-30": "44.32%", "2011-03-31": "44.62%", "2010-12-31": "44.54%", "2010-09-30": "45.99%", "2010-06-30": "46.15%", "2010-03-31": "45.59%", "2009-12-31": "45.29%", "2009-09-30": "45.47%", "2009-06-30": "44.87%", "2009-03-31": "44.68%", "2008-12-31": "44.22%", "2008-09-30": "42.93%", "2008-06-30": "42.47%", "2008-03-31": "41.79%", "2007-12-31": "41.24%", "2007-09-30": "41.13%", "2007-06-30": "40.95%", "2007-03-31": "41.11%", "2006-12-31": "41.30%", "2006-09-30": "40.81%", "2006-06-30": "41.15%", "2006-03-31": "41.33%", "2005-12-31": "41.66%"}, "operating margin": {"2020-12-31": "25.88%", "2020-09-30": "18.78%", "2020-06-30": "14.72%", "2020-03-31": "12.26%", "2019-12-31": "12.55%", "2019-09-30": "11.99%", "2019-06-30": "12.17%", "2019-03-31": "12.11%", "2018-12-31": "11.67%", "2018-09-30": "11.34%", "2018-06-30": "11.80%", "2018-03-31": "11.98%", "2017-12-31": "13.11%", "2017-09-30": "13.47%", "2017-06-30": "13.63%", "2017-03-31": "13.33%", "2016-12-31": "13.95%", "2016-09-30": "12.66%", "2016-06-30": "12.35%", "2016-03-31": "12.28%", "2015-12-31": "11.92%", "2015-09-30": "8.88%", "2015-06-30": "8.15%", "2015-03-31": "8.28%", "2014-12-31": "8.02%", "2014-09-30": "12.40%", "2014-06-30": "12.47%", "2014-03-31": "11.18%", "2013-12-31": "10.57%", "2013-09-30": "5.07%", "2013-06-30": "4.39%", "2013-03-31": "4.90%", "2012-12-31": "4.89%", "2012-09-30": "4.95%", "2012-06-30": "4.74%", "2012-03-31": "4.29%", "2011-12-31": "4.69%", "2011-09-30": "9.10%", "2011-06-30": "9.55%", "2011-03-31": "9.52%", "2010-12-31": "9.22%", "2010-09-30": "8.86%", "2010-06-30": "7.84%", "2010-03-31": "8.08%", "2009-12-31": "7.48%", "2009-09-30": "7.57%", "2009-06-30": "8.41%", "2009-03-31": "8.50%", "2008-12-31": "8.86%", "2008-09-30": "8.97%", "2008-06-30": "9.34%", "2008-03-31": "9.86%", "2007-12-31": "9.60%", "2007-09-30": "9.98%", "2007-06-30": "9.72%", "2007-03-31": "9.31%", "2006-12-31": "10.02%", "2006-09-30": "10.02%", "2006-06-30": "10.47%", "2006-03-31": "9.59%", "2005-12-31": "9.57%"}, "ebitda margin": {"2020-09-30": "26.60%", "2020-06-30": "23.15%", "2020-03-31": "20.92%", "2019-12-31": "20.87%", "2019-09-30": "19.82%", "2019-06-30": "19.52%", "2019-03-31": "19.34%", "2018-12-31": "18.98%", "2018-09-30": "18.33%", "2018-06-30": "18.36%", "2018-03-31": "17.89%", "2017-12-31": "18.17%", "2017-09-30": "18.42%", "2017-06-30": "18.58%", "2017-03-31": "18.21%", "2016-12-31": "18.77%", "2016-09-30": "17.56%", "2016-06-30": "17.29%", "2016-03-31": "17.34%", "2015-12-31": "17.34%", "2015-09-30": "14.51%", "2015-06-30": "13.89%", "2015-03-31": "13.99%", "2014-12-31": "13.48%", "2014-09-30": "17.90%", "2014-06-30": "18.24%", "2014-03-31": "17.18%", "2013-12-31": "16.74%", "2013-09-30": "11.12%", "2013-06-30": "10.38%", "2013-03-31": "10.95%", "2012-12-31": "11.25%", "2012-09-30": "11.82%", "2012-06-30": "11.65%", "2012-03-31": "11.10%", "2011-12-31": "11.05%", "2011-09-30": "14.84%", "2011-06-30": "15.12%", "2011-03-31": "15.04%", "2010-12-31": "14.63%", "2010-09-30": "14.85%", "2010-06-30": "13.33%", "2010-03-31": "13.45%", "2009-12-31": "12.90%", "2009-09-30": "12.47%", "2009-06-30": "13.58%", "2009-03-31": "13.39%", "2008-12-31": "13.61%", "2008-09-30": "13.55%", "2008-06-30": "13.82%", "2008-03-31": "14.40%", "2007-12-31": "14.23%", "2007-09-30": "14.63%", "2007-06-30": "14.38%", "2007-03-31": "13.97%", "2006-12-31": "14.56%", "2006-09-30": "17.72%", "2006-06-30": "18.65%", "2006-03-31": "18.01%", "2005-12-31": "18.05%"}, "pre tax profit margin": {"2020-12-31": "23.98%", "2020-09-30": "15.43%", "2020-06-30": "11.02%", "2020-03-31": "8.14%", "2019-12-31": "8.22%", "2019-09-30": "8.85%", "2019-06-30": "9.49%", "2019-03-31": "9.56%", "2018-12-31": "9.29%", "2018-09-30": "9.76%", "2018-06-30": "11.29%", "2018-03-31": "11.98%", "2017-12-31": "13.16%", "2017-09-30": "13.06%", "2017-06-30": "11.44%", "2017-03-31": "11.03%", "2016-12-31": "11.54%", "2016-09-30": "10.76%", "2016-06-30": "10.45%", "2016-03-31": "10.12%", "2015-12-31": "9.93%", "2015-09-30": "6.87%", "2015-06-30": "6.17%", "2015-03-31": "6.39%", "2014-12-31": "5.99%", "2014-09-30": "9.74%", "2014-06-30": "9.74%", "2014-03-31": "8.25%", "2013-12-31": "7.60%", "2013-09-30": "2.77%", "2013-06-30": "2.08%", "2013-03-31": "2.62%", "2012-12-31": "2.61%", "2012-09-30": "2.59%", "2012-06-30": "2.72%", "2012-03-31": "2.62%", "2011-12-31": "3.34%", "2011-09-30": "8.23%", "2011-06-30": "8.55%", "2011-03-31": "9.97%", "2010-12-31": "9.75%", "2010-09-30": "9.45%", "2010-06-30": "8.51%", "2010-03-31": "7.02%", "2009-12-31": "6.39%", "2009-09-30": "4.77%", "2009-06-30": "5.74%", "2009-03-31": "5.87%", "2008-12-31": "6.27%", "2008-09-30": "7.81%", "2008-06-30": "8.20%", "2008-03-31": "8.80%", "2007-12-31": "8.62%", "2007-09-30": "9.18%", "2007-06-30": "9.21%", "2007-03-31": "8.85%", "2006-12-31": "9.75%", "2006-09-30": "6.44%", "2006-06-30": "6.42%", "2006-03-31": "5.10%", "2005-12-31": "4.55%"}, "net profit margin": {"2020-12-31": "19.24%", "2020-09-30": "12.77%", "2020-06-30": "9.91%", "2020-03-31": "7.86%", "2019-12-31": "7.91%", "2019-09-30": "8.25%", "2019-06-30": "8.99%", "2019-03-31": "8.88%", "2018-12-31": "8.57%", "2018-09-30": "4.73%", "2018-06-30": "5.51%", "2018-03-31": "11.73%", "2017-12-31": "12.98%", "2017-09-30": "18.29%", "2017-06-30": "17.09%", "2017-03-31": "10.61%", "2016-12-31": "11.06%", "2016-09-30": "11.86%", "2016-06-30": "11.43%", "2016-03-31": "10.55%", "2015-12-31": "10.07%", "2015-09-30": "8.35%", "2015-06-30": "7.81%", "2015-03-31": "7.89%", "2014-12-31": "7.58%", "2014-09-30": "8.70%", "2014-06-30": "8.69%", "2014-03-31": "7.74%", "2013-12-31": "7.74%", "2013-09-30": "3.94%", "2013-06-30": "3.49%", "2013-03-31": "3.81%", "2012-12-31": "3.37%", "2012-09-30": "0.14%", "2012-06-30": "0.49%", "2012-03-31": "0.30%", "2011-12-31": "0.42%", "2011-09-30": "21.02%", "2011-06-30": "20.09%", "2011-03-31": "22.34%", "2010-12-31": "22.97%", "2010-09-30": "8.53%", "2010-06-30": "8.84%", "2010-03-31": "6.36%", "2009-12-31": "5.35%", "2009-09-30": "5.32%", "2009-06-30": "7.39%", "2009-03-31": "7.21%", "2008-12-31": "7.65%", "2008-09-30": "7.86%", "2008-06-30": "6.91%", "2008-03-31": "7.73%", "2007-12-31": "7.69%", "2007-09-30": "7.47%", "2007-06-30": "7.63%", "2007-03-31": "7.28%", "2006-12-31": "8.12%", "2006-09-30": "17.65%", "2006-06-30": "18.11%", "2006-03-31": "18.56%", "2005-12-31": "18.25%"}, "pe ratio": {"current": "17.49", "2021-02-05": "46.78", "2020-12-31": "46.27", "2020-09-30": "34.07", "2020-06-30": "37.23", "2020-03-31": "37.17", "2019-12-31": "47.44", "2019-09-30": "40.39", "2019-06-30": "42.24", "2019-03-31": "43.17", "2018-12-31": "36.64", "2018-09-30": "86.23", "2018-06-30": "58.11", "2018-03-31": "29.78", "2017-12-31": "27.42", "2017-09-30": "18.95", "2017-06-30": "20.34", "2017-03-31": "27.95", "2016-12-31": "24.13", "2016-09-30": "25.69", "2016-06-30": "24.54", "2016-03-31": "24.90", "2015-12-31": "27.93", "2015-09-30": "29.21", "2015-06-30": "35.99", "2015-03-31": "34.67", "2014-12-31": "30.89", "2014-09-30": "25.25", "2014-06-30": "27.25", "2014-03-31": "29.53", "2013-12-31": "27.35", "2013-09-30": "48.65", "2013-06-30": "48.22", "2013-03-31": "46.93", "2012-12-31": "49.98", "2012-09-30": "0.00", "2012-06-30": "493.12", "2012-03-31": "2636.38", "2011-12-31": "1900.54", "2011-09-30": "5.65", "2011-06-30": "8.41", "2011-03-31": "7.59", "2010-12-31": "7.42", "2010-09-30": "18.84", "2010-06-30": "16.62", "2010-03-31": "26.15", "2009-12-31": "26.15", "2009-09-30": "27.34", "2009-06-30": "16.68", "2009-03-31": "11.93", "2008-12-31": "11.95", "2008-09-30": "18.28", "2008-06-30": "23.56", "2008-03-31": "19.04", "2007-12-31": "21.30", "2007-09-30": "26.24", "2007-06-30": "23.82", "2007-03-31": "24.31", "2006-12-31": "20.84"}, "price sales": {"2021-02-05": "4.30", "2020-12-31": "4.25", "2020-09-30": "4.34", "2020-06-30": "3.67", "2020-03-31": "2.90", "2019-12-31": "3.74", "2019-09-30": "3.34", "2019-06-30": "3.82", "2019-03-31": "3.84", "2018-12-31": "3.13", "2018-09-30": "4.04", "2018-06-30": "3.18", "2018-03-31": "3.49", "2017-12-31": "3.55", "2017-09-30": "3.46", "2017-06-30": "3.47", "2017-03-31": "2.96", "2016-12-31": "2.68", "2016-09-30": "3.07", "2016-06-30": "2.82", "2016-03-31": "2.64", "2015-12-31": "2.83", "2015-09-30": "2.44", "2015-06-30": "2.82", "2015-03-31": "2.75", "2014-12-31": "2.34", "2014-09-30": "2.18", "2014-06-30": "2.35", "2014-03-31": "2.27", "2013-12-31": "2.10", "2013-09-30": "1.95", "2013-06-30": "1.69", "2013-03-31": "1.77", "2012-12-31": "1.66", "2012-09-30": "1.55", "2012-06-30": "1.39", "2012-03-31": "1.51", "2011-12-31": "1.13", "2011-09-30": "1.13", "2011-06-30": "1.63", "2011-03-31": "1.65", "2010-12-31": "1.68", "2010-09-30": "1.66", "2010-06-30": "1.52", "2010-03-31": "1.72", "2009-12-31": "1.43", "2009-09-30": "1.41", "2009-06-30": "1.20", "2009-03-31": "0.85", "2008-12-31": "0.91", "2008-09-30": "1.43", "2008-06-30": "1.63", "2008-03-31": "1.47", "2007-12-31": "1.64", "2007-09-30": "1.96", "2007-06-30": "1.82", "2007-03-31": "1.78", "2006-12-31": "1.70"}, "price book": {"current": "4.35", "2021-02-05": "5.02", "2020-09-30": "4.34", "2020-06-30": "3.68", "2020-03-31": "3.03", "2019-12-31": "3.82", "2019-09-30": "3.48", "2019-06-30": "3.93", "2019-03-31": "4.03", "2018-12-31": "3.34", "2018-09-30": "4.17", "2018-06-30": "3.20", "2018-03-31": "3.25", "2017-12-31": "3.19", "2017-09-30": "2.96", "2017-06-30": "3.04", "2017-03-31": "2.85", "2016-12-31": "2.62", "2016-09-30": "2.83", "2016-06-30": "2.70", "2016-03-31": "2.58", "2015-12-31": "2.79", "2015-09-30": "2.45", "2015-06-30": "2.75", "2015-03-31": "2.74", "2014-12-31": "2.35", "2014-09-30": "2.32", "2014-06-30": "2.50", "2014-03-31": "2.44", "2013-12-31": "2.25", "2013-09-30": "2.14", "2013-06-30": "1.89", "2013-03-31": "1.97", "2012-12-31": "1.81", "2012-09-30": "1.67", "2012-06-30": "1.49", "2012-03-31": "1.59", "2011-12-31": "1.17", "2011-09-30": "1.06", "2011-06-30": "1.47", "2011-03-31": "1.46", "2010-12-31": "1.46", "2010-09-30": "1.50", "2010-06-30": "1.38", "2010-03-31": "1.60", "2009-12-31": "1.37", "2009-09-30": "1.30", "2009-06-30": "1.19", "2009-03-31": "0.90", "2008-12-31": "0.95", "2008-09-30": "1.64", "2008-06-30": "1.81", "2008-03-31": "1.59", "2007-12-31": "1.75", "2007-09-30": "2.02", "2007-06-30": "1.85", "2007-03-31": "1.70", "2006-12-31": "1.55", "2006-09-30": "1.33", "2006-06-30": "1.46", "2006-03-31": "1.66"}, "price fcf": {"2021-02-05": "", "2020-09-30": "$4.87", "2020-06-30": "$3.99", "2020-03-31": "$3.16", "2019-12-31": "$2.58", "2019-09-30": "$1.99", "2019-06-30": "$2.18", "2019-03-31": "$2.41", "2018-12-31": "$2.29", "2018-09-30": "$2.17", "2018-06-30": "$1.61", "2018-03-31": "$1.49", "2017-12-31": "$2.26", "2017-09-30": "$2.71", "2017-06-30": "$2.68", "2017-03-31": "$3.29", "2016-12-31": "$3.08", "2016-09-30": "$2.63", "2016-06-30": "$2.70", "2016-03-31": "$2.22", "2015-12-31": "$2.28", "2015-09-30": "$2.10", "2015-06-30": "$2.11", "2015-03-31": "$2.01", "2014-12-31": "$2.26", "2014-09-30": "$1.99", "2014-06-30": "$2.32", "2014-03-31": "$2.06", "2013-12-31": "$1.51", "2013-09-30": "$1.14", "2013-06-30": "$0.39", "2013-03-31": "$0.86", "2012-12-31": "$0.96", "2012-09-30": "$1.44", "2012-06-30": "$1.72", "2012-03-31": "$1.50", "2011-12-31": "$1.71", "2011-09-30": "$1.19", "2011-06-30": "$0.90", "2011-03-31": "$1.15", "2010-12-31": "$1.20", "2010-09-30": "$1.49", "2010-06-30": "$1.72", "2010-03-31": "$1.33", "2009-12-31": "$1.06", "2009-09-30": "$1.34", "2009-06-30": "$1.22", "2009-03-31": "$1.55", "2008-12-31": "$1.54", "2008-09-30": "$1.51", "2008-06-30": "$1.47", "2008-03-31": "$1.44", "2007-12-31": "$1.41", "2007-09-30": "$1.29", "2007-06-30": "$1.31", "2007-03-31": "$0.96", "2006-12-31": "$0.74"}, "net worth": {"value": "$16.24B"}, "current ratio": {"2020-12-31": "1.35", "2020-09-30": "1.35", "2020-06-30": "1.32", "2020-03-31": "1.84", "2019-12-31": "1.80", "2019-09-30": "1.30", "2019-06-30": "1.89", "2019-03-31": "1.68", "2018-12-31": "1.60", "2018-09-30": "1.70", "2018-06-30": "1.69", "2018-03-31": "1.33", "2017-12-31": "1.26", "2017-09-30": "2.59", "2017-06-30": "2.43", "2017-03-31": "1.86", "2016-12-31": "1.97", "2016-09-30": "2.11", "2016-06-30": "1.92", "2016-03-31": "1.89", "2015-12-31": "1.84", "2015-09-30": "1.94", "2015-06-30": "1.86", "2015-03-31": "1.86", "2014-12-31": "1.79", "2014-09-30": "1.89", "2014-06-30": "1.87", "2014-03-31": "1.81", "2013-12-31": "1.73", "2013-09-30": "1.61", "2013-06-30": "1.61", "2013-03-31": "1.56", "2012-12-31": "1.67", "2012-09-30": "1.62", "2012-06-30": "1.53", "2012-03-31": "1.51", "2011-12-31": "1.48", "2011-09-30": "1.06", "2011-06-30": "1.92", "2011-03-31": "2.13", "2010-12-31": "2.11", "2010-09-30": "1.90", "2010-06-30": "1.80", "2010-03-31": "1.79", "2009-12-31": "1.78", "2009-09-30": "1.66", "2009-06-30": "1.65", "2009-03-31": "1.67", "2008-12-31": "1.61", "2008-09-30": "1.66", "2008-06-30": "1.55", "2008-03-31": "1.57", "2007-12-31": "1.54", "2007-09-30": "1.70", "2007-06-30": "1.58", "2007-03-31": "1.60", "2006-12-31": "1.56", "2006-09-30": "1.66", "2006-06-30": "1.93", "2006-03-31": "2.00", "2005-12-31": "2.02", "2005-09-30": "1.60", "2005-06-30": "1.48", "2005-03-31": "1.71"}, "quick ratio": {"2020-12-31": "1.04", "2020-09-30": "0.96", "2020-06-30": "0.91", "2020-03-31": "1.30", "2019-12-31": "1.33", "2019-09-30": "0.97", "2019-06-30": "1.31", "2019-03-31": "1.17", "2018-12-31": "1.16", "2018-09-30": "1.18", "2018-06-30": "1.17", "2018-03-31": "0.93", "2017-12-31": "0.89", "2017-09-30": "2.09", "2017-06-30": "1.97", "2017-03-31": "1.42", "2016-12-31": "1.56", "2016-09-30": "1.55", "2016-06-30": "1.39", "2016-03-31": "1.33", "2015-12-31": "1.38", "2015-09-30": "1.37", "2015-06-30": "1.33", "2015-03-31": "1.33", "2014-12-31": "1.31", "2014-09-30": "1.40", "2014-06-30": "1.39", "2014-03-31": "1.35", "2013-12-31": "1.30", "2013-09-30": "1.14", "2013-06-30": "1.15", "2013-03-31": "1.11", "2012-12-31": "1.25", "2012-09-30": "1.17", "2012-06-30": "1.11", "2012-03-31": "1.09", "2011-12-31": "1.07", "2011-09-30": "0.80", "2011-06-30": "1.53", "2011-03-31": "1.69", "2010-12-31": "1.70", "2010-09-30": "1.49", "2010-06-30": "1.35", "2010-03-31": "1.33", "2009-12-31": "1.42", "2009-09-30": "1.22", "2009-06-30": "1.22", "2009-03-31": "1.23", "2008-12-31": "1.22", "2008-09-30": "1.24", "2008-06-30": "1.16", "2008-03-31": "1.17", "2007-12-31": "1.19", "2007-09-30": "1.22", "2007-06-30": "1.13", "2007-03-31": "1.12", "2006-12-31": "1.18", "2006-09-30": "1.24", "2006-06-30": "1.52", "2006-03-31": "1.57", "2005-12-31": "1.69", "2005-09-30": "1.22", "2005-06-30": "1.07", "2005-03-31": "1.25"}, "debt equity ratio": {"current": "0.43", "2020-12-31": "1.14", "2020-09-30": "1.12", "2020-06-30": "1.24", "2020-03-31": "1.31", "2019-12-31": "1.32", "2019-09-30": "1.40", "2019-06-30": "1.36", "2019-03-31": "1.31", "2018-12-31": "1.31", "2018-09-30": "1.28", "2018-06-30": "1.37", "2018-03-31": "1.40", "2017-12-31": "1.43", "2017-09-30": "0.87", "2017-06-30": "0.89", "2017-03-31": "0.97", "2016-12-31": "0.99", "2016-09-30": "1.02", "2016-06-30": "1.01", "2016-03-31": "1.06", "2015-12-31": "0.97", "2015-09-30": "0.96", "2015-06-30": "0.93", "2015-03-31": "0.96", "2014-12-31": "1.02", "2014-09-30": "0.88", "2014-06-30": "0.92", "2014-03-31": "0.96", "2013-12-31": "0.98", "2013-09-30": "1.01", "2013-06-30": "1.05", "2013-03-31": "1.08", "2012-12-31": "1.01", "2012-09-30": "1.00", "2012-06-30": "1.02", "2012-03-31": "1.05", "2011-12-31": "1.09", "2011-09-30": "0.75", "2011-06-30": "0.84", "2011-03-31": "0.73", "2010-12-31": "0.67", "2010-09-30": "0.90", "2010-06-30": "0.91", "2010-03-31": "0.86", "2009-12-31": "0.88", "2009-09-30": "0.91", "2009-06-30": "0.87", "2009-03-31": "0.89", "2008-12-31": "0.87", "2008-09-30": "0.85", "2008-06-30": "0.86", "2008-03-31": "0.90", "2007-12-31": "0.87", "2007-09-30": "0.69", "2007-06-30": "0.69", "2007-03-31": "0.62", "2006-12-31": "0.59", "2006-09-30": "0.61", "2006-06-30": "0.58", "2006-03-31": "0.58", "2005-12-31": "0.63", "2005-09-30": "0.68", "2005-06-30": "0.71", "2005-03-31": "0.76"}, "return on equity": {"2020-12-31": "22.94%", "2020-09-30": "14.03%", "2020-06-30": "10.49%", "2020-03-31": "8.26%", "2019-12-31": "8.39%", "2019-09-30": "8.80%", "2019-06-30": "9.60%", "2019-03-31": "9.58%", "2018-12-31": "9.31%", "2018-09-30": "4.97%", "2018-06-30": "5.54%", "2018-03-31": "11.16%", "2017-12-31": "12.10%", "2017-09-30": "17.09%", "2017-06-30": "16.38%", "2017-03-31": "10.53%", "2016-12-31": "11.11%", "2016-09-30": "11.31%", "2016-06-30": "11.28%", "2016-03-31": "10.51%", "2015-12-31": "10.16%", "2015-09-30": "8.46%", "2015-06-30": "7.82%", "2015-03-31": "7.93%", "2014-12-31": "7.67%", "2014-09-30": "9.48%", "2014-06-30": "9.55%", "2014-03-31": "8.66%", "2013-12-31": "8.78%", "2013-09-30": "4.45%", "2013-06-30": "3.91%", "2013-03-31": "4.21%", "2012-12-31": "3.71%", "2012-09-30": "0.16%", "2012-06-30": "0.53%", "2012-03-31": "0.31%", "2011-12-31": "0.42%", "2011-09-30": "20.07%", "2011-06-30": "19.42%", "2011-03-31": "21.83%", "2010-12-31": "22.64%", "2010-09-30": "7.93%", "2010-06-30": "8.12%", "2010-03-31": "5.97%", "2009-12-31": "5.26%", "2009-09-30": "4.99%", "2009-06-30": "7.38%", "2009-03-31": "7.41%", "2008-12-31": "7.84%", "2008-09-30": "9.19%", "2008-06-30": "8.02%", "2008-03-31": "8.87%", "2007-12-31": "8.65%", "2007-09-30": "7.93%", "2007-06-30": "7.84%", "2007-03-31": "7.07%", "2006-12-31": "7.60%", "2006-09-30": "16.66%", "2006-06-30": "16.98%", "2006-03-31": "17.70%", "2005-12-31": "17.77%"}, "return on assets": {"2020-12-31": "10.44%", "2020-09-30": "6.25%", "2020-06-30": "4.53%", "2020-03-31": "3.52%", "2019-12-31": "3.57%", "2019-09-30": "3.75%", "2019-06-30": "4.14%", "2019-03-31": "4.14%", "2018-12-31": "3.98%", "2018-09-30": "2.10%", "2018-06-30": "2.44%", "2018-03-31": "5.19%", "2017-12-31": "5.93%", "2017-09-30": "8.89%", "2017-06-30": "8.35%", "2017-03-31": "5.28%", "2016-12-31": "5.51%", "2016-09-30": "5.62%", "2016-06-30": "5.64%", "2016-03-31": "5.31%", "2015-12-31": "5.20%", "2015-09-30": "4.30%", "2015-06-30": "4.02%", "2015-03-31": "4.08%", "2014-12-31": "3.94%", "2014-09-30": "4.90%", "2014-06-30": "4.86%", "2014-03-31": "4.34%", "2013-12-31": "4.33%", "2013-09-30": "2.19%", "2013-06-30": "1.92%", "2013-03-31": "2.08%", "2012-12-31": "1.84%", "2012-09-30": "0.08%", "2012-06-30": "0.27%", "2012-03-31": "0.16%", "2011-12-31": "0.23%", "2011-09-30": "11.49%", "2011-06-30": "10.90%", "2011-03-31": "12.15%", "2010-12-31": "12.38%", "2010-09-30": "4.20%", "2010-06-30": "4.30%", "2010-03-31": "3.18%", "2009-12-31": "2.78%", "2009-09-30": "2.65%", "2009-06-30": "3.95%", "2009-03-31": "3.97%", "2008-12-31": "4.20%", "2008-09-30": "4.92%", "2008-06-30": "4.38%", "2008-03-31": "4.95%", "2007-12-31": "5.03%", "2007-09-30": "4.82%", "2007-06-30": "4.82%", "2007-03-31": "4.42%", "2006-12-31": "4.78%", "2006-09-30": "10.40%", "2006-06-30": "10.49%", "2006-03-31": "10.73%", "2005-12-31": "10.50%"}, "return on investments": {"2020-12-31": "20.15%", "2020-09-30": "12.80%", "2020-06-30": "9.37%", "2020-03-31": "7.49%", "2019-12-31": "7.77%", "2019-09-30": "7.47%", "2019-06-30": "7.49%", "2019-03-31": "7.53%", "2018-12-31": "7.27%", "2018-09-30": "6.84%", "2018-06-30": "7.12%", "2018-03-31": "7.20%", "2017-12-31": "8.04%", "2017-09-30": "8.63%", "2017-06-30": "8.81%", "2017-03-31": "8.82%", "2016-12-31": "9.23%", "2016-09-30": "7.97%", "2016-06-30": "8.08%", "2016-03-31": "8.17%", "2015-12-31": "8.11%", "2015-09-30": "6.02%", "2015-06-30": "5.55%", "2015-03-31": "5.68%", "2014-12-31": "5.57%", "2014-09-30": "9.36%", "2014-06-30": "9.38%", "2014-03-31": "8.42%", "2013-12-31": "7.93%", "2013-09-30": "3.77%", "2013-06-30": "3.24%", "2013-03-31": "3.61%", "2012-12-31": "3.63%", "2012-09-30": "3.65%", "2012-06-30": "3.66%", "2012-03-31": "3.29%", "2011-12-31": "3.63%", "2011-09-30": "7.08%", "2011-06-30": "7.08%", "2011-03-31": "7.10%", "2010-12-31": "6.86%", "2010-09-30": "6.05%", "2010-06-30": "5.32%", "2010-03-31": "5.66%", "2009-12-31": "5.45%", "2009-09-30": "5.28%", "2009-06-30": "6.28%", "2009-03-31": "6.55%", "2008-12-31": "6.82%", "2008-09-30": "7.88%", "2008-06-30": "8.40%", "2008-03-31": "9.04%", "2007-12-31": "9.07%", "2007-09-30": "9.36%", "2007-06-30": "8.88%", "2007-03-31": "8.11%", "2006-12-31": "8.37%", "2006-09-30": "8.35%", "2006-06-30": "8.57%", "2006-03-31": "7.88%", "2005-12-31": "7.83%"}, "return on tangible equity": {"2020-09-30": "-29.97%", "2020-06-30": "-20.06%", "2020-03-31": "-14.71%", "2019-12-31": "-14.84%", "2019-09-30": "-15.26%", "2019-06-30": "-16.19%", "2019-03-31": "-15.68%", "2018-12-31": "-14.40%", "2018-09-30": "-7.31%", "2018-06-30": "-10.01%", "2018-03-31": "-26.22%", "2017-12-31": "-38.13%", "2017-09-30": "-91.57%", "2017-06-30": "-69.85%", "2017-03-31": "-38.26%", "2016-12-31": "-37.26%", "2016-09-30": "-36.34%", "2016-06-30": "-35.97%", "2016-03-31": "-34.05%", "2015-12-31": "-33.81%", "2015-09-30": "-26.64%", "2015-06-30": "-26.33%", "2015-03-31": "-27.69%", "2014-12-31": "-28.00%", "2014-09-30": "-36.42%", "2014-06-30": "-32.43%", "2014-03-31": "-26.02%", "2013-12-31": "-23.60%", "2013-09-30": "-11.45%", "2013-06-30": "-9.87%", "2013-03-31": "-10.45%", "2012-12-31": "-9.06%", "2012-09-30": "-0.36%", "2012-06-30": "-1.38%", "2012-03-31": "-0.98%", "2011-12-31": "-1.87%", "2011-09-30": "-194.00%", "2011-06-30": "-198.37%", "2011-03-31": "-219.30%", "2010-12-31": "-182.50%", "2010-09-30": "-48.25%", "2010-06-30": "-45.05%", "2010-03-31": "-33.74%", "2009-12-31": "-27.48%", "2009-09-30": "-24.84%", "2009-06-30": "-39.97%", "2009-03-31": "-41.96%", "2008-12-31": "-45.48%", "2008-09-30": "-54.38%", "2008-06-30": "-57.33%", "2008-03-31": "-78.97%", "2007-12-31": "-126.37%", "2007-09-30": "-464.76%", "2007-06-30": "-3226.67%", "2007-03-31": "208.45%", "2006-12-31": "115.66%", "2006-09-30": "175.00%", "2006-06-30": "166.20%", "2006-03-31": "226.56%", "2005-12-31": "359.87%"}, "dividend yield history": {"last payout": "$0.28", "last yield": "0.19%"}}