{"ticker": "PFE", "price": {"title": "Pfizer Historical Annual Stock Price Data", "value": 34.43, "historical": {"2021": {"Average Stock Price": "36.1989", "Year Open": "36.8100", "Year High": "37.7700", "Year Low": "34.4300", "Year Close": "34.4300", "Annual % Change": "-6.47%"}, "2020": {"Average Stock Price": "36.5688", "Year Open": "39.1400", "Year High": "42.5600", "Year Low": "28.4900", "Year Close": "36.8100", "Annual % Change": "-6.05%"}, "2019": {"Average Stock Price": "39.9501", "Year Open": "43.2500", "Year High": "44.4000", "Year Low": "34.2400", "Year Close": "39.1800", "Annual % Change": "-10.24%"}, "2018": {"Average Stock Price": "39.1565", "Year Open": "36.4400", "Year High": "46.2300", "Year Low": "33.6300", "Year Close": "43.6500", "Annual % Change": "20.51%"}, "2017": {"Average Stock Price": "34.0745", "Year Open": "33.0000", "Year High": "37.2000", "Year Low": "31.1500", "Year Close": "36.2200", "Annual % Change": "11.51%"}, "2016": {"Average Stock Price": "32.8259", "Year Open": "31.9500", "Year High": "37.3100", "Year Low": "28.5600", "Year Close": "32.4800", "Annual % Change": "0.62%"}, "2015": {"Average Stock Price": "33.7029", "Year Open": "31.3300", "Year High": "36.1500", "Year Low": "30.8200", "Year Close": "32.2800", "Annual % Change": "3.63%"}, "2014": {"Average Stock Price": "30.3074", "Year Open": "30.4600", "Year High": "32.7500", "Year Low": "27.7000", "Year Close": "31.1500", "Annual % Change": "1.70%"}, "2013": {"Average Stock Price": "28.9784", "Year Open": "25.9100", "Year High": "32.2000", "Year Low": "25.8500", "Year Close": "30.6300", "Annual % Change": "22.13%"}, "2012": {"Average Stock Price": "23.1972", "Year Open": "21.9700", "Year High": "26.0350", "Year Low": "20.9500", "Year Close": "25.0793", "Annual % Change": "15.89%"}, "2011": {"Average Stock Price": "19.5250", "Year Open": "17.6800", "Year High": "21.8300", "Year Low": "16.6600", "Year Close": "21.6400", "Annual % Change": "23.59%"}, "2010": {"Average Stock Price": "16.7635", "Year Open": "18.9300", "Year High": "20.0000", "Year Low": "14.1400", "Year Close": "17.5100", "Annual % Change": "-3.74%"}, "2009": {"Average Stock Price": "15.7289", "Year Open": "18.2700", "Year High": "18.8500", "Year Low": "11.6600", "Year Close": "18.1900", "Annual % Change": "2.71%"}, "2008": {"Average Stock Price": "19.3092", "Year Open": "22.9100", "Year High": "24.0800", "Year Low": "14.4500", "Year Close": "17.7100", "Annual % Change": "-22.09%"}, "2007": {"Average Stock Price": "25.2537", "Year Open": "26.2900", "Year High": "27.6800", "Year Low": "22.3000", "Year Close": "22.7300", "Annual % Change": "-12.24%"}, "2006": {"Average Stock Price": "25.6807", "Year Open": "23.7800", "Year High": "28.4700", "Year Low": "22.4100", "Year Close": "25.9000", "Annual % Change": "11.06%"}, "2005": {"Average Stock Price": "25.5458", "Year Open": "26.4500", "Year High": "28.9000", "Year Low": "20.6000", "Year Close": "23.3200", "Annual % Change": "-13.28%"}, "2004": {"Average Stock Price": "32.9606", "Year Open": "35.5500", "Year High": "38.8500", "Year Low": "24.2900", "Year Close": "26.8900", "Annual % Change": "-23.89%"}, "2003": {"Average Stock Price": "31.8957", "Year Open": "31.5300", "Year High": "36.1800", "Year Low": "28.5600", "Year Close": "35.3300", "Annual % Change": "15.57%"}, "2002": {"Average Stock Price": "34.8486", "Year Open": "39.9000", "Year High": "42.1500", "Year Low": "25.9200", "Year Close": "30.5700", "Annual % Change": "-23.29%"}, "2001": {"Average Stock Price": "41.6901", "Year Open": "46.1300", "Year High": "46.1300", "Year Low": "35.6700", "Year Close": "39.8500", "Annual % Change": "-13.37%"}, "2000": {"Average Stock Price": "41.5348", "Year Open": "31.8800", "Year High": "49.0000", "Year Low": "30.0000", "Year Close": "46.0000", "Annual % Change": "41.80%"}, "1999": {"Average Stock Price": "38.5371", "Year Open": "41.1667", "Year High": "50.0333", "Year Low": "31.7100", "Year Close": "32.4400", "Annual % Change": "-22.14%"}, "1998": {"Average Stock Price": "34.0287", "Year Open": "25.2300", "Year High": "42.0333", "Year Low": "24.6467", "Year Close": "41.6667", "Annual % Change": "67.65%"}, "1997": {"Average Stock Price": "18.7476", "Year Open": "13.6467", "Year High": "25.9367", "Year Low": "13.6467", "Year Close": "24.8533", "Annual % Change": "79.66%"}, "1996": {"Average Stock Price": "12.1970", "Year Open": "10.3750", "Year High": "15.0833", "Year Low": "10.1250", "Year Close": "13.8333", "Annual % Change": "31.75%"}, "1995": {"Average Stock Price": "8.0450", "Year Open": "6.3333", "Year High": "11.0417", "Year Low": "6.2183", "Year Close": "10.5000", "Annual % Change": "63.11%"}, "1994": {"Average Stock Price": "5.4321", "Year Open": "5.6667", "Year High": "6.5517", "Year Low": "4.4683", "Year Close": "6.4375", "Annual % Change": "11.96%"}, "1993": {"Average Stock Price": "5.3479", "Year Open": "6.0317", "Year High": "6.2292", "Year Low": "4.5000", "Year Close": "5.7500", "Annual % Change": "-4.83%"}, "1992": {"Average Stock Price": "6.2440", "Year Open": "7.0000", "Year High": "7.1458", "Year Low": "5.5417", "Year Close": "6.0417", "Annual % Change": "-13.69%"}, "1991": {"Average Stock Price": "4.9433", "Year Open": "3.3383", "Year High": "7.1458", "Year Low": "3.1096", "Year Close": "7.0000", "Annual % Change": "108.05%"}, "1990": {"Average Stock Price": "2.8506", "Year Open": "2.9583", "Year High": "3.3958", "Year Low": "2.3333", "Year Close": "3.3646", "Annual % Change": "16.19%"}, "1989": {"Average Stock Price": "2.6167", "Year Open": "2.4063", "Year High": "3.1146", "Year Low": "2.2554", "Year Close": "2.8958", "Annual % Change": "19.82%"}, "1988": {"Average Stock Price": "2.2403", "Year Open": "2.0258", "Year High": "2.5054", "Year Low": "2.0258", "Year Close": "2.4167", "Annual % Change": "24.39%"}, "1987": {"Average Stock Price": "2.7350", "Year Open": "2.5833", "Year High": "3.1875", "Year Low": "1.7346", "Year Close": "1.9429", "Annual % Change": "-23.56%"}, "1986": {"Average Stock Price": "2.5109", "Year Open": "2.0833", "Year High": "3.0313", "Year Low": "1.9583", "Year Close": "2.5417", "Annual % Change": "20.48%"}, "1985": {"Average Stock Price": "1.9264", "Year Open": "1.6821", "Year High": "2.3229", "Year Low": "1.5883", "Year Close": "2.1096", "Annual % Change": "19.84%"}, "1984": {"Average Stock Price": "1.4867", "Year Open": "1.5054", "Year High": "1.7604", "Year Low": "1.2500", "Year Close": "1.7604", "Annual % Change": "18.18%"}, "1983": {"Average Stock Price": "1.6057", "Year Open": "1.4115", "Year High": "1.8646", "Year Low": "1.4115", "Year Close": "1.4896", "Annual % Change": "3.80%"}, "1982": {"Average Stock Price": "1.2589", "Year Open": "1.0938", "Year High": "1.6615", "Year Low": "1.0469", "Year Close": "1.4350", "Annual % Change": "29.35%"}, "1981": {"Average Stock Price": "1.0252", "Year Open": "1.1094", "Year High": "1.1406", "Year Low": "0.8490", "Year Close": "1.1094", "Annual % Change": "0.00%"}, "1980": {"Average Stock Price": "0.8654", "Year Open": "0.7813", "Year High": "1.1094", "Year Low": "0.6798", "Year Close": "1.1094", "Annual % Change": "35.26%"}, "1979": {"Average Stock Price": "0.6948", "Year Open": "0.6900", "Year High": "0.8490", "Year Low": "0.6094", "Year Close": "0.8202", "Annual % Change": "18.87%"}, "1978": {"Average Stock Price": "0.6617", "Year Open": "0.5702", "Year High": "0.7996", "Year Low": "0.5313", "Year Close": "0.6900", "Annual % Change": "21.01%"}, "1977": {"Average Stock Price": "0.5568", "Year Open": "0.5990", "Year High": "0.5990", "Year Low": "0.4896", "Year Close": "0.5702", "Annual % Change": "-6.43%"}, "1976": {"Average Stock Price": "0.5883", "Year Open": "0.5913", "Year High": "0.6510", "Year Low": "0.5313", "Year Close": "0.6094", "Annual % Change": "4.92%"}, "1975": {"Average Stock Price": "0.6224", "Year Open": "0.6692", "Year High": "0.7604", "Year Low": "0.5000", "Year Close": "0.5808", "Annual % Change": "-14.56%"}, "1974": {"Average Stock Price": "0.6908", "Year Open": "0.9010", "Year High": "0.9192", "Year Low": "0.4504", "Year Close": "0.6798", "Annual % Change": "-24.55%"}, "1973": {"Average Stock Price": "0.9142", "Year Open": "0.9088", "Year High": "1.0913", "Year Low": "0.8100", "Year Close": "0.9010", "Annual % Change": "0.86%"}}}, "market cap": {"value": "$194.38B"}, "income statement": {"Revenue": {"2020-12-31": "41908.00000", "2019-12-31": "51750.00000", "2018-12-31": "53647.00000", "2017-12-31": "52546.00000", "2016-12-31": "52824.00000", "2015-12-31": "48851.00000", "2014-12-31": "49605.00000", "2013-12-31": "51584.00000", "2012-12-31": "54657.00000", "2011-12-31": "61035.00000", "2010-12-31": "65165.00000", "2009-12-31": "49269.00000", "2008-12-31": "48296.00000", "2007-12-31": "48418.00000", "2006-12-31": "48371.00000", "2005-12-31": "47405.00000"}, "Cost Of Goods Sold": {"2020-12-31": "8692.00000", "2019-12-31": "10219.00000", "2018-12-31": "11248.00000", "2017-12-31": "11228.00000", "2016-12-31": "12322.00000", "2015-12-31": "9648.00000", "2014-12-31": "9577.00000", "2013-12-31": "9586.00000", "2012-12-31": "9821.00000", "2011-12-31": "12500.00000", "2010-12-31": "14788.00000", "2009-12-31": "8459.00000", "2008-12-31": "8112.00000", "2007-12-31": "11239.00000", "2006-12-31": "7640.00000", "2005-12-31": "7232.00000"}, "Gross Profit": {"2020-12-31": "33216.00000", "2019-12-31": "41531.00000", "2018-12-31": "42399.00000", "2017-12-31": "41318.00000", "2016-12-31": "40502.00000", "2015-12-31": "39203.00000", "2014-12-31": "40028.00000", "2013-12-31": "41998.00000", "2012-12-31": "44836.00000", "2011-12-31": "48535.00000", "2010-12-31": "50377.00000", "2009-12-31": "40810.00000", "2008-12-31": "40184.00000", "2007-12-31": "37179.00000", "2006-12-31": "40731.00000", "2005-12-31": "40173.00000"}, "Research And Development Expenses": {"2020-12-31": "9405.00000", "2019-12-31": "8650.00000", "2018-12-31": "8006.00000", "2017-12-31": "7683.00000", "2016-12-31": "7892.00000", "2015-12-31": "7690.00000", "2014-12-31": "8393.00000", "2013-12-31": "6678.00000", "2012-12-31": "7482.00000", "2011-12-31": "8681.00000", "2010-12-31": "9483.00000", "2009-12-31": "7824.00000", "2008-12-31": "7945.00000", "2007-12-31": "8089.00000", "2006-12-31": "7599.00000", "2005-12-31": "7256.00000"}, "SG&A Expenses": {"2020-12-31": "11615.00000", "2019-12-31": "14350.00000", "2018-12-31": "14455.00000", "2017-12-31": "14804.00000", "2016-12-31": "14844.00000", "2015-12-31": "14809.00000", "2014-12-31": "14097.00000", "2013-12-31": "14355.00000", "2012-12-31": "15171.00000", "2011-12-31": "17581.00000", "2010-12-31": "18973.00000", "2009-12-31": "14752.00000", "2008-12-31": "14537.00000", "2007-12-31": "15626.00000", "2006-12-31": "15589.00000", "2005-12-31": "15313.00000"}, "Other Operating Income Or Expenses": {"2020-12-31": "", "2019-12-31": "", "2018-12-31": "", "2017-12-31": "", "2016-12-31": "", "2015-12-31": "", "2014-12-31": "", "2013-12-31": "", "2012-12-31": "", "2011-12-31": "", "2010-12-31": "", "2009-12-31": "", "2008-12-31": "", "2007-12-31": "", "2006-12-31": "", "2005-12-31": ""}, "Operating Expenses": {"2020-12-31": "33748.00000", "2019-12-31": "38576.00000", "2018-12-31": "39646.00000", "2017-12-31": "38824.00000", "2016-12-31": "40679.00000", "2015-12-31": "37027.00000", "2014-12-31": "36356.00000", "2013-12-31": "36400.00000", "2012-12-31": "39393.00000", "2011-12-31": "47068.00000", "2010-12-31": "51753.00000", "2009-12-31": "38310.00000", "2008-12-31": "36570.00000", "2007-12-31": "40899.00000", "2006-12-31": "36247.00000", "2005-12-31": "36208.00000"}, "Operating Income": {"2020-12-31": "8160.00000", "2019-12-31": "13174.00000", "2018-12-31": "14001.00000", "2017-12-31": "13722.00000", "2016-12-31": "12145.00000", "2015-12-31": "11824.00000", "2014-12-31": "13249.00000", "2013-12-31": "15184.00000", "2012-12-31": "15264.00000", "2011-12-31": "13967.00000", "2010-12-31": "13412.00000", "2009-12-31": "10959.00000", "2008-12-31": "11726.00000", "2007-12-31": "7519.00000", "2006-12-31": "12124.00000", "2005-12-31": "11197.00000"}, "Total Non-Operating Income/Expense": {"2020-12-31": "-663.00000", "2019-12-31": "4508.00000", "2018-12-31": "-2116.00000", "2017-12-31": "-1416.00000", "2016-12-31": "-3794.00000", "2015-12-31": "-2860.00000", "2014-12-31": "-1009.00000", "2013-12-31": "532.00000", "2012-12-31": "-4022.00000", "2011-12-31": "-2486.00000", "2010-12-31": "-3941.00000", "2009-12-31": "-285.00000", "2008-12-31": "-2032.00000", "2007-12-31": "1759.00000", "2006-12-31": "904.00000", "2005-12-31": "-397.00000"}, "Pre-Tax Income": {"2020-12-31": "7497.00000", "2019-12-31": "17682.00000", "2018-12-31": "11885.00000", "2017-12-31": "12305.00000", "2016-12-31": "8351.00000", "2015-12-31": "8965.00000", "2014-12-31": "12240.00000", "2013-12-31": "15716.00000", "2012-12-31": "11242.00000", "2011-12-31": "11481.00000", "2010-12-31": "9471.00000", "2009-12-31": "10674.00000", "2008-12-31": "9694.00000", "2007-12-31": "9278.00000", "2006-12-31": "13028.00000", "2005-12-31": "10800.00000"}, "Income Taxes": {"2020-12-31": "477.00000", "2019-12-31": "1384.00000", "2018-12-31": "706.00000", "2017-12-31": "-9049.00000", "2016-12-31": "1123.00000", "2015-12-31": "1990.00000", "2014-12-31": "3120.00000", "2013-12-31": "4306.00000", "2012-12-31": "2221.00000", "2011-12-31": "3621.00000", "2010-12-31": "1153.00000", "2009-12-31": "2145.00000", "2008-12-31": "1645.00000", "2007-12-31": "1023.00000", "2006-12-31": "1992.00000", "2005-12-31": "3178.00000"}, "Income After Taxes": {"2020-12-31": "7020.00000", "2019-12-31": "16298.00000", "2018-12-31": "11179.00000", "2017-12-31": "21354.00000", "2016-12-31": "7228.00000", "2015-12-31": "6975.00000", "2014-12-31": "9120.00000", "2013-12-31": "11410.00000", "2012-12-31": "9021.00000", "2011-12-31": "7860.00000", "2010-12-31": "8318.00000", "2009-12-31": "8529.00000", "2008-12-31": "8049.00000", "2007-12-31": "8255.00000", "2006-12-31": "11036.00000", "2005-12-31": "7622.00000"}, "Other Income": {"2020-12-31": "", "2019-12-31": "", "2018-12-31": "", "2017-12-31": "", "2016-12-31": "", "2015-12-31": "", "2014-12-31": "", "2013-12-31": "", "2012-12-31": "", "2011-12-31": "", "2010-12-31": "", "2009-12-31": "", "2008-12-31": "", "2007-12-31": "", "2006-12-31": "", "2005-12-31": ""}, "Income From Continuous Operations": {"2020-12-31": "7021.00000", "2019-12-31": "16298.00000", "2018-12-31": "11179.00000", "2017-12-31": "21353.00000", "2016-12-31": "7229.00000", "2015-12-31": "6975.00000", "2014-12-31": "9119.00000", "2013-12-31": "11410.00000", "2012-12-31": "9021.00000", "2011-12-31": "7860.00000", "2010-12-31": "8318.00000", "2009-12-31": "8529.00000", "2008-12-31": "8049.00000", "2007-12-31": "8255.00000", "2006-12-31": "11024.00000", "2005-12-31": "7610.00000"}, "Income From Discontinued Operations": {"2020-12-31": "2631.00000", "2019-12-31": "4.00000", "2018-12-31": "10.00000", "2017-12-31": "2.00000", "2016-12-31": "16.00000", "2015-12-31": "11.00000", "2014-12-31": "48.00000", "2013-12-31": "10662.00000", "2012-12-31": "5577.00000", "2011-12-31": "2189.00000", "2010-12-31": "-30.00000", "2009-12-31": "114.00000", "2008-12-31": "78.00000", "2007-12-31": "-69.00000", "2006-12-31": "8313.00000", "2005-12-31": "498.00000"}, "Net Income": {"2020-12-31": "9616.00000", "2019-12-31": "16273.00000", "2018-12-31": "11153.00000", "2017-12-31": "21308.00000", "2016-12-31": "7215.00000", "2015-12-31": "6960.00000", "2014-12-31": "9135.00000", "2013-12-31": "22003.00000", "2012-12-31": "14570.00000", "2011-12-31": "10009.00000", "2010-12-31": "8257.00000", "2009-12-31": "8635.00000", "2008-12-31": "8104.00000", "2007-12-31": "8144.00000", "2006-12-31": "19337.00000", "2005-12-31": "8085.00000"}, "EBITDA": {"2020-12-31": "8160.00000", "2019-12-31": "19184.00000", "2018-12-31": "20385.00000", "2017-12-31": "19991.00000", "2016-12-31": "17902.00000", "2015-12-31": "16981.00000", "2014-12-31": "18786.00000", "2013-12-31": "21594.00000", "2012-12-31": "22919.00000", "2011-12-31": "22993.00000", "2010-12-31": "21811.00000", "2009-12-31": "15716.00000", "2008-12-31": "16816.00000", "2007-12-31": "12719.00000", "2006-12-31": "17417.00000", "2005-12-31": "16773.00000"}, "EBIT": {"2020-12-31": "8160.00000", "2019-12-31": "13174.00000", "2018-12-31": "14001.00000", "2017-12-31": "13722.00000", "2016-12-31": "12145.00000", "2015-12-31": "11824.00000", "2014-12-31": "13249.00000", "2013-12-31": "15184.00000", "2012-12-31": "15264.00000", "2011-12-31": "13967.00000", "2010-12-31": "13412.00000", "2009-12-31": "10959.00000", "2008-12-31": "11726.00000", "2007-12-31": "7519.00000", "2006-12-31": "12124.00000", "2005-12-31": "11197.00000"}, "Basic Shares Outstanding": {"2020-12-31": "5555.00000", "2019-12-31": "5569.00000", "2018-12-31": "5872.00000", "2017-12-31": "5970.00000", "2016-12-31": "6089.00000", "2015-12-31": "6176.00000", "2014-12-31": "6346.00000", "2013-12-31": "6813.00000", "2012-12-31": "7442.00000", "2011-12-31": "7817.00000", "2010-12-31": "8036.00000", "2009-12-31": "7007.00000", "2008-12-31": "6727.00000", "2007-12-31": "6917.00000", "2006-12-31": "7242.00000", "2005-12-31": "7361.00000"}, "Shares Outstanding": {"2020-12-31": "5632.00000", "2019-12-31": "5675.00000", "2018-12-31": "5977.00000", "2017-12-31": "6058.00000", "2016-12-31": "6159.00000", "2015-12-31": "6257.00000", "2014-12-31": "6424.00000", "2013-12-31": "6895.00000", "2012-12-31": "7508.00000", "2011-12-31": "7870.00000", "2010-12-31": "8074.00000", "2009-12-31": "7045.00000", "2008-12-31": "6750.00000", "2007-12-31": "6939.00000", "2006-12-31": "7274.00000", "2005-12-31": "7411.00000"}, "Basic EPS": {"2020-12-31": "1.73000", "2019-12-31": "2.92000", "2018-12-31": "1.90000", "2017-12-31": "3.57000", "2016-12-31": "1.18000", "2015-12-31": "1.13000", "2014-12-31": "1.44000", "2013-12-31": "3.23000", "2012-12-31": "1.96000", "2011-12-31": "1.28000", "2010-12-31": "1.03000", "2009-12-31": "1.23000", "2008-12-31": "1.20000", "2007-12-31": "1.18000", "2006-12-31": "2.67000", "2005-12-31": "1.10000"}, "EPS - Earnings Per Share": {"2020-12-31": "1.71000", "2019-12-31": "2.87000", "2018-12-31": "1.86000", "2017-12-31": "3.52000", "2016-12-31": "1.17000", "2015-12-31": "1.11000", "2014-12-31": "1.42000", "2013-12-31": "3.19000", "2012-12-31": "1.94000", "2011-12-31": "1.27000", "2010-12-31": "1.02000", "2009-12-31": "1.23000", "2008-12-31": "1.20000", "2007-12-31": "1.17000", "2006-12-31": "2.66000", "2005-12-31": "1.09000"}}, "income statement, quarterly": {"Revenue": {"2020-12-31": "11684.00000", "2020-09-30": "12131.00000", "2020-06-30": "11801.00000", "2020-03-31": "12028.00000", "2019-12-31": "12688.00000", "2019-09-30": "12680.00000", "2019-06-30": "13264.00000", "2019-03-31": "13118.00000", "2018-12-31": "13977.00000", "2018-09-30": "13298.00000", "2018-06-30": "13466.00000", "2018-03-31": "12906.00000", "2017-12-31": "13703.00000", "2017-09-30": "13168.00000", "2017-06-30": "12896.00000", "2017-03-31": "12779.00000", "2016-12-31": "13627.00000", "2016-09-30": "13045.00000", "2016-06-30": "13147.00000", "2016-03-31": "13005.00000", "2015-12-31": "14047.00000", "2015-09-30": "12087.00000", "2015-06-30": "11853.00000", "2015-03-31": "10864.00000", "2014-12-31": "13118.00000", "2014-09-30": "12361.00000", "2014-06-30": "12773.00000", "2014-03-31": "11353.00000", "2013-12-31": "13558.00000", "2013-09-30": "12643.00000", "2013-06-30": "12973.00000", "2013-03-31": "12410.00000", "2012-12-31": "12851.00000", "2012-09-30": "12953.00000", "2012-06-30": "13968.00000", "2012-03-31": "14885.00000", "2011-12-31": "11439.00000", "2011-09-30": "16609.00000", "2011-06-30": "16485.00000", "2011-03-31": "16502.00000", "2010-12-31": "15462.00000", "2010-09-30": "15995.00000", "2010-06-30": "17132.00000", "2010-03-31": "16576.00000", "2009-12-31": "15797.00000", "2009-09-30": "11621.00000", "2009-06-30": "10984.00000", "2009-03-31": "10867.00000", "2008-12-31": "12346.00000", "2008-09-30": "11973.00000", "2008-06-30": "12129.00000", "2008-03-31": "11848.00000", "2007-12-31": "12870.00000", "2007-09-30": "11990.00000", "2007-06-30": "11084.00000", "2007-03-31": "12474.00000", "2006-12-31": "12603.00000", "2006-09-30": "12280.00000", "2006-06-30": "11741.00000", "2006-03-31": "11747.00000", "2005-12-31": "11599.00000", "2005-09-30": "11263.00000", "2005-06-30": "11452.00000", "2005-03-31": "13091.00000"}, "Cost Of Goods Sold": {"2020-12-31": "2919.00000", "2020-09-30": "2529.00000", "2020-06-30": "2281.00000", "2020-03-31": "2378.00000", "2019-12-31": "2608.00000", "2019-09-30": "2602.00000", "2019-06-30": "2576.00000", "2019-03-31": "2433.00000", "2018-12-31": "3075.00000", "2018-09-30": "2694.00000", "2018-06-30": "2916.00000", "2018-03-31": "2563.00000", "2017-12-31": "3256.00000", "2017-09-30": "2844.00000", "2017-06-30": "2660.00000", "2017-03-31": "2468.00000", "2016-12-31": "3212.00000", "2016-09-30": "3085.00000", "2016-06-30": "3174.00000", "2016-03-31": "2851.00000", "2015-12-31": "3411.00000", "2015-09-30": "2219.00000", "2015-06-30": "2180.00000", "2015-03-31": "1838.00000", "2014-12-31": "2702.00000", "2014-09-30": "2368.00000", "2014-06-30": "2462.00000", "2014-03-31": "2045.00000", "2013-12-31": "2794.00000", "2013-09-30": "2287.00000", "2013-06-30": "2242.00000", "2013-03-31": "2263.00000", "2012-12-31": "2391.00000", "2012-09-30": "2309.00000", "2012-06-30": "2376.00000", "2012-03-31": "2745.00000", "2011-12-31": "1827.00000", "2011-09-30": "3409.00000", "2011-06-30": "3571.00000", "2011-03-31": "3693.00000", "2010-12-31": "3112.00000", "2010-09-30": "3790.00000", "2010-06-30": "3684.00000", "2010-03-31": "4202.00000", "2009-12-31": "3506.00000", "2009-09-30": "1789.00000", "2009-06-30": "1756.00000", "2009-03-31": "1408.00000", "2008-12-31": "1715.00000", "2008-09-30": "2122.00000", "2008-06-30": "2289.00000", "2008-03-31": "1986.00000", "2007-12-31": "2625.00000", "2007-09-30": "4618.00000", "2007-06-30": "2109.00000", "2007-03-31": "1887.00000", "2006-12-31": "2217.00000", "2006-09-30": "1962.00000", "2006-06-30": "1790.00000", "2006-03-31": "1671.00000", "2005-12-31": "1668.00000", "2005-09-30": "1611.00000", "2005-06-30": "1762.00000", "2005-03-31": "2191.00000"}, "Gross Profit": {"2020-12-31": "8765.00000", "2020-09-30": "9602.00000", "2020-06-30": "9520.00000", "2020-03-31": "9650.00000", "2019-12-31": "10080.00000", "2019-09-30": "10078.00000", "2019-06-30": "10688.00000", "2019-03-31": "10685.00000", "2018-12-31": "10902.00000", "2018-09-30": "10604.00000", "2018-06-30": "10550.00000", "2018-03-31": "10343.00000", "2017-12-31": "10447.00000", "2017-09-30": "10324.00000", "2017-06-30": "10236.00000", "2017-03-31": "10311.00000", "2016-12-31": "10415.00000", "2016-09-30": "9960.00000", "2016-06-30": "9973.00000", "2016-03-31": "10154.00000", "2015-12-31": "10636.00000", "2015-09-30": "9868.00000", "2015-06-30": "9673.00000", "2015-03-31": "9026.00000", "2014-12-31": "10416.00000", "2014-09-30": "9993.00000", "2014-06-30": "10311.00000", "2014-03-31": "9308.00000", "2013-12-31": "10764.00000", "2013-09-30": "10356.00000", "2013-06-30": "10731.00000", "2013-03-31": "10147.00000", "2012-12-31": "10460.00000", "2012-09-30": "10644.00000", "2012-06-30": "11592.00000", "2012-03-31": "12140.00000", "2011-12-31": "9612.00000", "2011-09-30": "13200.00000", "2011-06-30": "12914.00000", "2011-03-31": "12809.00000", "2010-12-31": "12350.00000", "2010-09-30": "12205.00000", "2010-06-30": "13448.00000", "2010-03-31": "12374.00000", "2009-12-31": "12291.00000", "2009-09-30": "9832.00000", "2009-06-30": "9228.00000", "2009-03-31": "9459.00000", "2008-12-31": "10631.00000", "2008-09-30": "9851.00000", "2008-06-30": "9840.00000", "2008-03-31": "9862.00000", "2007-12-31": "10245.00000", "2007-09-30": "7372.00000", "2007-06-30": "8975.00000", "2007-03-31": "10587.00000", "2006-12-31": "10386.00000", "2006-09-30": "10318.00000", "2006-06-30": "9951.00000", "2006-03-31": "10076.00000", "2005-12-31": "9931.00000", "2005-09-30": "9652.00000", "2005-06-30": "9690.00000", "2005-03-31": "10900.00000"}, "Research And Development Expenses": {"2020-12-31": "3354.00000", "2020-09-30": "2360.00000", "2020-06-30": "2132.00000", "2020-03-31": "1724.00000", "2019-12-31": "2822.00000", "2019-09-30": "2283.00000", "2019-06-30": "1842.00000", "2019-03-31": "1703.00000", "2018-12-31": "2458.00000", "2018-09-30": "2008.00000", "2018-06-30": "1797.00000", "2018-03-31": "1743.00000", "2017-12-31": "2315.00000", "2017-09-30": "1865.00000", "2017-06-30": "1787.00000", "2017-03-31": "1716.00000", "2016-12-31": "2532.00000", "2016-09-30": "1881.00000", "2016-06-30": "1748.00000", "2016-03-31": "1731.00000", "2015-12-31": "2349.00000", "2015-09-30": "1722.00000", "2015-06-30": "1734.00000", "2015-03-31": "1885.00000", "2014-12-31": "3209.00000", "2014-09-30": "1802.00000", "2014-06-30": "1759.00000", "2014-03-31": "1623.00000", "2013-12-31": "1811.00000", "2013-09-30": "1627.00000", "2013-06-30": "1530.00000", "2013-03-31": "1710.00000", "2012-12-31": "1933.00000", "2012-09-30": "1887.00000", "2012-06-30": "1600.00000", "2012-03-31": "2062.00000", "2011-12-31": "2183.00000", "2011-09-30": "2176.00000", "2011-06-30": "2231.00000", "2011-03-31": "2091.00000", "2010-12-31": "2893.00000", "2010-09-30": "2188.00000", "2010-06-30": "2181.00000", "2010-03-31": "2221.00000", "2009-12-31": "2792.00000", "2009-09-30": "1632.00000", "2009-06-30": "1695.00000", "2009-03-31": "1705.00000", "2008-12-31": "2303.00000", "2008-09-30": "1885.00000", "2008-06-30": "1966.00000", "2008-03-31": "1791.00000", "2007-12-31": "2260.00000", "2007-09-30": "1999.00000", "2007-06-30": "2165.00000", "2007-03-31": "1665.00000", "2006-12-31": "2412.00000", "2006-09-30": "1902.00000", "2006-06-30": "1742.00000", "2006-03-31": "1543.00000", "2005-12-31": "1923.00000", "2005-09-30": "1739.00000", "2005-06-30": "1830.00000", "2005-03-31": "1764.00000"}, "SG&A Expenses": {"2020-12-31": "3757.00000", "2020-09-30": "3016.00000", "2020-06-30": "3030.00000", "2020-03-31": "2873.00000", "2019-12-31": "4240.00000", "2019-09-30": "3260.00000", "2019-06-30": "3511.00000", "2019-03-31": "3339.00000", "2018-12-31": "4007.00000", "2018-09-30": "3494.00000", "2018-06-30": "3542.00000", "2018-03-31": "3412.00000", "2017-12-31": "4555.00000", "2017-09-30": "3504.00000", "2017-06-30": "3430.00000", "2017-03-31": "3315.00000", "2016-12-31": "4429.00000", "2016-09-30": "3559.00000", "2016-06-30": "3471.00000", "2016-03-31": "3385.00000", "2015-12-31": "5049.00000", "2015-09-30": "3270.00000", "2015-06-30": "3386.00000", "2015-03-31": "3104.00000", "2014-12-31": "3981.00000", "2014-09-30": "3556.00000", "2014-06-30": "3520.00000", "2014-03-31": "3040.00000", "2013-12-31": "4152.00000", "2013-09-30": "3395.00000", "2013-06-30": "3591.00000", "2013-03-31": "3217.00000", "2012-12-31": "4047.00000", "2012-09-30": "3491.00000", "2012-06-30": "3665.00000", "2012-03-31": "3968.00000", "2011-12-31": "3821.00000", "2011-09-30": "4457.00000", "2011-06-30": "4800.00000", "2011-03-31": "4503.00000", "2010-12-31": "5197.00000", "2010-09-30": "4599.00000", "2010-06-30": "4774.00000", "2010-03-31": "4403.00000", "2009-12-31": "5244.00000", "2009-09-30": "3282.00000", "2009-06-30": "3350.00000", "2009-03-31": "2876.00000", "2008-12-31": "3659.00000", "2008-09-30": "3523.00000", "2008-06-30": "3863.00000", "2008-03-31": "3492.00000", "2007-12-31": "4653.00000", "2007-09-30": "3768.00000", "2007-06-30": "3844.00000", "2007-03-31": "3361.00000", "2006-12-31": "4562.00000", "2006-09-30": "3751.00000", "2006-06-30": "3881.00000", "2006-03-31": "3395.00000", "2005-12-31": "3936.00000", "2005-09-30": "3526.00000", "2005-06-30": "3766.00000", "2005-03-31": "4085.00000"}, "Other Operating Income Or Expenses": {"2020-12-31": "", "2020-09-30": "", "2020-06-30": "", "2020-03-31": "", "2019-12-31": "", "2019-09-30": "", "2019-06-30": "", "2019-03-31": "", "2018-12-31": "", "2018-09-30": "", "2018-06-30": "", "2018-03-31": "", "2017-12-31": "", "2017-09-30": "", "2017-06-30": "", "2017-03-31": "", "2016-12-31": "", "2016-09-30": "", "2016-06-30": "", "2016-03-31": "", "2015-12-31": "", "2015-09-30": "", "2015-06-30": "", "2015-03-31": "", "2014-12-31": "", "2014-09-30": "", "2014-06-30": "", "2014-03-31": "", "2013-12-31": "", "2013-09-30": "", "2013-06-30": "", "2013-03-31": "", "2012-12-31": "", "2012-09-30": "", "2012-06-30": "", "2012-03-31": "", "2011-12-31": "", "2011-09-30": "", "2011-06-30": "", "2011-03-31": "", "2010-12-31": "", "2010-09-30": "", "2010-06-30": "", "2010-03-31": "", "2009-12-31": "", "2009-09-30": "", "2009-06-30": "", "2009-03-31": "", "2008-12-31": "", "2008-09-30": "", "2008-06-30": "", "2008-03-31": "", "2007-12-31": "", "2007-09-30": "", "2007-06-30": "", "2007-03-31": "", "2006-12-31": "", "2006-09-30": "", "2006-06-30": "", "2006-03-31": "", "2005-12-31": "", "2005-09-30": "", "2005-06-30": "", "2005-03-31": ""}, "Operating Expenses": {"2020-12-31": "11070.00000", "2020-09-30": "8807.00000", "2020-06-30": "8710.00000", "2020-03-31": "7929.00000", "2019-12-31": "11152.00000", "2019-09-30": "9722.00000", "2019-06-30": "8998.00000", "2019-03-31": "8704.00000", "2018-12-31": "11665.00000", "2018-09-30": "9534.00000", "2018-06-30": "9490.00000", "2018-03-31": "8957.00000", "2017-12-31": "11396.00000", "2017-09-30": "9504.00000", "2017-06-30": "9155.00000", "2017-03-31": "8769.00000", "2016-12-31": "11871.00000", "2016-09-30": "10024.00000", "2016-06-30": "9670.00000", "2016-03-31": "9114.00000", "2015-12-31": "12213.00000", "2015-09-30": "8729.00000", "2015-06-30": "8258.00000", "2015-03-31": "7827.00000", "2014-12-31": "10971.00000", "2014-09-30": "8679.00000", "2014-06-30": "8823.00000", "2014-03-31": "7883.00000", "2013-12-31": "10515.00000", "2013-09-30": "8659.00000", "2013-06-30": "8686.00000", "2013-03-31": "8540.00000", "2012-12-31": "10291.00000", "2012-09-30": "9210.00000", "2012-06-30": "9100.00000", "2012-03-31": "10792.00000", "2011-12-31": "9526.00000", "2011-09-30": "12521.00000", "2011-06-30": "12464.00000", "2011-03-31": "12557.00000", "2010-12-31": "13575.00000", "2010-09-30": "12232.00000", "2010-06-30": "12931.00000", "2010-03-31": "13015.00000", "2009-12-31": "15836.00000", "2009-09-30": "7490.00000", "2009-06-30": "7863.00000", "2009-03-31": "7121.00000", "2008-12-31": "9910.00000", "2008-09-30": "8530.00000", "2008-06-30": "9506.00000", "2008-03-31": "8624.00000", "2007-12-31": "10510.00000", "2007-09-30": "11614.00000", "2007-06-30": "9952.00000", "2007-03-31": "8823.00000", "2006-12-31": "10835.00000", "2006-09-30": "8662.00000", "2006-06-30": "9017.00000", "2006-03-31": "7733.00000", "2005-12-31": "8925.00000", "2005-09-30": "9402.00000", "2005-06-30": "8738.00000", "2005-03-31": "9143.00000"}, "Operating Income": {"2020-12-31": "614.00000", "2020-09-30": "3324.00000", "2020-06-30": "3091.00000", "2020-03-31": "4099.00000", "2019-12-31": "1536.00000", "2019-09-30": "2958.00000", "2019-06-30": "4266.00000", "2019-03-31": "4414.00000", "2018-12-31": "2312.00000", "2018-09-30": "3764.00000", "2018-06-30": "3976.00000", "2018-03-31": "3949.00000", "2017-12-31": "2307.00000", "2017-09-30": "3664.00000", "2017-06-30": "3741.00000", "2017-03-31": "4010.00000", "2016-12-31": "1756.00000", "2016-09-30": "3021.00000", "2016-06-30": "3477.00000", "2016-03-31": "3891.00000", "2015-12-31": "1834.00000", "2015-09-30": "3358.00000", "2015-06-30": "3595.00000", "2015-03-31": "3037.00000", "2014-12-31": "2147.00000", "2014-09-30": "3682.00000", "2014-06-30": "3950.00000", "2014-03-31": "3470.00000", "2013-12-31": "3043.00000", "2013-09-30": "3984.00000", "2013-06-30": "4287.00000", "2013-03-31": "3870.00000", "2012-12-31": "2560.00000", "2012-09-30": "3743.00000", "2012-06-30": "4868.00000", "2012-03-31": "4093.00000", "2011-12-31": "1913.00000", "2011-09-30": "4088.00000", "2011-06-30": "4021.00000", "2011-03-31": "3945.00000", "2010-12-31": "1887.00000", "2010-09-30": "3763.00000", "2010-06-30": "4201.00000", "2010-03-31": "3561.00000", "2009-12-31": "-39.00000", "2009-09-30": "4131.00000", "2009-06-30": "3121.00000", "2009-03-31": "3746.00000", "2008-12-31": "2436.00000", "2008-09-30": "3443.00000", "2008-06-30": "2623.00000", "2008-03-31": "3224.00000", "2007-12-31": "2360.00000", "2007-09-30": "376.00000", "2007-06-30": "1132.00000", "2007-03-31": "3651.00000", "2006-12-31": "1768.00000", "2006-09-30": "3618.00000", "2006-06-30": "2724.00000", "2006-03-31": "4014.00000", "2005-12-31": "2674.00000", "2005-09-30": "1861.00000", "2005-06-30": "2714.00000", "2005-03-31": "3948.00000"}, "Total Non-Operating Income/Expense": {"2020-12-31": "-436.00000", "2020-09-30": "-1148.00000", "2020-06-30": "862.00000", "2020-03-31": "-215.00000", "2019-12-31": "-3042.00000", "2019-09-30": "7768.00000", "2019-06-30": "-126.00000", "2019-03-31": "-92.00000", "2018-12-31": "-3259.00000", "2018-09-30": "414.00000", "2018-06-30": "551.00000", "2018-03-31": "178.00000", "2017-12-31": "-1352.00000", "2017-09-30": "-79.00000", "2017-06-30": "75.00000", "2017-03-31": "-60.00000", "2016-12-31": "-979.00000", "2016-09-30": "-1417.00000", "2016-06-30": "-1068.00000", "2016-03-31": "-330.00000", "2015-12-31": "-2190.00000", "2015-09-30": "-661.00000", "2015-06-30": "-55.00000", "2015-03-31": "46.00000", "2014-12-31": "-345.00000", "2014-09-30": "-94.00000", "2014-06-30": "53.00000", "2014-03-31": "-623.00000", "2013-12-31": "18.00000", "2013-09-30": "-411.00000", "2013-06-30": "1070.00000", "2013-03-31": "-145.00000", "2012-12-31": "-739.00000", "2012-09-30": "-937.00000", "2012-06-30": "-688.00000", "2012-03-31": "-1658.00000", "2011-12-31": "-689.00000", "2011-09-30": "-547.00000", "2011-06-30": "-423.00000", "2011-03-31": "-827.00000", "2010-12-31": "-905.00000", "2010-09-30": "-2349.00000", "2010-06-30": "-275.00000", "2010-03-31": "-412.00000", "2009-12-31": "-110.00000", "2009-09-30": "-160.00000", "2009-06-30": "-72.00000", "2009-03-31": "57.00000", "2008-12-31": "-1811.00000", "2008-09-30": "-721.00000", "2008-06-30": "167.00000", "2008-03-31": "333.00000", "2007-12-31": "610.00000", "2007-09-30": "260.00000", "2007-06-30": "487.00000", "2007-03-31": "402.00000", "2006-12-31": "-54.00000", "2006-09-30": "343.00000", "2006-06-30": "359.00000", "2006-03-31": "256.00000", "2005-12-31": "292.00000", "2005-09-30": "151.00000", "2005-06-30": "198.00000", "2005-03-31": "-1038.00000"}, "Pre-Tax Income": {"2020-12-31": "178.00000", "2020-09-30": "2176.00000", "2020-06-30": "3953.00000", "2020-03-31": "3885.00000", "2019-12-31": "-1509.00000", "2019-09-30": "10727.00000", "2019-06-30": "4141.00000", "2019-03-31": "4323.00000", "2018-12-31": "-946.00000", "2018-09-30": "4177.00000", "2018-06-30": "4527.00000", "2018-03-31": "4127.00000", "2017-12-31": "954.00000", "2017-09-30": "3585.00000", "2017-06-30": "3815.00000", "2017-03-31": "3951.00000", "2016-12-31": "776.00000", "2016-09-30": "1604.00000", "2016-06-30": "2410.00000", "2016-03-31": "3561.00000", "2015-12-31": "-353.00000", "2015-09-30": "2697.00000", "2015-06-30": "3539.00000", "2015-03-31": "3082.00000", "2014-12-31": "1803.00000", "2014-09-30": "3587.00000", "2014-06-30": "4003.00000", "2014-03-31": "2847.00000", "2013-12-31": "3061.00000", "2013-09-30": "3573.00000", "2013-06-30": "5357.00000", "2013-03-31": "3725.00000", "2012-12-31": "1821.00000", "2012-09-30": "2806.00000", "2012-06-30": "4180.00000", "2012-03-31": "2435.00000", "2011-12-31": "1224.00000", "2011-09-30": "3541.00000", "2011-06-30": "3598.00000", "2011-03-31": "3118.00000", "2010-12-31": "982.00000", "2010-09-30": "1414.00000", "2010-06-30": "3926.00000", "2010-03-31": "3149.00000", "2009-12-31": "-149.00000", "2009-09-30": "3971.00000", "2009-06-30": "3049.00000", "2009-03-31": "3803.00000", "2008-12-31": "625.00000", "2008-09-30": "2722.00000", "2008-06-30": "2790.00000", "2008-03-31": "3557.00000", "2007-12-31": "2970.00000", "2007-09-30": "636.00000", "2007-06-30": "1619.00000", "2007-03-31": "4053.00000", "2006-12-31": "1714.00000", "2006-09-30": "3961.00000", "2006-06-30": "3083.00000", "2006-03-31": "4270.00000", "2005-12-31": "2966.00000", "2005-09-30": "2012.00000", "2005-06-30": "2912.00000", "2005-03-31": "2910.00000"}, "Income Taxes": {"2020-12-31": "-170.00000", "2020-09-30": "-26.00000", "2020-06-30": "519.00000", "2020-03-31": "475.00000", "2019-12-31": "-1181.00000", "2019-09-30": "3047.00000", "2019-06-30": "-915.00000", "2019-03-31": "433.00000", "2018-12-31": "-564.00000", "2018-09-30": "66.00000", "2018-06-30": "648.00000", "2018-03-31": "556.00000", "2017-12-31": "-11336.00000", "2017-09-30": "727.00000", "2017-06-30": "739.00000", "2017-03-31": "821.00000", "2016-12-31": "14.00000", "2016-09-30": "249.00000", "2016-06-30": "347.00000", "2016-03-31": "513.00000", "2015-12-31": "-188.00000", "2015-09-30": "567.00000", "2015-06-30": "905.00000", "2015-03-31": "706.00000", "2014-12-31": "545.00000", "2014-09-30": "911.00000", "2014-06-30": "1082.00000", "2014-03-31": "582.00000", "2013-12-31": "430.00000", "2013-09-30": "985.00000", "2013-06-30": "1782.00000", "2013-03-31": "1109.00000", "2012-12-31": "513.00000", "2012-09-30": "-183.00000", "2012-06-30": "1180.00000", "2012-03-31": "711.00000", "2011-12-31": "434.00000", "2011-09-30": "1216.00000", "2011-06-30": "1077.00000", "2011-03-31": "894.00000", "2010-12-31": "-2012.00000", "2010-09-30": "558.00000", "2010-06-30": "1472.00000", "2010-03-31": "1135.00000", "2009-12-31": "-807.00000", "2009-09-30": "1092.00000", "2009-06-30": "786.00000", "2009-03-31": "1074.00000", "2008-12-31": "394.00000", "2008-09-30": "463.00000", "2008-06-30": "25.00000", "2008-03-31": "763.00000", "2007-12-31": "223.00000", "2007-09-30": "-161.00000", "2007-06-30": "272.00000", "2007-03-31": "689.00000", "2006-12-31": "223.00000", "2006-09-30": "717.00000", "2006-06-30": "790.00000", "2006-03-31": "262.00000", "2005-12-31": "477.00000", "2005-09-30": "530.00000", "2005-06-30": "-464.00000", "2005-03-31": "2635.00000"}, "Income After Taxes": {"2020-12-31": "348.00000", "2020-09-30": "2202.00000", "2020-06-30": "3434.00000", "2020-03-31": "3410.00000", "2019-12-31": "-328.00000", "2019-09-30": "7680.00000", "2019-06-30": "5056.00000", "2019-03-31": "3890.00000", "2018-12-31": "-382.00000", "2018-09-30": "4111.00000", "2018-06-30": "3879.00000", "2018-03-31": "3571.00000", "2017-12-31": "12290.00000", "2017-09-30": "2858.00000", "2017-06-30": "3076.00000", "2017-03-31": "3130.00000", "2016-12-31": "762.00000", "2016-09-30": "1355.00000", "2016-06-30": "2063.00000", "2016-03-31": "3048.00000", "2015-12-31": "-165.00000", "2015-09-30": "2130.00000", "2015-06-30": "2634.00000", "2015-03-31": "2376.00000", "2014-12-31": "1258.00000", "2014-09-30": "2676.00000", "2014-06-30": "2921.00000", "2014-03-31": "2265.00000", "2013-12-31": "2631.00000", "2013-09-30": "2588.00000", "2013-06-30": "3575.00000", "2013-03-31": "2616.00000", "2012-12-31": "1308.00000", "2012-09-30": "2989.00000", "2012-06-30": "3000.00000", "2012-03-31": "1724.00000", "2011-12-31": "790.00000", "2011-09-30": "2325.00000", "2011-06-30": "2521.00000", "2011-03-31": "2224.00000", "2010-12-31": "2994.00000", "2010-09-30": "856.00000", "2010-06-30": "2454.00000", "2010-03-31": "2014.00000", "2009-12-31": "658.00000", "2009-09-30": "2879.00000", "2009-06-30": "2263.00000", "2009-03-31": "2729.00000", "2008-12-31": "231.00000", "2008-09-30": "2259.00000", "2008-06-30": "2765.00000", "2008-03-31": "2794.00000", "2007-12-31": "2747.00000", "2007-09-30": "797.00000", "2007-06-30": "1347.00000", "2007-03-31": "3364.00000", "2006-12-31": "1491.00000", "2006-09-30": "3244.00000", "2006-06-30": "2293.00000", "2006-03-31": "4008.00000", "2005-12-31": "2489.00000", "2005-09-30": "1482.00000", "2005-06-30": "3376.00000", "2005-03-31": "275.00000"}, "Other Income": {"2020-12-31": "", "2020-09-30": "", "2020-06-30": "", "2020-03-31": "", "2019-12-31": "", "2019-09-30": "", "2019-06-30": "", "2019-03-31": "", "2018-12-31": "", "2018-09-30": "", "2018-06-30": "", "2018-03-31": "", "2017-12-31": "", "2017-09-30": "", "2017-06-30": "", "2017-03-31": "", "2016-12-31": "", "2016-09-30": "", "2016-06-30": "", "2016-03-31": "", "2015-12-31": "", "2015-09-30": "", "2015-06-30": "", "2015-03-31": "", "2014-12-31": "", "2014-09-30": "", "2014-06-30": "", "2014-03-31": "", "2013-12-31": "", "2013-09-30": "", "2013-06-30": "", "2013-03-31": "", "2012-12-31": "", "2012-09-30": "", "2012-06-30": "", "2012-03-31": "", "2011-12-31": "", "2011-09-30": "", "2011-06-30": "", "2011-03-31": "", "2010-12-31": "", "2010-09-30": "", "2010-06-30": "", "2010-03-31": "", "2009-12-31": "", "2009-09-30": "", "2009-06-30": "", "2009-03-31": "", "2008-12-31": "", "2008-09-30": "", "2008-06-30": "", "2008-03-31": "", "2007-12-31": "", "2007-09-30": "", "2007-06-30": "", "2007-03-31": "", "2006-12-31": "", "2006-09-30": "", "2006-06-30": "", "2006-03-31": "", "2005-12-31": "", "2005-09-30": "", "2005-06-30": "", "2005-03-31": ""}, "Income From Continuous Operations": {"2020-12-31": "348.00000", "2020-09-30": "2202.00000", "2020-06-30": "3434.00000", "2020-03-31": "3410.00000", "2019-12-31": "-327.00000", "2019-09-30": "7680.00000", "2019-06-30": "5056.00000", "2019-03-31": "3889.00000", "2018-12-31": "-382.00000", "2018-09-30": "4111.00000", "2018-06-30": "3879.00000", "2018-03-31": "3571.00000", "2017-12-31": "12288.00000", "2017-09-30": "2858.00000", "2017-06-30": "3077.00000", "2017-03-31": "3130.00000", "2016-12-31": "764.00000", "2016-09-30": "1355.00000", "2016-06-30": "2062.00000", "2016-03-31": "3048.00000", "2015-12-31": "-166.00000", "2015-09-30": "2130.00000", "2015-06-30": "2635.00000", "2015-03-31": "2376.00000", "2014-12-31": "1257.00000", "2014-09-30": "2676.00000", "2014-06-30": "2921.00000", "2014-03-31": "2265.00000", "2013-12-31": "2631.00000", "2013-09-30": "2588.00000", "2013-06-30": "3575.00000", "2013-03-31": "2616.00000", "2012-12-31": "1308.00000", "2012-09-30": "2989.00000", "2012-06-30": "3000.00000", "2012-03-31": "1724.00000", "2011-12-31": "790.00000", "2011-09-30": "2325.00000", "2011-06-30": "2521.00000", "2011-03-31": "2224.00000", "2010-12-31": "2994.00000", "2010-09-30": "856.00000", "2010-06-30": "2454.00000", "2010-03-31": "2014.00000", "2009-12-31": "658.00000", "2009-09-30": "2879.00000", "2009-06-30": "2263.00000", "2009-03-31": "2729.00000", "2008-12-31": "231.00000", "2008-09-30": "2259.00000", "2008-06-30": "2765.00000", "2008-03-31": "2794.00000", "2007-12-31": "2753.00000", "2007-09-30": "796.00000", "2007-06-30": "1345.00000", "2007-03-31": "3361.00000", "2006-12-31": "1489.00000", "2006-09-30": "3239.00000", "2006-06-30": "2290.00000", "2006-03-31": "4006.00000", "2005-12-31": "2484.00000", "2005-09-30": "1479.00000", "2005-06-30": "3375.00000", "2005-03-31": "272.00000"}, "Income From Discontinued Operations": {"2020-12-31": "257.00000", "2020-09-30": "", "2020-06-30": "", "2020-03-31": "", "2019-12-31": "", "2019-09-30": "4.00000", "2019-06-30": "", "2019-03-31": "", "2018-12-31": "", "2018-09-30": "11.00000", "2018-06-30": "", "2018-03-31": "-1.00000", "2017-12-31": "", "2017-09-30": "", "2017-06-30": "2.00000", "2017-03-31": "", "2016-12-31": "15.00000", "2016-09-30": "", "2016-06-30": "1.00000", "2016-03-31": "", "2015-12-31": "-3.00000", "2015-09-30": "8.00000", "2015-06-30": "1.00000", "2015-03-31": "5.00000", "2014-12-31": "-22.00000", "2014-09-30": "-3.00000", "2014-06-30": "", "2014-03-31": "73.00000", "2013-12-31": "-57.00000", "2013-09-30": "11.00000", "2013-06-30": "10559.00000", "2013-03-31": "149.00000", "2012-12-31": "5013.00000", "2012-09-30": "225.00000", "2012-06-30": "260.00000", "2012-03-31": "79.00000", "2011-12-31": "658.00000", "2011-09-30": "1424.00000", "2011-06-30": "97.00000", "2011-03-31": "10.00000", "2010-12-31": "-97.00000", "2010-09-30": "15.00000", "2010-06-30": "31.00000", "2010-03-31": "21.00000", "2009-12-31": "108.00000", "2009-09-30": "2.00000", "2009-06-30": "3.00000", "2009-03-31": "1.00000", "2008-12-31": "40.00000", "2008-09-30": "25.00000", "2008-06-30": "17.00000", "2008-03-31": "-4.00000", "2007-12-31": "13.00000", "2007-09-30": "-35.00000", "2007-06-30": "-78.00000", "2007-03-31": "31.00000", "2006-12-31": "7960.00000", "2006-09-30": "123.00000", "2006-06-30": "125.00000", "2006-03-31": "105.00000", "2005-12-31": "271.00000", "2005-09-30": "110.00000", "2005-06-30": "88.00000", "2005-03-31": "29.00000"}, "Net Income": {"2020-12-31": "594.00000", "2020-09-30": "2194.00000", "2020-06-30": "3426.00000", "2020-03-31": "3401.00000", "2019-12-31": "-337.00000", "2019-09-30": "7680.00000", "2019-06-30": "5046.00000", "2019-03-31": "3884.00000", "2018-12-31": "-394.00000", "2018-09-30": "4114.00000", "2018-06-30": "3872.00000", "2018-03-31": "3561.00000", "2017-12-31": "12274.00000", "2017-09-30": "2840.00000", "2017-06-30": "3073.00000", "2017-03-31": "3121.00000", "2016-12-31": "775.00000", "2016-09-30": "1355.00000", "2016-06-30": "2047.00000", "2016-03-31": "3038.00000", "2015-12-31": "-172.00000", "2015-09-30": "2130.00000", "2015-06-30": "2626.00000", "2015-03-31": "2376.00000", "2014-12-31": "1228.00000", "2014-09-30": "2666.00000", "2014-06-30": "2912.00000", "2014-03-31": "2329.00000", "2013-12-31": "2568.00000", "2013-09-30": "2590.00000", "2013-06-30": "14095.00000", "2013-03-31": "2750.00000", "2012-12-31": "6315.00000", "2012-09-30": "3208.00000", "2012-06-30": "3253.00000", "2012-03-31": "1794.00000", "2011-12-31": "1439.00000", "2011-09-30": "3738.00000", "2011-06-30": "2610.00000", "2011-03-31": "2222.00000", "2010-12-31": "2890.00000", "2010-09-30": "866.00000", "2010-06-30": "2475.00000", "2010-03-31": "2026.00000", "2009-12-31": "767.00000", "2009-09-30": "2878.00000", "2009-06-30": "2261.00000", "2009-03-31": "2729.00000", "2008-12-31": "266.00000", "2008-09-30": "2278.00000", "2008-06-30": "2776.00000", "2008-03-31": "2784.00000", "2007-12-31": "2724.00000", "2007-09-30": "761.00000", "2007-06-30": "1267.00000", "2007-03-31": "3392.00000", "2006-12-31": "9449.00000", "2006-09-30": "3362.00000", "2006-06-30": "2415.00000", "2006-03-31": "4111.00000", "2005-12-31": "2732.00000", "2005-09-30": "1589.00000", "2005-06-30": "3463.00000", "2005-03-31": "301.00000"}, "EBITDA": {"2020-12-31": "", "2020-09-30": "4586.00000", "2020-06-30": "4342.00000", "2020-03-31": "5317.00000", "2019-12-31": "2920.00000", "2019-09-30": "4511.00000", "2019-06-30": "5794.00000", "2019-03-31": "5959.00000", "2018-12-31": "3953.00000", "2018-09-30": "5378.00000", "2018-06-30": "5538.00000", "2018-03-31": "5516.00000", "2017-12-31": "3881.00000", "2017-09-30": "5230.00000", "2017-06-30": "5315.00000", "2017-03-31": "5565.00000", "2016-12-31": "3305.00000", "2016-09-30": "4417.00000", "2016-06-30": "4864.00000", "2016-03-31": "5316.00000", "2015-12-31": "3258.00000", "2015-09-30": "4630.00000", "2015-06-30": "4796.00000", "2015-03-31": "4297.00000", "2014-12-31": "3478.00000", "2014-09-30": "5008.00000", "2014-06-30": "5374.00000", "2014-03-31": "4926.00000", "2013-12-31": "4532.00000", "2013-09-30": "5505.00000", "2013-06-30": "5913.00000", "2013-03-31": "5644.00000", "2012-12-31": "4667.00000", "2012-09-30": "5399.00000", "2012-06-30": "6539.00000", "2012-03-31": "6314.00000", "2011-12-31": "4371.00000", "2011-09-30": "6303.00000", "2011-06-30": "6270.00000", "2011-03-31": "6049.00000", "2010-12-31": "3793.00000", "2010-09-30": "5992.00000", "2010-06-30": "6414.00000", "2010-03-31": "5612.00000", "2009-12-31": "1735.00000", "2009-09-30": "5100.00000", "2009-06-30": "4127.00000", "2009-03-31": "4754.00000", "2008-12-31": "3614.00000", "2008-09-30": "4639.00000", "2008-06-30": "3852.00000", "2008-03-31": "4711.00000", "2007-12-31": "3476.00000", "2007-09-30": "1748.00000", "2007-06-30": "2573.00000", "2007-03-31": "4922.00000", "2006-12-31": "3035.00000", "2006-09-30": "4950.00000", "2006-06-30": "4067.00000", "2006-03-31": "5365.00000", "2005-12-31": "4107.00000", "2005-09-30": "3228.00000", "2005-06-30": "4124.00000", "2005-03-31": "5314.00000"}, "EBIT": {"2020-12-31": "614.00000", "2020-09-30": "3324.00000", "2020-06-30": "3091.00000", "2020-03-31": "4099.00000", "2019-12-31": "1536.00000", "2019-09-30": "2958.00000", "2019-06-30": "4266.00000", "2019-03-31": "4414.00000", "2018-12-31": "2312.00000", "2018-09-30": "3764.00000", "2018-06-30": "3976.00000", "2018-03-31": "3949.00000", "2017-12-31": "2307.00000", "2017-09-30": "3664.00000", "2017-06-30": "3741.00000", "2017-03-31": "4010.00000", "2016-12-31": "1756.00000", "2016-09-30": "3021.00000", "2016-06-30": "3477.00000", "2016-03-31": "3891.00000", "2015-12-31": "1834.00000", "2015-09-30": "3358.00000", "2015-06-30": "3595.00000", "2015-03-31": "3037.00000", "2014-12-31": "2147.00000", "2014-09-30": "3682.00000", "2014-06-30": "3950.00000", "2014-03-31": "3470.00000", "2013-12-31": "3043.00000", "2013-09-30": "3984.00000", "2013-06-30": "4287.00000", "2013-03-31": "3870.00000", "2012-12-31": "2560.00000", "2012-09-30": "3743.00000", "2012-06-30": "4868.00000", "2012-03-31": "4093.00000", "2011-12-31": "1913.00000", "2011-09-30": "4088.00000", "2011-06-30": "4021.00000", "2011-03-31": "3945.00000", "2010-12-31": "1887.00000", "2010-09-30": "3763.00000", "2010-06-30": "4201.00000", "2010-03-31": "3561.00000", "2009-12-31": "-39.00000", "2009-09-30": "4131.00000", "2009-06-30": "3121.00000", "2009-03-31": "3746.00000", "2008-12-31": "2436.00000", "2008-09-30": "3443.00000", "2008-06-30": "2623.00000", "2008-03-31": "3224.00000", "2007-12-31": "2360.00000", "2007-09-30": "376.00000", "2007-06-30": "1132.00000", "2007-03-31": "3651.00000", "2006-12-31": "1768.00000", "2006-09-30": "3618.00000", "2006-06-30": "2724.00000", "2006-03-31": "4014.00000", "2005-12-31": "2674.00000", "2005-09-30": "1861.00000", "2005-06-30": "2714.00000", "2005-03-31": "3948.00000"}, "Basic Shares Outstanding": {"2020-12-31": "5562.00000", "2020-09-30": "5557.00000", "2020-06-30": "5554.00000", "2020-03-31": "5545.00000", "2019-12-31": "5569.00000", "2019-09-30": "5545.00000", "2019-06-30": "5562.00000", "2019-03-31": "5635.00000", "2018-12-31": "5872.00000", "2018-09-30": "5875.00000", "2018-06-30": "5866.00000", "2018-03-31": "5957.00000", "2017-12-31": "5970.00000", "2017-09-30": "5951.00000", "2017-06-30": "5958.00000", "2017-03-31": "6006.00000", "2016-12-31": "6089.00000", "2016-09-30": "6066.00000", "2016-06-30": "6068.00000", "2016-03-31": "6150.00000", "2015-12-31": "6176.00000", "2015-09-30": "6168.00000", "2015-06-30": "6159.00000", "2015-03-31": "6203.00000", "2014-12-31": "6346.00000", "2014-09-30": "6330.00000", "2014-06-30": "6368.00000", "2014-03-31": "6389.00000", "2013-12-31": "6813.00000", "2013-09-30": "6581.00000", "2013-06-30": "7042.00000", "2013-03-31": "7187.00000", "2012-12-31": "7442.00000", "2012-09-30": "7436.00000", "2012-06-30": "7476.00000", "2012-03-31": "7537.00000", "2011-12-31": "7817.00000", "2011-09-30": "7770.00000", "2011-06-30": "7875.00000", "2011-03-31": "7982.00000", "2010-12-31": "8036.00000", "2010-09-30": "8027.00000", "2010-06-30": "8046.00000", "2010-03-31": "8061.00000", "2009-12-31": "7007.00000", "2009-09-30": "6730.00000", "2009-06-30": "6728.00000", "2009-03-31": "6723.00000", "2008-12-31": "6727.00000", "2008-09-30": "6718.00000", "2008-06-30": "6732.00000", "2008-03-31": "6739.00000", "2007-12-31": "6917.00000", "2007-09-30": "6875.00000", "2007-06-30": "6966.00000", "2007-03-31": "7051.00000", "2006-12-31": "7242.00000", "2006-09-30": "7228.00000", "2006-06-30": "7282.00000", "2006-03-31": "7314.00000", "2005-12-31": "7361.00000", "2005-09-30": "7333.00000", "2005-06-30": "7366.00000", "2005-03-31": "7416.00000"}, "Shares Outstanding": {"2020-12-31": "5662.00000", "2020-09-30": "5633.00000", "2020-06-30": "5619.00000", "2020-03-31": "5613.00000", "2019-12-31": "5675.00000", "2019-09-30": "5649.00000", "2019-06-30": "5672.00000", "2019-03-31": "5750.00000", "2018-12-31": "5977.00000", "2018-09-30": "5986.00000", "2018-06-30": "5952.00000", "2018-03-31": "6057.00000", "2017-12-31": "6058.00000", "2017-09-30": "6041.00000", "2017-06-30": "6037.00000", "2017-03-31": "6092.00000", "2016-12-31": "6159.00000", "2016-09-30": "6150.00000", "2016-06-30": "6149.00000", "2016-03-31": "6225.00000", "2015-12-31": "6257.00000", "2015-09-30": "6243.00000", "2015-06-30": "6243.00000", "2015-03-31": "6292.00000", "2014-12-31": "6424.00000", "2014-09-30": "6403.00000", "2014-06-30": "6444.00000", "2014-03-31": "6476.00000", "2013-12-31": "6895.00000", "2013-09-30": "6656.00000", "2013-06-30": "7117.00000", "2013-03-31": "7269.00000", "2012-12-31": "7508.00000", "2012-09-30": "7508.00000", "2012-06-30": "7537.00000", "2012-03-31": "7598.00000", "2011-12-31": "7870.00000", "2011-09-30": "7810.00000", "2011-06-30": "7935.00000", "2011-03-31": "8035.00000", "2010-12-31": "8074.00000", "2010-09-30": "8057.00000", "2010-06-30": "8072.00000", "2010-03-31": "8101.00000", "2009-12-31": "7045.00000", "2009-09-30": "6762.00000", "2009-06-30": "6752.00000", "2009-03-31": "6753.00000", "2008-12-31": "6750.00000", "2008-09-30": "6736.00000", "2008-06-30": "6748.00000", "2008-03-31": "6762.00000", "2007-12-31": "6939.00000", "2007-09-30": "6894.00000", "2007-06-30": "6990.00000", "2007-03-31": "7075.00000", "2006-12-31": "7274.00000", "2006-09-30": "7251.00000", "2006-06-30": "7305.00000", "2006-03-31": "7348.00000", "2005-12-31": "7411.00000", "2005-09-30": "7382.00000", "2005-06-30": "7418.00000", "2005-03-31": "7474.00000"}, "Basic EPS": {"2020-12-31": "0.11000", "2020-09-30": "0.39000", "2020-06-30": "0.62000", "2020-03-31": "0.61000", "2019-12-31": "-0.06000", "2019-09-30": "1.38000", "2019-06-30": "0.91000", "2019-03-31": "0.69000", "2018-12-31": "-0.06000", "2018-09-30": "0.70000", "2018-06-30": "0.66000", "2018-03-31": "0.60000", "2017-12-31": "2.05000", "2017-09-30": "0.48000", "2017-06-30": "0.52000", "2017-03-31": "0.52000", "2016-12-31": "0.13000", "2016-09-30": "0.22000", "2016-06-30": "0.34000", "2016-03-31": "0.49000", "2015-12-31": "-0.03000", "2015-09-30": "0.35000", "2015-06-30": "0.43000", "2015-03-31": "0.38000", "2014-12-31": "0.20000", "2014-09-30": "0.42000", "2014-06-30": "0.46000", "2014-03-31": "0.36000", "2013-12-31": "0.46000", "2013-09-30": "0.39000", "2013-06-30": "2.00000", "2013-03-31": "0.38000", "2012-12-31": "0.85000", "2012-09-30": "0.43000", "2012-06-30": "0.44000", "2012-03-31": "0.24000", "2011-12-31": "0.19000", "2011-09-30": "0.48000", "2011-06-30": "0.33000", "2011-03-31": "0.28000", "2010-12-31": "0.36000", "2010-09-30": "0.11000", "2010-06-30": "0.31000", "2010-03-31": "0.25000", "2009-12-31": "0.05000", "2009-09-30": "0.43000", "2009-06-30": "0.34000", "2009-03-31": "0.41000", "2008-12-31": "0.04000", "2008-09-30": "0.34000", "2008-06-30": "0.41000", "2008-03-31": "0.41000", "2007-12-31": "0.41000", "2007-09-30": "0.11000", "2007-06-30": "0.18000", "2007-03-31": "0.48000", "2006-12-31": "1.31000", "2006-09-30": "0.47000", "2006-06-30": "0.33000", "2006-03-31": "0.56000", "2005-12-31": "0.37000", "2005-09-30": "0.22000", "2005-06-30": "0.47000", "2005-03-31": "0.04000"}, "EPS - Earnings Per Share": {"2020-12-31": "0.10000", "2020-09-30": "0.39000", "2020-06-30": "0.61000", "2020-03-31": "0.61000", "2019-12-31": "-0.06000", "2019-09-30": "1.36000", "2019-06-30": "0.89000", "2019-03-31": "0.68000", "2018-12-31": "-0.07000", "2018-09-30": "0.69000", "2018-06-30": "0.65000", "2018-03-31": "0.59000", "2017-12-31": "2.03000", "2017-09-30": "0.47000", "2017-06-30": "0.51000", "2017-03-31": "0.51000", "2016-12-31": "0.13000", "2016-09-30": "0.22000", "2016-06-30": "0.33000", "2016-03-31": "0.49000", "2015-12-31": "-0.03000", "2015-09-30": "0.34000", "2015-06-30": "0.42000", "2015-03-31": "0.38000", "2014-12-31": "0.19000", "2014-09-30": "0.42000", "2014-06-30": "0.45000", "2014-03-31": "0.36000", "2013-12-31": "0.44000", "2013-09-30": "0.39000", "2013-06-30": "1.98000", "2013-03-31": "0.38000", "2012-12-31": "0.84000", "2012-09-30": "0.43000", "2012-06-30": "0.43000", "2012-03-31": "0.24000", "2011-12-31": "0.18000", "2011-09-30": "0.48000", "2011-06-30": "0.33000", "2011-03-31": "0.28000", "2010-12-31": "0.35000", "2010-09-30": "0.11000", "2010-06-30": "0.31000", "2010-03-31": "0.25000", "2009-12-31": "0.06000", "2009-09-30": "0.43000", "2009-06-30": "0.34000", "2009-03-31": "0.40000", "2008-12-31": "0.04000", "2008-09-30": "0.34000", "2008-06-30": "0.41000", "2008-03-31": "0.41000", "2007-12-31": "0.40000", "2007-09-30": "0.11000", "2007-06-30": "0.18000", "2007-03-31": "0.48000", "2006-12-31": "1.31000", "2006-09-30": "0.46000", "2006-06-30": "0.33000", "2006-03-31": "0.56000", "2005-12-31": "0.36000", "2005-09-30": "0.22000", "2005-06-30": "0.47000", "2005-03-31": "0.04000"}}, "balance sheet": {"Cash On Hand": {"2020-12-31": "", "2019-12-31": "9830.00000", "2018-12-31": "18833.00000", "2017-12-31": "19992.00000", "2016-12-31": "17850.00000", "2015-12-31": "23290.00000", "2014-12-31": "36122.00000", "2013-12-31": "32408.00000", "2012-12-31": "32399.00000", "2011-12-31": "26452.00000", "2010-12-31": "28012.00000", "2009-12-31": "25969.00000", "2008-12-31": "23731.00000", "2007-12-31": "25475.00000", "2006-12-31": "27713.00000", "2005-12-31": "22226.00000"}, "Receivables": {"2020-12-31": "", "2019-12-31": "8724.00000", "2018-12-31": "8025.00000", "2017-12-31": "8221.00000", "2016-12-31": "8225.00000", "2015-12-31": "8176.00000", "2014-12-31": "8401.00000", "2013-12-31": "9357.00000", "2012-12-31": "10675.00000", "2011-12-31": "13058.00000", "2010-12-31": "13380.00000", "2009-12-31": "14645.00000", "2008-12-31": "8958.00000", "2007-12-31": "9843.00000", "2006-12-31": "9392.00000", "2005-12-31": "9103.00000"}, "Inventory": {"2020-12-31": "", "2019-12-31": "8283.00000", "2018-12-31": "7508.00000", "2017-12-31": "7578.00000", "2016-12-31": "6783.00000", "2015-12-31": "7513.00000", "2014-12-31": "5663.00000", "2013-12-31": "6166.00000", "2012-12-31": "6076.00000", "2011-12-31": "6610.00000", "2010-12-31": "8275.00000", "2009-12-31": "12403.00000", "2008-12-31": "4381.00000", "2007-12-31": "5302.00000", "2006-12-31": "6111.00000", "2005-12-31": "5478.00000"}, "Pre-Paid Expenses": {"2020-12-31": "", "2019-12-31": "", "2018-12-31": "", "2017-12-31": "", "2016-12-31": "", "2015-12-31": "", "2014-12-31": "", "2013-12-31": "", "2012-12-31": "", "2011-12-31": "", "2010-12-31": "", "2009-12-31": "6962.00000", "2008-12-31": "5034.00000", "2007-12-31": "5498.00000", "2006-12-31": "3866.00000", "2005-12-31": "2859.00000"}, "Other Current Assets": {"2020-12-31": "", "2019-12-31": "2621.00000", "2018-12-31": "12186.00000", "2017-12-31": "5351.00000", "2016-12-31": "6091.00000", "2015-12-31": "4825.00000", "2014-12-31": "2843.00000", "2013-12-31": "3689.00000", "2012-12-31": "3567.00000", "2011-12-31": "9380.00000", "2010-12-31": "9440.00000", "2009-12-31": "496.00000", "2008-12-31": "", "2007-12-31": "", "2006-12-31": "", "2005-12-31": ""}, "Total Current Assets": {"2020-12-31": "", "2019-12-31": "32803.00000", "2018-12-31": "49926.00000", "2017-12-31": "41141.00000", "2016-12-31": "38949.00000", "2015-12-31": "43804.00000", "2014-12-31": "55595.00000", "2013-12-31": "56244.00000", "2012-12-31": "64831.00000", "2011-12-31": "60817.00000", "2010-12-31": "61013.00000", "2009-12-31": "61670.00000", "2008-12-31": "43076.00000", "2007-12-31": "46849.00000", "2006-12-31": "47658.00000", "2005-12-31": "46835.00000"}, "Property, Plant, And Equipment": {"2020-12-31": "", "2019-12-31": "13967.00000", "2018-12-31": "13385.00000", "2017-12-31": "13865.00000", "2016-12-31": "13318.00000", "2015-12-31": "13766.00000", "2014-12-31": "11762.00000", "2013-12-31": "12397.00000", "2012-12-31": "13213.00000", "2011-12-31": "15921.00000", "2010-12-31": "18645.00000", "2009-12-31": "22780.00000", "2008-12-31": "13287.00000", "2007-12-31": "15734.00000", "2006-12-31": "16632.00000", "2005-12-31": "16233.00000"}, "Long-Term Investments": {"2020-12-31": "", "2019-12-31": "20147.00000", "2018-12-31": "2767.00000", "2017-12-31": "7015.00000", "2016-12-31": "7116.00000", "2015-12-31": "15999.00000", "2014-12-31": "17518.00000", "2013-12-31": "16406.00000", "2012-12-31": "14149.00000", "2011-12-31": "9814.00000", "2010-12-31": "9747.00000", "2009-12-31": "13122.00000", "2008-12-31": "11478.00000", "2007-12-31": "4856.00000", "2006-12-31": "3892.00000", "2005-12-31": "2497.00000"}, "Goodwill And Intangible Assets": {"2020-12-31": "", "2019-12-31": "94023.00000", "2018-12-31": "88622.00000", "2017-12-31": "104693.00000", "2016-12-31": "107097.00000", "2015-12-31": "88598.00000", "2014-12-31": "77235.00000", "2013-12-31": "81904.00000", "2012-12-31": "88807.00000", "2011-12-31": "95753.00000", "2010-12-31": "101483.00000", "2009-12-31": "110391.00000", "2008-12-31": "39185.00000", "2007-12-31": "41880.00000", "2006-12-31": "45226.00000", "2005-12-31": "47229.00000"}, "Other Long-Term Assets": {"2020-12-31": "", "2019-12-31": "4450.00000", "2018-12-31": "2799.00000", "2017-12-31": "3227.00000", "2016-12-31": "3323.00000", "2015-12-31": "3420.00000", "2014-12-31": "3513.00000", "2013-12-31": "3596.00000", "2012-12-31": "3233.00000", "2011-12-31": "5697.00000", "2010-12-31": "4126.00000", "2009-12-31": "4986.00000", "2008-12-31": "4122.00000", "2007-12-31": "5949.00000", "2006-12-31": "2138.00000", "2005-12-31": "4176.00000"}, "Total Long-Term Assets": {"2020-12-31": "", "2019-12-31": "134686.00000", "2018-12-31": "109497.00000", "2017-12-31": "130655.00000", "2016-12-31": "132666.00000", "2015-12-31": "123577.00000", "2014-12-31": "111972.00000", "2013-12-31": "115857.00000", "2012-12-31": "120967.00000", "2011-12-31": "127185.00000", "2010-12-31": "134001.00000", "2009-12-31": "151279.00000", "2008-12-31": "68072.00000", "2007-12-31": "68419.00000", "2006-12-31": "67888.00000", "2005-12-31": "70135.00000"}, "Total Assets": {"2020-12-31": "0.00000", "2019-12-31": "167489.00000", "2018-12-31": "159422.00000", "2017-12-31": "171797.00000", "2016-12-31": "171615.00000", "2015-12-31": "167381.00000", "2014-12-31": "167566.00000", "2013-12-31": "172101.00000", "2012-12-31": "185798.00000", "2011-12-31": "188002.00000", "2010-12-31": "195014.00000", "2009-12-31": "212949.00000", "2008-12-31": "111148.00000", "2007-12-31": "115268.00000", "2006-12-31": "115546.00000", "2005-12-31": "116970.00000"}, "Total Current Liabilities": {"2020-12-31": "", "2019-12-31": "37304.00000", "2018-12-31": "31858.00000", "2017-12-31": "30427.00000", "2016-12-31": "31115.00000", "2015-12-31": "29399.00000", "2014-12-31": "21587.00000", "2013-12-31": "23366.00000", "2012-12-31": "29186.00000", "2011-12-31": "28909.00000", "2010-12-31": "28636.00000", "2009-12-31": "37225.00000", "2008-12-31": "27009.00000", "2007-12-31": "21835.00000", "2006-12-31": "22099.00000", "2005-12-31": "28402.00000"}, "Long Term Debt": {"2020-12-31": "", "2019-12-31": "35955.00000", "2018-12-31": "32909.00000", "2017-12-31": "33538.00000", "2016-12-31": "31398.00000", "2015-12-31": "28740.00000", "2014-12-31": "31541.00000", "2013-12-31": "30462.00000", "2012-12-31": "31036.00000", "2011-12-31": "34926.00000", "2010-12-31": "38410.00000", "2009-12-31": "43193.00000", "2008-12-31": "7963.00000", "2007-12-31": "7314.00000", "2006-12-31": "5546.00000", "2005-12-31": "6347.00000"}, "Other Non-Current Liabilities": {"2020-12-31": "", "2019-12-31": "18443.00000", "2018-12-31": "20587.00000", "2017-12-31": "24846.00000", "2016-12-31": "10337.00000", "2015-12-31": "9249.00000", "2014-12-31": "9236.00000", "2013-12-31": "8760.00000", "2012-12-31": "11432.00000", "2011-12-31": "12986.00000", "2010-12-31": "11846.00000", "2009-12-31": "14611.00000", "2008-12-31": "9638.00000", "2007-12-31": "8992.00000", "2006-12-31": "2852.00000", "2005-12-31": "2645.00000"}, "Total Long Term Liabilities": {"2020-12-31": "", "2019-12-31": "66738.00000", "2018-12-31": "63806.00000", "2017-12-31": "69714.00000", "2016-12-31": "80660.00000", "2015-12-31": "72985.00000", "2014-12-31": "74358.00000", "2013-12-31": "72115.00000", "2012-12-31": "74934.00000", "2011-12-31": "76472.00000", "2010-12-31": "78113.00000", "2009-12-31": "85278.00000", "2008-12-31": "26399.00000", "2007-12-31": "28423.00000", "2006-12-31": "22089.00000", "2005-12-31": "22804.00000"}, "Total Liabilities": {"2020-12-31": "", "2019-12-31": "104042.00000", "2018-12-31": "95664.00000", "2017-12-31": "100141.00000", "2016-12-31": "111776.00000", "2015-12-31": "102384.00000", "2014-12-31": "95944.00000", "2013-12-31": "95481.00000", "2012-12-31": "104120.00000", "2011-12-31": "105381.00000", "2010-12-31": "106749.00000", "2009-12-31": "122503.00000", "2008-12-31": "53408.00000", "2007-12-31": "50258.00000", "2006-12-31": "44188.00000", "2005-12-31": "51206.00000"}, "Common Stock Net": {"2020-12-31": "", "2019-12-31": "468.00000", "2018-12-31": "467.00000", "2017-12-31": "464.00000", "2016-12-31": "461.00000", "2015-12-31": "459.00000", "2014-12-31": "455.00000", "2013-12-31": "453.00000", "2012-12-31": "448.00000", "2011-12-31": "445.00000", "2010-12-31": "444.00000", "2009-12-31": "443.00000", "2008-12-31": "443.00000", "2007-12-31": "442.00000", "2006-12-31": "441.00000", "2005-12-31": "439.00000"}, "Retained Earnings (Accumulated Deficit)": {"2020-12-31": "", "2019-12-31": "97670.00000", "2018-12-31": "89554.00000", "2017-12-31": "85291.00000", "2016-12-31": "71774.00000", "2015-12-31": "71993.00000", "2014-12-31": "72176.00000", "2013-12-31": "69732.00000", "2012-12-31": "54240.00000", "2011-12-31": "46210.00000", "2010-12-31": "42716.00000", "2009-12-31": "40426.00000", "2008-12-31": "49142.00000", "2007-12-31": "49660.00000", "2006-12-31": "49669.00000", "2005-12-31": "37608.00000"}, "Comprehensive Income": {"2020-12-31": "", "2019-12-31": "-11640.00000", "2018-12-31": "-11275.00000", "2017-12-31": "-9321.00000", "2016-12-31": "-11036.00000", "2015-12-31": "-9522.00000", "2014-12-31": "-7316.00000", "2013-12-31": "-3271.00000", "2012-12-31": "-5953.00000", "2011-12-31": "-4129.00000", "2010-12-31": "-3440.00000", "2009-12-31": "552.00000", "2008-12-31": "-4569.00000", "2007-12-31": "2299.00000", "2006-12-31": "-469.00000", "2005-12-31": "479.00000"}, "Other Share Holders Equity": {"2020-12-31": "", "2019-12-31": "", "2018-12-31": "", "2017-12-31": "", "2016-12-31": "", "2015-12-31": "", "2014-12-31": "", "2013-12-31": "", "2012-12-31": "", "2011-12-31": "-3.00000", "2010-12-31": "-7.00000", "2009-12-31": "-333.00000", "2008-12-31": "-425.00000", "2007-12-31": "-550.00000", "2006-12-31": "-788.00000", "2005-12-31": "-923.00000"}, "Share Holder Equity": {"2020-12-31": "", "2019-12-31": "63447.00000", "2018-12-31": "63758.00000", "2017-12-31": "71656.00000", "2016-12-31": "59840.00000", "2015-12-31": "64998.00000", "2014-12-31": "71622.00000", "2013-12-31": "76620.00000", "2012-12-31": "81678.00000", "2011-12-31": "82621.00000", "2010-12-31": "88265.00000", "2009-12-31": "90446.00000", "2008-12-31": "57740.00000", "2007-12-31": "65010.00000", "2006-12-31": "71358.00000", "2005-12-31": "65764.00000"}, "Total Liabilities And Share Holders Equity": {"2020-12-31": "", "2019-12-31": "167489.00000", "2018-12-31": "159422.00000", "2017-12-31": "171797.00000", "2016-12-31": "171615.00000", "2015-12-31": "167381.00000", "2014-12-31": "167566.00000", "2013-12-31": "172101.00000", "2012-12-31": "185798.00000", "2011-12-31": "188002.00000", "2010-12-31": "195014.00000", "2009-12-31": "212949.00000", "2008-12-31": "111148.00000", "2007-12-31": "115268.00000", "2006-12-31": "115546.00000", "2005-12-31": "116970.00000"}}, "balance sheet, quarterly": {"Cash On Hand": {"2020-12-31": "", "2020-09-30": "21912.00000", "2020-06-30": "22794.00000", "2020-03-31": "10350.00000", "2019-12-31": "9830.00000", "2019-09-30": "9087.00000", "2019-06-30": "12912.00000", "2019-03-31": "11619.00000", "2018-12-31": "18833.00000", "2018-09-30": "17239.00000", "2018-06-30": "13431.00000", "2018-03-31": "11421.00000", "2017-12-31": "19992.00000", "2017-09-30": "16925.00000", "2017-06-30": "14333.00000", "2017-03-31": "14560.00000", "2016-12-31": "17850.00000", "2016-09-30": "14371.00000", "2016-06-30": "20942.00000", "2016-03-31": "19443.00000", "2015-12-31": "23290.00000", "2015-09-30": "20658.00000", "2015-06-30": "30256.00000", "2015-03-31": "27708.00000", "2014-12-31": "36122.00000", "2014-09-30": "33446.00000", "2014-06-30": "34054.00000", "2014-03-31": "33881.00000", "2013-12-31": "32408.00000", "2013-09-30": "33679.00000", "2013-06-30": "33711.00000", "2013-03-31": "35346.00000", "2012-12-31": "32399.00000", "2012-09-30": "22968.00000", "2012-06-30": "24306.00000", "2012-03-31": "23972.00000", "2011-12-31": "26452.00000", "2011-09-30": "28963.00000", "2011-06-30": "25484.00000", "2011-03-31": "24009.00000", "2010-12-31": "28012.00000", "2010-09-30": "22464.00000", "2010-06-30": "19268.00000", "2010-03-31": "17262.00000", "2009-12-31": "25969.00000", "2009-09-30": "52473.00000", "2009-06-30": "49647.00000", "2009-03-31": "34052.00000", "2008-12-31": "23731.00000", "2008-09-30": "26017.00000", "2008-06-30": "26179.00000", "2008-03-31": "28628.00000", "2007-12-31": "25475.00000", "2007-09-30": "22298.00000", "2007-06-30": "22253.00000", "2007-03-31": "22470.00000", "2006-12-31": "27713.00000", "2006-09-30": "12831.00000", "2006-06-30": "14750.00000", "2006-03-31": "15502.00000", "2005-12-31": "22226.00000", "2005-09-30": "13389.00000", "2005-06-30": "14569.00000", "2005-03-31": "21971.00000"}, "Receivables": {"2020-12-31": "", "2020-09-30": "10012.00000", "2020-06-30": "9128.00000", "2020-03-31": "9881.00000", "2019-12-31": "8724.00000", "2019-09-30": "9439.00000", "2019-06-30": "9793.00000", "2019-03-31": "9599.00000", "2018-12-31": "8025.00000", "2018-09-30": "10024.00000", "2018-06-30": "9873.00000", "2018-03-31": "9452.00000", "2017-12-31": "8221.00000", "2017-09-30": "10002.00000", "2017-06-30": "9476.00000", "2017-03-31": "8892.00000", "2016-12-31": "8225.00000", "2016-09-30": "9836.00000", "2016-06-30": "9138.00000", "2016-03-31": "9033.00000", "2015-12-31": "8176.00000", "2015-09-30": "9535.00000", "2015-06-30": "8951.00000", "2015-03-31": "8920.00000", "2014-12-31": "8401.00000", "2014-09-30": "9955.00000", "2014-06-30": "10388.00000", "2014-03-31": "9399.00000", "2013-12-31": "9357.00000", "2013-09-30": "11371.00000", "2013-06-30": "11523.00000", "2013-03-31": "12735.00000", "2012-12-31": "10675.00000", "2012-09-30": "12523.00000", "2012-06-30": "12882.00000", "2012-03-31": "14182.00000", "2011-12-31": "13058.00000", "2011-09-30": "15749.00000", "2011-06-30": "15192.00000", "2011-03-31": "15182.00000", "2010-12-31": "13380.00000", "2010-09-30": "14302.00000", "2010-06-30": "14012.00000", "2010-03-31": "13611.00000", "2009-12-31": "14645.00000", "2009-09-30": "10552.00000", "2009-06-30": "10446.00000", "2009-03-31": "9596.00000", "2008-12-31": "8958.00000", "2008-09-30": "9901.00000", "2008-06-30": "10245.00000", "2008-03-31": "10432.00000", "2007-12-31": "9843.00000", "2007-09-30": "9942.00000", "2007-06-30": "9497.00000", "2007-03-31": "10455.00000", "2006-12-31": "9392.00000", "2006-09-30": "9177.00000", "2006-06-30": "9275.00000", "2006-03-31": "10352.00000", "2005-12-31": "9103.00000", "2005-09-30": "9348.00000", "2005-06-30": "9316.00000", "2005-03-31": "10074.00000"}, "Inventory": {"2020-12-31": "", "2020-09-30": "9295.00000", "2020-06-30": "8564.00000", "2020-03-31": "8423.00000", "2019-12-31": "8283.00000", "2019-09-30": "8222.00000", "2019-06-30": "8233.00000", "2019-03-31": "8029.00000", "2018-12-31": "7508.00000", "2018-09-30": "8184.00000", "2018-06-30": "8074.00000", "2018-03-31": "8148.00000", "2017-12-31": "7578.00000", "2017-09-30": "7925.00000", "2017-06-30": "7584.00000", "2017-03-31": "7415.00000", "2016-12-31": "6783.00000", "2016-09-30": "7507.00000", "2016-06-30": "7614.00000", "2016-03-31": "7578.00000", "2015-12-31": "7513.00000", "2015-09-30": "7678.00000", "2015-06-30": "5796.00000", "2015-03-31": "5786.00000", "2014-12-31": "5663.00000", "2014-09-30": "6355.00000", "2014-06-30": "6249.00000", "2014-03-31": "6066.00000", "2013-12-31": "6166.00000", "2013-09-30": "6482.00000", "2013-06-30": "6282.00000", "2013-03-31": "7035.00000", "2012-12-31": "6076.00000", "2012-09-30": "7516.00000", "2012-06-30": "7001.00000", "2012-03-31": "7189.00000", "2011-12-31": "6610.00000", "2011-09-30": "8426.00000", "2011-06-30": "8597.00000", "2011-03-31": "8467.00000", "2010-12-31": "8275.00000", "2010-09-30": "8771.00000", "2010-06-30": "9511.00000", "2010-03-31": "10132.00000", "2009-12-31": "12403.00000", "2009-09-30": "5058.00000", "2009-06-30": "4993.00000", "2009-03-31": "4458.00000", "2008-12-31": "4381.00000", "2008-09-30": "4788.00000", "2008-06-30": "5334.00000", "2008-03-31": "5148.00000", "2007-12-31": "5302.00000", "2007-09-30": "5210.00000", "2007-06-30": "5734.00000", "2007-03-31": "5694.00000", "2006-12-31": "6111.00000", "2006-09-30": "6167.00000", "2006-06-30": "6392.00000", "2006-03-31": "6663.00000", "2005-12-31": "5478.00000", "2005-09-30": "6556.00000", "2005-06-30": "6480.00000", "2005-03-31": "6551.00000"}, "Pre-Paid Expenses": {"2020-12-31": "", "2020-09-30": "", "2020-06-30": "", "2020-03-31": "", "2019-12-31": "", "2019-09-30": "", "2019-06-30": "", "2019-03-31": "", "2018-12-31": "", "2018-09-30": "", "2018-06-30": "", "2018-03-31": "", "2017-12-31": "", "2017-09-30": "", "2017-06-30": "", "2017-03-31": "", "2016-12-31": "", "2016-09-30": "", "2016-06-30": "", "2016-03-31": "", "2015-12-31": "", "2015-09-30": "", "2015-06-30": "", "2015-03-31": "", "2014-12-31": "", "2014-09-30": "", "2014-06-30": "", "2014-03-31": "", "2013-12-31": "", "2013-09-30": "", "2013-06-30": "", "2013-03-31": "", "2012-12-31": "", "2012-09-30": "", "2012-06-30": "", "2012-03-31": "", "2011-12-31": "", "2011-09-30": "", "2011-06-30": "", "2011-03-31": "", "2010-12-31": "", "2010-09-30": "", "2010-06-30": "", "2010-03-31": "", "2009-12-31": "6962.00000", "2009-09-30": "4679.00000", "2009-06-30": "5310.00000", "2009-03-31": "5055.00000", "2008-12-31": "5034.00000", "2008-09-30": "6486.00000", "2008-06-30": "5711.00000", "2008-03-31": "5939.00000", "2007-12-31": "5498.00000", "2007-09-30": "3749.00000", "2007-06-30": "3564.00000", "2007-03-31": "3231.00000", "2006-12-31": "3866.00000", "2006-09-30": "3281.00000", "2006-06-30": "3262.00000", "2006-03-31": "4302.00000", "2005-12-31": "2859.00000", "2005-09-30": "2724.00000", "2005-06-30": "2506.00000", "2005-03-31": "2792.00000"}, "Other Current Assets": {"2020-12-31": "", "2020-09-30": "6519.00000", "2020-06-30": "2513.00000", "2020-03-31": "2737.00000", "2019-12-31": "5966.00000", "2019-09-30": "6713.00000", "2019-06-30": "12412.00000", "2019-03-31": "12444.00000", "2018-12-31": "12186.00000", "2018-09-30": "2450.00000", "2018-06-30": "2343.00000", "2018-03-31": "2190.00000", "2017-12-31": "5351.00000", "2017-09-30": "2174.00000", "2017-06-30": "1880.00000", "2017-03-31": "2221.00000", "2016-12-31": "6091.00000", "2016-09-30": "3962.00000", "2016-06-30": "3023.00000", "2016-03-31": "2355.00000", "2015-12-31": "4825.00000", "2015-09-30": "2248.00000", "2015-06-30": "2449.00000", "2015-03-31": "2815.00000", "2014-12-31": "2843.00000", "2014-09-30": "2545.00000", "2014-06-30": "2727.00000", "2014-03-31": "3473.00000", "2013-12-31": "3689.00000", "2013-09-30": "7835.00000", "2013-06-30": "9819.00000", "2013-03-31": "9647.00000", "2012-12-31": "3567.00000", "2012-09-30": "8849.00000", "2012-06-30": "9215.00000", "2012-03-31": "9361.00000", "2011-12-31": "9380.00000", "2011-09-30": "9288.00000", "2011-06-30": "9271.00000", "2011-03-31": "8755.00000", "2010-12-31": "9440.00000", "2010-09-30": "494.00000", "2010-06-30": "682.00000", "2010-03-31": "490.00000", "2009-12-31": "496.00000", "2009-09-30": "231.00000", "2009-06-30": "219.00000", "2009-03-31": "299.00000", "2008-12-31": "", "2008-09-30": "186.00000", "2008-06-30": "141.00000", "2008-03-31": "87.00000", "2007-12-31": "", "2007-09-30": "115.00000", "2007-06-30": "", "2007-03-31": "", "2006-12-31": "", "2006-09-30": "", "2006-06-30": "", "2006-03-31": "151.00000", "2005-12-31": "", "2005-09-30": "140.00000", "2005-06-30": "189.00000", "2005-03-31": "378.00000"}, "Total Current Assets": {"2020-12-31": "", "2020-09-30": "47739.00000", "2020-06-30": "46424.00000", "2020-03-31": "34738.00000", "2019-12-31": "32803.00000", "2019-09-30": "33459.00000", "2019-06-30": "47073.00000", "2019-03-31": "45290.00000", "2018-12-31": "49926.00000", "2018-09-30": "41583.00000", "2018-06-30": "37303.00000", "2018-03-31": "34835.00000", "2017-12-31": "41141.00000", "2017-09-30": "40291.00000", "2017-06-30": "36385.00000", "2017-03-31": "35878.00000", "2016-12-31": "38949.00000", "2016-09-30": "38501.00000", "2016-06-30": "43845.00000", "2016-03-31": "41298.00000", "2015-12-31": "43804.00000", "2015-09-30": "45001.00000", "2015-06-30": "51715.00000", "2015-03-31": "49443.00000", "2014-12-31": "55595.00000", "2014-09-30": "56987.00000", "2014-06-30": "58287.00000", "2014-03-31": "57793.00000", "2013-12-31": "56244.00000", "2013-09-30": "59500.00000", "2013-06-30": "61435.00000", "2013-03-31": "64763.00000", "2012-12-31": "64831.00000", "2012-09-30": "57127.00000", "2012-06-30": "58765.00000", "2012-03-31": "54863.00000", "2011-12-31": "60817.00000", "2011-09-30": "62732.00000", "2011-06-30": "60484.00000", "2011-03-31": "58244.00000", "2010-12-31": "61013.00000", "2010-09-30": "54089.00000", "2010-06-30": "51101.00000", "2010-03-31": "49916.00000", "2009-12-31": "61670.00000", "2009-09-30": "73784.00000", "2009-06-30": "71550.00000", "2009-03-31": "54253.00000", "2008-12-31": "43076.00000", "2008-09-30": "48227.00000", "2008-06-30": "48651.00000", "2008-03-31": "51011.00000", "2007-12-31": "46849.00000", "2007-09-30": "41840.00000", "2007-06-30": "41622.00000", "2007-03-31": "42337.00000", "2006-12-31": "47658.00000", "2006-09-30": "38721.00000", "2006-06-30": "40994.00000", "2006-03-31": "37415.00000", "2005-12-31": "46835.00000", "2005-09-30": "32768.00000", "2005-06-30": "33573.00000", "2005-03-31": "42353.00000"}, "Property, Plant, And Equipment": {"2020-12-31": "", "2020-09-30": "14403.00000", "2020-06-30": "14113.00000", "2020-03-31": "14040.00000", "2019-12-31": "13967.00000", "2019-09-30": "13701.00000", "2019-06-30": "13521.00000", "2019-03-31": "13467.00000", "2018-12-31": "13385.00000", "2018-09-30": "14036.00000", "2018-06-30": "13919.00000", "2018-03-31": "13971.00000", "2017-12-31": "13865.00000", "2017-09-30": "13505.00000", "2017-06-30": "13386.00000", "2017-03-31": "13238.00000", "2016-12-31": "13318.00000", "2016-09-30": "13284.00000", "2016-06-30": "13609.00000", "2016-03-31": "13584.00000", "2015-12-31": "13766.00000", "2015-09-30": "13695.00000", "2015-06-30": "11432.00000", "2015-03-31": "11527.00000", "2014-12-31": "11762.00000", "2014-09-30": "12032.00000", "2014-06-30": "12179.00000", "2014-03-31": "12347.00000", "2013-12-31": "12397.00000", "2013-09-30": "12359.00000", "2013-06-30": "12443.00000", "2013-03-31": "13950.00000", "2012-12-31": "13213.00000", "2012-09-30": "14606.00000", "2012-06-30": "14756.00000", "2012-03-31": "16192.00000", "2011-12-31": "15921.00000", "2011-09-30": "17721.00000", "2011-06-30": "18281.00000", "2011-03-31": "18833.00000", "2010-12-31": "18645.00000", "2010-09-30": "19450.00000", "2010-06-30": "20041.00000", "2010-03-31": "21651.00000", "2009-12-31": "22780.00000", "2009-09-30": "13173.00000", "2009-06-30": "13194.00000", "2009-03-31": "12936.00000", "2008-12-31": "13287.00000", "2008-09-30": "14332.00000", "2008-06-30": "14925.00000", "2008-03-31": "15383.00000", "2007-12-31": "15734.00000", "2007-09-30": "15714.00000", "2007-06-30": "16298.00000", "2007-03-31": "16481.00000", "2006-12-31": "16632.00000", "2006-09-30": "16417.00000", "2006-06-30": "16483.00000", "2006-03-31": "17103.00000", "2005-12-31": "16233.00000", "2005-09-30": "17519.00000", "2005-06-30": "17673.00000", "2005-03-31": "17912.00000"}, "Long-Term Investments": {"2020-12-31": "", "2020-09-30": "19008.00000", "2020-06-30": "18720.00000", "2020-03-31": "18220.00000", "2019-12-31": "20147.00000", "2019-09-30": "18722.00000", "2019-06-30": "2905.00000", "2019-03-31": "2859.00000", "2018-12-31": "2767.00000", "2018-09-30": "6444.00000", "2018-06-30": "6595.00000", "2018-03-31": "6945.00000", "2017-12-31": "7015.00000", "2017-09-30": "7311.00000", "2017-06-30": "7008.00000", "2017-03-31": "7346.00000", "2016-12-31": "7116.00000", "2016-09-30": "9507.00000", "2016-06-30": "13124.00000", "2016-03-31": "14146.00000", "2015-12-31": "15999.00000", "2015-09-30": "16233.00000", "2015-06-30": "17650.00000", "2015-03-31": "18289.00000", "2014-12-31": "17518.00000", "2014-09-30": "18451.00000", "2014-06-30": "17168.00000", "2014-03-31": "15822.00000", "2013-12-31": "16406.00000", "2013-09-30": "15731.00000", "2013-06-30": "16107.00000", "2013-03-31": "15392.00000", "2012-12-31": "14149.00000", "2012-09-30": "13429.00000", "2012-06-30": "10548.00000", "2012-03-31": "10632.00000", "2011-12-31": "9814.00000", "2011-09-30": "9468.00000", "2011-06-30": "10207.00000", "2011-03-31": "9811.00000", "2010-12-31": "9747.00000", "2010-09-30": "10344.00000", "2010-06-30": "10524.00000", "2010-03-31": "12081.00000", "2009-12-31": "13122.00000", "2009-09-30": "12166.00000", "2009-06-30": "12576.00000", "2009-03-31": "13536.00000", "2008-12-31": "11478.00000", "2008-09-30": "8430.00000", "2008-06-30": "7105.00000", "2008-03-31": "4511.00000", "2007-12-31": "4856.00000", "2007-09-30": "4922.00000", "2007-06-30": "5067.00000", "2007-03-31": "4817.00000", "2006-12-31": "3892.00000", "2006-09-30": "2845.00000", "2006-06-30": "2387.00000", "2006-03-31": "2543.00000", "2005-12-31": "2497.00000", "2005-09-30": "2784.00000", "2005-06-30": "3247.00000", "2005-03-31": "3619.00000"}, "Goodwill And Intangible Assets": {"2020-12-31": "", "2020-09-30": "90829.00000", "2020-06-30": "91990.00000", "2020-03-31": "92966.00000", "2019-12-31": "94023.00000", "2019-09-30": "97660.00000", "2019-06-30": "86376.00000", "2019-03-31": "87526.00000", "2018-12-31": "88622.00000", "2018-09-30": "100920.00000", "2018-06-30": "102420.00000", "2018-03-31": "104083.00000", "2017-12-31": "104693.00000", "2017-09-30": "105799.00000", "2017-06-30": "106362.00000", "2017-03-31": "107083.00000", "2016-12-31": "107097.00000", "2016-09-30": "110519.00000", "2016-06-30": "93656.00000", "2016-03-31": "88160.00000", "2015-12-31": "88598.00000", "2015-09-30": "90514.00000", "2015-06-30": "74995.00000", "2015-03-31": "76188.00000", "2014-12-31": "77235.00000", "2014-09-30": "79098.00000", "2014-06-30": "80021.00000", "2014-03-31": "80589.00000", "2013-12-31": "81904.00000", "2013-09-30": "82949.00000", "2013-06-30": "84207.00000", "2013-03-31": "87861.00000", "2012-12-31": "88807.00000", "2012-09-30": "91579.00000", "2012-06-30": "92967.00000", "2012-03-31": "98053.00000", "2011-12-31": "95753.00000", "2011-09-30": "101006.00000", "2011-06-30": "102166.00000", "2011-03-31": "103350.00000", "2010-12-31": "101483.00000", "2010-09-30": "102414.00000", "2010-06-30": "105373.00000", "2010-03-31": "107128.00000", "2009-12-31": "110391.00000", "2009-09-30": "37921.00000", "2009-06-30": "38405.00000", "2009-03-31": "38405.00000", "2008-12-31": "39185.00000", "2008-09-30": "40331.00000", "2008-06-30": "41579.00000", "2008-03-31": "41452.00000", "2007-12-31": "41880.00000", "2007-09-30": "42208.00000", "2007-06-30": "43887.00000", "2007-03-31": "44412.00000", "2006-12-31": "45226.00000", "2006-09-30": "46374.00000", "2006-06-30": "47191.00000", "2006-03-31": "51814.00000", "2005-12-31": "47229.00000", "2005-09-30": "52782.00000", "2005-06-30": "53409.00000", "2005-03-31": "54672.00000"}, "Other Long-Term Assets": {"2020-12-31": "", "2020-09-30": "4355.00000", "2020-06-30": "4327.00000", "2020-03-31": "4166.00000", "2019-12-31": "4450.00000", "2019-09-30": "4920.00000", "2019-06-30": "4388.00000", "2019-03-31": "4333.00000", "2018-12-31": "2799.00000", "2018-09-30": "2980.00000", "2018-06-30": "2896.00000", "2018-03-31": "2896.00000", "2017-12-31": "3227.00000", "2017-09-30": "3388.00000", "2017-06-30": "3466.00000", "2017-03-31": "3329.00000", "2016-12-31": "3323.00000", "2016-09-30": "4759.00000", "2016-06-30": "4618.00000", "2016-03-31": "4003.00000", "2015-12-31": "3420.00000", "2015-09-30": "3911.00000", "2015-06-30": "3635.00000", "2015-03-31": "3716.00000", "2014-12-31": "3513.00000", "2014-09-30": "3421.00000", "2014-06-30": "3574.00000", "2014-03-31": "3759.00000", "2013-12-31": "3596.00000", "2013-09-30": "4982.00000", "2013-06-30": "5143.00000", "2013-03-31": "5432.00000", "2012-12-31": "3233.00000", "2012-09-30": "5862.00000", "2012-06-30": "5806.00000", "2012-03-31": "5943.00000", "2011-12-31": "5697.00000", "2011-09-30": "5205.00000", "2011-06-30": "4761.00000", "2011-03-31": "4718.00000", "2010-12-31": "4126.00000", "2010-09-30": "", "2010-06-30": "4032.00000", "2010-03-31": "4337.00000", "2009-12-31": "4986.00000", "2009-09-30": "4250.00000", "2009-06-30": "3614.00000", "2009-03-31": "3802.00000", "2008-12-31": "4122.00000", "2008-09-30": "3929.00000", "2008-06-30": "4255.00000", "2008-03-31": "6193.00000", "2007-12-31": "5949.00000", "2007-09-30": "4346.00000", "2007-06-30": "3529.00000", "2007-03-31": "2436.00000", "2006-12-31": "2138.00000", "2006-09-30": "4228.00000", "2006-06-30": "4495.00000", "2006-03-31": "4084.00000", "2005-12-31": "4176.00000", "2005-09-30": "4490.00000", "2005-06-30": "4425.00000", "2005-03-31": "4379.00000"}, "Total Long-Term Assets": {"2020-12-31": "", "2020-09-30": "131244.00000", "2020-06-30": "131510.00000", "2020-03-31": "131599.00000", "2019-12-31": "134686.00000", "2019-09-30": "136987.00000", "2019-06-30": "109125.00000", "2019-03-31": "110131.00000", "2018-12-31": "109497.00000", "2018-09-30": "126255.00000", "2018-06-30": "127678.00000", "2018-03-31": "129778.00000", "2017-12-31": "130655.00000", "2017-09-30": "131861.00000", "2017-06-30": "132174.00000", "2017-03-31": "132905.00000", "2016-12-31": "132666.00000", "2016-09-30": "139928.00000", "2016-06-30": "126812.00000", "2016-03-31": "121631.00000", "2015-12-31": "123577.00000", "2015-09-30": "125865.00000", "2015-06-30": "109162.00000", "2015-03-31": "111197.00000", "2014-12-31": "111972.00000", "2014-09-30": "114375.00000", "2014-06-30": "114325.00000", "2014-03-31": "114015.00000", "2013-12-31": "115857.00000", "2013-09-30": "116021.00000", "2013-06-30": "117900.00000", "2013-03-31": "122635.00000", "2012-12-31": "120967.00000", "2012-09-30": "125476.00000", "2012-06-30": "124077.00000", "2012-03-31": "130820.00000", "2011-12-31": "127185.00000", "2011-09-30": "133400.00000", "2011-06-30": "135415.00000", "2011-03-31": "136712.00000", "2010-12-31": "134001.00000", "2010-09-30": "137326.00000", "2010-06-30": "139970.00000", "2010-03-31": "145197.00000", "2009-12-31": "151279.00000", "2009-09-30": "67510.00000", "2009-06-30": "67789.00000", "2009-03-31": "68679.00000", "2008-12-31": "68072.00000", "2008-09-30": "67022.00000", "2008-06-30": "67864.00000", "2008-03-31": "67539.00000", "2007-12-31": "68419.00000", "2007-09-30": "67190.00000", "2007-06-30": "68781.00000", "2007-03-31": "68146.00000", "2006-12-31": "67888.00000", "2006-09-30": "69864.00000", "2006-06-30": "70556.00000", "2006-03-31": "75544.00000", "2005-12-31": "70135.00000", "2005-09-30": "77575.00000", "2005-06-30": "78754.00000", "2005-03-31": "80582.00000"}, "Total Assets": {"2020-12-31": "0.00000", "2020-09-30": "178983.00000", "2020-06-30": "177934.00000", "2020-03-31": "166336.00000", "2019-12-31": "167489.00000", "2019-09-30": "170446.00000", "2019-06-30": "156199.00000", "2019-03-31": "155421.00000", "2018-12-31": "159422.00000", "2018-09-30": "167838.00000", "2018-06-30": "164980.00000", "2018-03-31": "164612.00000", "2017-12-31": "171797.00000", "2017-09-30": "172151.00000", "2017-06-30": "168558.00000", "2017-03-31": "168784.00000", "2016-12-31": "171615.00000", "2016-09-30": "178430.00000", "2016-06-30": "170658.00000", "2016-03-31": "162929.00000", "2015-12-31": "167381.00000", "2015-09-30": "170867.00000", "2015-06-30": "160878.00000", "2015-03-31": "160640.00000", "2014-12-31": "167566.00000", "2014-09-30": "171362.00000", "2014-06-30": "172612.00000", "2014-03-31": "171808.00000", "2013-12-31": "172101.00000", "2013-09-30": "175521.00000", "2013-06-30": "179335.00000", "2013-03-31": "187398.00000", "2012-12-31": "185798.00000", "2012-09-30": "182603.00000", "2012-06-30": "182842.00000", "2012-03-31": "185683.00000", "2011-12-31": "188002.00000", "2011-09-30": "196132.00000", "2011-06-30": "195899.00000", "2011-03-31": "194956.00000", "2010-12-31": "195014.00000", "2010-09-30": "191415.00000", "2010-06-30": "191071.00000", "2010-03-31": "195113.00000", "2009-12-31": "212949.00000", "2009-09-30": "141294.00000", "2009-06-30": "139339.00000", "2009-03-31": "122932.00000", "2008-12-31": "111148.00000", "2008-09-30": "115249.00000", "2008-06-30": "116515.00000", "2008-03-31": "118550.00000", "2007-12-31": "115268.00000", "2007-09-30": "109030.00000", "2007-06-30": "110403.00000", "2007-03-31": "110483.00000", "2006-12-31": "115546.00000", "2006-09-30": "108585.00000", "2006-06-30": "111550.00000", "2006-03-31": "112959.00000", "2005-12-31": "116970.00000", "2005-09-30": "110343.00000", "2005-06-30": "112327.00000", "2005-03-31": "122935.00000"}, "Total Current Liabilities": {"2020-12-31": "", "2020-09-30": "34154.00000", "2020-06-30": "32723.00000", "2020-03-31": "33890.00000", "2019-12-31": "37304.00000", "2019-09-30": "36974.00000", "2019-06-30": "32030.00000", "2019-03-31": "29423.00000", "2018-12-31": "31858.00000", "2018-09-30": "29013.00000", "2018-06-30": "32156.00000", "2018-03-31": "27365.00000", "2017-12-31": "30427.00000", "2017-09-30": "28217.00000", "2017-06-30": "27182.00000", "2017-03-31": "24864.00000", "2016-12-31": "31115.00000", "2016-09-30": "34759.00000", "2016-06-30": "32099.00000", "2016-03-31": "28735.00000", "2015-12-31": "29399.00000", "2015-09-30": "27845.00000", "2015-06-30": "24143.00000", "2015-03-31": "20222.00000", "2014-12-31": "21587.00000", "2014-09-30": "19920.00000", "2014-06-30": "21938.00000", "2014-03-31": "24790.00000", "2013-12-31": "23366.00000", "2013-09-30": "20373.00000", "2013-06-30": "23450.00000", "2013-03-31": "27543.00000", "2012-12-31": "29186.00000", "2012-09-30": "29131.00000", "2012-06-30": "30798.00000", "2012-03-31": "27094.00000", "2011-12-31": "28909.00000", "2011-09-30": "27856.00000", "2011-06-30": "30471.00000", "2011-03-31": "29171.00000", "2010-12-31": "28636.00000", "2010-09-30": "24172.00000", "2010-06-30": "24681.00000", "2010-03-31": "25924.00000", "2009-12-31": "37225.00000", "2009-09-30": "23992.00000", "2009-06-30": "26109.00000", "2009-03-31": "23340.00000", "2008-12-31": "27009.00000", "2008-09-30": "21503.00000", "2008-06-30": "23193.00000", "2008-03-31": "21682.00000", "2007-12-31": "21835.00000", "2007-09-30": "14328.00000", "2007-06-30": "15136.00000", "2007-03-31": "13301.00000", "2006-12-31": "22099.00000", "2006-09-30": "17688.00000", "2006-06-30": "20055.00000", "2006-03-31": "19674.00000", "2005-12-31": "28402.00000", "2005-09-30": "20395.00000", "2005-06-30": "22566.00000", "2005-03-31": "28948.00000"}, "Long Term Debt": {"2020-12-31": "", "2020-09-30": "49785.00000", "2020-06-30": "50529.00000", "2020-03-31": "36281.00000", "2019-12-31": "35955.00000", "2019-09-30": "36044.00000", "2019-06-30": "36168.00000", "2019-03-31": "35733.00000", "2018-12-31": "32909.00000", "2018-09-30": "33652.00000", "2018-06-30": "28935.00000", "2018-03-31": "31831.00000", "2017-12-31": "33538.00000", "2017-09-30": "34503.00000", "2017-06-30": "34191.00000", "2017-03-31": "36330.00000", "2016-12-31": "31398.00000", "2016-09-30": "30437.00000", "2016-06-30": "30457.00000", "2016-03-31": "27824.00000", "2015-12-31": "28740.00000", "2015-09-30": "29079.00000", "2015-06-30": "26729.00000", "2015-03-31": "29370.00000", "2014-12-31": "31541.00000", "2014-09-30": "31666.00000", "2014-06-30": "32267.00000", "2014-03-31": "27649.00000", "2013-12-31": "30462.00000", "2013-09-30": "31812.00000", "2013-06-30": "31532.00000", "2013-03-31": "31481.00000", "2012-12-31": "31036.00000", "2012-09-30": "31083.00000", "2012-06-30": "30868.00000", "2012-03-31": "33543.00000", "2011-12-31": "34926.00000", "2011-09-30": "35399.00000", "2011-06-30": "35723.00000", "2011-03-31": "35308.00000", "2010-12-31": "38410.00000", "2010-09-30": "39010.00000", "2010-06-30": "37765.00000", "2010-03-31": "38281.00000", "2009-12-31": "43193.00000", "2009-09-30": "32402.00000", "2009-06-30": "31864.00000", "2009-03-31": "21064.00000", "2008-12-31": "7963.00000", "2008-09-30": "7152.00000", "2008-06-30": "7246.00000", "2008-03-31": "8143.00000", "2007-12-31": "7314.00000", "2007-09-30": "6041.00000", "2007-06-30": "5777.00000", "2007-03-31": "4771.00000", "2006-12-31": "5546.00000", "2006-09-30": "5561.00000", "2006-06-30": "5450.00000", "2006-03-31": "6508.00000", "2005-12-31": "6347.00000", "2005-09-30": "5414.00000", "2005-06-30": "5517.00000", "2005-03-31": "6432.00000"}, "Other Non-Current Liabilities": {"2020-12-31": "", "2020-09-30": "18571.00000", "2020-06-30": "18280.00000", "2020-03-31": "19024.00000", "2019-12-31": "18443.00000", "2019-09-30": "18885.00000", "2019-06-30": "18604.00000", "2019-03-31": "21058.00000", "2018-12-31": "20587.00000", "2018-09-30": "21656.00000", "2018-06-30": "21544.00000", "2018-03-31": "22249.00000", "2017-12-31": "24846.00000", "2017-09-30": "10692.00000", "2017-06-30": "10536.00000", "2017-03-31": "10945.00000", "2016-12-31": "10337.00000", "2016-09-30": "10826.00000", "2016-06-30": "9634.00000", "2016-03-31": "9233.00000", "2015-12-31": "9249.00000", "2015-09-30": "9439.00000", "2015-06-30": "9669.00000", "2015-03-31": "9937.00000", "2014-12-31": "9236.00000", "2014-09-30": "8196.00000", "2014-06-30": "8038.00000", "2014-03-31": "8200.00000", "2013-12-31": "8760.00000", "2013-09-30": "11539.00000", "2013-06-30": "12050.00000", "2013-03-31": "11899.00000", "2012-12-31": "11432.00000", "2012-09-30": "11272.00000", "2012-06-30": "12935.00000", "2012-03-31": "12103.00000", "2011-12-31": "12986.00000", "2011-09-30": "13139.00000", "2011-06-30": "11761.00000", "2011-03-31": "11560.00000", "2010-12-31": "11846.00000", "2010-09-30": "14771.00000", "2010-06-30": "15188.00000", "2010-03-31": "14008.00000", "2009-12-31": "14611.00000", "2009-09-30": "9979.00000", "2009-06-30": "10014.00000", "2009-03-31": "9596.00000", "2008-12-31": "9638.00000", "2008-09-30": "9107.00000", "2008-06-30": "9240.00000", "2008-03-31": "9471.00000", "2007-12-31": "8992.00000", "2007-09-30": "9231.00000", "2007-06-30": "8450.00000", "2007-03-31": "7206.00000", "2006-12-31": "2852.00000", "2006-09-30": "2782.00000", "2006-06-30": "3019.00000", "2006-03-31": "2718.00000", "2005-12-31": "2645.00000", "2005-09-30": "2734.00000", "2005-06-30": "3141.00000", "2005-03-31": "2941.00000"}, "Total Long Term Liabilities": {"2020-12-31": "", "2020-09-30": "79335.00000", "2020-06-30": "80648.00000", "2020-03-31": "67108.00000", "2019-12-31": "66738.00000", "2019-09-30": "68077.00000", "2019-06-30": "64244.00000", "2019-03-31": "66839.00000", "2018-12-31": "63806.00000", "2018-09-30": "67161.00000", "2018-06-30": "62701.00000", "2018-03-31": "66706.00000", "2017-12-31": "69714.00000", "2017-09-30": "82824.00000", "2017-06-30": "82682.00000", "2017-03-31": "85174.00000", "2016-12-31": "80660.00000", "2016-09-30": "80070.00000", "2016-06-30": "75492.00000", "2016-03-31": "70848.00000", "2015-12-31": "72985.00000", "2015-09-30": "75897.00000", "2015-06-30": "69555.00000", "2015-03-31": "72832.00000", "2014-12-31": "74358.00000", "2014-09-30": "73137.00000", "2014-06-30": "73718.00000", "2014-03-31": "68950.00000", "2013-12-31": "72115.00000", "2013-09-30": "76794.00000", "2013-06-30": "76908.00000", "2013-03-31": "77028.00000", "2012-12-31": "74934.00000", "2012-09-30": "71357.00000", "2012-06-30": "72083.00000", "2012-03-31": "74912.00000", "2011-12-31": "76472.00000", "2011-09-30": "77746.00000", "2011-06-30": "76465.00000", "2011-03-31": "75252.00000", "2010-12-31": "78113.00000", "2010-09-30": "79175.00000", "2010-06-30": "79512.00000", "2010-03-31": "79107.00000", "2009-12-31": "85278.00000", "2009-09-30": "51052.00000", "2009-06-30": "49995.00000", "2009-03-31": "39151.00000", "2008-12-31": "26399.00000", "2008-09-30": "26411.00000", "2008-06-30": "26753.00000", "2008-03-31": "29451.00000", "2007-12-31": "28423.00000", "2007-09-30": "28092.00000", "2007-06-30": "27173.00000", "2007-03-31": "24694.00000", "2006-12-31": "22089.00000", "2006-09-30": "21185.00000", "2006-06-30": "23006.00000", "2006-03-31": "23676.00000", "2005-12-31": "22804.00000", "2005-09-30": "23141.00000", "2005-06-30": "24433.00000", "2005-03-31": "26455.00000"}, "Total Liabilities": {"2020-12-31": "", "2020-09-30": "113487.00000", "2020-06-30": "113370.00000", "2020-03-31": "100998.00000", "2019-12-31": "104042.00000", "2019-09-30": "105051.00000", "2019-06-30": "96274.00000", "2019-03-31": "96263.00000", "2018-12-31": "95664.00000", "2018-09-30": "96174.00000", "2018-06-30": "94856.00000", "2018-03-31": "94071.00000", "2017-12-31": "100141.00000", "2017-09-30": "111041.00000", "2017-06-30": "109863.00000", "2017-03-31": "110038.00000", "2016-12-31": "111776.00000", "2016-09-30": "114829.00000", "2016-06-30": "107592.00000", "2016-03-31": "99582.00000", "2015-12-31": "102384.00000", "2015-09-30": "103743.00000", "2015-06-30": "93698.00000", "2015-03-31": "93053.00000", "2014-12-31": "95944.00000", "2014-09-30": "93057.00000", "2014-06-30": "95656.00000", "2014-03-31": "93740.00000", "2013-12-31": "95481.00000", "2013-09-30": "97167.00000", "2013-06-30": "100358.00000", "2013-03-31": "104571.00000", "2012-12-31": "104120.00000", "2012-09-30": "100488.00000", "2012-06-30": "102881.00000", "2012-03-31": "102006.00000", "2011-12-31": "105381.00000", "2011-09-30": "105602.00000", "2011-06-30": "106936.00000", "2011-03-31": "104423.00000", "2010-12-31": "106749.00000", "2010-09-30": "103347.00000", "2010-06-30": "104193.00000", "2010-03-31": "105031.00000", "2009-12-31": "122503.00000", "2009-09-30": "75044.00000", "2009-06-30": "76104.00000", "2009-03-31": "62491.00000", "2008-12-31": "53408.00000", "2008-09-30": "47914.00000", "2008-06-30": "49946.00000", "2008-03-31": "51133.00000", "2007-12-31": "50258.00000", "2007-09-30": "42420.00000", "2007-06-30": "42309.00000", "2007-03-31": "37995.00000", "2006-12-31": "44188.00000", "2006-09-30": "38873.00000", "2006-06-30": "43061.00000", "2006-03-31": "43350.00000", "2005-12-31": "51206.00000", "2005-09-30": "43536.00000", "2005-06-30": "46999.00000", "2005-03-31": "55403.00000"}, "Common Stock Net": {"2020-12-31": "", "2020-09-30": "470.00000", "2020-06-30": "470.00000", "2020-03-31": "470.00000", "2019-12-31": "468.00000", "2019-09-30": "468.00000", "2019-06-30": "468.00000", "2019-03-31": "468.00000", "2018-12-31": "467.00000", "2018-09-30": "466.00000", "2018-06-30": "465.00000", "2018-03-31": "465.00000", "2017-12-31": "464.00000", "2017-09-30": "463.00000", "2017-06-30": "463.00000", "2017-03-31": "463.00000", "2016-12-31": "461.00000", "2016-09-30": "461.00000", "2016-06-30": "461.00000", "2016-03-31": "460.00000", "2015-12-31": "459.00000", "2015-09-30": "459.00000", "2015-06-30": "458.00000", "2015-03-31": "458.00000", "2014-12-31": "455.00000", "2014-09-30": "455.00000", "2014-06-30": "454.00000", "2014-03-31": "454.00000", "2013-12-31": "453.00000", "2013-09-30": "452.00000", "2013-06-30": "451.00000", "2013-03-31": "450.00000", "2012-12-31": "448.00000", "2012-09-30": "447.00000", "2012-06-30": "447.00000", "2012-03-31": "446.00000", "2011-12-31": "445.00000", "2011-09-30": "445.00000", "2011-06-30": "445.00000", "2011-03-31": "444.00000", "2010-12-31": "444.00000", "2010-09-30": "443.00000", "2010-06-30": "443.00000", "2010-03-31": "443.00000", "2009-12-31": "443.00000", "2009-09-30": "443.00000", "2009-06-30": "443.00000", "2009-03-31": "443.00000", "2008-12-31": "443.00000", "2008-09-30": "443.00000", "2008-06-30": "443.00000", "2008-03-31": "443.00000", "2007-12-31": "442.00000", "2007-09-30": "442.00000", "2007-06-30": "442.00000", "2007-03-31": "441.00000", "2006-12-31": "441.00000", "2006-09-30": "441.00000", "2006-06-30": "440.00000", "2006-03-31": "439.00000", "2005-12-31": "439.00000", "2005-09-30": "439.00000", "2005-06-30": "439.00000", "2005-03-31": "438.00000"}, "Retained Earnings (Accumulated Deficit)": {"2020-12-31": "", "2020-09-30": "100284.00000", "2020-06-30": "100203.00000", "2020-03-31": "101000.00000", "2019-12-31": "97670.00000", "2019-09-30": "100113.00000", "2019-06-30": "94440.00000", "2019-03-31": "93388.00000", "2018-12-31": "89554.00000", "2018-09-30": "91995.00000", "2018-06-30": "89860.00000", "2018-03-31": "89961.00000", "2017-12-31": "85291.00000", "2017-09-30": "75043.00000", "2017-06-30": "74107.00000", "2017-03-31": "74847.00000", "2016-12-31": "71774.00000", "2016-09-30": "72846.00000", "2016-06-30": "73350.00000", "2016-03-31": "74971.00000", "2015-12-31": "71993.00000", "2015-09-30": "74019.00000", "2015-06-30": "73620.00000", "2015-03-31": "74471.00000", "2014-12-31": "72176.00000", "2014-09-30": "74292.00000", "2014-06-30": "71627.00000", "2014-03-31": "72028.00000", "2013-12-31": "69732.00000", "2013-09-30": "70381.00000", "2013-06-30": "67628.00000", "2013-03-31": "56972.00000", "2012-12-31": "54240.00000", "2012-09-30": "51256.00000", "2012-06-30": "47904.00000", "2012-03-31": "48124.00000", "2011-12-31": "46210.00000", "2011-09-30": "48121.00000", "2011-06-30": "44320.00000", "2011-03-31": "44926.00000", "2010-12-31": "42716.00000", "2010-09-30": "42873.00000", "2010-06-30": "42010.00000", "2010-03-31": "42429.00000", "2009-12-31": "40426.00000", "2009-09-30": "54835.00000", "2009-06-30": "51965.00000", "2009-03-31": "51863.00000", "2008-12-31": "49142.00000", "2008-09-30": "53175.00000", "2008-06-30": "50912.00000", "2008-03-31": "52436.00000", "2007-12-31": "49660.00000", "2007-09-30": "51063.00000", "2007-06-30": "50304.00000", "2007-03-31": "53063.00000", "2006-12-31": "49669.00000", "2006-09-30": "43991.00000", "2006-06-30": "40627.00000", "2006-03-31": "41715.00000", "2005-12-31": "37608.00000", "2005-09-30": "38033.00000", "2005-06-30": "36446.00000", "2005-03-31": "35785.00000"}, "Comprehensive Income": {"2020-12-31": "", "2020-09-30": "-12676.00000", "2020-06-30": "-13246.00000", "2020-03-31": "-13131.00000", "2019-12-31": "-11640.00000", "2019-09-30": "-11801.00000", "2019-06-30": "-11535.00000", "2019-03-31": "-10923.00000", "2018-12-31": "-11275.00000", "2018-09-30": "-10417.00000", "2018-06-30": "-10003.00000", "2018-03-31": "-9402.00000", "2017-12-31": "-9321.00000", "2017-09-30": "-9164.00000", "2017-06-30": "-10181.00000", "2017-03-31": "-10594.00000", "2016-12-31": "-11036.00000", "2016-09-30": "-8214.00000", "2016-06-30": "-8891.00000", "2016-03-31": "-9520.00000", "2015-12-31": "-9522.00000", "2015-09-30": "-9170.00000", "2015-06-30": "-8521.00000", "2015-03-31": "-8557.00000", "2014-12-31": "-7316.00000", "2014-09-30": "-3467.00000", "2014-06-30": "-3152.00000", "2014-03-31": "-3390.00000", "2013-12-31": "-3271.00000", "2013-09-30": "-6383.00000", "2013-06-30": "-6465.00000", "2013-03-31": "-6155.00000", "2012-12-31": "-5953.00000", "2012-09-30": "-5653.00000", "2012-06-30": "-6008.00000", "2012-03-31": "-3622.00000", "2011-12-31": "-4129.00000", "2011-09-30": "-1211.00000", "2011-06-30": "-952.00000", "2011-03-31": "-2056.00000", "2010-12-31": "-3440.00000", "2010-09-30": "-3698.00000", "2010-06-30": "-4407.00000", "2010-03-31": "-1941.00000", "2009-12-31": "552.00000", "2009-09-30": "-1896.00000", "2009-06-30": "-2079.00000", "2009-03-31": "-4673.00000", "2008-12-31": "-4569.00000", "2008-09-30": "1300.00000", "2008-06-30": "2921.00000", "2008-03-31": "1793.00000", "2007-12-31": "2299.00000", "2007-09-30": "93.00000", "2007-06-30": "120.00000", "2007-03-31": "-511.00000", "2006-12-31": "-469.00000", "2006-09-30": "1370.00000", "2006-06-30": "1508.00000", "2006-03-31": "851.00000", "2005-12-31": "479.00000", "2005-09-30": "985.00000", "2005-06-30": "1161.00000", "2005-03-31": "1909.00000"}, "Other Share Holders Equity": {"2020-12-31": "", "2020-09-30": "", "2020-06-30": "", "2020-03-31": "", "2019-12-31": "", "2019-09-30": "", "2019-06-30": "", "2019-03-31": "", "2018-12-31": "", "2018-09-30": "", "2018-06-30": "", "2018-03-31": "", "2017-12-31": "", "2017-09-30": "", "2017-06-30": "", "2017-03-31": "", "2016-12-31": "", "2016-09-30": "", "2016-06-30": "", "2016-03-31": "", "2015-12-31": "", "2015-09-30": "", "2015-06-30": "", "2015-03-31": "", "2014-12-31": "", "2014-09-30": "", "2014-06-30": "", "2014-03-31": "", "2013-12-31": "", "2013-09-30": "", "2013-06-30": "", "2013-03-31": "-1.00000", "2012-12-31": "", "2012-09-30": "-2.00000", "2012-06-30": "-2.00000", "2012-03-31": "-2.00000", "2011-12-31": "-3.00000", "2011-09-30": "-3.00000", "2011-06-30": "-3.00000", "2011-03-31": "-6.00000", "2010-12-31": "-7.00000", "2010-09-30": "-8.00000", "2010-06-30": "-25.00000", "2010-03-31": "-89.00000", "2009-12-31": "-333.00000", "2009-09-30": "-298.00000", "2009-06-30": "-304.00000", "2009-03-31": "-285.00000", "2008-12-31": "-425.00000", "2008-09-30": "-432.00000", "2008-06-30": "-399.00000", "2008-03-31": "-459.00000", "2007-12-31": "-550.00000", "2007-09-30": "-577.00000", "2007-06-30": "-604.00000", "2007-03-31": "-583.00000", "2006-12-31": "-788.00000", "2006-09-30": "-845.00000", "2006-06-30": "-700.00000", "2006-03-31": "-729.00000", "2005-12-31": "-923.00000", "2005-09-30": "-970.00000", "2005-06-30": "-1052.00000", "2005-03-31": "-1002.00000"}, "Share Holder Equity": {"2020-12-31": "", "2020-09-30": "65495.00000", "2020-06-30": "64564.00000", "2020-03-31": "65338.00000", "2019-12-31": "63447.00000", "2019-09-30": "65396.00000", "2019-06-30": "59924.00000", "2019-03-31": "59158.00000", "2018-12-31": "63758.00000", "2018-09-30": "71664.00000", "2018-06-30": "70124.00000", "2018-03-31": "70541.00000", "2017-12-31": "71656.00000", "2017-09-30": "61110.00000", "2017-06-30": "58694.00000", "2017-03-31": "58746.00000", "2016-12-31": "59840.00000", "2016-09-30": "63601.00000", "2016-06-30": "63066.00000", "2016-03-31": "63347.00000", "2015-12-31": "64998.00000", "2015-09-30": "67124.00000", "2015-06-30": "67180.00000", "2015-03-31": "67587.00000", "2014-12-31": "71622.00000", "2014-09-30": "78305.00000", "2014-06-30": "76956.00000", "2014-03-31": "78068.00000", "2013-12-31": "76620.00000", "2013-09-30": "78354.00000", "2013-06-30": "78977.00000", "2013-03-31": "82827.00000", "2012-12-31": "81678.00000", "2012-09-30": "82115.00000", "2012-06-30": "79961.00000", "2012-03-31": "83677.00000", "2011-12-31": "82621.00000", "2011-09-30": "90530.00000", "2011-06-30": "88963.00000", "2011-03-31": "90533.00000", "2010-12-31": "88265.00000", "2010-09-30": "88068.00000", "2010-06-30": "86878.00000", "2010-03-31": "90082.00000", "2009-12-31": "90446.00000", "2009-09-30": "66250.00000", "2009-06-30": "63235.00000", "2009-03-31": "60441.00000", "2008-12-31": "57740.00000", "2008-09-30": "67335.00000", "2008-06-30": "66569.00000", "2008-03-31": "67417.00000", "2007-12-31": "65010.00000", "2007-09-30": "66610.00000", "2007-06-30": "68094.00000", "2007-03-31": "72488.00000", "2006-12-31": "71358.00000", "2006-09-30": "69712.00000", "2006-06-30": "68489.00000", "2006-03-31": "69609.00000", "2005-12-31": "65764.00000", "2005-09-30": "66807.00000", "2005-06-30": "65328.00000", "2005-03-31": "67532.00000"}, "Total Liabilities And Share Holders Equity": {"2020-12-31": "", "2020-09-30": "178983.00000", "2020-06-30": "177934.00000", "2020-03-31": "166336.00000", "2019-12-31": "167489.00000", "2019-09-30": "170446.00000", "2019-06-30": "156199.00000", "2019-03-31": "155421.00000", "2018-12-31": "159422.00000", "2018-09-30": "167838.00000", "2018-06-30": "164980.00000", "2018-03-31": "164612.00000", "2017-12-31": "171797.00000", "2017-09-30": "172151.00000", "2017-06-30": "168558.00000", "2017-03-31": "168784.00000", "2016-12-31": "171615.00000", "2016-09-30": "178430.00000", "2016-06-30": "170658.00000", "2016-03-31": "162929.00000", "2015-12-31": "167381.00000", "2015-09-30": "170867.00000", "2015-06-30": "160878.00000", "2015-03-31": "160640.00000", "2014-12-31": "167566.00000", "2014-09-30": "171362.00000", "2014-06-30": "172612.00000", "2014-03-31": "171808.00000", "2013-12-31": "172101.00000", "2013-09-30": "175521.00000", "2013-06-30": "179335.00000", "2013-03-31": "187398.00000", "2012-12-31": "185798.00000", "2012-09-30": "182603.00000", "2012-06-30": "182842.00000", "2012-03-31": "185683.00000", "2011-12-31": "188002.00000", "2011-09-30": "196132.00000", "2011-06-30": "195899.00000", "2011-03-31": "194956.00000", "2010-12-31": "195014.00000", "2010-09-30": "191415.00000", "2010-06-30": "191071.00000", "2010-03-31": "195113.00000", "2009-12-31": "212949.00000", "2009-09-30": "141294.00000", "2009-06-30": "139339.00000", "2009-03-31": "122932.00000", "2008-12-31": "111148.00000", "2008-09-30": "115249.00000", "2008-06-30": "116515.00000", "2008-03-31": "118550.00000", "2007-12-31": "115268.00000", "2007-09-30": "109030.00000", "2007-06-30": "110403.00000", "2007-03-31": "110483.00000", "2006-12-31": "115546.00000", "2006-09-30": "108585.00000", "2006-06-30": "111550.00000", "2006-03-31": "112959.00000", "2005-12-31": "116970.00000", "2005-09-30": "110343.00000", "2005-06-30": "112327.00000", "2005-03-31": "122935.00000"}}, "cash flow statement": {"Net Income/Loss": {"2020-12-31": "0.00000", "2019-12-31": "16302.00000", "2018-12-31": "11188.00000", "2017-12-31": "21355.00000", "2016-12-31": "7246.00000", "2015-12-31": "6986.00000", "2014-12-31": "9168.00000", "2013-12-31": "22072.00000", "2012-12-31": "14598.00000", "2011-12-31": "10049.00000", "2010-12-31": "8288.00000", "2009-12-31": "8643.00000", "2008-12-31": "8127.00000", "2007-12-31": "8186.00000", "2006-12-31": "19337.00000", "2005-12-31": "8085.00000"}, "Total Depreciation And Amortization - Cash Flow": {"2020-12-31": "", "2019-12-31": "6010.00000", "2018-12-31": "6384.00000", "2017-12-31": "6269.00000", "2016-12-31": "5757.00000", "2015-12-31": "5157.00000", "2014-12-31": "5537.00000", "2013-12-31": "6410.00000", "2012-12-31": "7655.00000", "2011-12-31": "9026.00000", "2010-12-31": "8399.00000", "2009-12-31": "4757.00000", "2008-12-31": "5090.00000", "2007-12-31": "5200.00000", "2006-12-31": "5293.00000", "2005-12-31": "5576.00000"}, "Other Non-Cash Items": {"2020-12-31": "", "2019-12-31": "-5693.00000", "2018-12-31": "-818.00000", "2017-12-31": "-12158.00000", "2016-12-31": "3091.00000", "2015-12-31": "1805.00000", "2014-12-31": "754.00000", "2013-12-31": "-7420.00000", "2012-12-31": "-3140.00000", "2011-12-31": "-1368.00000", "2010-12-31": "5129.00000", "2009-12-31": "-8800.00000", "2008-12-31": "113.00000", "2007-12-31": "767.00000", "2006-12-31": "-10052.00000", "2005-12-31": "1869.00000"}, "Total Non-Cash Items": {"2020-12-31": "", "2019-12-31": "317.00000", "2018-12-31": "5566.00000", "2017-12-31": "-5889.00000", "2016-12-31": "8848.00000", "2015-12-31": "6962.00000", "2014-12-31": "6291.00000", "2013-12-31": "-1010.00000", "2012-12-31": "4515.00000", "2011-12-31": "7658.00000", "2010-12-31": "13528.00000", "2009-12-31": "-4043.00000", "2008-12-31": "5203.00000", "2007-12-31": "5967.00000", "2006-12-31": "-4759.00000", "2005-12-31": "7445.00000"}, "Change In Accounts Receivable": {"2020-12-31": "", "2019-12-31": "-742.00000", "2018-12-31": "-644.00000", "2017-12-31": "259.00000", "2016-12-31": "-134.00000", "2015-12-31": "21.00000", "2014-12-31": "148.00000", "2013-12-31": "940.00000", "2012-12-31": "367.00000", "2011-12-31": "140.00000", "2010-12-31": "-608.00000", "2009-12-31": "252.00000", "2008-12-31": "195.00000", "2007-12-31": "-320.00000", "2006-12-31": "-172.00000", "2005-12-31": "-803.00000"}, "Change In Inventories": {"2020-12-31": "", "2019-12-31": "-1050.00000", "2018-12-31": "-717.00000", "2017-12-31": "-357.00000", "2016-12-31": "365.00000", "2015-12-31": "-199.00000", "2014-12-31": "175.00000", "2013-12-31": "-538.00000", "2012-12-31": "-631.00000", "2011-12-31": "1084.00000", "2010-12-31": "2917.00000", "2009-12-31": "1631.00000", "2008-12-31": "294.00000", "2007-12-31": "720.00000", "2006-12-31": "118.00000", "2005-12-31": "72.00000"}, "Change In Accounts Payable": {"2020-12-31": "", "2019-12-31": "", "2018-12-31": "", "2017-12-31": "", "2016-12-31": "", "2015-12-31": "", "2014-12-31": "", "2013-12-31": "", "2012-12-31": "", "2011-12-31": "", "2010-12-31": "", "2009-12-31": "", "2008-12-31": "", "2007-12-31": "", "2006-12-31": "", "2005-12-31": ""}, "Change In Assets/Liabilities": {"2020-12-31": "", "2019-12-31": "1062.00000", "2018-12-31": "82.00000", "2017-12-31": "-60.00000", "2016-12-31": "-270.00000", "2015-12-31": "900.00000", "2014-12-31": "511.00000", "2013-12-31": "-3939.00000", "2012-12-31": "-3172.00000", "2011-12-31": "1694.00000", "2010-12-31": "296.00000", "2009-12-31": "-851.00000", "2008-12-31": "-538.00000", "2007-12-31": "-707.00000", "2006-12-31": "611.00000", "2005-12-31": "734.00000"}, "Total Change In Assets/Liabilities": {"2020-12-31": "", "2019-12-31": "-4031.00000", "2018-12-31": "-926.00000", "2017-12-31": "1334.00000", "2016-12-31": "98.00000", "2015-12-31": "741.00000", "2014-12-31": "1623.00000", "2013-12-31": "-3378.00000", "2012-12-31": "-2367.00000", "2011-12-31": "2533.00000", "2010-12-31": "-10362.00000", "2009-12-31": "11987.00000", "2008-12-31": "4908.00000", "2007-12-31": "-800.00000", "2006-12-31": "3016.00000", "2005-12-31": "-797.00000"}, "Cash Flow From Operating Activities": {"2020-12-31": "", "2019-12-31": "12588.00000", "2018-12-31": "15827.00000", "2017-12-31": "16802.00000", "2016-12-31": "16192.00000", "2015-12-31": "14688.00000", "2014-12-31": "17084.00000", "2013-12-31": "17684.00000", "2012-12-31": "16746.00000", "2011-12-31": "20240.00000", "2010-12-31": "11454.00000", "2009-12-31": "16587.00000", "2008-12-31": "18238.00000", "2007-12-31": "13353.00000", "2006-12-31": "17594.00000", "2005-12-31": "14733.00000"}, "Net Change In Property, Plant, And Equipment": {"2020-12-31": "", "2019-12-31": "-2176.00000", "2018-12-31": "-2042.00000", "2017-12-31": "-1956.00000", "2016-12-31": "-1823.00000", "2015-12-31": "-1397.00000", "2014-12-31": "-1199.00000", "2013-12-31": "-1206.00000", "2012-12-31": "-1327.00000", "2011-12-31": "-1660.00000", "2010-12-31": "-1513.00000", "2009-12-31": "-1205.00000", "2008-12-31": "-1701.00000", "2007-12-31": "-1880.00000", "2006-12-31": "-2050.00000", "2005-12-31": "-2106.00000"}, "Net Change In Intangible Assets": {"2020-12-31": "", "2019-12-31": "-418.00000", "2018-12-31": "-154.00000", "2017-12-31": "-261.00000", "2016-12-31": "-176.00000", "2015-12-31": "-99.00000", "2014-12-31": "-384.00000", "2013-12-31": "-259.00000", "2012-12-31": "-92.00000", "2011-12-31": "-222.00000", "2010-12-31": "", "2009-12-31": "", "2008-12-31": "", "2007-12-31": "", "2006-12-31": "", "2005-12-31": ""}, "Net Acquisitions/Divestitures": {"2020-12-31": "", "2019-12-31": "-10861.00000", "2018-12-31": "", "2017-12-31": "-1000.00000", "2016-12-31": "-18368.00000", "2015-12-31": "-16466.00000", "2014-12-31": "-195.00000", "2013-12-31": "-15.00000", "2012-12-31": "10800.00000", "2011-12-31": "-906.00000", "2010-12-31": "-273.00000", "2009-12-31": "-43123.00000", "2008-12-31": "-1184.00000", "2007-12-31": "-464.00000", "2006-12-31": "-2120.00000", "2005-12-31": "-1977.00000"}, "Net Change In Short-term Investments": {"2020-12-31": "", "2019-12-31": "9273.00000", "2018-12-31": "1987.00000", "2017-12-31": "-2236.00000", "2016-12-31": "9239.00000", "2015-12-31": "17251.00000", "2014-12-31": "350.00000", "2013-12-31": "-5911.00000", "2012-12-31": "2743.00000", "2011-12-31": "6603.00000", "2010-12-31": "567.00000", "2009-12-31": "12808.00000", "2008-12-31": "716.00000", "2007-12-31": "4862.00000", "2006-12-31": "11174.00000", "2005-12-31": "-1261.00000"}, "Net Change In Long-Term Investments": {"2020-12-31": "", "2019-12-31": "31.00000", "2018-12-31": "4447.00000", "2017-12-31": "42.00000", "2016-12-31": "3257.00000", "2015-12-31": "-2613.00000", "2014-12-31": "-4573.00000", "2013-12-31": "-3465.00000", "2012-12-31": "-6155.00000", "2011-12-31": "-2473.00000", "2010-12-31": "609.00000", "2009-12-31": "-384.00000", "2008-12-31": "-8348.00000", "2007-12-31": "-1463.00000", "2006-12-31": "-1692.00000", "2005-12-31": "622.00000"}, "Net Change In Investments - Total": {"2020-12-31": "", "2019-12-31": "9304.00000", "2018-12-31": "6434.00000", "2017-12-31": "-2194.00000", "2016-12-31": "12496.00000", "2015-12-31": "14638.00000", "2014-12-31": "-4223.00000", "2013-12-31": "-9376.00000", "2012-12-31": "-3412.00000", "2011-12-31": "4130.00000", "2010-12-31": "1176.00000", "2009-12-31": "12424.00000", "2008-12-31": "-7632.00000", "2007-12-31": "3399.00000", "2006-12-31": "9482.00000", "2005-12-31": "-639.00000"}, "Investing Activities - Other": {"2020-12-31": "", "2019-12-31": "205.00000", "2018-12-31": "288.00000", "2017-12-31": "671.00000", "2016-12-31": "80.00000", "2015-12-31": "344.00000", "2014-12-31": "347.00000", "2013-12-31": "312.00000", "2012-12-31": "185.00000", "2011-12-31": "501.00000", "2010-12-31": "118.00000", "2009-12-31": "632.00000", "2008-12-31": "-2318.00000", "2007-12-31": "-260.00000", "2006-12-31": "-211.00000", "2005-12-31": "-350.00000"}, "Cash Flow From Investing Activities": {"2020-12-31": "", "2019-12-31": "-3945.00000", "2018-12-31": "4525.00000", "2017-12-31": "-4740.00000", "2016-12-31": "-7791.00000", "2015-12-31": "-2980.00000", "2014-12-31": "-5654.00000", "2013-12-31": "-10544.00000", "2012-12-31": "6154.00000", "2011-12-31": "1843.00000", "2010-12-31": "-492.00000", "2009-12-31": "-31272.00000", "2008-12-31": "-12835.00000", "2007-12-31": "795.00000", "2006-12-31": "5101.00000", "2005-12-31": "-5072.00000"}, "Net Long-Term Debt": {"2020-12-31": "", "2019-12-31": "-1864.00000", "2018-12-31": "1408.00000", "2017-12-31": "-880.00000", "2016-12-31": "3287.00000", "2015-12-31": "-2990.00000", "2014-12-31": "2381.00000", "2013-12-31": "2472.00000", "2012-12-31": "-1513.00000", "2011-12-31": "-6986.00000", "2010-12-31": "-6.00000", "2009-12-31": "23056.00000", "2008-12-31": "-448.00000", "2007-12-31": "2509.00000", "2006-12-31": "995.00000", "2005-12-31": "-18.00000"}, "Net Current Debt": {"2020-12-31": "", "2019-12-31": "10628.00000", "2018-12-31": "-2343.00000", "2017-12-31": "-61.00000", "2016-12-31": "-681.00000", "2015-12-31": "4309.00000", "2014-12-31": "-1838.00000", "2013-12-31": "3564.00000", "2012-12-31": "-212.00000", "2011-12-31": "1444.00000", "2010-12-31": "-4146.00000", "2009-12-31": "-2936.00000", "2008-12-31": "2855.00000", "2007-12-31": "2391.00000", "2006-12-31": "-10929.00000", "2005-12-31": "-303.00000"}, "Debt Issuance/Retirement Net - Total": {"2020-12-31": "", "2019-12-31": "8764.00000", "2018-12-31": "-935.00000", "2017-12-31": "-941.00000", "2016-12-31": "2606.00000", "2015-12-31": "1319.00000", "2014-12-31": "543.00000", "2013-12-31": "6036.00000", "2012-12-31": "-1725.00000", "2011-12-31": "-5542.00000", "2010-12-31": "-4152.00000", "2009-12-31": "20120.00000", "2008-12-31": "2407.00000", "2007-12-31": "4900.00000", "2006-12-31": "-9934.00000", "2005-12-31": "-321.00000"}, "Net Common Equity Issued/Repurchased": {"2020-12-31": "", "2019-12-31": "-8471.00000", "2018-12-31": "-10939.00000", "2017-12-31": "-4138.00000", "2016-12-31": "-3981.00000", "2015-12-31": "-4897.00000", "2014-12-31": "-3998.00000", "2013-12-31": "-14540.00000", "2012-12-31": "-7660.00000", "2011-12-31": "-8847.00000", "2010-12-31": "-1000.00000", "2009-12-31": "", "2008-12-31": "-500.00000", "2007-12-31": "-9535.00000", "2006-12-31": "-6247.00000", "2005-12-31": "-3346.00000"}, "Net Total Equity Issued/Repurchased": {"2020-12-31": "", "2019-12-31": "-8471.00000", "2018-12-31": "-10939.00000", "2017-12-31": "-4138.00000", "2016-12-31": "-3981.00000", "2015-12-31": "-4897.00000", "2014-12-31": "-3998.00000", "2013-12-31": "-14540.00000", "2012-12-31": "-7660.00000", "2011-12-31": "-8847.00000", "2010-12-31": "-1000.00000", "2009-12-31": "", "2008-12-31": "-500.00000", "2007-12-31": "-9535.00000", "2006-12-31": "-6247.00000", "2005-12-31": "-3346.00000"}, "Total Common And Preferred Stock Dividends Paid": {"2020-12-31": "", "2019-12-31": "-8043.00000", "2018-12-31": "-7978.00000", "2017-12-31": "-7659.00000", "2016-12-31": "-7317.00000", "2015-12-31": "-6940.00000", "2014-12-31": "-6609.00000", "2013-12-31": "-6580.00000", "2012-12-31": "-6534.00000", "2011-12-31": "-6234.00000", "2010-12-31": "-6088.00000", "2009-12-31": "-5548.00000", "2008-12-31": "-8541.00000", "2007-12-31": "-7975.00000", "2006-12-31": "-6919.00000", "2005-12-31": "-5555.00000"}, "Financial Activities - Other": {"2020-12-31": "", "2019-12-31": "-736.00000", "2018-12-31": "-588.00000", "2017-12-31": "-611.00000", "2016-12-31": "-536.00000", "2015-12-31": "109.00000", "2014-12-31": "-123.00000", "2013-12-31": "109.00000", "2012-12-31": "-80.00000", "2011-12-31": "16.00000", "2010-12-31": "66.00000", "2009-12-31": "-91.00000", "2008-12-31": "74.00000", "2007-12-31": "", "2006-12-31": "", "2005-12-31": ""}, "Cash Flow From Financial Activities": {"2020-12-31": "", "2019-12-31": "-8485.00000", "2018-12-31": "-20441.00000", "2017-12-31": "-13350.00000", "2016-12-31": "-9228.00000", "2015-12-31": "-10409.00000", "2014-12-31": "-10187.00000", "2013-12-31": "-14975.00000", "2012-12-31": "-15999.00000", "2011-12-31": "-20607.00000", "2010-12-31": "-11174.00000", "2009-12-31": "14481.00000", "2008-12-31": "-6560.00000", "2007-12-31": "-12610.00000", "2006-12-31": "-23100.00000", "2005-12-31": "-9222.00000"}, "Net Cash Flow": {"2020-12-31": "", "2019-12-31": "125.00000", "2018-12-31": "-205.00000", "2017-12-31": "-1235.00000", "2016-12-31": "-1041.00000", "2015-12-31": "298.00000", "2014-12-31": "1160.00000", "2013-12-31": "-7898.00000", "2012-12-31": "6899.00000", "2011-12-31": "1447.00000", "2010-12-31": "-243.00000", "2009-12-31": "-144.00000", "2008-12-31": "-1284.00000", "2007-12-31": "1579.00000", "2006-12-31": "-420.00000", "2005-12-31": "439.00000"}, "Stock-Based Compensation": {"2020-12-31": "", "2019-12-31": "718.00000", "2018-12-31": "949.00000", "2017-12-31": "840.00000", "2016-12-31": "691.00000", "2015-12-31": "669.00000", "2014-12-31": "586.00000", "2013-12-31": "523.00000", "2012-12-31": "481.00000", "2011-12-31": "419.00000", "2010-12-31": "405.00000", "2009-12-31": "349.00000", "2008-12-31": "384.00000", "2007-12-31": "437.00000", "2006-12-31": "655.00000", "2005-12-31": "157.00000"}, "Common Stock Dividends Paid": {"2020-12-31": "", "2019-12-31": "-8043.00000", "2018-12-31": "-7978.00000", "2017-12-31": "-7659.00000", "2016-12-31": "-7317.00000", "2015-12-31": "-6940.00000", "2014-12-31": "-6609.00000", "2013-12-31": "-6580.00000", "2012-12-31": "-6534.00000", "2011-12-31": "-6234.00000", "2010-12-31": "-6088.00000", "2009-12-31": "-5548.00000", "2008-12-31": "-8541.00000", "2007-12-31": "-7975.00000", "2006-12-31": "-6919.00000", "2005-12-31": "-5555.00000"}}, "cash flow statement, quarterly": {"Net Income/Loss": {"2020-12-31": -9046, "2020-09-30": 2201, "2020-06-30": 3435, "2020-03-31": "3410.00000", "2019-12-31": -326, "2019-09-30": 7683, "2019-06-30": 5056, "2019-03-31": "3889.00000", "2018-12-31": -383, "2018-09-30": 4122, "2018-06-30": 3879, "2018-03-31": "3570.00000", "2017-12-31": 12289, "2017-09-30": 2858, "2017-06-30": 3078, "2017-03-31": "3130.00000", "2016-12-31": 781, "2016-09-30": 1354, "2016-06-30": 2063, "2016-03-31": "3048.00000", "2015-12-31": -169, "2015-09-30": 2138, "2015-06-30": 2636, "2015-03-31": "2381.00000", "2014-12-31": 1236, "2014-09-30": 2673, "2014-06-30": 2921, "2014-03-31": "2338.00000", "2013-12-31": 2574, "2013-09-30": 2599, "2013-06-30": 14134, "2013-03-31": "2765.00000", "2012-12-31": 6321, "2012-09-30": 3214, "2012-06-30": 3260, "2012-03-31": "1803.00000", "2011-12-31": 1448, "2011-09-30": 3749, "2011-06-30": 2618, "2011-03-31": "2234.00000", "2010-12-31": 2897, "2010-09-30": 871, "2010-06-30": 2485, "2010-03-31": "2035.00000", "2009-12-31": 766, "2009-09-30": 2881, "2009-06-30": 2266, "2009-03-31": "2730.00000", "2008-12-31": 271, "2008-09-30": 2284, "2008-06-30": 2782, "2008-03-31": "2790.00000", "2007-12-31": 2766, "2007-09-30": 761, "2007-06-30": 1267, "2007-03-31": "3392.00000", "2006-12-31": 9449, "2006-09-30": 3362, "2006-06-30": 2415, "2006-03-31": "4111.00000", "2005-12-31": 2733, "2005-09-30": 1589, "2005-06-30": 3462, "2005-03-31": "301.00000"}, "Total Depreciation And Amortization - Cash Flow": {"2020-12-31": -3731, "2020-09-30": 1262, "2020-06-30": 1251, "2020-03-31": "1218.00000", "2019-12-31": 1384, "2019-09-30": 1553, "2019-06-30": 1528, "2019-03-31": "1545.00000", "2018-12-31": 1641, "2018-09-30": 1614, "2018-06-30": 1562, "2018-03-31": "1567.00000", "2017-12-31": 1574, "2017-09-30": 1566, "2017-06-30": 1574, "2017-03-31": "1555.00000", "2016-12-31": 1549, "2016-09-30": 1396, "2016-06-30": 1387, "2016-03-31": "1425.00000", "2015-12-31": 1424, "2015-09-30": 1272, "2015-06-30": 1201, "2015-03-31": "1260.00000", "2014-12-31": 1331, "2014-09-30": 1326, "2014-06-30": 1424, "2014-03-31": "1456.00000", "2013-12-31": 1489, "2013-09-30": 1521, "2013-06-30": 1626, "2013-03-31": "1774.00000", "2012-12-31": 2107, "2012-09-30": 1656, "2012-06-30": 1671, "2012-03-31": "2221.00000", "2011-12-31": 2458, "2011-09-30": 2215, "2011-06-30": 2249, "2011-03-31": "2104.00000", "2010-12-31": 1906, "2010-09-30": 2229, "2010-06-30": 2213, "2010-03-31": "2051.00000", "2009-12-31": 1774, "2009-09-30": 969, "2009-06-30": 1006, "2009-03-31": "1008.00000", "2008-12-31": 1178, "2008-09-30": 1196, "2008-06-30": 1229, "2008-03-31": "1487.00000", "2007-12-31": 1116, "2007-09-30": 1372, "2007-06-30": 1441, "2007-03-31": "1271.00000", "2006-12-31": 1267, "2006-09-30": 1332, "2006-06-30": 1343, "2006-03-31": "1351.00000", "2005-12-31": 1433, "2005-09-30": 1367, "2005-06-30": 1410, "2005-03-31": "1366.00000"}, "Other Non-Cash Items": {"2020-12-31": 920, "2020-09-30": -522, "2020-06-30": -485, "2020-03-31": "87.00000", "2019-12-31": 1171, "2019-09-30": -6206, "2019-06-30": -420, "2019-03-31": "-238.00000", "2018-12-31": 1966, "2018-09-30": -1287, "2018-06-30": -1059, "2018-03-31": "-438.00000", "2017-12-31": -11726, "2017-09-30": 236, "2017-06-30": 215, "2017-03-31": "-883.00000", "2016-12-31": 2033, "2016-09-30": 385, "2016-06-30": 1212, "2016-03-31": "-539.00000", "2015-12-31": 1606, "2015-09-30": 1029, "2015-06-30": 248, "2015-03-31": "-1078.00000", "2014-12-31": -113, "2014-09-30": 35, "2014-06-30": 600, "2014-03-31": "232.00000", "2013-12-31": 290, "2013-09-30": 1065, "2013-06-30": -9866, "2013-03-31": "1091.00000", "2012-12-31": -4455, "2012-09-30": 550, "2012-06-30": 482, "2012-03-31": "283.00000", "2011-12-31": -1280, "2011-09-30": -1164, "2011-06-30": 1294, "2011-03-31": "-218.00000", "2010-12-31": 1303, "2010-09-30": 924, "2010-06-30": 1368, "2010-03-31": "1534.00000", "2009-12-31": -10542, "2009-09-30": 844, "2009-06-30": 590, "2009-03-31": "308.00000", "2008-12-31": -1928, "2008-09-30": 385, "2008-06-30": 400, "2008-03-31": "1256.00000", "2007-12-31": -495, "2007-09-30": 1706, "2007-06-30": -611, "2007-03-31": "167.00000", "2006-12-31": -9747, "2006-09-30": -822, "2006-06-30": 560, "2006-03-31": "-43.00000", "2005-12-31": -159, "2005-09-30": 1215, "2005-06-30": -950, "2005-03-31": "1763.00000"}, "Total Non-Cash Items": {"2020-12-31": -2811, "2020-09-30": 740, "2020-06-30": 766, "2020-03-31": "1305.00000", "2019-12-31": 2555, "2019-09-30": -4653, "2019-06-30": 1108, "2019-03-31": "1307.00000", "2018-12-31": 3607, "2018-09-30": 327, "2018-06-30": 503, "2018-03-31": "1129.00000", "2017-12-31": -10152, "2017-09-30": 1802, "2017-06-30": 1789, "2017-03-31": "672.00000", "2016-12-31": 3582, "2016-09-30": 1781, "2016-06-30": 2599, "2016-03-31": "886.00000", "2015-12-31": 3030, "2015-09-30": 2301, "2015-06-30": 1449, "2015-03-31": "182.00000", "2014-12-31": 1218, "2014-09-30": 1361, "2014-06-30": 2024, "2014-03-31": "1688.00000", "2013-12-31": 1779, "2013-09-30": 2586, "2013-06-30": -8240, "2013-03-31": "2865.00000", "2012-12-31": -2348, "2012-09-30": 2206, "2012-06-30": 2153, "2012-03-31": "2504.00000", "2011-12-31": 1178, "2011-09-30": 1051, "2011-06-30": 3543, "2011-03-31": "1886.00000", "2010-12-31": 3209, "2010-09-30": 3153, "2010-06-30": 3581, "2010-03-31": "3585.00000", "2009-12-31": -8768, "2009-09-30": 1813, "2009-06-30": 1596, "2009-03-31": "1316.00000", "2008-12-31": -750, "2008-09-30": 1581, "2008-06-30": 1629, "2008-03-31": "2743.00000", "2007-12-31": 621, "2007-09-30": 3078, "2007-06-30": 830, "2007-03-31": "1438.00000", "2006-12-31": -8480, "2006-09-30": 510, "2006-06-30": 1903, "2006-03-31": "1308.00000", "2005-12-31": 1274, "2005-09-30": 2582, "2005-06-30": 460, "2005-03-31": "3129.00000"}, "Change In Accounts Receivable": {"2020-12-31": 0, "2020-09-30": 0, "2020-06-30": 0, "2020-03-31": "", "2019-12-31": -742, "2019-09-30": 0, "2019-06-30": 0, "2019-03-31": "", "2018-12-31": -644, "2018-09-30": 0, "2018-06-30": 0, "2018-03-31": "", "2017-12-31": 259, "2017-09-30": 0, "2017-06-30": 0, "2017-03-31": "", "2016-12-31": -134, "2016-09-30": 0, "2016-06-30": 0, "2016-03-31": "", "2015-12-31": 21, "2015-09-30": 0, "2015-06-30": 0, "2015-03-31": "", "2014-12-31": 148, "2014-09-30": 0, "2014-06-30": 0, "2014-03-31": "", "2013-12-31": 940, "2013-09-30": 0, "2013-06-30": 0, "2013-03-31": "", "2012-12-31": 367, "2012-09-30": 0, "2012-06-30": 0, "2012-03-31": "", "2011-12-31": 140, "2011-09-30": 0, "2011-06-30": 0, "2011-03-31": "", "2010-12-31": -608, "2010-09-30": 0, "2010-06-30": 0, "2010-03-31": "", "2009-12-31": 252, "2009-09-30": 0, "2009-06-30": 0, "2009-03-31": "", "2008-12-31": 195, "2008-09-30": 0, "2008-06-30": 0, "2008-03-31": "", "2007-12-31": -320, "2007-09-30": 0, "2007-06-30": 0, "2007-03-31": "", "2006-12-31": -172, "2006-09-30": 0, "2006-06-30": 0, "2006-03-31": "", "2005-12-31": -803, "2005-09-30": 0, "2005-06-30": 0, "2005-03-31": ""}, "Change In Inventories": {"2020-12-31": 0, "2020-09-30": 0, "2020-06-30": 0, "2020-03-31": "", "2019-12-31": -1050, "2019-09-30": 0, "2019-06-30": 0, "2019-03-31": "", "2018-12-31": -717, "2018-09-30": 0, "2018-06-30": 0, "2018-03-31": "", "2017-12-31": -357, "2017-09-30": 0, "2017-06-30": 0, "2017-03-31": "", "2016-12-31": 365, "2016-09-30": 0, "2016-06-30": 0, "2016-03-31": "", "2015-12-31": -199, "2015-09-30": 0, "2015-06-30": 0, "2015-03-31": "", "2014-12-31": 175, "2014-09-30": 0, "2014-06-30": 0, "2014-03-31": "", "2013-12-31": -538, "2013-09-30": 0, "2013-06-30": 0, "2013-03-31": "", "2012-12-31": -631, "2012-09-30": 0, "2012-06-30": 0, "2012-03-31": "", "2011-12-31": 1084, "2011-09-30": 0, "2011-06-30": 0, "2011-03-31": "", "2010-12-31": 2917, "2010-09-30": 0, "2010-06-30": 0, "2010-03-31": "", "2009-12-31": 1631, "2009-09-30": 0, "2009-06-30": 0, "2009-03-31": "", "2008-12-31": 294, "2008-09-30": 0, "2008-06-30": 0, "2008-03-31": "", "2007-12-31": 720, "2007-09-30": 0, "2007-06-30": 0, "2007-03-31": "", "2006-12-31": 118, "2006-09-30": 0, "2006-06-30": 0, "2006-03-31": "", "2005-12-31": 72, "2005-09-30": 0, "2005-06-30": 0, "2005-03-31": ""}, "Change In Accounts Payable": {"2020-12-31": 0, "2020-09-30": 0, "2020-06-30": 0, "2020-03-31": "", "2019-12-31": 0, "2019-09-30": 0, "2019-06-30": 0, "2019-03-31": "", "2018-12-31": 0, "2018-09-30": 0, "2018-06-30": 0, "2018-03-31": "", "2017-12-31": 0, "2017-09-30": 0, "2017-06-30": 0, "2017-03-31": "", "2016-12-31": 0, "2016-09-30": 0, "2016-06-30": 0, "2016-03-31": "", "2015-12-31": 0, "2015-09-30": 0, "2015-06-30": 0, "2015-03-31": "", "2014-12-31": 0, "2014-09-30": 0, "2014-06-30": 0, "2014-03-31": "", "2013-12-31": 0, "2013-09-30": 0, "2013-06-30": 0, "2013-03-31": "", "2012-12-31": 0, "2012-09-30": 0, "2012-06-30": 0, "2012-03-31": "", "2011-12-31": 0, "2011-09-30": 0, "2011-06-30": 0, "2011-03-31": "", "2010-12-31": 0, "2010-09-30": 0, "2010-06-30": 0, "2010-03-31": "", "2009-12-31": 0, "2009-09-30": 0, "2009-06-30": 0, "2009-03-31": "", "2008-12-31": 0, "2008-09-30": 0, "2008-06-30": 0, "2008-03-31": "", "2007-12-31": 0, "2007-09-30": 0, "2007-06-30": 0, "2007-03-31": "", "2006-12-31": 0, "2006-09-30": 0, "2006-06-30": 0, "2006-03-31": "", "2005-12-31": 0, "2005-09-30": 0, "2005-06-30": 0, "2005-03-31": ""}, "Change In Assets/Liabilities": {"2020-12-31": 3080, "2020-09-30": -851, "2020-06-30": -648, "2020-03-31": "-1581.00000", "2019-12-31": 6633, "2019-09-30": 1480, "2019-06-30": -3553, "2019-03-31": "-3498.00000", "2018-12-31": 2523, "2018-09-30": 809, "2018-06-30": -535, "2018-03-31": "-2715.00000", "2017-12-31": 3556, "2017-09-30": 228, "2017-06-30": -1627, "2017-03-31": "-2217.00000", "2016-12-31": 1312, "2016-09-30": 1600, "2016-06-30": -1057, "2016-03-31": "-2125.00000", "2015-12-31": 2197, "2015-09-30": 582, "2015-06-30": 4, "2015-03-31": "-1883.00000", "2014-12-31": 2030, "2014-09-30": 430, "2014-06-30": -858, "2014-03-31": "-1091.00000", "2013-12-31": 810, "2013-09-30": 715, "2013-06-30": -2137, "2013-03-31": "-3327.00000", "2012-12-31": 170, "2012-09-30": -417, "2012-06-30": -1392, "2012-03-31": "-1533.00000", "2011-12-31": 1796, "2011-09-30": -361, "2011-06-30": -263, "2011-03-31": "522.00000", "2010-12-31": 10810, "2010-09-30": 2659, "2010-06-30": -1193, "2010-03-31": "-11980.00000", "2009-12-31": -11, "2009-09-30": -593, "2009-06-30": 652, "2009-03-31": "-899.00000", "2008-12-31": 1006, "2008-09-30": 87, "2008-06-30": 631, "2008-03-31": "-2262.00000", "2007-12-31": 473, "2007-09-30": 839, "2007-06-30": 1568, "2007-03-31": "-3587.00000", "2006-12-31": 1102, "2006-09-30": 142, "2006-06-30": 825, "2006-03-31": "-1458.00000", "2005-12-31": 2261, "2005-09-30": -1158, "2005-06-30": -132, "2005-03-31": "-237.00000"}, "Total Change In Assets/Liabilities": {"2020-12-31": 3080, "2020-09-30": -851, "2020-06-30": -648, "2020-03-31": "-1581.00000", "2019-12-31": 1540, "2019-09-30": 1480, "2019-06-30": -3553, "2019-03-31": "-3498.00000", "2018-12-31": 1515, "2018-09-30": 809, "2018-06-30": -535, "2018-03-31": "-2715.00000", "2017-12-31": 4950, "2017-09-30": 228, "2017-06-30": -1627, "2017-03-31": "-2217.00000", "2016-12-31": 1680, "2016-09-30": 1600, "2016-06-30": -1057, "2016-03-31": "-2125.00000", "2015-12-31": 2038, "2015-09-30": 582, "2015-06-30": 4, "2015-03-31": "-1883.00000", "2014-12-31": 3142, "2014-09-30": 430, "2014-06-30": -858, "2014-03-31": "-1091.00000", "2013-12-31": 1371, "2013-09-30": 715, "2013-06-30": -2137, "2013-03-31": "-3327.00000", "2012-12-31": 975, "2012-09-30": -417, "2012-06-30": -1392, "2012-03-31": "-1533.00000", "2011-12-31": 2635, "2011-09-30": -361, "2011-06-30": -263, "2011-03-31": "522.00000", "2010-12-31": 152, "2010-09-30": 2659, "2010-06-30": -1193, "2010-03-31": "-11980.00000", "2009-12-31": 12827, "2009-09-30": -593, "2009-06-30": 652, "2009-03-31": "-899.00000", "2008-12-31": 6452, "2008-09-30": 87, "2008-06-30": 631, "2008-03-31": "-2262.00000", "2007-12-31": 380, "2007-09-30": 839, "2007-06-30": 1568, "2007-03-31": "-3587.00000", "2006-12-31": 3507, "2006-09-30": 142, "2006-06-30": 825, "2006-03-31": "-1458.00000", "2005-12-31": 730, "2005-09-30": -1158, "2005-06-30": -132, "2005-03-31": "-237.00000"}, "Cash Flow From Operating Activities": {"2020-12-31": -8778, "2020-09-30": 2090, "2020-06-30": 3555, "2020-03-31": "3133.00000", "2019-12-31": 3769, "2019-09-30": 4510, "2019-06-30": 2611, "2019-03-31": "1698.00000", "2018-12-31": 4738, "2018-09-30": 5259, "2018-06-30": 3847, "2018-03-31": "1983.00000", "2017-12-31": 7089, "2017-09-30": 4889, "2017-06-30": 3240, "2017-03-31": "1584.00000", "2016-12-31": 6041, "2016-09-30": 4737, "2016-06-30": 3606, "2016-03-31": "1808.00000", "2015-12-31": 4898, "2015-09-30": 5020, "2015-06-30": 4090, "2015-03-31": "680.00000", "2014-12-31": 5599, "2014-09-30": 4463, "2014-06-30": 4087, "2014-03-31": "2935.00000", "2013-12-31": 5724, "2013-09-30": 5900, "2013-06-30": 3757, "2013-03-31": "2303.00000", "2012-12-31": 4948, "2012-09-30": 5003, "2012-06-30": 4021, "2012-03-31": "2774.00000", "2011-12-31": 5261, "2011-09-30": 4439, "2011-06-30": 5898, "2011-03-31": "4642.00000", "2010-12-31": 6258, "2010-09-30": 6683, "2010-06-30": 4873, "2010-03-31": "-6360.00000", "2009-12-31": 4825, "2009-09-30": 4101, "2009-06-30": 4514, "2009-03-31": "3147.00000", "2008-12-31": 5973, "2008-09-30": 3952, "2008-06-30": 5042, "2008-03-31": "3271.00000", "2007-12-31": 3767, "2007-09-30": 4678, "2007-06-30": 3665, "2007-03-31": "1243.00000", "2006-12-31": 4476, "2006-09-30": 4014, "2006-06-30": 5143, "2006-03-31": "3961.00000", "2005-12-31": 4737, "2005-09-30": 3013, "2005-06-30": 3790, "2005-03-31": "3193.00000"}, "Net Change In Property, Plant, And Equipment": {"2020-12-31": 1467, "2020-09-30": -525, "2020-06-30": -479, "2020-03-31": "-463.00000", "2019-12-31": -672, "2019-09-30": -565, "2019-06-30": -479, "2019-03-31": "-460.00000", "2018-12-31": -685, "2018-09-30": -547, "2018-06-30": -424, "2018-03-31": "-386.00000", "2017-12-31": -700, "2017-09-30": -450, "2017-06-30": -448, "2017-03-31": "-358.00000", "2016-12-31": -689, "2016-09-30": -432, "2016-06-30": -401, "2016-03-31": "-301.00000", "2015-12-31": -611, "2015-09-30": -289, "2015-06-30": -258, "2015-03-31": "-239.00000", "2014-12-31": -354, "2014-09-30": -275, "2014-06-30": -278, "2014-03-31": "-292.00000", "2013-12-31": -417, "2013-09-30": -278, "2013-06-30": -309, "2013-03-31": "-202.00000", "2012-12-31": -494, "2012-09-30": -285, "2012-06-30": -294, "2012-03-31": "-254.00000", "2011-12-31": -598, "2011-09-30": -454, "2011-06-30": -358, "2011-03-31": "-250.00000", "2010-12-31": -547, "2010-09-30": -288, "2010-06-30": -373, "2010-03-31": "-305.00000", "2009-12-31": -422, "2009-09-30": -261, "2009-06-30": -269, "2009-03-31": "-253.00000", "2008-12-31": -389, "2008-09-30": -444, "2008-06-30": -385, "2008-03-31": "-483.00000", "2007-12-31": -662, "2007-09-30": -461, "2007-06-30": -428, "2007-03-31": "-329.00000", "2006-12-31": -612, "2006-09-30": -551, "2006-06-30": -469, "2006-03-31": "-418.00000", "2005-12-31": -613, "2005-09-30": -496, "2005-06-30": -532, "2005-03-31": "-465.00000"}, "Net Change In Intangible Assets": {"2020-12-31": 38, "2020-09-30": -5, "2020-06-30": -1, "2020-03-31": "-32.00000", "2019-12-31": -54, "2019-09-30": -97, "2019-06-30": -109, "2019-03-31": "-158.00000", "2018-12-31": -107, "2018-09-30": -15, "2018-06-30": 0, "2018-03-31": "-32.00000", "2017-12-31": -73, "2017-09-30": -147, "2017-06-30": -41, "2017-03-31": "", "2016-12-31": -80, "2016-09-30": 0, "2016-06-30": -96, "2016-03-31": "", "2015-12-31": -51, "2015-09-30": -36, "2015-06-30": -5, "2015-03-31": "-7.00000", "2014-12-31": -42, "2014-09-30": -286, "2014-06-30": -50, "2014-03-31": "-6.00000", "2013-12-31": -82, "2013-09-30": -50, "2013-06-30": -1, "2013-03-31": "-126.00000", "2012-12-31": -92, "2012-09-30": 0, "2012-06-30": 0, "2012-03-31": "", "2011-12-31": -222, "2011-09-30": 0, "2011-06-30": 0, "2011-03-31": "", "2010-12-31": 0, "2010-09-30": 0, "2010-06-30": 0, "2010-03-31": "", "2009-12-31": 0, "2009-09-30": 0, "2009-06-30": 0, "2009-03-31": "", "2008-12-31": 0, "2008-09-30": 0, "2008-06-30": 0, "2008-03-31": "", "2007-12-31": 0, "2007-09-30": 0, "2007-06-30": 0, "2007-03-31": "", "2006-12-31": 0, "2006-09-30": 0, "2006-06-30": 0, "2006-03-31": "", "2005-12-31": 0, "2005-09-30": 0, "2005-06-30": 0, "2005-03-31": ""}, "Net Acquisitions/Divestitures": {"2020-12-31": 0, "2020-09-30": 0, "2020-06-30": 0, "2020-03-31": "", "2019-12-31": 0, "2019-09-30": -10861, "2019-06-30": 0, "2019-03-31": "", "2018-12-31": 0, "2018-09-30": 0, "2018-06-30": 0, "2018-03-31": "", "2017-12-31": 0, "2017-09-30": 0, "2017-06-30": -415, "2017-03-31": "-585.00000", "2016-12-31": -689, "2016-09-30": -13063, "2016-06-30": -4506, "2016-03-31": "-110.00000", "2015-12-31": -144, "2015-09-30": -15643, "2015-06-30": -1, "2015-03-31": "-678.00000", "2014-12-31": 0, "2014-09-30": -195, "2014-06-30": 0, "2014-03-31": "", "2013-12-31": 0, "2013-09-30": 0, "2013-06-30": -15, "2013-03-31": "", "2012-12-31": 11582, "2012-09-30": 0, "2012-06-30": 0, "2012-03-31": "-782.00000", "2011-12-31": -94, "2011-09-30": 2357, "2011-06-30": 0, "2011-03-31": "-3169.00000", "2010-12-31": -273, "2010-09-30": 0, "2010-06-30": 0, "2010-03-31": "", "2009-12-31": -43123, "2009-09-30": 0, "2009-06-30": 0, "2009-03-31": "", "2008-12-31": -222, "2008-09-30": 0, "2008-06-30": -352, "2008-03-31": "-610.00000", "2007-12-31": 0, "2007-09-30": -1, "2007-06-30": -7, "2007-03-31": "-456.00000", "2006-12-31": -153, "2006-09-30": 8, "2006-06-30": -542, "2006-03-31": "-1433.00000", "2005-12-31": 19, "2005-09-30": -1842, "2005-06-30": -247, "2005-03-31": "93.00000"}, "Net Change In Short-term Investments": {"2020-12-31": 11653, "2020-09-30": 842, "2020-06-30": -12785, "2020-03-31": "290.00000", "2019-12-31": -2217, "2019-09-30": 4835, "2019-06-30": -1485, "2019-03-31": "8140.00000", "2018-12-31": -3786, "2018-09-30": -2833, "2018-06-30": -1451, "2018-03-31": "10057.00000", "2017-12-31": -4303, "2017-09-30": -2480, "2017-06-30": -762, "2017-03-31": "5309.00000", "2016-12-31": -2761, "2016-09-30": 6236, "2016-06-30": 838, "2016-03-31": "4926.00000", "2015-12-31": -847, "2015-09-30": 10624, "2015-06-30": -925, "2015-03-31": "8399.00000", "2014-12-31": -1184, "2014-09-30": 421, "2014-06-30": 765, "2014-03-31": "348.00000", "2013-12-31": 1185, "2013-09-30": 466, "2013-06-30": 2390, "2013-03-31": "-9952.00000", "2012-12-31": -3530, "2012-09-30": 3310, "2012-06-30": 565, "2012-03-31": "2398.00000", "2011-12-31": 2191, "2011-09-30": -3571, "2011-06-30": 2799, "2011-03-31": "5184.00000", "2010-12-31": -3908, "2010-09-30": -3042, "2010-06-30": -1693, "2010-03-31": "9210.00000", "2009-12-31": 38209, "2009-09-30": -752, "2009-06-30": -13636, "2009-03-31": "-11013.00000", "2008-12-31": 2443, "2008-09-30": 1916, "2008-06-30": 188, "2008-03-31": "-3831.00000", "2007-12-31": -1958, "2007-09-30": 457, "2007-06-30": 161, "2007-03-31": "6202.00000", "2006-12-31": 2300, "2006-09-30": 1298, "2006-06-30": -127, "2006-03-31": "7703.00000", "2005-12-31": -7600, "2005-09-30": 1210, "2005-06-30": 7489, "2005-03-31": "-2360.00000"}, "Net Change In Long-Term Investments": {"2020-12-31": -364, "2020-09-30": -4, "2020-06-30": 238, "2020-03-31": "130.00000", "2019-12-31": 49, "2019-09-30": -37, "2019-06-30": 59, "2019-03-31": "-40.00000", "2018-12-31": 3776, "2018-09-30": 380, "2018-06-30": 320, "2018-03-31": "-29.00000", "2017-12-31": 165, "2017-09-30": 2, "2017-06-30": -969, "2017-03-31": "844.00000", "2016-12-31": 1113, "2016-09-30": 2843, "2016-06-30": -533, "2016-03-31": "-166.00000", "2015-12-31": -570, "2015-09-30": 88, "2015-06-30": -918, "2015-03-31": "-1213.00000", "2014-12-31": 44, "2014-09-30": -2237, "2014-06-30": -2026, "2014-03-31": "-354.00000", "2013-12-31": -662, "2013-09-30": -764, "2013-06-30": -1237, "2013-03-31": "-802.00000", "2012-12-31": -818, "2012-09-30": -3324, "2012-06-30": -1131, "2012-03-31": "-882.00000", "2011-12-31": -828, "2011-09-30": 1548, "2011-06-30": -2149, "2011-03-31": "-1044.00000", "2010-12-31": -539, "2010-09-30": -527, "2010-06-30": 1406, "2010-03-31": "269.00000", "2009-12-31": 845, "2009-09-30": 553, "2009-06-30": 771, "2009-03-31": "-2553.00000", "2008-12-31": -3695, "2008-09-30": -1429, "2008-06-30": -2768, "2008-03-31": "-456.00000", "2007-12-31": -230, "2007-09-30": -12, "2007-06-30": -68, "2007-03-31": "-1153.00000", "2006-12-31": -1086, "2006-09-30": -405, "2006-06-30": 11, "2006-03-31": "-212.00000", "2005-12-31": 617, "2005-09-30": -3, "2005-06-30": 65, "2005-03-31": "-57.00000"}, "Net Change In Investments - Total": {"2020-12-31": 11289, "2020-09-30": 838, "2020-06-30": -12547, "2020-03-31": "420.00000", "2019-12-31": -2168, "2019-09-30": 4798, "2019-06-30": -1426, "2019-03-31": "8100.00000", "2018-12-31": -10, "2018-09-30": -2453, "2018-06-30": -1131, "2018-03-31": "10028.00000", "2017-12-31": -4138, "2017-09-30": -2478, "2017-06-30": -1731, "2017-03-31": "6153.00000", "2016-12-31": -1648, "2016-09-30": 9079, "2016-06-30": 305, "2016-03-31": "4760.00000", "2015-12-31": -1417, "2015-09-30": 10712, "2015-06-30": -1843, "2015-03-31": "7186.00000", "2014-12-31": -1140, "2014-09-30": -1816, "2014-06-30": -1261, "2014-03-31": "-6.00000", "2013-12-31": 523, "2013-09-30": -298, "2013-06-30": 1153, "2013-03-31": "-10754.00000", "2012-12-31": -4348, "2012-09-30": -14, "2012-06-30": -566, "2012-03-31": "1516.00000", "2011-12-31": 1363, "2011-09-30": -2023, "2011-06-30": 650, "2011-03-31": "4140.00000", "2010-12-31": -4447, "2010-09-30": -3569, "2010-06-30": -287, "2010-03-31": "9479.00000", "2009-12-31": 39054, "2009-09-30": -199, "2009-06-30": -12865, "2009-03-31": "-13566.00000", "2008-12-31": -1252, "2008-09-30": 487, "2008-06-30": -2580, "2008-03-31": "-4287.00000", "2007-12-31": -2188, "2007-09-30": 445, "2007-06-30": 93, "2007-03-31": "5049.00000", "2006-12-31": 1214, "2006-09-30": 893, "2006-06-30": -116, "2006-03-31": "7491.00000", "2005-12-31": -6983, "2005-09-30": 1207, "2005-06-30": 7554, "2005-03-31": "-2417.00000"}, "Investing Activities - Other": {"2020-12-31": -194, "2020-09-30": 175, "2020-06-30": 15, "2020-03-31": "4.00000", "2019-12-31": 60, "2019-09-30": -34, "2019-06-30": 112, "2019-03-31": "67.00000", "2018-12-31": 40, "2018-09-30": 110, "2018-06-30": 81, "2018-03-31": "57.00000", "2017-12-31": 152, "2017-09-30": 64, "2017-06-30": 898, "2017-03-31": "-443.00000", "2016-12-31": 20, "2016-09-30": 34, "2016-06-30": 20, "2016-03-31": "6.00000", "2015-12-31": -2, "2015-09-30": 13, "2015-06-30": 3, "2015-03-31": "330.00000", "2014-12-31": 22, "2014-09-30": 37, "2014-06-30": 82, "2014-03-31": "206.00000", "2013-12-31": 118, "2013-09-30": 23, "2013-06-30": 15, "2013-03-31": "156.00000", "2012-12-31": 189, "2012-09-30": 52, "2012-06-30": -27, "2012-03-31": "-29.00000", "2011-12-31": 93, "2011-09-30": 335, "2011-06-30": 69, "2011-03-31": "4.00000", "2010-12-31": -378, "2010-09-30": -23, "2010-06-30": 299, "2010-03-31": "220.00000", "2009-12-31": 124, "2009-09-30": 162, "2009-06-30": 161, "2009-03-31": "185.00000", "2008-12-31": -917, "2008-09-30": -1150, "2008-06-30": -147, "2008-03-31": "-104.00000", "2007-12-31": 51, "2007-09-30": 64, "2007-06-30": -382, "2007-03-31": "7.00000", "2006-12-31": -14, "2006-09-30": -6, "2006-06-30": 18, "2006-03-31": "-209.00000", "2005-12-31": -202, "2005-09-30": -331, "2005-06-30": 99, "2005-03-31": "84.00000"}, "Cash Flow From Investing Activities": {"2020-12-31": 12601, "2020-09-30": 481, "2020-06-30": -13011, "2020-03-31": "-71.00000", "2019-12-31": -2833, "2019-09-30": -6760, "2019-06-30": -1902, "2019-03-31": "7550.00000", "2018-12-31": -764, "2018-09-30": -2904, "2018-06-30": -1474, "2018-03-31": "9667.00000", "2017-12-31": -4759, "2017-09-30": -3011, "2017-06-30": -1738, "2017-03-31": "4768.00000", "2016-12-31": -3087, "2016-09-30": -4381, "2016-06-30": -4678, "2016-03-31": "4355.00000", "2015-12-31": -2224, "2015-09-30": -5243, "2015-06-30": -2105, "2015-03-31": "6592.00000", "2014-12-31": -1514, "2014-09-30": -2535, "2014-06-30": -1507, "2014-03-31": "-98.00000", "2013-12-31": 142, "2013-09-30": -603, "2013-06-30": 843, "2013-03-31": "-10926.00000", "2012-12-31": 6837, "2012-09-30": -247, "2012-06-30": -887, "2012-03-31": "451.00000", "2011-12-31": 542, "2011-09-30": 215, "2011-06-30": 361, "2011-03-31": "725.00000", "2010-12-31": -5645, "2010-09-30": -3880, "2010-06-30": -361, "2010-03-31": "9394.00000", "2009-12-31": -4367, "2009-09-30": -298, "2009-06-30": -12973, "2009-03-31": "-13634.00000", "2008-12-31": -2780, "2008-09-30": -1107, "2008-06-30": -3464, "2008-03-31": "-5484.00000", "2007-12-31": -2799, "2007-09-30": 47, "2007-06-30": -724, "2007-03-31": "4271.00000", "2006-12-31": 435, "2006-09-30": 344, "2006-06-30": -1109, "2006-03-31": "5431.00000", "2005-12-31": -7779, "2005-09-30": -1462, "2005-06-30": 6874, "2005-03-31": "-2705.00000"}, "Net Long-Term Debt": {"2020-12-31": -14189, "2020-09-30": -236, "2020-06-30": 15365, "2020-03-31": "-940.00000", "2019-12-31": -1000, "2019-09-30": -451, "2019-06-30": -2351, "2019-03-31": "1938.00000", "2018-12-31": -462, "2018-09-30": 4974, "2018-06-30": -2749, "2018-03-31": "-355.00000", "2017-12-31": -1679, "2017-09-30": -1, "2017-06-30": -3220, "2017-03-31": "4020.00000", "2016-12-31": 2573, "2016-09-30": 0, "2016-06-30": 2250, "2016-03-31": "-1536.00000", "2015-12-31": 4, "2015-09-30": 1, "2015-06-30": 3, "2015-03-31": "-2998.00000", "2014-12-31": -1324, "2014-09-30": -34, "2014-06-30": 4491, "2014-03-31": "-752.00000", "2013-12-31": -1750, "2013-09-30": -2, "2013-06-30": 1602, "2013-03-31": "2622.00000", "2012-12-31": -1499, "2012-09-30": -7, "2012-06-30": -4, "2012-03-31": "-3.00000", "2011-12-31": -3500, "2011-09-30": -5, "2011-06-30": 397, "2011-03-31": "-3878.00000", "2010-12-31": -2, "2010-09-30": -2, "2010-06-30": 7, "2010-03-31": "-9.00000", "2009-12-31": -31, "2009-09-30": -1, "2009-06-30": 9999, "2009-03-31": "13089.00000", "2008-12-31": -492, "2008-09-30": -558, "2008-06-30": 561, "2008-03-31": "41.00000", "2007-12-31": 1327, "2007-09-30": -1, "2007-06-30": 1222, "2007-03-31": "-39.00000", "2006-12-31": -1, "2006-09-30": -56, "2006-06-30": 18, "2006-03-31": "1034.00000", "2005-12-31": 1019, "2005-09-30": -1017, "2005-06-30": -20, "2005-03-31": ""}, "Net Current Debt": {"2020-12-31": 3469, "2020-09-30": -382, "2020-06-30": -4045, "2020-03-31": "958.00000", "2019-12-31": 530, "2019-09-30": 5798, "2019-06-30": 3425, "2019-03-31": "875.00000", "2018-12-31": 924, "2018-09-30": -4184, "2018-06-30": 3065, "2018-03-31": "-2148.00000", "2017-12-31": 29, "2017-09-30": -66, "2017-06-30": 2051, "2017-03-31": "-2075.00000", "2016-12-31": -2794, "2016-09-30": -85, "2016-06-30": 1142, "2016-03-31": "1056.00000", "2015-12-31": 396, "2015-09-30": 1421, "2015-06-30": -370, "2015-03-31": "2862.00000", "2014-12-31": 915, "2014-09-30": -55, "2014-06-30": -3726, "2014-03-31": "1028.00000", "2013-12-31": 1786, "2013-09-30": -474, "2013-06-30": -1233, "2013-03-31": "3485.00000", "2012-12-31": 146, "2012-09-30": 26, "2012-06-30": -154, "2012-03-31": "-230.00000", "2011-12-31": 1900, "2011-09-30": -389, "2011-06-30": -529, "2011-03-31": "462.00000", "2010-12-31": 433, "2010-09-30": -427, "2010-06-30": -2381, "2010-03-31": "-1771.00000", "2009-12-31": -1433, "2009-09-30": -764, "2009-06-30": 587, "2009-03-31": "-1326.00000", "2008-12-31": 338, "2008-09-30": 304, "2008-06-30": -731, "2008-03-31": "2944.00000", "2007-12-31": 3005, "2007-09-30": 71, "2007-06-30": -118, "2007-03-31": "-567.00000", "2006-12-31": -201, "2006-09-30": -1083, "2006-06-30": -2415, "2006-03-31": "-7230.00000", "2005-12-31": 4962, "2005-09-30": 445, "2005-06-30": -7096, "2005-03-31": "1386.00000"}, "Debt Issuance/Retirement Net - Total": {"2020-12-31": -10720, "2020-09-30": -618, "2020-06-30": 11320, "2020-03-31": "18.00000", "2019-12-31": -470, "2019-09-30": 5347, "2019-06-30": 1074, "2019-03-31": "2813.00000", "2018-12-31": 462, "2018-09-30": 790, "2018-06-30": 316, "2018-03-31": "-2503.00000", "2017-12-31": -1650, "2017-09-30": -67, "2017-06-30": -1169, "2017-03-31": "1945.00000", "2016-12-31": -221, "2016-09-30": -85, "2016-06-30": 3392, "2016-03-31": "-480.00000", "2015-12-31": 400, "2015-09-30": 1422, "2015-06-30": -367, "2015-03-31": "-136.00000", "2014-12-31": -409, "2014-09-30": -89, "2014-06-30": 765, "2014-03-31": "276.00000", "2013-12-31": 36, "2013-09-30": -476, "2013-06-30": 369, "2013-03-31": "6107.00000", "2012-12-31": -1353, "2012-09-30": 19, "2012-06-30": -158, "2012-03-31": "-233.00000", "2011-12-31": -1600, "2011-09-30": -394, "2011-06-30": -132, "2011-03-31": "-3416.00000", "2010-12-31": 431, "2010-09-30": -429, "2010-06-30": -2374, "2010-03-31": "-1780.00000", "2009-12-31": -1464, "2009-09-30": -765, "2009-06-30": 10586, "2009-03-31": "11763.00000", "2008-12-31": -154, "2008-09-30": -254, "2008-06-30": -170, "2008-03-31": "2985.00000", "2007-12-31": 4332, "2007-09-30": 70, "2007-06-30": 1104, "2007-03-31": "-606.00000", "2006-12-31": -202, "2006-09-30": -1139, "2006-06-30": -2397, "2006-03-31": "-6196.00000", "2005-12-31": 5981, "2005-09-30": -572, "2005-06-30": -7116, "2005-03-31": "1386.00000"}, "Net Common Equity Issued/Repurchased": {"2020-12-31": -206, "2020-09-30": 48, "2020-06-30": 34, "2020-03-31": "124.00000", "2019-12-31": 91, "2019-09-30": 55, "2019-06-30": 122, "2019-03-31": "-8739.00000", "2018-12-31": -4870, "2018-09-30": -480, "2018-06-30": 102, "2018-03-31": "-5691.00000", "2017-12-31": 206, "2017-09-30": 245, "2017-06-30": 98, "2017-03-31": "-4687.00000", "2016-12-31": 73, "2016-09-30": 250, "2016-06-30": 400, "2016-03-31": "-4704.00000", "2015-12-31": 98, "2015-09-30": 24, "2015-06-30": 187, "2015-03-31": "-5206.00000", "2014-12-31": -901, "2014-09-30": -1160, "2014-06-30": -1165, "2014-03-31": "-772.00000", "2013-12-31": -4267, "2013-09-30": -3559, "2013-06-30": -2730, "2013-03-31": "-3984.00000", "2012-12-31": -3181, "2012-09-30": -1678, "2012-06-30": -1177, "2012-03-31": "-1624.00000", "2011-12-31": -3058, "2011-09-30": -2110, "2011-06-30": -2249, "2011-03-31": "-1430.00000", "2010-12-31": 0, "2010-09-30": -500, "2010-06-30": -500, "2010-03-31": "", "2009-12-31": 0, "2009-09-30": 0, "2009-06-30": 0, "2009-03-31": "", "2008-12-31": -41, "2008-09-30": 8, "2008-06-30": -468, "2008-03-31": "1.00000", "2007-12-31": -2578, "2007-09-30": -2341, "2007-06-30": -2406, "2007-03-31": "-2210.00000", "2006-12-31": -2344, "2006-09-30": -2221, "2006-06-30": -855, "2006-03-31": "-827.00000", "2005-12-31": -277, "2005-09-30": -43, "2005-06-30": -2222, "2005-03-31": "-804.00000"}, "Net Total Equity Issued/Repurchased": {"2020-12-31": -206, "2020-09-30": 48, "2020-06-30": 34, "2020-03-31": "124.00000", "2019-12-31": 91, "2019-09-30": 55, "2019-06-30": 122, "2019-03-31": "-8739.00000", "2018-12-31": -4870, "2018-09-30": -480, "2018-06-30": 102, "2018-03-31": "-5691.00000", "2017-12-31": 206, "2017-09-30": 245, "2017-06-30": 98, "2017-03-31": "-4687.00000", "2016-12-31": 73, "2016-09-30": 250, "2016-06-30": 400, "2016-03-31": "-4704.00000", "2015-12-31": 98, "2015-09-30": 24, "2015-06-30": 187, "2015-03-31": "-5206.00000", "2014-12-31": -901, "2014-09-30": -1160, "2014-06-30": -1165, "2014-03-31": "-772.00000", "2013-12-31": -4267, "2013-09-30": -3559, "2013-06-30": -2730, "2013-03-31": "-3984.00000", "2012-12-31": -3181, "2012-09-30": -1678, "2012-06-30": -1177, "2012-03-31": "-1624.00000", "2011-12-31": -3058, "2011-09-30": -2110, "2011-06-30": -2249, "2011-03-31": "-1430.00000", "2010-12-31": 0, "2010-09-30": -500, "2010-06-30": -500, "2010-03-31": "", "2009-12-31": 0, "2009-09-30": 0, "2009-06-30": 0, "2009-03-31": "", "2008-12-31": -41, "2008-09-30": 8, "2008-06-30": -468, "2008-03-31": "1.00000", "2007-12-31": -2578, "2007-09-30": -2341, "2007-06-30": -2406, "2007-03-31": "-2210.00000", "2006-12-31": -2344, "2006-09-30": -2221, "2006-06-30": -855, "2006-03-31": "-827.00000", "2005-12-31": -277, "2005-09-30": -43, "2005-06-30": -2222, "2005-03-31": "-804.00000"}, "Total Common And Preferred Stock Dividends Paid": {"2020-12-31": 6328, "2020-09-30": -2112, "2020-06-30": -2111, "2020-03-31": "-2105.00000", "2019-12-31": -1992, "2019-09-30": -2004, "2019-06-30": -2002, "2019-03-31": "-2045.00000", "2018-12-31": -1963, "2018-09-30": -1994, "2018-06-30": -1989, "2018-03-31": "-2032.00000", "2017-12-31": -1909, "2017-09-30": -1895, "2017-06-30": -1910, "2017-03-31": "-1945.00000", "2016-12-31": -1821, "2016-09-30": -1821, "2016-06-30": -1821, "2016-03-31": "-1854.00000", "2015-12-31": -1729, "2015-09-30": -1728, "2015-06-30": -1725, "2015-03-31": "-1758.00000", "2014-12-31": -1639, "2014-09-30": -1650, "2014-06-30": -1658, "2014-03-31": "-1662.00000", "2013-12-31": -1554, "2013-09-30": -1590, "2013-06-30": -1701, "2013-03-31": "-1735.00000", "2012-12-31": -1619, "2012-09-30": -1632, "2012-06-30": -1633, "2012-03-31": "-1650.00000", "2011-12-31": -1524, "2011-09-30": -1551, "2011-06-30": -1568, "2011-03-31": "-1591.00000", "2010-12-31": -1544, "2010-09-30": -1549, "2010-06-30": -1554, "2010-03-31": "-1441.00000", "2009-12-31": -1280, "2009-09-30": -1068, "2009-06-30": -1067, "2009-03-31": "-2133.00000", "2008-12-31": -2132, "2008-09-30": -2132, "2008-06-30": -2139, "2008-03-31": "-2138.00000", "2007-12-31": -1954, "2007-09-30": -1981, "2007-06-30": -2008, "2007-03-31": "-2032.00000", "2006-12-31": -1708, "2006-09-30": -1743, "2006-06-30": -1725, "2006-03-31": "-1743.00000", "2005-12-31": -1378, "2005-09-30": -1247, "2005-06-30": -1530, "2005-03-31": "-1400.00000"}, "Financial Activities - Other": {"2020-12-31": 460, "2020-09-30": -139, "2020-06-30": -84, "2020-03-31": "-237.00000", "2019-12-31": -69, "2019-09-30": -126, "2019-06-30": -46, "2019-03-31": "-495.00000", "2018-12-31": -35, "2018-09-30": 278, "2018-06-30": -336, "2018-03-31": "-495.00000", "2017-12-31": -388, "2017-09-30": 5, "2017-06-30": -8, "2017-03-31": "-220.00000", "2016-12-31": -344, "2016-09-30": -6, "2016-06-30": -54, "2016-03-31": "-132.00000", "2015-12-31": -62, "2015-09-30": 17, "2015-06-30": 32, "2015-03-31": "122.00000", "2014-12-31": -179, "2014-09-30": 13, "2014-06-30": 18, "2014-03-31": "25.00000", "2013-12-31": 41, "2013-09-30": -6, "2013-06-30": 28, "2013-03-31": "46.00000", "2012-12-31": -80, "2012-09-30": 0, "2012-06-30": 0, "2012-03-31": "", "2011-12-31": -68, "2011-09-30": 20, "2011-06-30": 31, "2011-03-31": "33.00000", "2010-12-31": 34, "2010-09-30": -45, "2010-06-30": 67, "2010-03-31": "10.00000", "2009-12-31": 10, "2009-09-30": 5, "2009-06-30": -111, "2009-03-31": "5.00000", "2008-12-31": 74, "2008-09-30": 0, "2008-06-30": 0, "2008-03-31": "", "2007-12-31": 0, "2007-09-30": 0, "2007-06-30": 0, "2007-03-31": "", "2006-12-31": 0, "2006-09-30": 0, "2006-06-30": 0, "2006-03-31": "", "2005-12-31": 0, "2005-09-30": 0, "2005-06-30": 0, "2005-03-31": ""}, "Cash Flow From Financial Activities": {"2020-12-31": -4138, "2020-09-30": -2821, "2020-06-30": 9159, "2020-03-31": "-2200.00000", "2019-12-31": -2440, "2019-09-30": 3273, "2019-06-30": -851, "2019-03-31": "-8467.00000", "2018-12-31": -6407, "2018-09-30": -1406, "2018-06-30": -1908, "2018-03-31": "-10720.00000", "2017-12-31": -3743, "2017-09-30": -1711, "2017-06-30": -2989, "2017-03-31": "-4907.00000", "2016-12-31": -2313, "2016-09-30": -1662, "2016-06-30": 1918, "2016-03-31": "-7171.00000", "2015-12-31": -1294, "2015-09-30": -263, "2015-06-30": -1874, "2015-03-31": "-6978.00000", "2014-12-31": -3127, "2014-09-30": -2887, "2014-06-30": -2040, "2014-03-31": "-2133.00000", "2013-12-31": -5744, "2013-09-30": -5631, "2013-06-30": -4034, "2013-03-31": "434.00000", "2012-12-31": -6233, "2012-09-30": -3291, "2012-06-30": -2968, "2012-03-31": "-3507.00000", "2011-12-31": -6250, "2011-09-30": -4035, "2011-06-30": -3918, "2011-03-31": "-6404.00000", "2010-12-31": -1079, "2010-09-30": -2523, "2010-06-30": -4361, "2010-03-31": "-3211.00000", "2009-12-31": -2734, "2009-09-30": -1828, "2009-06-30": 9408, "2009-03-31": "9635.00000", "2008-12-31": -2253, "2008-09-30": -2378, "2008-06-30": -2777, "2008-03-31": "848.00000", "2007-12-31": -200, "2007-09-30": -4252, "2007-06-30": -3310, "2007-03-31": "-4848.00000", "2006-12-31": -4254, "2006-09-30": -5103, "2006-06-30": -4977, "2006-03-31": "-8766.00000", "2005-12-31": 4326, "2005-09-30": -1862, "2005-06-30": -10868, "2005-03-31": "-818.00000"}, "Net Cash Flow": {"2020-12-31": -277, "2020-09-30": -218, "2020-06-30": -351, "2020-03-31": "846.00000", "2019-12-31": -1495, "2019-09-30": 1008, "2019-06-30": -180, "2019-03-31": "792.00000", "2018-12-31": -2432, "2018-09-30": 846, "2018-06-30": 396, "2018-03-31": "985.00000", "2017-12-31": -1428, "2017-09-30": 198, "2017-06-30": -1470, "2017-03-31": "1465.00000", "2016-12-31": 506, "2016-09-30": -1317, "2016-06-30": 850, "2016-03-31": "-1080.00000", "2015-12-31": 542, "2015-09-30": -571, "2015-06-30": 107, "2015-03-31": "220.00000", "2014-12-31": 905, "2014-09-30": -968, "2014-06-30": 544, "2014-03-31": "679.00000", "2013-12-31": 131, "2013-09-30": -384, "2013-06-30": 544, "2013-03-31": "-8189.00000", "2012-12-31": 5575, "2012-09-30": 1475, "2012-06-30": 97, "2012-03-31": "-248.00000", "2011-12-31": -524, "2011-09-30": 610, "2011-06-30": 2366, "2011-03-31": "-1005.00000", "2010-12-31": -441, "2010-09-30": 299, "2010-06-30": 118, "2010-03-31": "-219.00000", "2009-12-31": -2256, "2009-09-30": 1990, "2009-06-30": 997, "2009-03-31": "-875.00000", "2008-12-31": 857, "2008-09-30": 445, "2008-06-30": -1193, "2008-03-31": "-1393.00000", "2007-12-31": 795, "2007-09-30": 473, "2007-06-30": -354, "2007-03-31": "665.00000", "2006-12-31": 650, "2006-09-30": -744, "2006-06-30": -948, "2006-03-31": "622.00000", "2005-12-31": 1288, "2005-09-30": -317, "2005-06-30": -200, "2005-03-31": "-332.00000"}, "Stock-Based Compensation": {"2020-12-31": -492, "2020-09-30": 234, "2020-06-30": 194, "2020-03-31": "64.00000", "2019-12-31": 270, "2019-09-30": 64, "2019-06-30": 199, "2019-03-31": "185.00000", "2018-12-31": 267, "2018-09-30": 303, "2018-06-30": 197, "2018-03-31": "182.00000", "2017-12-31": 245, "2017-09-30": 207, "2017-06-30": 170, "2017-03-31": "218.00000", "2016-12-31": 159, "2016-09-30": 145, "2016-06-30": 244, "2016-03-31": "143.00000", "2015-12-31": 181, "2015-09-30": 141, "2015-06-30": 185, "2015-03-31": "162.00000", "2014-12-31": 162, "2014-09-30": 143, "2014-06-30": 138, "2014-03-31": "143.00000", "2013-12-31": 105, "2013-09-30": 126, "2013-06-30": 103, "2013-03-31": "189.00000", "2012-12-31": 119, "2012-09-30": 115, "2012-06-30": 117, "2012-03-31": "130.00000", "2011-12-31": 72, "2011-09-30": 103, "2011-06-30": 122, "2011-03-31": "122.00000", "2010-12-31": 54, "2010-09-30": 108, "2010-06-30": 105, "2010-03-31": "138.00000", "2009-12-31": 91, "2009-09-30": 89, "2009-06-30": 98, "2009-03-31": "71.00000", "2008-12-31": 121, "2008-09-30": 97, "2008-06-30": 65, "2008-03-31": "101.00000", "2007-12-31": 102, "2007-09-30": 107, "2007-06-30": 87, "2007-03-31": "141.00000", "2006-12-31": 149, "2006-09-30": 180, "2006-06-30": 154, "2006-03-31": "172.00000", "2005-12-31": 36, "2005-09-30": 42, "2005-06-30": 57, "2005-03-31": "22.00000"}, "Common Stock Dividends Paid": {"2020-12-31": 6328, "2020-09-30": -2112, "2020-06-30": -2111, "2020-03-31": "-2105.00000", "2019-12-31": -1992, "2019-09-30": -2004, "2019-06-30": -2002, "2019-03-31": "-2045.00000", "2018-12-31": -1963, "2018-09-30": -1994, "2018-06-30": -1989, "2018-03-31": "-2032.00000", "2017-12-31": -1909, "2017-09-30": -1895, "2017-06-30": -1910, "2017-03-31": "-1945.00000", "2016-12-31": -1821, "2016-09-30": -1821, "2016-06-30": -1821, "2016-03-31": "-1854.00000", "2015-12-31": -1729, "2015-09-30": -1728, "2015-06-30": -1725, "2015-03-31": "-1758.00000", "2014-12-31": -1639, "2014-09-30": -1650, "2014-06-30": -1658, "2014-03-31": "-1662.00000", "2013-12-31": -1554, "2013-09-30": -1590, "2013-06-30": -1701, "2013-03-31": "-1735.00000", "2012-12-31": -1619, "2012-09-30": -1632, "2012-06-30": -1633, "2012-03-31": "-1650.00000", "2011-12-31": -1524, "2011-09-30": -1551, "2011-06-30": -1568, "2011-03-31": "-1591.00000", "2010-12-31": -1544, "2010-09-30": -1549, "2010-06-30": -1554, "2010-03-31": "-1441.00000", "2009-12-31": -1280, "2009-09-30": -1068, "2009-06-30": -1067, "2009-03-31": "-2133.00000", "2008-12-31": -2132, "2008-09-30": -2132, "2008-06-30": -2139, "2008-03-31": "-2138.00000", "2007-12-31": -1954, "2007-09-30": -1981, "2007-06-30": -2008, "2007-03-31": "-2032.00000", "2006-12-31": -1708, "2006-09-30": -1743, "2006-06-30": -1725, "2006-03-31": "-1743.00000", "2005-12-31": -1378, "2005-09-30": -1247, "2005-06-30": -1530, "2005-03-31": "-1400.00000"}}, "financial ratios": {"Current Ratio": {"2019-12-31": "0.87930", "2018-12-31": "1.56710", "2017-12-31": "1.35210", "2016-12-31": "1.25180", "2015-12-31": "1.49000", "2014-12-31": "2.57540", "2013-12-31": "2.40710", "2012-12-31": "2.22130", "2011-12-31": "2.10370", "2010-12-31": "2.13060", "2009-12-31": "1.65670", "2008-12-31": "1.59490", "2007-12-31": "2.14560", "2006-12-31": "2.15660", "2005-12-31": "1.64900"}, "Long-term Debt / Capital": {"2019-12-31": "0.36170", "2018-12-31": "0.34040", "2017-12-31": "0.31880", "2016-12-31": "0.34410", "2015-12-31": "0.30660", "2014-12-31": "0.30570", "2013-12-31": "0.28450", "2012-12-31": "0.27540", "2011-12-31": "0.29710", "2010-12-31": "0.30320", "2009-12-31": "0.32320", "2008-12-31": "0.12120", "2007-12-31": "0.10110", "2006-12-31": "0.07210", "2005-12-31": "0.08800"}, "Debt/Equity Ratio": {"2019-12-31": "0.82190", "2018-12-31": "0.65470", "2017-12-31": "0.60690", "2016-12-31": "0.70330", "2015-12-31": "0.59850", "2014-12-31": "0.51220", "2013-12-31": "0.47620", "2012-12-31": "0.45860", "2011-12-31": "0.47130", "2010-12-31": "0.49860", "2009-12-31": "0.53800", "2008-12-31": "0.29930", "2007-12-31": "0.20210", "2006-12-31": "0.11180", "2005-12-31": "0.27270"}, "Gross Margin": {"2019-12-31": "80.25310", "2018-12-31": "79.03330", "2017-12-31": "78.63210", "2016-12-31": "76.67350", "2015-12-31": "80.25020", "2014-12-31": "80.69350", "2013-12-31": "81.41670", "2012-12-31": "82.03160", "2011-12-31": "79.51990", "2010-12-31": "77.30680", "2009-12-31": "82.83100", "2008-12-31": "83.20360", "2007-12-31": "76.78760", "2006-12-31": "84.20540", "2005-12-31": "84.74420"}, "Operating Margin": {"2019-12-31": "25.45700", "2018-12-31": "26.09840", "2017-12-31": "26.11430", "2016-12-31": "22.99140", "2015-12-31": "24.20420", "2014-12-31": "26.70900", "2013-12-31": "29.43550", "2012-12-31": "27.92690", "2011-12-31": "22.88360", "2010-12-31": "20.58160", "2009-12-31": "22.24320", "2008-12-31": "24.27940", "2007-12-31": "15.52940", "2006-12-31": "25.06460", "2005-12-31": "23.61990"}, "EBIT Margin": {"2019-12-31": "25.45700", "2018-12-31": "26.09840", "2017-12-31": "26.11430", "2016-12-31": "22.99140", "2015-12-31": "24.20420", "2014-12-31": "26.70900", "2013-12-31": "29.43550", "2012-12-31": "27.92690", "2011-12-31": "22.88360", "2010-12-31": "20.58160", "2009-12-31": "22.24320", "2008-12-31": "24.27940", "2007-12-31": "15.52940", "2006-12-31": "25.06460", "2005-12-31": "23.61990"}, "EBITDA Margin": {"2019-12-31": "37.07050", "2018-12-31": "37.99840", "2017-12-31": "38.04480", "2016-12-31": "33.88990", "2015-12-31": "34.76080", "2014-12-31": "37.87120", "2013-12-31": "41.86180", "2012-12-31": "41.93240", "2011-12-31": "37.67180", "2010-12-31": "33.47040", "2009-12-31": "31.89840", "2008-12-31": "34.81860", "2007-12-31": "26.26920", "2006-12-31": "36.00710", "2005-12-31": "35.38230"}, "Pre-Tax Profit Margin": {"2019-12-31": "34.16810", "2018-12-31": "22.15410", "2017-12-31": "23.41760", "2016-12-31": "15.80910", "2015-12-31": "18.35170", "2014-12-31": "24.67490", "2013-12-31": "30.46680", "2012-12-31": "20.56830", "2011-12-31": "18.81050", "2010-12-31": "14.53390", "2009-12-31": "21.66470", "2008-12-31": "20.07210", "2007-12-31": "19.16230", "2006-12-31": "26.93350", "2005-12-31": "22.78240"}, "Net Profit Margin": {"2019-12-31": "31.44540", "2018-12-31": "20.78960", "2017-12-31": "40.55110", "2016-12-31": "13.65860", "2015-12-31": "14.24740", "2014-12-31": "18.41550", "2013-12-31": "42.65470", "2012-12-31": "26.65720", "2011-12-31": "16.39880", "2010-12-31": "12.67090", "2009-12-31": "17.52620", "2008-12-31": "16.77990", "2007-12-31": "16.82020", "2006-12-31": "39.97640", "2005-12-31": "17.05520"}, "Asset Turnover": {"2019-12-31": "0.30900", "2018-12-31": "0.33650", "2017-12-31": "0.30590", "2016-12-31": "0.30780", "2015-12-31": "0.29190", "2014-12-31": "0.29600", "2013-12-31": "0.29970", "2012-12-31": "0.29420", "2011-12-31": "0.32470", "2010-12-31": "0.33420", "2009-12-31": "0.23140", "2008-12-31": "0.43450", "2007-12-31": "0.42000", "2006-12-31": "0.41860", "2005-12-31": "0.40530"}, "Inventory Turnover Ratio": {"2019-12-31": "1.23370", "2018-12-31": "1.49810", "2017-12-31": "1.48170", "2016-12-31": "1.81660", "2015-12-31": "1.28420", "2014-12-31": "1.69120", "2013-12-31": "1.55470", "2012-12-31": "1.61640", "2011-12-31": "1.89110", "2010-12-31": "1.78710", "2009-12-31": "0.68200", "2008-12-31": "1.85160", "2007-12-31": "2.11980", "2006-12-31": "1.25020", "2005-12-31": "1.32020"}, "Receiveable Turnover": {"2019-12-31": "5.93190", "2018-12-31": "6.68500", "2017-12-31": "6.39170", "2016-12-31": "6.42240", "2015-12-31": "5.97490", "2014-12-31": "5.90470", "2013-12-31": "5.51290", "2012-12-31": "5.12010", "2011-12-31": "4.67410", "2010-12-31": "4.87030", "2009-12-31": "3.36420", "2008-12-31": "5.39140", "2007-12-31": "4.91900", "2006-12-31": "5.15020", "2005-12-31": "5.20760"}, "Days Sales In Receivables": {"2019-12-31": "61.53160", "2018-12-31": "54.60000", "2017-12-31": "57.10550", "2016-12-31": "56.83260", "2015-12-31": "61.08860", "2014-12-31": "61.81570", "2013-12-31": "66.20860", "2012-12-31": "71.28780", "2011-12-31": "78.08910", "2010-12-31": "74.94360", "2009-12-31": "108.49470", "2008-12-31": "67.70060", "2007-12-31": "74.20160", "2006-12-31": "70.87060", "2005-12-31": "70.08960"}, "ROE - Return On Equity": {"2019-12-31": "25.69530", "2018-12-31": "17.53840", "2017-12-31": "29.80810", "2016-12-31": "12.08540", "2015-12-31": "10.73540", "2014-12-31": "12.73750", "2013-12-31": "14.89810", "2012-12-31": "11.04990", "2011-12-31": "9.51850", "2010-12-31": "9.42940", "2009-12-31": "9.43630", "2008-12-31": "13.95770", "2007-12-31": "12.71620", "2006-12-31": "15.47950", "2005-12-31": "11.60150"}, "Return On Tangible Equity": {"2019-12-31": "-53.30320", "2018-12-31": "-44.96060", "2017-12-31": "-64.63360", "2016-12-31": "-15.29690", "2015-12-31": "-29.55380", "2014-12-31": "-162.46210", "2013-12-31": "-215.93490", "2012-12-31": "-126.53950", "2011-12-31": "-59.85380", "2010-12-31": "-62.92930", "2009-12-31": "-42.76260", "2008-12-31": "43.37910", "2007-12-31": "35.68960", "2006-12-31": "42.18580", "2005-12-31": "41.05750"}, "ROA - Return On Assets": {"2019-12-31": "9.73080", "2018-12-31": "7.01220", "2017-12-31": "12.42920", "2016-12-31": "4.21230", "2015-12-31": "4.16710", "2014-12-31": "5.44200", "2013-12-31": "6.62980", "2012-12-31": "4.85530", "2011-12-31": "4.18080", "2010-12-31": "4.26530", "2009-12-31": "4.00520", "2008-12-31": "7.24170", "2007-12-31": "7.16160", "2006-12-31": "9.54080", "2005-12-31": "6.50590"}, "ROI - Return On Investment": {"2019-12-31": "16.39610", "2018-12-31": "11.56440", "2017-12-31": "20.29870", "2016-12-31": "7.92320", "2015-12-31": "7.44100", "2014-12-31": "8.83940", "2013-12-31": "10.65540", "2012-12-31": "8.00340", "2011-12-31": "6.68670", "2010-12-31": "6.56640", "2009-12-31": "6.38210", "2008-12-31": "12.25060", "2007-12-31": "11.41390", "2006-12-31": "14.33480", "2005-12-31": "10.55320"}, "Book Value Per Share": {"2019-12-31": "11.46490", "2018-12-31": "11.15240", "2017-12-31": "11.98460", "2016-12-31": "9.85830", "2015-12-31": "10.52600", "2014-12-31": "11.38480", "2013-12-31": "11.97380", "2012-12-31": "11.22570", "2011-12-31": "10.90710", "2010-12-31": "11.01660", "2009-12-31": "11.20770", "2008-12-31": "8.55910", "2007-12-31": "9.61540", "2006-12-31": "10.01660", "2005-12-31": "8.93410"}, "Operating Cash Flow Per Share": {"2019-12-31": -0.4298, "2018-12-31": -0.1255, "2017-12-31": 0.1445, "2016-12-31": 0.2815, "2015-12-31": -0.3119, "2014-12-31": 0.0946, "2013-12-31": 0.3344, "2012-12-31": -0.3414, "2011-12-31": 1.1532, "2010-12-31": -0.9358, "2009-12-31": -0.3475, "2008-12-31": 0.7776, "2007-12-31": -0.4945, "2006-12-31": 0.4308, "2005-12-31": 1.988}, "Free Cash Flow Per Share": {"2019-12-31": -0.4716, "2018-12-31": -0.1443, "2017-12-31": 0.1176, "2016-12-31": 0.2088, "2015-12-31": -0.3486, "2014-12-31": 0.083, "2013-12-31": 0.3361, "2012-12-31": -0.3072, "2011-12-31": 1.1297, "2010-12-31": -0.9522, "2009-12-31": -0.2665, "2008-12-31": 0.7965, "2007-12-31": -0.4835, "2006-12-31": 0.4331, "2005-12-31": 1.7038}}, "financial ratios, quarterly": {"Current Ratio": {"2020-09-30": "1.39780", "2020-06-30": "1.41870", "2020-03-31": "1.02500", "2019-12-31": "0.87930", "2019-09-30": "0.90490", "2019-06-30": "1.46970", "2019-03-31": "1.53930", "2018-12-31": "1.56710", "2018-09-30": "1.43330", "2018-06-30": "1.16010", "2018-03-31": "1.27300", "2017-12-31": "1.35210", "2017-09-30": "1.42790", "2017-06-30": "1.33860", "2017-03-31": "1.44300", "2016-12-31": "1.25180", "2016-09-30": "1.10770", "2016-06-30": "1.36590", "2016-03-31": "1.43720", "2015-12-31": "1.49000", "2015-09-30": "1.61610", "2015-06-30": "2.14200", "2015-03-31": "2.44500", "2014-12-31": "2.57540", "2014-09-30": "2.86080", "2014-06-30": "2.65690", "2014-03-31": "2.33130", "2013-12-31": "2.40710", "2013-09-30": "2.92050", "2013-06-30": "2.61980", "2013-03-31": "2.35130", "2012-12-31": "2.22130", "2012-09-30": "1.96100", "2012-06-30": "1.90810", "2012-03-31": "2.02490", "2011-12-31": "2.10370", "2011-09-30": "2.25200", "2011-06-30": "1.98500", "2011-03-31": "1.99660", "2010-12-31": "2.13060", "2010-09-30": "2.23770", "2010-06-30": "2.07050", "2010-03-31": "1.92550", "2009-12-31": "1.65670", "2009-09-30": "3.07540", "2009-06-30": "2.74040", "2009-03-31": "2.32450", "2008-12-31": "1.59490", "2008-09-30": "2.24280", "2008-06-30": "2.09770", "2008-03-31": "2.35270", "2007-12-31": "2.14560", "2007-09-30": "2.92020", "2007-06-30": "2.74990", "2007-03-31": "3.18300", "2006-12-31": "2.15660", "2006-09-30": "2.18910", "2006-06-30": "2.04410", "2006-03-31": "1.90170", "2005-12-31": "1.64900", "2005-09-30": "1.60670", "2005-06-30": "1.48780", "2005-03-31": "1.46310"}, "Long-term Debt / Capital": {"2020-09-30": "0.43190", "2020-06-30": "0.43900", "2020-03-31": "0.35700", "2019-12-31": "0.36170", "2019-09-30": "0.35530", "2019-06-30": "0.37640", "2019-03-31": "0.37660", "2018-12-31": "0.34040", "2018-09-30": "0.31950", "2018-06-30": "0.29210", "2018-03-31": "0.31090", "2017-12-31": "0.31880", "2017-09-30": "0.36090", "2017-06-30": "0.36810", "2017-03-31": "0.38210", "2016-12-31": "0.34410", "2016-09-30": "0.32370", "2016-06-30": "0.32570", "2016-03-31": "0.30520", "2015-12-31": "0.30660", "2015-09-30": "0.30230", "2015-06-30": "0.28460", "2015-03-31": "0.30290", "2014-12-31": "0.30570", "2014-09-30": "0.28790", "2014-06-30": "0.29540", "2014-03-31": "0.26150", "2013-12-31": "0.28450", "2013-09-30": "0.28880", "2013-06-30": "0.28530", "2013-03-31": "0.27540", "2012-12-31": "0.27540", "2012-09-30": "0.27460", "2012-06-30": "0.27850", "2012-03-31": "0.28620", "2011-12-31": "0.29710", "2011-09-30": "0.28110", "2011-06-30": "0.28650", "2011-03-31": "0.28060", "2010-12-31": "0.30320", "2010-09-30": "0.30700", "2010-06-30": "0.30300", "2010-03-31": "0.29820", "2009-12-31": "0.32320", "2009-09-30": "0.32840", "2009-06-30": "0.33510", "2009-03-31": "0.25840", "2008-12-31": "0.12120", "2008-09-30": "0.09600", "2008-06-30": "0.09820", "2008-03-31": "0.10780", "2007-12-31": "0.10110", "2007-09-30": "0.08320", "2007-06-30": "0.07820", "2007-03-31": "0.06180", "2006-12-31": "0.07210", "2006-09-30": "0.07390", "2006-06-30": "0.07370", "2006-03-31": "0.08550", "2005-12-31": "0.08800", "2005-09-30": "0.07500", "2005-06-30": "0.07790", "2005-03-31": "0.08700"}, "Debt/Equity Ratio": {"2020-09-30": "0.96420", "2020-06-30": "0.98530", "2020-03-31": "0.80030", "2019-12-31": "0.82190", "2019-09-30": "0.80530", "2019-06-30": "0.77890", "2019-03-31": "0.76310", "2018-12-31": "0.65470", "2018-09-30": "0.57260", "2018-06-30": "0.57780", "2018-03-31": "0.57900", "2017-12-31": "0.60690", "2017-09-30": "0.71920", "2017-06-30": "0.74460", "2017-03-31": "0.74920", "2016-12-31": "0.70330", "2016-09-30": "0.69290", "2016-06-30": "0.70060", "2016-03-31": "0.62150", "2015-12-31": "0.59850", "2015-09-30": "0.57950", "2015-06-30": "0.52280", "2015-03-31": "0.53150", "2014-12-31": "0.51220", "2014-09-30": "0.47320", "2014-06-30": "0.49160", "2014-03-31": "0.47350", "2013-12-31": "0.47620", "2013-09-30": "0.46650", "2013-06-30": "0.46530", "2013-03-31": "0.48750", "2012-12-31": "0.45860", "2012-09-30": "0.47320", "2012-06-30": "0.48240", "2012-03-31": "0.46690", "2011-12-31": "0.47130", "2011-09-30": "0.45330", "2011-06-30": "0.46890", "2011-03-31": "0.45730", "2010-12-31": "0.49860", "2010-09-30": "0.50150", "2010-06-30": "0.49810", "2010-03-31": "0.51120", "2009-12-31": "0.53800", "2009-09-30": "0.59410", "2009-06-30": "0.62480", "2009-03-31": "0.47450", "2008-12-31": "0.29930", "2008-09-30": "0.24270", "2008-06-30": "0.25080", "2008-03-31": "0.25290", "2007-12-31": "0.20210", "2007-09-30": "0.13040", "2007-06-30": "0.12060", "2007-03-31": "0.10220", "2006-12-31": "0.11180", "2006-09-30": "0.11570", "2006-06-30": "0.13480", "2006-03-31": "0.16620", "2005-12-31": "0.27270", "2005-09-30": "0.18180", "2005-06-30": "0.19560", "2005-03-31": "0.29370"}, "Gross Margin": {"2020-09-30": "79.15260", "2020-06-30": "80.67110", "2020-03-31": "80.22950", "2019-12-31": "79.44510", "2019-09-30": "79.47950", "2019-06-30": "80.57900", "2019-03-31": "81.45300", "2018-12-31": "77.99960", "2018-09-30": "79.74130", "2018-06-30": "78.34550", "2018-03-31": "80.14100", "2017-12-31": "76.23880", "2017-09-30": "78.40220", "2017-06-30": "79.37350", "2017-03-31": "80.68710", "2016-12-31": "76.42920", "2016-09-30": "76.35110", "2016-06-30": "75.85760", "2016-03-31": "78.07770", "2015-12-31": "75.71720", "2015-09-30": "81.64140", "2015-06-30": "81.60800", "2015-03-31": "83.08170", "2014-12-31": "79.40230", "2014-09-30": "80.84300", "2014-06-30": "80.72500", "2014-03-31": "81.98710", "2013-12-31": "79.39220", "2013-09-30": "81.91090", "2013-06-30": "82.71800", "2013-03-31": "81.76470", "2012-12-31": "81.39450", "2012-09-30": "82.17400", "2012-06-30": "82.98970", "2012-03-31": "81.55860", "2011-12-31": "84.02830", "2011-09-30": "79.47500", "2011-06-30": "78.33790", "2011-03-31": "77.62090", "2010-12-31": "79.87320", "2010-09-30": "76.30510", "2010-06-30": "78.49640", "2010-03-31": "74.65010", "2009-12-31": "77.80590", "2009-09-30": "84.60550", "2009-06-30": "84.01310", "2009-03-31": "87.04330", "2008-12-31": "86.10890", "2008-09-30": "82.27680", "2008-06-30": "81.12790", "2008-03-31": "83.23770", "2007-12-31": "79.60370", "2007-09-30": "61.48460", "2007-06-30": "80.97260", "2007-03-31": "84.87250", "2006-12-31": "82.40900", "2006-09-30": "84.02280", "2006-06-30": "84.75430", "2006-03-31": "85.77510", "2005-12-31": "85.61950", "2005-09-30": "85.69650", "2005-06-30": "84.61400", "2005-03-31": "83.26330"}, "Operating Margin": {"2020-09-30": "27.40090", "2020-06-30": "26.19270", "2020-03-31": "34.07880", "2019-12-31": "12.10590", "2019-09-30": "23.32810", "2019-06-30": "32.16220", "2019-03-31": "33.64840", "2018-12-31": "16.54150", "2018-09-30": "28.30500", "2018-06-30": "29.52620", "2018-03-31": "30.59820", "2017-12-31": "16.83570", "2017-09-30": "27.82500", "2017-06-30": "29.00900", "2017-03-31": "31.37960", "2016-12-31": "12.88620", "2016-09-30": "23.15830", "2016-06-30": "26.44710", "2016-03-31": "29.91930", "2015-12-31": "13.05620", "2015-09-30": "27.78190", "2015-06-30": "30.32990", "2015-03-31": "27.95470", "2014-12-31": "16.36680", "2014-09-30": "29.78720", "2014-06-30": "30.92460", "2014-03-31": "30.56460", "2013-12-31": "22.44430", "2013-09-30": "31.51150", "2013-06-30": "33.04560", "2013-03-31": "31.18450", "2012-12-31": "19.92060", "2012-09-30": "28.89680", "2012-06-30": "34.85110", "2012-03-31": "27.49750", "2011-12-31": "16.72350", "2011-09-30": "24.61320", "2011-06-30": "24.39190", "2011-03-31": "23.90620", "2010-12-31": "12.20410", "2010-09-30": "23.52610", "2010-06-30": "24.52140", "2010-03-31": "21.48290", "2009-12-31": "-0.24690", "2009-09-30": "35.54770", "2009-06-30": "28.41410", "2009-03-31": "34.47130", "2008-12-31": "19.73110", "2008-09-30": "28.75640", "2008-06-30": "21.62590", "2008-03-31": "27.21130", "2007-12-31": "18.33720", "2007-09-30": "3.13590", "2007-06-30": "10.21290", "2007-03-31": "29.26890", "2006-12-31": "14.02840", "2006-09-30": "29.46250", "2006-06-30": "23.20080", "2006-03-31": "34.17040", "2005-12-31": "23.05370", "2005-09-30": "16.52310", "2005-06-30": "23.69890", "2005-03-31": "30.15810"}, "EBIT Margin": {"2020-09-30": "27.40090", "2020-06-30": "26.19270", "2020-03-31": "34.07880", "2019-12-31": "12.10590", "2019-09-30": "23.32810", "2019-06-30": "32.16220", "2019-03-31": "33.64840", "2018-12-31": "16.54150", "2018-09-30": "28.30500", "2018-06-30": "29.52620", "2018-03-31": "30.59820", "2017-12-31": "16.83570", "2017-09-30": "27.82500", "2017-06-30": "29.00900", "2017-03-31": "31.37960", "2016-12-31": "12.88620", "2016-09-30": "23.15830", "2016-06-30": "26.44710", "2016-03-31": "29.91930", "2015-12-31": "13.05620", "2015-09-30": "27.78190", "2015-06-30": "30.32990", "2015-03-31": "27.95470", "2014-12-31": "16.36680", "2014-09-30": "29.78720", "2014-06-30": "30.92460", "2014-03-31": "30.56460", "2013-12-31": "22.44430", "2013-09-30": "31.51150", "2013-06-30": "33.04560", "2013-03-31": "31.18450", "2012-12-31": "19.92060", "2012-09-30": "28.89680", "2012-06-30": "34.85110", "2012-03-31": "27.49750", "2011-12-31": "16.72350", "2011-09-30": "24.61320", "2011-06-30": "24.39190", "2011-03-31": "23.90620", "2010-12-31": "12.20410", "2010-09-30": "23.52610", "2010-06-30": "24.52140", "2010-03-31": "21.48290", "2009-12-31": "-0.24690", "2009-09-30": "35.54770", "2009-06-30": "28.41410", "2009-03-31": "34.47130", "2008-12-31": "19.73110", "2008-09-30": "28.75640", "2008-06-30": "21.62590", "2008-03-31": "27.21130", "2007-12-31": "18.33720", "2007-09-30": "3.13590", "2007-06-30": "10.21290", "2007-03-31": "29.26890", "2006-12-31": "14.02840", "2006-09-30": "29.46250", "2006-06-30": "23.20080", "2006-03-31": "34.17040", "2005-12-31": "23.05370", "2005-09-30": "16.52310", "2005-06-30": "23.69890", "2005-03-31": "30.15810"}, "EBITDA Margin": {"2020-09-30": "", "2020-06-30": "", "2020-03-31": "", "2019-12-31": "", "2019-09-30": "", "2019-06-30": "", "2019-03-31": "", "2018-12-31": "", "2018-09-30": "", "2018-06-30": "", "2018-03-31": "", "2017-12-31": "", "2017-09-30": "", "2017-06-30": "", "2017-03-31": "", "2016-12-31": "", "2016-09-30": "", "2016-06-30": "", "2016-03-31": "", "2015-12-31": "", "2015-09-30": "", "2015-06-30": "", "2015-03-31": "", "2014-12-31": "", "2014-09-30": "", "2014-06-30": "", "2014-03-31": "", "2013-12-31": "", "2013-09-30": "", "2013-06-30": "", "2013-03-31": "", "2012-12-31": "", "2012-09-30": "", "2012-06-30": "", "2012-03-31": "", "2011-12-31": "", "2011-09-30": "", "2011-06-30": "", "2011-03-31": "", "2010-12-31": "", "2010-09-30": "", "2010-06-30": "", "2010-03-31": "", "2009-12-31": "", "2009-09-30": "", "2009-06-30": "", "2009-03-31": "", "2008-12-31": "", "2008-09-30": "", "2008-06-30": "", "2008-03-31": "", "2007-12-31": "", "2007-09-30": "", "2007-06-30": "", "2007-03-31": "", "2006-12-31": "", "2006-09-30": "", "2006-06-30": "", "2006-03-31": "", "2005-12-31": "", "2005-09-30": "", "2005-06-30": "", "2005-03-31": ""}, "Pre-Tax Profit Margin": {"2020-09-30": "17.93750", "2020-06-30": "33.49720", "2020-03-31": "32.29960", "2019-12-31": "-11.89310", "2019-09-30": "84.59780", "2019-06-30": "31.21980", "2019-03-31": "32.95470", "2018-12-31": "-6.76830", "2018-09-30": "31.41070", "2018-06-30": "33.61800", "2018-03-31": "31.97740", "2017-12-31": "6.96200", "2017-09-30": "27.22510", "2017-06-30": "29.58280", "2017-03-31": "30.91790", "2016-12-31": "5.69460", "2016-09-30": "12.29590", "2016-06-30": "18.33120", "2016-03-31": "27.38180", "2015-12-31": "-2.51300", "2015-09-30": "22.31320", "2015-06-30": "29.85740", "2015-03-31": "28.36890", "2014-12-31": "13.74450", "2014-09-30": "29.01870", "2014-06-30": "31.33950", "2014-03-31": "25.07710", "2013-12-31": "22.57710", "2013-09-30": "28.26070", "2013-06-30": "41.29350", "2013-03-31": "30.01610", "2012-12-31": "14.17010", "2012-09-30": "21.66290", "2012-06-30": "29.92550", "2012-03-31": "16.35880", "2011-12-31": "10.70020", "2011-09-30": "21.31980", "2011-06-30": "21.82590", "2011-03-31": "18.89470", "2010-12-31": "6.35110", "2010-09-30": "8.84030", "2010-06-30": "22.91620", "2010-03-31": "18.99730", "2009-12-31": "-0.94320", "2009-09-30": "34.17090", "2009-06-30": "27.75860", "2009-03-31": "34.99590", "2008-12-31": "5.06240", "2008-09-30": "22.73450", "2008-06-30": "23.00270", "2008-03-31": "30.02190", "2007-12-31": "23.07690", "2007-09-30": "5.30440", "2007-06-30": "14.60660", "2007-03-31": "32.49160", "2006-12-31": "13.59990", "2006-09-30": "32.25570", "2006-06-30": "26.25840", "2006-03-31": "36.34970", "2005-12-31": "25.57120", "2005-09-30": "17.86380", "2005-06-30": "25.42790", "2005-03-31": "22.22900"}, "Net Profit Margin": {"2020-09-30": "18.08590", "2020-06-30": "29.03140", "2020-03-31": "28.27570", "2019-12-31": "-2.65610", "2019-09-30": "60.56780", "2019-06-30": "38.04280", "2019-03-31": "29.60820", "2018-12-31": "-2.81890", "2018-09-30": "30.93700", "2018-06-30": "28.75390", "2018-03-31": "27.59180", "2017-12-31": "89.57160", "2017-09-30": "21.56740", "2017-06-30": "23.82910", "2017-03-31": "24.42290", "2016-12-31": "5.68720", "2016-09-30": "10.38710", "2016-06-30": "15.57010", "2016-03-31": "23.36030", "2015-12-31": "-1.22450", "2015-09-30": "17.62220", "2015-06-30": "22.15470", "2015-03-31": "21.87040", "2014-12-31": "9.36120", "2014-09-30": "21.56780", "2014-06-30": "22.79810", "2014-03-31": "20.51440", "2013-12-31": "18.94090", "2013-09-30": "20.48560", "2013-06-30": "108.64870", "2013-03-31": "22.15960", "2012-12-31": "49.14010", "2012-09-30": "24.76650", "2012-06-30": "23.28900", "2012-03-31": "12.05240", "2011-12-31": "12.57980", "2011-09-30": "22.50590", "2011-06-30": "15.83260", "2011-03-31": "13.46500", "2010-12-31": "18.69100", "2010-09-30": "5.41420", "2010-06-30": "14.44670", "2010-03-31": "12.22250", "2009-12-31": "4.85540", "2009-09-30": "24.76550", "2009-06-30": "20.58450", "2009-03-31": "25.11270", "2008-12-31": "2.15450", "2008-09-30": "19.02610", "2008-06-30": "22.88730", "2008-03-31": "23.49760", "2007-12-31": "21.16550", "2007-09-30": "6.34700", "2007-06-30": "11.43090", "2007-03-31": "27.19260", "2006-12-31": "74.97420", "2006-09-30": "27.37790", "2006-06-30": "20.56900", "2006-03-31": "34.99620", "2005-12-31": "23.55380", "2005-09-30": "14.10810", "2005-06-30": "30.23930", "2005-03-31": "2.29930"}, "Asset Turnover": {"2020-09-30": "0.06780", "2020-06-30": "0.06630", "2020-03-31": "0.07230", "2019-12-31": "0.07580", "2019-09-30": "0.07440", "2019-06-30": "0.08490", "2019-03-31": "0.08440", "2018-12-31": "0.08770", "2018-09-30": "0.07920", "2018-06-30": "0.08160", "2018-03-31": "0.07840", "2017-12-31": "0.07980", "2017-09-30": "0.07650", "2017-06-30": "0.07650", "2017-03-31": "0.07570", "2016-12-31": "0.07940", "2016-09-30": "0.07310", "2016-06-30": "0.07700", "2016-03-31": "0.07980", "2015-12-31": "0.08390", "2015-09-30": "0.07070", "2015-06-30": "0.07370", "2015-03-31": "0.06760", "2014-12-31": "0.07830", "2014-09-30": "0.07210", "2014-06-30": "0.07400", "2014-03-31": "0.06610", "2013-12-31": "0.07880", "2013-09-30": "0.07200", "2013-06-30": "0.07230", "2013-03-31": "0.06620", "2012-12-31": "0.06920", "2012-09-30": "0.07090", "2012-06-30": "0.07640", "2012-03-31": "0.08020", "2011-12-31": "0.06080", "2011-09-30": "0.08470", "2011-06-30": "0.08420", "2011-03-31": "0.08460", "2010-12-31": "0.07930", "2010-09-30": "0.08360", "2010-06-30": "0.08970", "2010-03-31": "0.08500", "2009-12-31": "0.07420", "2009-09-30": "0.08220", "2009-06-30": "0.07880", "2009-03-31": "0.08840", "2008-12-31": "0.11110", "2008-09-30": "0.10390", "2008-06-30": "0.10410", "2008-03-31": "0.09990", "2007-12-31": "0.11170", "2007-09-30": "0.11000", "2007-06-30": "0.10040", "2007-03-31": "0.11290", "2006-12-31": "0.10910", "2006-09-30": "0.11310", "2006-06-30": "0.10530", "2006-03-31": "0.10400", "2005-12-31": "0.09920", "2005-09-30": "0.10210", "2005-06-30": "0.10200", "2005-03-31": "0.10650"}, "Inventory Turnover Ratio": {"2020-09-30": "0.27210", "2020-06-30": "0.26630", "2020-03-31": "0.28230", "2019-12-31": "0.31490", "2019-09-30": "0.31650", "2019-06-30": "0.31290", "2019-03-31": "0.30300", "2018-12-31": "0.40960", "2018-09-30": "0.32920", "2018-06-30": "0.36120", "2018-03-31": "0.31460", "2017-12-31": "0.42970", "2017-09-30": "0.35890", "2017-06-30": "0.35070", "2017-03-31": "0.33280", "2016-12-31": "0.47350", "2016-09-30": "0.41090", "2016-06-30": "0.41690", "2016-03-31": "0.37620", "2015-12-31": "0.45400", "2015-09-30": "0.28900", "2015-06-30": "0.37610", "2015-03-31": "0.31770", "2014-12-31": "0.47710", "2014-09-30": "0.37260", "2014-06-30": "0.39400", "2014-03-31": "0.33710", "2013-12-31": "0.45310", "2013-09-30": "0.35280", "2013-06-30": "0.35690", "2013-03-31": "0.32170", "2012-12-31": "0.39350", "2012-09-30": "0.30720", "2012-06-30": "0.33940", "2012-03-31": "0.38180", "2011-12-31": "0.27640", "2011-09-30": "0.40460", "2011-06-30": "0.41540", "2011-03-31": "0.43620", "2010-12-31": "0.37610", "2010-09-30": "0.43210", "2010-06-30": "0.38730", "2010-03-31": "0.41470", "2009-12-31": "0.28270", "2009-09-30": "0.35370", "2009-06-30": "0.35170", "2009-03-31": "0.31580", "2008-12-31": "0.39150", "2008-09-30": "0.44320", "2008-06-30": "0.42910", "2008-03-31": "0.38580", "2007-12-31": "0.49510", "2007-09-30": "0.88640", "2007-06-30": "0.36780", "2007-03-31": "0.33140", "2006-12-31": "0.36280", "2006-09-30": "0.31810", "2006-06-30": "0.28000", "2006-03-31": "0.25080", "2005-12-31": "0.30450", "2005-09-30": "0.24570", "2005-06-30": "0.27190", "2005-03-31": "0.33450"}, "Receiveable Turnover": {"2020-09-30": "1.21160", "2020-06-30": "1.29280", "2020-03-31": "1.21730", "2019-12-31": "1.45440", "2019-09-30": "1.34340", "2019-06-30": "1.35440", "2019-03-31": "1.36660", "2018-12-31": "1.74170", "2018-09-30": "1.32660", "2018-06-30": "1.36390", "2018-03-31": "1.36540", "2017-12-31": "1.66680", "2017-09-30": "1.31650", "2017-06-30": "1.36090", "2017-03-31": "1.43710", "2016-12-31": "1.65680", "2016-09-30": "1.32630", "2016-06-30": "1.43870", "2016-03-31": "1.43970", "2015-12-31": "1.71810", "2015-09-30": "1.26760", "2015-06-30": "1.32420", "2015-03-31": "1.21790", "2014-12-31": "1.56150", "2014-09-30": "1.24170", "2014-06-30": "1.22960", "2014-03-31": "1.20790", "2013-12-31": "1.44900", "2013-09-30": "1.11190", "2013-06-30": "1.12580", "2013-03-31": "0.97450", "2012-12-31": "1.20380", "2012-09-30": "1.03430", "2012-06-30": "1.08430", "2012-03-31": "1.04960", "2011-12-31": "0.87600", "2011-09-30": "1.05460", "2011-06-30": "1.08510", "2011-03-31": "1.08690", "2010-12-31": "1.15560", "2010-09-30": "1.11840", "2010-06-30": "1.22270", "2010-03-31": "1.21780", "2009-12-31": "1.07870", "2009-09-30": "1.10130", "2009-06-30": "1.05150", "2009-03-31": "1.13250", "2008-12-31": "1.37820", "2008-09-30": "1.20930", "2008-06-30": "1.18390", "2008-03-31": "1.13570", "2007-12-31": "1.30750", "2007-09-30": "1.20600", "2007-06-30": "1.16710", "2007-03-31": "1.19310", "2006-12-31": "1.34190", "2006-09-30": "1.33810", "2006-06-30": "1.26590", "2006-03-31": "1.13480", "2005-12-31": "1.27420", "2005-09-30": "1.20490", "2005-06-30": "1.22930", "2005-03-31": "1.29950"}, "Days Sales In Receivables": {"2020-09-30": "74.27910", "2020-06-30": "69.61440", "2020-03-31": "73.93500", "2019-12-31": "61.88210", "2019-09-30": "66.99610", "2019-06-30": "66.44830", "2019-03-31": "65.85680", "2018-12-31": "51.67420", "2018-09-30": "67.84180", "2018-06-30": "65.98620", "2018-03-31": "65.91350", "2017-12-31": "53.99470", "2017-09-30": "68.36120", "2017-06-30": "66.13210", "2017-03-31": "62.62460", "2016-12-31": "54.32230", "2016-09-30": "67.86050", "2016-06-30": "62.55570", "2016-03-31": "62.51210", "2015-12-31": "52.38410", "2015-09-30": "70.99780", "2015-06-30": "67.96510", "2015-03-31": "73.89540", "2014-12-31": "57.63760", "2014-09-30": "72.48200", "2014-06-30": "73.19500", "2014-03-31": "74.50980", "2013-12-31": "62.11310", "2013-09-30": "80.94520", "2013-06-30": "79.94060", "2013-03-31": "92.35700", "2012-12-31": "74.76070", "2012-09-30": "87.01230", "2012-06-30": "83.00260", "2012-03-31": "85.74940", "2011-12-31": "102.73800", "2011-09-30": "85.33990", "2011-06-30": "82.94090", "2011-03-31": "82.80090", "2010-12-31": "77.88130", "2010-09-30": "80.47390", "2010-06-30": "73.60960", "2010-03-31": "73.90140", "2009-12-31": "83.43670", "2009-09-30": "81.72100", "2009-06-30": "85.59180", "2009-03-31": "79.47360", "2008-12-31": "65.30210", "2008-09-30": "74.42500", "2008-06-30": "76.02030", "2008-03-31": "79.24380", "2007-12-31": "68.83220", "2007-09-30": "74.62720", "2007-06-30": "77.11390", "2007-03-31": "75.43290", "2006-12-31": "67.06970", "2006-09-30": "67.25810", "2006-06-30": "71.09700", "2006-03-31": "79.31220", "2005-12-31": "70.63280", "2005-09-30": "74.69770", "2005-06-30": "73.21340", "2005-03-31": "69.25830"}, "ROE - Return On Equity": {"2020-09-30": "3.36210", "2020-06-30": "5.31880", "2020-03-31": "5.22040", "2019-12-31": "-0.51550", "2019-09-30": "11.74730", "2019-06-30": "8.43970", "2019-03-31": "6.57600", "2018-12-31": "-0.59930", "2018-09-30": "5.73810", "2018-06-30": "5.53330", "2018-03-31": "5.06370", "2017-12-31": "17.15360", "2017-09-30": "4.67850", "2017-06-30": "5.24440", "2017-03-31": "5.33000", "2016-12-31": "1.27730", "2016-09-30": "2.13130", "2016-06-30": "3.27080", "2016-03-31": "4.81360", "2015-12-31": "-0.25550", "2015-09-30": "3.17450", "2015-06-30": "3.92390", "2015-03-31": "3.51690", "2014-12-31": "1.75580", "2014-09-30": "3.41870", "2014-06-30": "3.79720", "2014-03-31": "2.90250", "2013-12-31": "3.43530", "2013-09-30": "3.30440", "2013-06-30": "4.52870", "2013-03-31": "3.15980", "2012-12-31": "1.60220", "2012-09-30": "3.64180", "2012-06-30": "3.75380", "2012-03-31": "2.06140", "2011-12-31": "0.95670", "2011-09-30": "2.56950", "2011-06-30": "2.83530", "2011-03-31": "2.45790", "2010-12-31": "3.39410", "2010-09-30": "0.97260", "2010-06-30": "2.82650", "2010-03-31": "2.23720", "2009-12-31": "0.72800", "2009-09-30": "4.34990", "2009-06-30": "3.58250", "2009-03-31": "4.52030", "2008-12-31": "0.40060", "2008-09-30": "3.35870", "2008-06-30": "4.15860", "2008-03-31": "4.14960", "2007-12-31": "4.24080", "2007-09-30": "1.19690", "2007-06-30": "1.97840", "2007-03-31": "4.64460", "2006-12-31": "2.09080", "2006-09-30": "4.65600", "2006-06-30": "3.35100", "2006-03-31": "5.76820", "2005-12-31": "3.78690", "2005-09-30": "2.21970", "2005-06-30": "5.18050", "2005-03-31": "0.40390"}, "Return On Tangible Equity": {"2020-09-30": "-8.69220", "2020-06-30": "-12.52100", "2020-03-31": "-12.34260", "2019-12-31": "1.06950", "2019-09-30": "-23.80290", "2019-06-30": "-19.11460", "2019-03-31": "-13.70910", "2018-12-31": "1.53640", "2018-09-30": "-14.05180", "2018-06-30": "-12.01080", "2018-03-31": "-10.64640", "2017-12-31": "-37.19470", "2017-09-30": "-6.39530", "2017-06-30": "-6.45520", "2017-03-31": "-6.47540", "2016-12-31": "-1.61670", "2016-09-30": "-2.88800", "2016-06-30": "-6.74080", "2016-03-31": "-12.28390", "2015-12-31": "0.70340", "2015-09-30": "-9.10650", "2015-06-30": "-33.71720", "2015-03-31": "-27.62470", "2014-12-31": "-22.39440", "2014-09-30": "-337.45270", "2014-06-30": "-95.30180", "2014-03-31": "-89.84530", "2013-12-31": "-49.79180", "2013-09-30": "-56.32210", "2013-06-30": "-68.35560", "2013-03-31": "-51.96660", "2012-12-31": "-18.34760", "2012-09-30": "-31.58280", "2012-06-30": "-23.06630", "2012-03-31": "-11.99220", "2011-12-31": "-6.01580", "2011-09-30": "-22.19360", "2011-06-30": "-19.09410", "2011-03-31": "-17.35200", "2010-12-31": "-22.65090", "2010-09-30": "-5.96680", "2010-06-30": "-13.26850", "2010-03-31": "-11.81510", "2009-12-31": "-3.29910", "2009-09-30": "10.16270", "2009-06-30": "9.11400", "2009-03-31": "12.38430", "2008-12-31": "1.24490", "2008-09-30": "8.36540", "2008-06-30": "11.06440", "2008-03-31": "10.76060", "2007-12-31": "11.90230", "2007-09-30": "3.26200", "2007-06-30": "5.55620", "2007-03-31": "11.97110", "2006-12-31": "5.69800", "2006-09-30": "13.87870", "2006-06-30": "10.75220", "2006-03-31": "22.51190", "2005-12-31": "13.40170", "2005-09-30": "10.54550", "2005-06-30": "28.31610", "2005-03-31": "2.11510"}, "ROA - Return On Assets": {"2020-09-30": "1.23030", "2020-06-30": "1.92990", "2020-03-31": "2.05010", "2019-12-31": "-0.19520", "2019-09-30": "4.50580", "2019-06-30": "3.23690", "2019-03-31": "2.50220", "2018-12-31": "-0.23960", "2018-09-30": "2.44940", "2018-06-30": "2.35120", "2018-03-31": "2.16930", "2017-12-31": "7.15260", "2017-09-30": "1.66020", "2017-06-30": "1.82550", "2017-03-31": "1.85440", "2016-12-31": "0.44520", "2016-09-30": "0.75940", "2016-06-30": "1.20830", "2016-03-31": "1.87080", "2015-12-31": "-0.09920", "2015-09-30": "1.24660", "2015-06-30": "1.63790", "2015-03-31": "1.47910", "2014-12-31": "0.75020", "2014-09-30": "1.56160", "2014-06-30": "1.69220", "2014-03-31": "1.31830", "2013-12-31": "1.52880", "2013-09-30": "1.47450", "2013-06-30": "1.99350", "2013-03-31": "1.39600", "2012-12-31": "0.70400", "2012-09-30": "1.63690", "2012-06-30": "1.64080", "2012-03-31": "0.92850", "2011-12-31": "0.42020", "2011-09-30": "1.18540", "2011-06-30": "1.28690", "2011-03-31": "1.14080", "2010-12-31": "1.53530", "2010-09-30": "0.44720", "2010-06-30": "1.28430", "2010-03-31": "1.03220", "2009-12-31": "0.30900", "2009-09-30": "2.03760", "2009-06-30": "1.62410", "2009-03-31": "2.21990", "2008-12-31": "0.20780", "2008-09-30": "1.96010", "2008-06-30": "2.37310", "2008-03-31": "2.35680", "2007-12-31": "2.38830", "2007-09-30": "0.73010", "2007-06-30": "1.21830", "2007-03-31": "3.04210", "2006-12-31": "1.28870", "2006-09-30": "2.98290", "2006-06-30": "2.05290", "2006-03-31": "3.54640", "2005-12-31": "2.12360", "2005-09-30": "1.34040", "2005-06-30": "3.00460", "2005-03-31": "0.22130"}, "ROI - Return On Investment": {"2020-09-30": "1.91010", "2020-06-30": "2.98370", "2020-03-31": "3.35570", "2019-12-31": "-0.32900", "2019-09-30": "7.57100", "2019-06-30": "5.26160", "2019-03-31": "4.09840", "2018-12-31": "-0.39520", "2018-09-30": "3.90350", "2018-06-30": "3.91580", "2018-03-31": "3.48830", "2017-12-31": "11.68130", "2017-09-30": "2.98910", "2017-06-30": "3.31270", "2017-03-31": "3.29210", "2016-12-31": "0.83740", "2016-09-30": "1.44090", "2016-06-30": "2.20480", "2016-03-31": "3.34320", "2015-12-31": "-0.17710", "2015-09-30": "2.21410", "2015-06-30": "2.80590", "2015-03-31": "2.45060", "2014-12-31": "1.21850", "2014-09-30": "2.43340", "2014-06-30": "2.67430", "2014-03-31": "2.14250", "2013-12-31": "2.45700", "2013-09-30": "2.34920", "2013-06-30": "3.23500", "2013-03-31": "2.28860", "2012-12-31": "1.16050", "2012-09-30": "2.64050", "2012-06-30": "2.70690", "2012-03-31": "1.47070", "2011-12-31": "0.67210", "2011-09-30": "1.84630", "2011-06-30": "2.02190", "2011-03-31": "1.76730", "2010-12-31": "2.36350", "2010-09-30": "0.67360", "2010-06-30": "1.96880", "2010-03-31": "1.56900", "2009-12-31": "0.49240", "2009-09-30": "2.91830", "2009-06-30": "2.37960", "2009-03-31": "3.34830", "2008-12-31": "0.35160", "2008-09-30": "3.03270", "2008-06-30": "3.74590", "2008-03-31": "3.69770", "2007-12-31": "3.80650", "2007-09-30": "1.09560", "2007-06-30": "1.82070", "2007-03-31": "4.35030", "2006-12-31": "1.93620", "2006-09-30": "4.30300", "2006-06-30": "3.09710", "2006-03-31": "5.26300", "2005-12-31": "3.44470", "2005-09-30": "2.04790", "2005-06-30": "4.76390", "2005-03-31": "0.36770"}, "Book Value Per Share": {"2020-09-30": "11.78600", "2020-06-30": "11.62480", "2020-03-31": "11.76840", "2019-12-31": "11.46490", "2019-09-30": "11.82350", "2019-06-30": "10.77380", "2019-03-31": "10.64760", "2018-12-31": "11.15240", "2018-09-30": "12.39860", "2018-06-30": "11.96250", "2018-03-31": "12.05830", "2017-12-31": "11.98460", "2017-09-30": "10.25210", "2017-06-30": "9.86890", "2017-03-31": "9.84380", "2016-12-31": "9.85830", "2016-09-30": "10.48140", "2016-06-30": "10.39660", "2016-03-31": "10.44470", "2015-12-31": "10.52600", "2015-09-30": "10.87380", "2015-06-30": "10.89290", "2015-03-31": "10.97610", "2014-12-31": "11.38480", "2014-09-30": "12.42780", "2014-06-30": "12.13650", "2014-03-31": "12.23880", "2013-12-31": "11.97380", "2013-09-30": "12.08970", "2013-06-30": "11.92950", "2013-03-31": "11.67690", "2012-12-31": "11.22570", "2012-09-30": "11.15300", "2012-06-30": "10.70500", "2012-03-31": "11.17460", "2011-12-31": "10.90710", "2011-09-30": "11.77710", "2011-06-30": "11.40240", "2011-03-31": "11.45820", "2010-12-31": "11.01660", "2010-09-30": "10.99480", "2010-06-30": "10.80800", "2010-03-31": "11.16790", "2009-12-31": "11.20770", "2009-09-30": "8.20990", "2009-06-30": "9.36930", "2009-03-31": "8.95690", "2008-12-31": "8.55910", "2008-09-30": "9.98600", "2008-06-30": "9.87530", "2008-03-31": "9.96530", "2007-12-31": "9.61540", "2007-09-30": "9.75280", "2007-06-30": "9.83010", "2007-03-31": "10.32850", "2006-12-31": "10.01660", "2006-09-30": "9.66820", "2006-06-30": "9.39310", "2006-03-31": "9.49980", "2005-12-31": "8.93410", "2005-09-30": "9.06300", "2005-06-30": "8.86340", "2005-03-31": "9.08260"}, "Operating Cash Flow Per Share": {"2020-09-30": 0.3681, "2020-06-30": 0.632, "2020-03-31": "0.55820", "2019-12-31": 0.657, "2019-09-30": 0.8015, "2019-06-30": 0.4644, "2019-03-31": "0.29530", "2018-12-31": 0.7955, "2018-09-30": 0.873, "2018-06-30": 0.6521, "2018-03-31": "0.32740", "2017-12-31": 1.1657, "2017-09-30": 0.8087, "2017-06-30": 0.5391, "2017-03-31": "0.26000", "2016-12-31": 0.9784, "2016-09-30": 0.7701, "2016-06-30": 0.5901, "2016-03-31": "0.29040", "2015-12-31": 0.7793, "2015-09-30": 0.8041, "2015-06-30": 0.656, "2015-03-31": "0.10810", "2014-12-31": 0.8657, "2014-09-30": 0.704, "2014-06-30": 0.6365, "2014-03-31": "0.45320", "2013-12-31": 0.7679, "2013-09-30": 0.9454, "2013-06-30": 0.5347, "2013-03-31": "0.31680", "2012-12-31": 0.659, "2012-09-30": 0.6698, "2012-06-30": 0.5365, "2012-03-31": "0.36510", "2011-12-31": 0.6539, "2011-09-30": 0.5896, "2011-06-30": 0.7506, "2011-03-31": "0.57770", "2010-12-31": 0.7737, "2010-09-30": 0.8291, "2010-06-30": 0.6009, "2010-03-31": "-0.78510", "2009-12-31": 0.615, "2009-09-30": 0.6048, "2009-06-30": 0.6686, "2009-03-31": "0.46600", "2008-12-31": 0.8811, "2008-09-30": 0.5889, "2008-06-30": 0.7482, "2008-03-31": "0.48370", "2007-12-31": 0.5338, "2007-09-30": 0.6884, "2007-06-30": 0.5264, "2007-03-31": "0.17570", "2006-12-31": 0.6097, "2006-09-30": 0.5628, "2006-06-30": 0.7072, "2006-03-31": "0.53910", "2005-12-31": 0.6339, "2005-09-30": 0.4127, "2005-06-30": 0.5142, "2005-03-31": "0.42720"}, "Free Cash Flow Per Share": {"2020-09-30": 0.2753, "2020-06-30": 0.5469, "2020-03-31": "0.47570", "2019-12-31": 0.5398, "2019-09-30": 0.7008, "2019-06-30": 0.3788, "2019-03-31": "0.21530", "2018-12-31": 0.6805, "2018-09-30": 0.7824, "2018-06-30": 0.5797, "2018-03-31": "0.26370", "2017-12-31": 1.0507, "2017-09-30": 0.7343, "2017-06-30": 0.4644, "2017-03-31": "0.20120", "2016-12-31": 0.8668, "2016-09-30": 0.6999, "2016-06-30": 0.5242, "2016-03-31": "0.24210", "2015-12-31": 0.6819, "2015-09-30": 0.7579, "2015-06-30": 0.6143, "2015-03-31": "0.07010", "2014-12-31": 0.8111, "2014-09-30": 0.6605, "2014-06-30": 0.5931, "2014-03-31": "0.40810", "2013-12-31": 0.7115, "2013-09-30": 0.8986, "2013-06-30": 0.4907, "2013-03-31": "0.28900", "2012-12-31": 0.5933, "2012-09-30": 0.6316, "2012-06-30": 0.4971, "2012-03-31": "0.33170", "2011-12-31": 0.579, "2011-09-30": 0.5302, "2011-06-30": 0.7051, "2011-03-31": "0.54660", "2010-12-31": 0.7062, "2010-09-30": 0.7932, "2010-06-30": 0.5545, "2010-03-31": "-0.82270", "2009-12-31": 0.5598, "2009-09-30": 0.5663, "2009-06-30": 0.6287, "2009-03-31": "0.42860", "2008-12-31": 0.8239, "2008-09-30": 0.5227, "2008-06-30": 0.691, "2008-03-31": "0.41230", "2007-12-31": 0.4396, "2007-09-30": 0.62, "2007-06-30": 0.4646, "2007-03-31": "0.12920", "2006-12-31": 0.5261, "2006-09-30": 0.486, "2006-06-30": 0.6426, "2006-03-31": "0.48220", "2005-12-31": 0.5519, "2005-09-30": 0.3449, "2005-06-30": 0.442, "2005-03-31": "0.36500"}}, "revenue": {"Pfizer Annual Revenue (Millions of US $)": {"2020": "$41,908", "2019": "$51,750", "2018": "$53,647", "2017": "$52,546", "2016": "$52,824", "2015": "$48,851", "2014": "$49,605", "2013": "$51,584", "2012": "$54,657", "2011": "$61,035", "2010": "$65,165", "2009": "$49,269", "2008": "$48,296", "2007": "$48,418", "2006": "$48,371", "2005": "$47,405"}, "Pfizer Quarterly Revenue (Millions of US $)": {"2020-12-31": "$11,684", "2020-09-30": "$12,131", "2020-06-30": "$11,801", "2020-03-31": "$12,028", "2019-12-31": "$12,688", "2019-09-30": "$12,680", "2019-06-30": "$13,264", "2019-03-31": "$13,118", "2018-12-31": "$13,977", "2018-09-30": "$13,298", "2018-06-30": "$13,466", "2018-03-31": "$12,906", "2017-12-31": "$13,703", "2017-09-30": "$13,168", "2017-06-30": "$12,896", "2017-03-31": "$12,779", "2016-12-31": "$13,627", "2016-09-30": "$13,045", "2016-06-30": "$13,147", "2016-03-31": "$13,005", "2015-12-31": "$14,047", "2015-09-30": "$12,087", "2015-06-30": "$11,853", "2015-03-31": "$10,864", "2014-12-31": "$13,118", "2014-09-30": "$12,361", "2014-06-30": "$12,773", "2014-03-31": "$11,353", "2013-12-31": "$13,558", "2013-09-30": "$12,643", "2013-06-30": "$12,973", "2013-03-31": "$12,410", "2012-12-31": "$12,851", "2012-09-30": "$12,953", "2012-06-30": "$13,968", "2012-03-31": "$14,885", "2011-12-31": "$11,439", "2011-09-30": "$16,609", "2011-06-30": "$16,485", "2011-03-31": "$16,502", "2010-12-31": "$15,462", "2010-09-30": "$15,995", "2010-06-30": "$17,132", "2010-03-31": "$16,576", "2009-12-31": "$15,797", "2009-09-30": "$11,621", "2009-06-30": "$10,984", "2009-03-31": "$10,867", "2008-12-31": "$12,346", "2008-09-30": "$11,973", "2008-06-30": "$12,129", "2008-03-31": "$11,848", "2007-12-31": "$12,870", "2007-09-30": "$11,990", "2007-06-30": "$11,084", "2007-03-31": "$12,474", "2006-12-31": "$12,603", "2006-09-30": "$12,280", "2006-06-30": "$11,741", "2006-03-31": "$11,747", "2005-12-31": "$11,599", "2005-09-30": "$11,263", "2005-06-30": "$11,452", "2005-03-31": "$13,091"}}, "gross-profit": {"Pfizer Annual Gross Profit (Millions of US $)": {"2020": "$33,216", "2019": "$41,531", "2018": "$42,399", "2017": "$41,318", "2016": "$40,502", "2015": "$39,203", "2014": "$40,028", "2013": "$41,998", "2012": "$44,836", "2011": "$48,535", "2010": "$50,377", "2009": "$40,810", "2008": "$40,184", "2007": "$37,179", "2006": "$40,731", "2005": "$40,173"}, "Pfizer Quarterly Gross Profit (Millions of US $)": {"2020-12-31": "$8,765", "2020-09-30": "$9,602", "2020-06-30": "$9,520", "2020-03-31": "$9,650", "2019-12-31": "$10,080", "2019-09-30": "$10,078", "2019-06-30": "$10,688", "2019-03-31": "$10,685", "2018-12-31": "$10,902", "2018-09-30": "$10,604", "2018-06-30": "$10,550", "2018-03-31": "$10,343", "2017-12-31": "$10,447", "2017-09-30": "$10,324", "2017-06-30": "$10,236", "2017-03-31": "$10,311", "2016-12-31": "$10,415", "2016-09-30": "$9,960", "2016-06-30": "$9,973", "2016-03-31": "$10,154", "2015-12-31": "$10,636", "2015-09-30": "$9,868", "2015-06-30": "$9,673", "2015-03-31": "$9,026", "2014-12-31": "$10,416", "2014-09-30": "$9,993", "2014-06-30": "$10,311", "2014-03-31": "$9,308", "2013-12-31": "$10,764", "2013-09-30": "$10,356", "2013-06-30": "$10,731", "2013-03-31": "$10,147", "2012-12-31": "$10,460", "2012-09-30": "$10,644", "2012-06-30": "$11,592", "2012-03-31": "$12,140", "2011-12-31": "$9,612", "2011-09-30": "$13,200", "2011-06-30": "$12,914", "2011-03-31": "$12,809", "2010-12-31": "$12,350", "2010-09-30": "$12,205", "2010-06-30": "$13,448", "2010-03-31": "$12,374", "2009-12-31": "$12,291", "2009-09-30": "$9,832", "2009-06-30": "$9,228", "2009-03-31": "$9,459", "2008-12-31": "$10,631", "2008-09-30": "$9,851", "2008-06-30": "$9,840", "2008-03-31": "$9,862", "2007-12-31": "$10,245", "2007-09-30": "$7,372", "2007-06-30": "$8,975", "2007-03-31": "$10,587", "2006-12-31": "$10,386", "2006-09-30": "$10,318", "2006-06-30": "$9,951", "2006-03-31": "$10,076", "2005-12-31": "$9,931", "2005-09-30": "$9,652", "2005-06-30": "$9,690", "2005-03-31": "$10,900"}}, "operating-income": {"Pfizer Annual Operating Income (Millions of US $)": {"2020": "$8,160", "2019": "$13,174", "2018": "$14,001", "2017": "$13,722", "2016": "$12,145", "2015": "$11,824", "2014": "$13,249", "2013": "$15,184", "2012": "$15,264", "2011": "$13,967", "2010": "$13,412", "2009": "$10,959", "2008": "$11,726", "2007": "$7,519", "2006": "$12,124", "2005": "$11,197"}, "Pfizer Quarterly Operating Income (Millions of US $)": {"2020-12-31": "$614", "2020-09-30": "$3,324", "2020-06-30": "$3,091", "2020-03-31": "$4,099", "2019-12-31": "$1,536", "2019-09-30": "$2,958", "2019-06-30": "$4,266", "2019-03-31": "$4,414", "2018-12-31": "$2,312", "2018-09-30": "$3,764", "2018-06-30": "$3,976", "2018-03-31": "$3,949", "2017-12-31": "$2,307", "2017-09-30": "$3,664", "2017-06-30": "$3,741", "2017-03-31": "$4,010", "2016-12-31": "$1,756", "2016-09-30": "$3,021", "2016-06-30": "$3,477", "2016-03-31": "$3,891", "2015-12-31": "$1,834", "2015-09-30": "$3,358", "2015-06-30": "$3,595", "2015-03-31": "$3,037", "2014-12-31": "$2,147", "2014-09-30": "$3,682", "2014-06-30": "$3,950", "2014-03-31": "$3,470", "2013-12-31": "$3,043", "2013-09-30": "$3,984", "2013-06-30": "$4,287", "2013-03-31": "$3,870", "2012-12-31": "$2,560", "2012-09-30": "$3,743", "2012-06-30": "$4,868", "2012-03-31": "$4,093", "2011-12-31": "$1,913", "2011-09-30": "$4,088", "2011-06-30": "$4,021", "2011-03-31": "$3,945", "2010-12-31": "$1,887", "2010-09-30": "$3,763", "2010-06-30": "$4,201", "2010-03-31": "$3,561", "2009-12-31": "$-39", "2009-09-30": "$4,131", "2009-06-30": "$3,121", "2009-03-31": "$3,746", "2008-12-31": "$2,436", "2008-09-30": "$3,443", "2008-06-30": "$2,623", "2008-03-31": "$3,224", "2007-12-31": "$2,360", "2007-09-30": "$376", "2007-06-30": "$1,132", "2007-03-31": "$3,651", "2006-12-31": "$1,768", "2006-09-30": "$3,618", "2006-06-30": "$2,724", "2006-03-31": "$4,014", "2005-12-31": "$2,674", "2005-09-30": "$1,861", "2005-06-30": "$2,714", "2005-03-31": "$3,948"}}, "ebitda": {"Pfizer Annual EBITDA (Millions of US $)": {"2019": "$19,184", "2018": "$20,385", "2017": "$19,991", "2016": "$17,902", "2015": "$16,981", "2014": "$18,786", "2013": "$21,594", "2012": "$22,919", "2011": "$22,993", "2010": "$21,811", "2009": "$15,716", "2008": "$16,816", "2007": "$12,719", "2006": "$17,417", "2005": "$16,773"}, "Pfizer Quarterly EBITDA (Millions of US $)": {"2020-09-30": "$4,586", "2020-06-30": "$4,342", "2020-03-31": "$5,317", "2019-12-31": "$2,920", "2019-09-30": "$4,511", "2019-06-30": "$5,794", "2019-03-31": "$5,959", "2018-12-31": "$3,953", "2018-09-30": "$5,378", "2018-06-30": "$5,538", "2018-03-31": "$5,516", "2017-12-31": "$3,881", "2017-09-30": "$5,230", "2017-06-30": "$5,315", "2017-03-31": "$5,565", "2016-12-31": "$3,305", "2016-09-30": "$4,417", "2016-06-30": "$4,864", "2016-03-31": "$5,316", "2015-12-31": "$3,258", "2015-09-30": "$4,630", "2015-06-30": "$4,796", "2015-03-31": "$4,297", "2014-12-31": "$3,478", "2014-09-30": "$5,008", "2014-06-30": "$5,374", "2014-03-31": "$4,926", "2013-12-31": "$4,532", "2013-09-30": "$5,505", "2013-06-30": "$5,913", "2013-03-31": "$5,644", "2012-12-31": "$4,667", "2012-09-30": "$5,399", "2012-06-30": "$6,539", "2012-03-31": "$6,314", "2011-12-31": "$4,371", "2011-09-30": "$6,303", "2011-06-30": "$6,270", "2011-03-31": "$6,049", "2010-12-31": "$3,793", "2010-09-30": "$5,992", "2010-06-30": "$6,414", "2010-03-31": "$5,612", "2009-12-31": "$1,735", "2009-09-30": "$5,100", "2009-06-30": "$4,127", "2009-03-31": "$4,754", "2008-12-31": "$3,614", "2008-09-30": "$4,639", "2008-06-30": "$3,852", "2008-03-31": "$4,711", "2007-12-31": "$3,476", "2007-09-30": "$1,748", "2007-06-30": "$2,573", "2007-03-31": "$4,922", "2006-12-31": "$3,035", "2006-09-30": "$4,950", "2006-06-30": "$4,067", "2006-03-31": "$5,365", "2005-12-31": "$4,107", "2005-09-30": "$3,228", "2005-06-30": "$4,124", "2005-03-31": "$5,314"}}, "net-income": {"Pfizer Annual Net Income (Millions of US $)": {"2020": "$9,616", "2019": "$16,273", "2018": "$11,153", "2017": "$21,308", "2016": "$7,215", "2015": "$6,960", "2014": "$9,135", "2013": "$22,003", "2012": "$14,570", "2011": "$10,009", "2010": "$8,257", "2009": "$8,635", "2008": "$8,104", "2007": "$8,144", "2006": "$19,337", "2005": "$8,085"}, "Pfizer Quarterly Net Income (Millions of US $)": {"2020-12-31": "$594", "2020-09-30": "$2,194", "2020-06-30": "$3,426", "2020-03-31": "$3,401", "2019-12-31": "$-337", "2019-09-30": "$7,680", "2019-06-30": "$5,046", "2019-03-31": "$3,884", "2018-12-31": "$-394", "2018-09-30": "$4,114", "2018-06-30": "$3,872", "2018-03-31": "$3,561", "2017-12-31": "$12,274", "2017-09-30": "$2,840", "2017-06-30": "$3,073", "2017-03-31": "$3,121", "2016-12-31": "$775", "2016-09-30": "$1,355", "2016-06-30": "$2,047", "2016-03-31": "$3,038", "2015-12-31": "$-172", "2015-09-30": "$2,130", "2015-06-30": "$2,626", "2015-03-31": "$2,376", "2014-12-31": "$1,228", "2014-09-30": "$2,666", "2014-06-30": "$2,912", "2014-03-31": "$2,329", "2013-12-31": "$2,568", "2013-09-30": "$2,590", "2013-06-30": "$14,095", "2013-03-31": "$2,750", "2012-12-31": "$6,315", "2012-09-30": "$3,208", "2012-06-30": "$3,253", "2012-03-31": "$1,794", "2011-12-31": "$1,439", "2011-09-30": "$3,738", "2011-06-30": "$2,610", "2011-03-31": "$2,222", "2010-12-31": "$2,890", "2010-09-30": "$866", "2010-06-30": "$2,475", "2010-03-31": "$2,026", "2009-12-31": "$767", "2009-09-30": "$2,878", "2009-06-30": "$2,261", "2009-03-31": "$2,729", "2008-12-31": "$266", "2008-09-30": "$2,278", "2008-06-30": "$2,776", "2008-03-31": "$2,784", "2007-12-31": "$2,724", "2007-09-30": "$761", "2007-06-30": "$1,267", "2007-03-31": "$3,392", "2006-12-31": "$9,449", "2006-09-30": "$3,362", "2006-06-30": "$2,415", "2006-03-31": "$4,111", "2005-12-31": "$2,732", "2005-09-30": "$1,589", "2005-06-30": "$3,463", "2005-03-31": "$301"}}, "eps-earnings-per-share-diluted": {"Pfizer Annual EPS": {"2020": "$1.71", "2019": "$2.87", "2018": "$1.86", "2017": "$3.52", "2016": "$1.17", "2015": "$1.11", "2014": "$1.42", "2013": "$3.19", "2012": "$1.94", "2011": "$1.27", "2010": "$1.02", "2009": "$1.23", "2008": "$1.20", "2007": "$1.17", "2006": "$2.66", "2005": "$1.09"}, "Pfizer Quarterly EPS": {"2020-12-31": "$0.10", "2020-09-30": "$0.39", "2020-06-30": "$0.61", "2020-03-31": "$0.61", "2019-12-31": "$-0.06", "2019-09-30": "$1.36", "2019-06-30": "$0.89", "2019-03-31": "$0.68", "2018-12-31": "$-0.07", "2018-09-30": "$0.69", "2018-06-30": "$0.65", "2018-03-31": "$0.59", "2017-12-31": "$2.03", "2017-09-30": "$0.47", "2017-06-30": "$0.51", "2017-03-31": "$0.51", "2016-12-31": "$0.13", "2016-09-30": "$0.22", "2016-06-30": "$0.33", "2016-03-31": "$0.49", "2015-12-31": "$-0.03", "2015-09-30": "$0.34", "2015-06-30": "$0.42", "2015-03-31": "$0.38", "2014-12-31": "$0.19", "2014-09-30": "$0.42", "2014-06-30": "$0.45", "2014-03-31": "$0.36", "2013-12-31": "$0.44", "2013-09-30": "$0.39", "2013-06-30": "$1.98", "2013-03-31": "$0.38", "2012-12-31": "$0.84", "2012-09-30": "$0.43", "2012-06-30": "$0.43", "2012-03-31": "$0.24", "2011-12-31": "$0.18", "2011-09-30": "$0.48", "2011-06-30": "$0.33", "2011-03-31": "$0.28", "2010-12-31": "$0.35", "2010-09-30": "$0.11", "2010-06-30": "$0.31", "2010-03-31": "$0.25", "2009-12-31": "$0.06", "2009-09-30": "$0.43", "2009-06-30": "$0.34", "2009-03-31": "$0.40", "2008-12-31": "$0.04", "2008-09-30": "$0.34", "2008-06-30": "$0.41", "2008-03-31": "$0.41", "2007-12-31": "$0.40", "2007-09-30": "$0.11", "2007-06-30": "$0.18", "2007-03-31": "$0.48", "2006-12-31": "$1.31", "2006-09-30": "$0.46", "2006-06-30": "$0.33", "2006-03-31": "$0.56", "2005-12-31": "$0.36", "2005-09-30": "$0.22", "2005-06-30": "$0.47", "2005-03-31": "$0.04"}}, "shares-outstanding": {"Pfizer Annual Shares Outstanding (Millions of Shares)": {"2020": "5,632", "2019": "5,675", "2018": "5,977", "2017": "6,058", "2016": "6,159", "2015": "6,257", "2014": "6,424", "2013": "6,895", "2012": "7,508", "2011": "7,870", "2010": "8,074", "2009": "7,045", "2008": "6,750", "2007": "6,939", "2006": "7,274", "2005": "7,411"}, "Pfizer Quarterly Shares Outstanding (Millions of Shares)": {"2020-12-31": "5,662", "2020-09-30": "5,633", "2020-06-30": "5,619", "2020-03-31": "5,613", "2019-12-31": "5,675", "2019-09-30": "5,649", "2019-06-30": "5,672", "2019-03-31": "5,750", "2018-12-31": "5,977", "2018-09-30": "5,986", "2018-06-30": "5,952", "2018-03-31": "6,057", "2017-12-31": "6,058", "2017-09-30": "6,041", "2017-06-30": "6,037", "2017-03-31": "6,092", "2016-12-31": "6,159", "2016-09-30": "6,150", "2016-06-30": "6,149", "2016-03-31": "6,225", "2015-12-31": "6,257", "2015-09-30": "6,243", "2015-06-30": "6,243", "2015-03-31": "6,292", "2014-12-31": "6,424", "2014-09-30": "6,403", "2014-06-30": "6,444", "2014-03-31": "6,476", "2013-12-31": "6,895", "2013-09-30": "6,656", "2013-06-30": "7,117", "2013-03-31": "7,269", "2012-12-31": "7,508", "2012-09-30": "7,508", "2012-06-30": "7,537", "2012-03-31": "7,598", "2011-12-31": "7,870", "2011-09-30": "7,810", "2011-06-30": "7,935", "2011-03-31": "8,035", "2010-12-31": "8,074", "2010-09-30": "8,057", "2010-06-30": "8,072", "2010-03-31": "8,101", "2009-12-31": "7,045", "2009-09-30": "6,762", "2009-06-30": "6,752", "2009-03-31": "6,753", "2008-12-31": "6,750", "2008-09-30": "6,736", "2008-06-30": "6,748", "2008-03-31": "6,762", "2007-12-31": "6,939", "2007-09-30": "6,894", "2007-06-30": "6,990", "2007-03-31": "7,075", "2006-12-31": "7,274", "2006-09-30": "7,251", "2006-06-30": "7,305", "2006-03-31": "7,348", "2005-12-31": "7,411", "2005-09-30": "7,382", "2005-06-30": "7,418", "2005-03-31": "7,474"}}, "total-assets": {"Pfizer Annual Total Assets (Millions of US $)": {"2019": "$167,489", "2018": "$159,422", "2017": "$171,797", "2016": "$171,615", "2015": "$167,381", "2014": "$167,566", "2013": "$172,101", "2012": "$185,798", "2011": "$188,002", "2010": "$195,014", "2009": "$212,949", "2008": "$111,148", "2007": "$115,268", "2006": "$115,546", "2005": "$116,970"}, "Pfizer Quarterly Total Assets (Millions of US $)": {"2020-09-30": "$178,983", "2020-06-30": "$177,934", "2020-03-31": "$166,336", "2019-12-31": "$167,489", "2019-09-30": "$170,446", "2019-06-30": "$156,199", "2019-03-31": "$155,421", "2018-12-31": "$159,422", "2018-09-30": "$167,838", "2018-06-30": "$164,980", "2018-03-31": "$164,612", "2017-12-31": "$171,797", "2017-09-30": "$172,151", "2017-06-30": "$168,558", "2017-03-31": "$168,784", "2016-12-31": "$171,615", "2016-09-30": "$178,430", "2016-06-30": "$170,658", "2016-03-31": "$162,929", "2015-12-31": "$167,381", "2015-09-30": "$170,867", "2015-06-30": "$160,878", "2015-03-31": "$160,640", "2014-12-31": "$167,566", "2014-09-30": "$171,362", "2014-06-30": "$172,612", "2014-03-31": "$171,808", "2013-12-31": "$172,101", "2013-09-30": "$175,521", "2013-06-30": "$179,335", "2013-03-31": "$187,398", "2012-12-31": "$185,798", "2012-09-30": "$182,603", "2012-06-30": "$182,842", "2012-03-31": "$185,683", "2011-12-31": "$188,002", "2011-09-30": "$196,132", "2011-06-30": "$195,899", "2011-03-31": "$194,956", "2010-12-31": "$195,014", "2010-09-30": "$191,415", "2010-06-30": "$191,071", "2010-03-31": "$195,113", "2009-12-31": "$212,949", "2009-09-30": "$141,294", "2009-06-30": "$139,339", "2009-03-31": "$122,932", "2008-12-31": "$111,148", "2008-09-30": "$115,249", "2008-06-30": "$116,515", "2008-03-31": "$118,550", "2007-12-31": "$115,268", "2007-09-30": "$109,030", "2007-06-30": "$110,403", "2007-03-31": "$110,483", "2006-12-31": "$115,546", "2006-09-30": "$108,585", "2006-06-30": "$111,550", "2006-03-31": "$112,959", "2005-12-31": "$116,970", "2005-09-30": "$110,343", "2005-06-30": "$112,327", "2005-03-31": "$122,935"}}, "cash-on-hand": {"Pfizer Annual Cash on Hand (Millions of US $)": {"2019": "$9,830", "2018": "$18,833", "2017": "$19,992", "2016": "$17,850", "2015": "$23,290", "2014": "$36,122", "2013": "$32,408", "2012": "$32,399", "2011": "$26,452", "2010": "$28,012", "2009": "$25,969", "2008": "$23,731", "2007": "$25,475", "2006": "$27,713", "2005": "$22,226"}, "Pfizer Quarterly Cash on Hand (Millions of US $)": {"2020-09-30": "$21,912", "2020-06-30": "$22,794", "2020-03-31": "$10,350", "2019-12-31": "$9,830", "2019-09-30": "$9,087", "2019-06-30": "$12,912", "2019-03-31": "$11,619", "2018-12-31": "$18,833", "2018-09-30": "$17,239", "2018-06-30": "$13,431", "2018-03-31": "$11,421", "2017-12-31": "$19,992", "2017-09-30": "$16,925", "2017-06-30": "$14,333", "2017-03-31": "$14,560", "2016-12-31": "$17,850", "2016-09-30": "$14,371", "2016-06-30": "$20,942", "2016-03-31": "$19,443", "2015-12-31": "$23,290", "2015-09-30": "$20,658", "2015-06-30": "$30,256", "2015-03-31": "$27,708", "2014-12-31": "$36,122", "2014-09-30": "$33,446", "2014-06-30": "$34,054", "2014-03-31": "$33,881", "2013-12-31": "$32,408", "2013-09-30": "$33,679", "2013-06-30": "$33,711", "2013-03-31": "$35,346", "2012-12-31": "$32,399", "2012-09-30": "$22,968", "2012-06-30": "$24,306", "2012-03-31": "$23,972", "2011-12-31": "$26,452", "2011-09-30": "$28,963", "2011-06-30": "$25,484", "2011-03-31": "$24,009", "2010-12-31": "$28,012", "2010-09-30": "$22,464", "2010-06-30": "$19,268", "2010-03-31": "$17,262", "2009-12-31": "$25,969", "2009-09-30": "$52,473", "2009-06-30": "$49,647", "2009-03-31": "$34,052", "2008-12-31": "$23,731", "2008-09-30": "$26,017", "2008-06-30": "$26,179", "2008-03-31": "$28,628", "2007-12-31": "$25,475", "2007-09-30": "$22,298", "2007-06-30": "$22,253", "2007-03-31": "$22,470", "2006-12-31": "$27,713", "2006-09-30": "$12,831", "2006-06-30": "$14,750", "2006-03-31": "$15,502", "2005-12-31": "$22,226", "2005-09-30": "$13,389", "2005-06-30": "$14,569", "2005-03-31": "$21,971"}}, "long-term-debt": {"Pfizer Annual Long Term Debt (Millions of US $)": {"2019": "$35,955", "2018": "$32,909", "2017": "$33,538", "2016": "$31,398", "2015": "$28,740", "2014": "$31,541", "2013": "$30,462", "2012": "$31,036", "2011": "$34,926", "2010": "$38,410", "2009": "$43,193", "2008": "$7,963", "2007": "$7,314", "2006": "$5,546", "2005": "$6,347"}, "Pfizer Quarterly Long Term Debt (Millions of US $)": {"2020-09-30": "$49,785", "2020-06-30": "$50,529", "2020-03-31": "$36,281", "2019-12-31": "$35,955", "2019-09-30": "$36,044", "2019-06-30": "$36,168", "2019-03-31": "$35,733", "2018-12-31": "$32,909", "2018-09-30": "$33,652", "2018-06-30": "$28,935", "2018-03-31": "$31,831", "2017-12-31": "$33,538", "2017-09-30": "$34,503", "2017-06-30": "$34,191", "2017-03-31": "$36,330", "2016-12-31": "$31,398", "2016-09-30": "$30,437", "2016-06-30": "$30,457", "2016-03-31": "$27,824", "2015-12-31": "$28,740", "2015-09-30": "$29,079", "2015-06-30": "$26,729", "2015-03-31": "$29,370", "2014-12-31": "$31,541", "2014-09-30": "$31,666", "2014-06-30": "$32,267", "2014-03-31": "$27,649", "2013-12-31": "$30,462", "2013-09-30": "$31,812", "2013-06-30": "$31,532", "2013-03-31": "$31,481", "2012-12-31": "$31,036", "2012-09-30": "$31,083", "2012-06-30": "$30,868", "2012-03-31": "$33,543", "2011-12-31": "$34,926", "2011-09-30": "$35,399", "2011-06-30": "$35,723", "2011-03-31": "$35,308", "2010-12-31": "$38,410", "2010-09-30": "$39,010", "2010-06-30": "$37,765", "2010-03-31": "$38,281", "2009-12-31": "$43,193", "2009-09-30": "$32,402", "2009-06-30": "$31,864", "2009-03-31": "$21,064", "2008-12-31": "$7,963", "2008-09-30": "$7,152", "2008-06-30": "$7,246", "2008-03-31": "$8,143", "2007-12-31": "$7,314", "2007-09-30": "$6,041", "2007-06-30": "$5,777", "2007-03-31": "$4,771", "2006-12-31": "$5,546", "2006-09-30": "$5,561", "2006-06-30": "$5,450", "2006-03-31": "$6,508", "2005-12-31": "$6,347", "2005-09-30": "$5,414", "2005-06-30": "$5,517", "2005-03-31": "$6,432"}}, "total-liabilities": {"Pfizer Annual Total Liabilities (Millions of US $)": {"2019": "$104,042", "2018": "$95,664", "2017": "$100,141", "2016": "$111,776", "2015": "$102,384", "2014": "$95,944", "2013": "$95,481", "2012": "$104,120", "2011": "$105,381", "2010": "$106,749", "2009": "$122,503", "2008": "$53,408", "2007": "$50,258", "2006": "$44,188", "2005": "$51,206"}, "Pfizer Quarterly Total Liabilities (Millions of US $)": {"2020-09-30": "$113,487", "2020-06-30": "$113,370", "2020-03-31": "$100,998", "2019-12-31": "$104,042", "2019-09-30": "$105,051", "2019-06-30": "$96,274", "2019-03-31": "$96,263", "2018-12-31": "$95,664", "2018-09-30": "$96,174", "2018-06-30": "$94,856", "2018-03-31": "$94,071", "2017-12-31": "$100,141", "2017-09-30": "$111,041", "2017-06-30": "$109,863", "2017-03-31": "$110,038", "2016-12-31": "$111,776", "2016-09-30": "$114,829", "2016-06-30": "$107,592", "2016-03-31": "$99,582", "2015-12-31": "$102,384", "2015-09-30": "$103,743", "2015-06-30": "$93,698", "2015-03-31": "$93,053", "2014-12-31": "$95,944", "2014-09-30": "$93,057", "2014-06-30": "$95,656", "2014-03-31": "$93,740", "2013-12-31": "$95,481", "2013-09-30": "$97,167", "2013-06-30": "$100,358", "2013-03-31": "$104,571", "2012-12-31": "$104,120", "2012-09-30": "$100,488", "2012-06-30": "$102,881", "2012-03-31": "$102,006", "2011-12-31": "$105,381", "2011-09-30": "$105,602", "2011-06-30": "$106,936", "2011-03-31": "$104,423", "2010-12-31": "$106,749", "2010-09-30": "$103,347", "2010-06-30": "$104,193", "2010-03-31": "$105,031", "2009-12-31": "$122,503", "2009-09-30": "$75,044", "2009-06-30": "$76,104", "2009-03-31": "$62,491", "2008-12-31": "$53,408", "2008-09-30": "$47,914", "2008-06-30": "$49,946", "2008-03-31": "$51,133", "2007-12-31": "$50,258", "2007-09-30": "$42,420", "2007-06-30": "$42,309", "2007-03-31": "$37,995", "2006-12-31": "$44,188", "2006-09-30": "$38,873", "2006-06-30": "$43,061", "2006-03-31": "$43,350", "2005-12-31": "$51,206", "2005-09-30": "$43,536", "2005-06-30": "$46,999", "2005-03-31": "$55,403"}}, "total-share-holder-equity": {"Pfizer Annual Share Holder Equity (Millions of US $)": {"2019": "$63,447", "2018": "$63,758", "2017": "$71,656", "2016": "$59,840", "2015": "$64,998", "2014": "$71,622", "2013": "$76,620", "2012": "$81,678", "2011": "$82,621", "2010": "$88,265", "2009": "$90,446", "2008": "$57,740", "2007": "$65,010", "2006": "$71,358", "2005": "$65,764"}, "Pfizer Quarterly Share Holder Equity (Millions of US $)": {"2020-09-30": "$65,495", "2020-06-30": "$64,564", "2020-03-31": "$65,338", "2019-12-31": "$63,447", "2019-09-30": "$65,396", "2019-06-30": "$59,924", "2019-03-31": "$59,158", "2018-12-31": "$63,758", "2018-09-30": "$71,664", "2018-06-30": "$70,124", "2018-03-31": "$70,541", "2017-12-31": "$71,656", "2017-09-30": "$61,110", "2017-06-30": "$58,694", "2017-03-31": "$58,746", "2016-12-31": "$59,840", "2016-09-30": "$63,601", "2016-06-30": "$63,066", "2016-03-31": "$63,347", "2015-12-31": "$64,998", "2015-09-30": "$67,124", "2015-06-30": "$67,180", "2015-03-31": "$67,587", "2014-12-31": "$71,622", "2014-09-30": "$78,305", "2014-06-30": "$76,956", "2014-03-31": "$78,068", "2013-12-31": "$76,620", "2013-09-30": "$78,354", "2013-06-30": "$78,977", "2013-03-31": "$82,827", "2012-12-31": "$81,678", "2012-09-30": "$82,115", "2012-06-30": "$79,961", "2012-03-31": "$83,677", "2011-12-31": "$82,621", "2011-09-30": "$90,530", "2011-06-30": "$88,963", "2011-03-31": "$90,533", "2010-12-31": "$88,265", "2010-09-30": "$88,068", "2010-06-30": "$86,878", "2010-03-31": "$90,082", "2009-12-31": "$90,446", "2009-09-30": "$66,250", "2009-06-30": "$63,235", "2009-03-31": "$60,441", "2008-12-31": "$57,740", "2008-09-30": "$67,335", "2008-06-30": "$66,569", "2008-03-31": "$67,417", "2007-12-31": "$65,010", "2007-09-30": "$66,610", "2007-06-30": "$68,094", "2007-03-31": "$72,488", "2006-12-31": "$71,358", "2006-09-30": "$69,712", "2006-06-30": "$68,489", "2006-03-31": "$69,609", "2005-12-31": "$65,764", "2005-09-30": "$66,807", "2005-06-30": "$65,328", "2005-03-31": "$67,532"}}, "profit-margins": {"current": "20.18%"}, "gross margin": {"2020-12-31": "78.79%", "2020-09-30": "79.86%", "2020-06-30": "79.94%", "2020-03-31": "79.94%", "2019-12-31": "80.25%", "2019-09-30": "79.85%", "2019-06-30": "79.91%", "2019-03-31": "79.36%", "2018-12-31": "79.03%", "2018-09-30": "78.59%", "2018-06-30": "78.25%", "2018-03-31": "78.50%", "2017-12-31": "78.63%", "2017-09-30": "78.68%", "2017-06-30": "78.17%", "2017-03-31": "77.30%", "2016-12-31": "76.67%", "2016-09-30": "76.48%", "2016-06-30": "77.71%", "2016-03-31": "79.09%", "2015-12-31": "80.25%", "2015-09-30": "81.35%", "2015-06-30": "81.14%", "2015-03-31": "80.92%", "2014-12-31": "80.69%", "2014-09-30": "80.68%", "2014-06-30": "80.95%", "2014-03-31": "81.46%", "2013-12-31": "81.42%", "2013-09-30": "81.95%", "2013-06-30": "82.02%", "2013-03-31": "82.10%", "2012-12-31": "82.03%", "2012-09-30": "82.61%", "2012-06-30": "81.80%", "2012-03-31": "80.56%", "2011-12-31": "79.52%", "2011-09-30": "78.81%", "2011-06-30": "78.02%", "2011-03-31": "78.06%", "2010-12-31": "77.31%", "2010-09-30": "76.82%", "2010-06-30": "78.44%", "2010-03-31": "79.53%", "2009-12-31": "82.83%", "2009-09-30": "85.45%", "2009-06-30": "84.84%", "2009-03-31": "84.08%", "2008-12-31": "83.20%", "2008-09-30": "81.52%", "2008-06-30": "76.42%", "2008-03-31": "76.28%", "2007-12-31": "76.79%", "2007-09-30": "77.51%", "2007-06-30": "83.12%", "2007-03-31": "84.00%", "2006-12-31": "84.21%", "2006-09-30": "85.03%", "2006-06-30": "85.46%", "2006-03-31": "85.43%", "2005-12-31": "84.74%"}, "operating margin": {"2020-12-31": "23.36%", "2020-09-30": "24.77%", "2020-06-30": "23.75%", "2020-03-31": "25.38%", "2019-12-31": "25.46%", "2019-09-30": "26.30%", "2019-06-30": "27.50%", "2019-03-31": "26.86%", "2018-12-31": "26.10%", "2018-09-30": "26.22%", "2018-06-30": "26.10%", "2018-03-31": "25.94%", "2017-12-31": "26.11%", "2017-09-30": "25.10%", "2017-06-30": "23.93%", "2017-03-31": "23.32%", "2016-12-31": "22.99%", "2016-09-30": "22.96%", "2016-06-30": "24.02%", "2016-03-31": "24.86%", "2015-12-31": "24.20%", "2015-09-30": "25.33%", "2015-06-30": "25.85%", "2015-03-31": "26.09%", "2014-12-31": "26.71%", "2014-09-30": "28.26%", "2014-06-30": "28.71%", "2014-03-31": "29.26%", "2013-12-31": "29.44%", "2013-09-30": "28.90%", "2013-06-30": "28.25%", "2013-03-31": "28.82%", "2012-12-31": "27.93%", "2012-09-30": "27.45%", "2012-06-30": "26.29%", "2012-03-31": "23.76%", "2011-12-31": "22.88%", "2011-09-30": "21.43%", "2011-06-30": "21.13%", "2011-03-31": "21.19%", "2010-12-31": "20.58%", "2010-09-30": "17.54%", "2010-06-30": "19.39%", "2010-03-31": "19.60%", "2009-12-31": "22.24%", "2009-09-30": "29.32%", "2009-06-30": "27.61%", "2009-03-31": "25.89%", "2008-12-31": "24.28%", "2008-09-30": "23.86%", "2008-06-30": "17.57%", "2008-03-31": "14.84%", "2007-12-31": "15.53%", "2007-09-30": "14.39%", "2007-06-30": "20.99%", "2007-03-31": "23.95%", "2006-12-31": "25.06%", "2006-09-30": "27.51%", "2006-06-30": "24.32%", "2006-03-31": "24.45%", "2005-12-31": "23.62%"}, "ebitda margin": {"2020-09-30": "35.28%", "2020-06-30": "34.74%", "2020-03-31": "36.60%", "2019-12-31": "37.07%", "2019-09-30": "38.12%", "2019-06-30": "39.29%", "2019-03-31": "38.67%", "2018-12-31": "38.00%", "2018-09-30": "38.06%", "2018-06-30": "37.87%", "2018-03-31": "37.86%", "2017-12-31": "38.04%", "2017-09-30": "37.00%", "2017-06-30": "35.54%", "2017-03-31": "34.51%", "2016-12-31": "33.89%", "2016-09-30": "33.53%", "2016-06-30": "34.56%", "2016-03-31": "35.30%", "2015-12-31": "34.76%", "2015-09-30": "35.89%", "2015-06-30": "36.47%", "2015-03-31": "36.97%", "2014-12-31": "37.87%", "2014-09-30": "39.64%", "2014-06-30": "40.41%", "2014-03-31": "41.32%", "2013-12-31": "41.86%", "2013-09-30": "42.71%", "2013-06-30": "42.24%", "2013-03-31": "42.64%", "2012-12-31": "41.93%", "2012-09-30": "42.49%", "2012-06-30": "41.35%", "2012-03-31": "39.14%", "2011-12-31": "37.67%", "2011-09-30": "34.45%", "2011-06-30": "34.30%", "2011-03-31": "34.18%", "2010-12-31": "33.47%", "2010-09-30": "30.16%", "2010-06-30": "30.86%", "2010-03-31": "30.15%", "2009-12-31": "31.90%", "2009-09-30": "38.40%", "2009-06-30": "37.11%", "2009-03-31": "35.63%", "2008-12-31": "34.82%", "2008-09-30": "34.16%", "2008-06-30": "28.23%", "2008-03-31": "26.17%", "2007-12-31": "26.27%", "2007-09-30": "25.50%", "2007-06-30": "31.96%", "2007-03-31": "34.57%", "2006-12-31": "36.01%", "2006-09-30": "39.03%", "2006-06-30": "36.17%", "2006-03-31": "36.53%", "2005-12-31": "35.38%"}, "pre tax profit margin": {"2020-12-31": "21.39%", "2020-09-30": "17.48%", "2020-06-30": "34.67%", "2020-03-31": "34.04%", "2019-12-31": "34.17%", "2019-09-30": "34.40%", "2019-06-30": "21.80%", "2019-03-31": "22.43%", "2018-12-31": "22.15%", "2018-09-30": "25.83%", "2018-06-30": "24.78%", "2018-03-31": "23.70%", "2017-12-31": "23.42%", "2017-09-30": "23.11%", "2017-06-30": "19.38%", "2017-03-31": "16.62%", "2016-12-31": "15.81%", "2016-09-30": "13.56%", "2016-06-30": "15.90%", "2016-03-31": "18.52%", "2015-12-31": "18.35%", "2015-09-30": "23.21%", "2015-06-30": "24.92%", "2015-03-31": "25.40%", "2014-12-31": "24.67%", "2014-09-30": "26.97%", "2014-06-30": "26.79%", "2014-03-31": "29.37%", "2013-12-31": "30.47%", "2013-09-30": "28.45%", "2013-06-30": "26.78%", "2013-03-31": "24.02%", "2012-12-31": "20.57%", "2012-09-30": "19.99%", "2012-06-30": "20.00%", "2012-03-31": "18.17%", "2011-12-31": "18.81%", "2011-09-30": "17.28%", "2011-06-30": "14.14%", "2011-03-31": "14.50%", "2010-12-31": "14.53%", "2010-09-30": "12.73%", "2010-06-30": "17.83%", "2010-03-31": "18.23%", "2009-12-31": "21.66%", "2009-09-30": "24.99%", "2009-06-30": "22.09%", "2009-03-31": "21.01%", "2008-12-31": "20.07%", "2008-09-30": "24.66%", "2008-06-30": "20.38%", "2008-03-31": "18.38%", "2007-12-31": "19.16%", "2007-09-30": "16.66%", "2007-06-30": "23.42%", "2007-03-31": "26.09%", "2006-12-31": "26.93%", "2006-09-30": "30.15%", "2006-06-30": "26.60%", "2006-03-31": "26.40%", "2005-12-31": "22.78%"}, "net profit margin": {"2020-12-31": "20.18%", "2020-09-30": "17.85%", "2020-06-30": "28.80%", "2020-03-31": "31.17%", "2019-12-31": "31.45%", "2019-09-30": "30.57%", "2019-06-30": "23.58%", "2019-03-31": "21.31%", "2018-12-31": "20.79%", "2018-09-30": "44.63%", "2018-06-30": "42.35%", "2018-03-31": "41.29%", "2017-12-31": "40.55%", "2017-09-30": "18.69%", "2017-06-30": "15.90%", "2017-03-31": "13.88%", "2016-12-31": "13.66%", "2016-09-30": "11.77%", "2016-06-30": "13.47%", "2016-03-31": "14.95%", "2015-12-31": "14.25%", "2015-09-30": "17.45%", "2015-06-30": "18.46%", "2015-03-31": "18.69%", "2014-12-31": "18.42%", "2014-09-30": "20.93%", "2014-06-30": "20.66%", "2014-03-31": "42.71%", "2013-12-31": "42.65%", "2013-09-30": "50.61%", "2013-06-30": "51.51%", "2013-03-31": "29.75%", "2012-12-31": "26.66%", "2012-09-30": "18.21%", "2012-06-30": "17.97%", "2012-03-31": "16.12%", "2011-12-31": "16.40%", "2011-09-30": "17.62%", "2011-06-30": "13.33%", "2011-03-31": "12.99%", "2010-12-31": "12.67%", "2010-09-30": "9.36%", "2010-06-30": "13.33%", "2010-03-31": "14.43%", "2009-12-31": "17.53%", "2009-09-30": "17.75%", "2009-06-30": "16.32%", "2009-03-31": "17.01%", "2008-12-31": "16.78%", "2008-09-30": "21.63%", "2008-06-30": "18.52%", "2008-03-31": "15.77%", "2007-12-31": "16.82%", "2007-09-30": "30.88%", "2007-06-30": "36.06%", "2007-03-31": "37.92%", "2006-12-31": "39.98%", "2006-09-30": "26.64%", "2006-06-30": "23.40%", "2006-03-31": "25.82%", "2005-12-31": "17.06%"}, "pe ratio": {"current": "12.86", "2021-02-11": "21.39", "2020-12-31": "22.62", "2020-09-30": "21.98", "2020-06-30": "11.93", "2020-03-31": "10.61", "2019-12-31": "12.30", "2019-09-30": "11.21", "2019-06-30": "17.48", "2019-03-31": "19.08", "2018-12-31": "20.38", "2018-09-30": "9.62", "2018-06-30": "8.31", "2018-03-31": "8.37", "2017-12-31": "8.65", "2017-09-30": "18.31", "2017-06-30": "20.33", "2017-03-31": "23.63", "2016-12-31": "22.60", "2016-09-30": "23.95", "2016-06-30": "22.14", "2016-03-31": "17.24", "2015-12-31": "20.24", "2015-09-30": "18.21", "2015-06-30": "18.19", "2015-03-31": "18.33", "2014-12-31": "16.50", "2014-09-30": "13.61", "2014-06-30": "13.80", "2014-03-31": "7.54", "2013-12-31": "7.09", "2013-09-30": "5.75", "2013-06-30": "5.50", "2013-03-31": "9.79", "2012-12-31": "9.04", "2012-09-30": "13.42", "2012-06-30": "11.85", "2012-03-31": "12.48", "2011-12-31": "11.44", "2011-09-30": "8.17", "2011-06-30": "12.64", "2011-03-31": "12.57", "2010-12-31": "11.04", "2010-09-30": "14.33", "2010-06-30": "8.32", "2010-03-31": "9.63", "2009-12-31": "8.92", "2009-09-30": "8.44", "2009-06-30": "8.18", "2009-03-31": "6.91", "2008-12-31": "8.72", "2008-09-30": "6.77", "2008-06-30": "7.39", "2008-03-31": "10.50", "2007-12-31": "10.58", "2007-09-30": "6.40", "2007-06-30": "5.67", "2007-03-31": "5.22", "2006-12-31": "5.13"}, "price sales": {"2021-02-11": "4.07", "2020-12-31": "4.30", "2020-09-30": "3.95", "2020-06-30": "3.45", "2020-03-31": "3.31", "2019-12-31": "3.88", "2019-09-30": "3.48", "2019-06-30": "4.17", "2019-03-31": "4.09", "2018-12-31": "4.23", "2018-09-30": "4.28", "2018-06-30": "3.51", "2018-03-31": "3.45", "2017-12-31": "3.50", "2017-09-30": "3.44", "2017-06-30": "3.23", "2017-03-31": "3.25", "2016-12-31": "3.06", "2016-09-30": "3.15", "2016-06-30": "3.32", "2016-03-31": "2.85", "2015-12-31": "3.21", "2015-09-30": "3.19", "2015-06-30": "3.38", "2015-03-31": "3.44", "2014-12-31": "3.04", "2014-09-30": "2.89", "2014-06-30": "2.89", "2014-03-31": "3.16", "2013-12-31": "3.01", "2013-09-30": "2.90", "2013-06-30": "2.87", "2013-03-31": "2.92", "2012-12-31": "2.43", "2012-09-30": "2.48", "2012-06-30": "2.15", "2012-03-31": "2.03", "2011-12-31": "1.90", "2011-09-30": "1.45", "2011-06-30": "1.70", "2011-03-31": "1.65", "2010-12-31": "1.41", "2010-09-30": "1.31", "2010-06-30": "1.11", "2010-03-31": "1.41", "2009-12-31": "1.57", "2009-09-30": "1.51", "2009-06-30": "1.34", "2009-03-31": "1.17", "2008-12-31": "1.46", "2008-09-30": "1.49", "2008-06-30": "1.40", "2008-03-31": "1.70", "2007-12-31": "1.81", "2007-09-30": "1.96", "2007-06-30": "2.04", "2007-03-31": "1.99", "2006-12-31": "2.07"}, "price book": {"current": "2.97", "2021-02-11": "2.92", "2020-09-30": "2.89", "2020-06-30": "2.59", "2020-03-31": "2.52", "2019-12-31": "3.08", "2019-09-30": "2.71", "2019-06-30": "3.55", "2019-03-31": "3.49", "2018-12-31": "3.40", "2018-09-30": "3.06", "2018-06-30": "2.59", "2018-03-31": "2.49", "2017-12-31": "2.53", "2017-09-30": "2.89", "2017-06-30": "2.80", "2017-03-31": "2.83", "2016-12-31": "2.66", "2016-09-30": "2.58", "2016-06-30": "2.68", "2016-03-31": "2.23", "2015-12-31": "2.38", "2015-09-30": "2.23", "2015-06-30": "2.35", "2015-03-31": "2.40", "2014-12-31": "2.06", "2014-09-30": "1.77", "2014-06-30": "1.81", "2014-03-31": "1.92", "2013-12-31": "1.86", "2013-09-30": "1.71", "2013-06-30": "1.68", "2013-03-31": "1.75", "2012-12-31": "1.57", "2012-09-30": "1.55", "2012-06-30": "1.48", "2012-03-31": "1.39", "2011-12-31": "1.34", "2011-09-30": "1.01", "2011-06-30": "1.20", "2011-03-31": "1.16", "2010-12-31": "1.03", "2010-09-30": "1.00", "2010-06-30": "0.84", "2010-03-31": "0.97", "2009-12-31": "1.01", "2009-09-30": "1.24", "2009-06-30": "0.98", "2009-03-31": "0.92", "2008-12-31": "1.22", "2008-09-30": "1.07", "2008-06-30": "1.01", "2008-03-31": "1.18", "2007-12-31": "1.31", "2007-09-30": "1.37", "2007-06-30": "1.41", "2007-03-31": "1.31", "2006-12-31": "1.37", "2006-09-30": "1.54", "2006-06-30": "1.30", "2006-03-31": "1.35"}, "price fcf": {"2021-02-11": "", "2020-09-30": "$1.84", "2020-06-30": "$2.26", "2020-03-31": "$2.10", "2019-12-31": "$1.83", "2019-09-30": "$1.98", "2019-06-30": "$2.06", "2019-03-31": "$2.26", "2018-12-31": "$2.31", "2018-09-30": "$2.68", "2018-06-30": "$2.63", "2018-03-31": "$2.51", "2017-12-31": "$2.45", "2017-09-30": "$2.27", "2017-06-30": "$2.23", "2017-03-31": "$2.29", "2016-12-31": "$2.33", "2016-09-30": "$2.15", "2016-06-30": "$2.21", "2016-03-31": "$2.30", "2015-12-31": "$2.12", "2015-09-30": "$2.25", "2015-06-30": "$2.16", "2015-03-31": "$2.13", "2014-12-31": "$2.47", "2014-09-30": "$2.37", "2014-06-30": "$2.61", "2014-03-31": "$2.51", "2013-12-31": "$2.39", "2013-09-30": "$2.27", "2013-06-30": "$2.00", "2013-03-31": "$2.01", "2012-12-31": "$2.05", "2012-09-30": "$2.04", "2012-06-30": "$1.94", "2012-03-31": "$2.15", "2011-12-31": "$2.36", "2011-09-30": "$2.49", "2011-06-30": "$2.75", "2011-03-31": "$2.60", "2010-12-31": "$1.23", "2010-09-30": "$1.08", "2010-06-30": "$0.86", "2010-03-31": "$0.93", "2009-12-31": "$2.18", "2009-09-30": "$2.45", "2009-06-30": "$2.40", "2009-03-31": "$2.47", "2008-12-31": "$2.45", "2008-09-30": "$2.07", "2008-06-30": "$2.16", "2008-03-31": "$1.94", "2007-12-31": "$1.65", "2007-09-30": "$1.74", "2007-06-30": "$1.61", "2007-03-31": "$1.78", "2006-12-31": "$2.14"}, "net worth": {"value": "$194.38B"}, "current ratio": {"2020-12-31": "0.00", "2020-09-30": "1.40", "2020-06-30": "1.42", "2020-03-31": "1.03", "2019-12-31": "0.88", "2019-09-30": "0.91", "2019-06-30": "1.47", "2019-03-31": "1.54", "2018-12-31": "1.57", "2018-09-30": "1.43", "2018-06-30": "1.16", "2018-03-31": "1.27", "2017-12-31": "1.35", "2017-09-30": "1.43", "2017-06-30": "1.34", "2017-03-31": "1.44", "2016-12-31": "1.25", "2016-09-30": "1.11", "2016-06-30": "1.37", "2016-03-31": "1.44", "2015-12-31": "1.49", "2015-09-30": "1.62", "2015-06-30": "2.14", "2015-03-31": "2.45", "2014-12-31": "2.58", "2014-09-30": "2.86", "2014-06-30": "2.66", "2014-03-31": "2.33", "2013-12-31": "2.41", "2013-09-30": "2.92", "2013-06-30": "2.62", "2013-03-31": "2.35", "2012-12-31": "2.22", "2012-09-30": "1.96", "2012-06-30": "1.91", "2012-03-31": "2.03", "2011-12-31": "2.10", "2011-09-30": "2.25", "2011-06-30": "1.99", "2011-03-31": "2.00", "2010-12-31": "2.13", "2010-09-30": "2.24", "2010-06-30": "2.07", "2010-03-31": "1.93", "2009-12-31": "1.66", "2009-09-30": "3.08", "2009-06-30": "2.74", "2009-03-31": "2.32", "2008-12-31": "1.60", "2008-09-30": "2.24", "2008-06-30": "2.10", "2008-03-31": "2.35", "2007-12-31": "2.15", "2007-09-30": "2.92", "2007-06-30": "2.75", "2007-03-31": "3.18", "2006-12-31": "2.16", "2006-09-30": "2.19", "2006-06-30": "2.04", "2006-03-31": "1.90", "2005-12-31": "1.65", "2005-09-30": "1.61", "2005-06-30": "1.49", "2005-03-31": "1.46"}, "quick ratio": {"2020-12-31": "0.00", "2020-09-30": "1.13", "2020-06-30": "1.16", "2020-03-31": "0.78", "2019-12-31": "0.66", "2019-09-30": "0.68", "2019-06-30": "1.21", "2019-03-31": "1.27", "2018-12-31": "1.33", "2018-09-30": "1.15", "2018-06-30": "0.91", "2018-03-31": "0.98", "2017-12-31": "1.10", "2017-09-30": "1.15", "2017-06-30": "1.06", "2017-03-31": "1.15", "2016-12-31": "1.03", "2016-09-30": "0.89", "2016-06-30": "1.13", "2016-03-31": "1.17", "2015-12-31": "1.23", "2015-09-30": "1.34", "2015-06-30": "1.90", "2015-03-31": "2.16", "2014-12-31": "2.31", "2014-09-30": "2.54", "2014-06-30": "2.37", "2014-03-31": "2.09", "2013-12-31": "2.14", "2013-09-30": "2.60", "2013-06-30": "2.35", "2013-03-31": "2.10", "2012-12-31": "2.01", "2012-09-30": "1.70", "2012-06-30": "1.68", "2012-03-31": "1.76", "2011-12-31": "1.88", "2011-09-30": "1.95", "2011-06-30": "1.70", "2011-03-31": "1.71", "2010-12-31": "1.84", "2010-09-30": "1.88", "2010-06-30": "1.69", "2010-03-31": "1.54", "2009-12-31": "1.32", "2009-09-30": "2.87", "2009-06-30": "2.55", "2009-03-31": "2.13", "2008-12-31": "1.43", "2008-09-30": "2.02", "2008-06-30": "1.87", "2008-03-31": "2.12", "2007-12-31": "1.90", "2007-09-30": "2.56", "2007-06-30": "2.37", "2007-03-31": "2.76", "2006-12-31": "1.88", "2006-09-30": "1.84", "2006-06-30": "1.73", "2006-03-31": "1.56", "2005-12-31": "1.46", "2005-09-30": "1.29", "2005-06-30": "1.20", "2005-03-31": "1.24"}, "debt equity ratio": {"current": "0.76", "2020-12-31": "0.00", "2020-09-30": "1.73", "2020-06-30": "1.76", "2020-03-31": "1.55", "2019-12-31": "1.64", "2019-09-30": "1.61", "2019-06-30": "1.61", "2019-03-31": "1.63", "2018-12-31": "1.50", "2018-09-30": "1.34", "2018-06-30": "1.35", "2018-03-31": "1.33", "2017-12-31": "1.40", "2017-09-30": "1.82", "2017-06-30": "1.87", "2017-03-31": "1.87", "2016-12-31": "1.87", "2016-09-30": "1.81", "2016-06-30": "1.71", "2016-03-31": "1.57", "2015-12-31": "1.58", "2015-09-30": "1.55", "2015-06-30": "1.40", "2015-03-31": "1.38", "2014-12-31": "1.34", "2014-09-30": "1.19", "2014-06-30": "1.24", "2014-03-31": "1.20", "2013-12-31": "1.25", "2013-09-30": "1.24", "2013-06-30": "1.27", "2013-03-31": "1.26", "2012-12-31": "1.28", "2012-09-30": "1.22", "2012-06-30": "1.29", "2012-03-31": "1.22", "2011-12-31": "1.28", "2011-09-30": "1.17", "2011-06-30": "1.20", "2011-03-31": "1.15", "2010-12-31": "1.21", "2010-09-30": "1.17", "2010-06-30": "1.20", "2010-03-31": "1.17", "2009-12-31": "1.35", "2009-09-30": "1.13", "2009-06-30": "1.20", "2009-03-31": "1.03", "2008-12-31": "0.93", "2008-09-30": "0.71", "2008-06-30": "0.75", "2008-03-31": "0.76", "2007-12-31": "0.77", "2007-09-30": "0.64", "2007-06-30": "0.62", "2007-03-31": "0.52", "2006-12-31": "0.62", "2006-09-30": "0.56", "2006-06-30": "0.63", "2006-03-31": "0.62", "2005-12-31": "0.78", "2005-09-30": "0.65", "2005-06-30": "0.72", "2005-03-31": "0.82"}, "return on equity": {"2020-12-31": "19.68%", "2020-09-30": "13.42%", "2020-06-30": "21.91%", "2020-03-31": "24.86%", "2019-12-31": "26.25%", "2019-09-30": "26.13%", "2019-06-30": "19.88%", "2019-03-31": "17.34%", "2018-12-31": "16.16%", "2018-09-30": "33.55%", "2018-06-30": "32.98%", "2018-03-31": "33.20%", "2017-12-31": "34.06%", "2017-09-30": "16.46%", "2017-06-30": "13.82%", "2017-03-31": "11.90%", "2016-12-31": "11.55%", "2016-09-30": "9.83%", "2016-06-30": "10.90%", "2016-03-31": "11.61%", "2015-12-31": "10.43%", "2015-09-30": "12.23%", "2015-06-30": "12.50%", "2015-03-31": "12.47%", "2014-12-31": "11.98%", "2014-09-30": "13.52%", "2014-06-30": "13.42%", "2014-03-31": "27.67%", "2013-12-31": "27.78%", "2013-09-30": "32.00%", "2013-06-30": "32.39%", "2013-03-31": "19.02%", "2012-12-31": "17.80%", "2012-09-30": "11.81%", "2012-06-30": "12.14%", "2012-03-31": "11.08%", "2011-12-31": "11.35%", "2011-09-30": "12.79%", "2011-06-30": "9.65%", "2011-03-31": "9.56%", "2010-12-31": "9.35%", "2010-09-30": "6.90%", "2010-06-30": "9.77%", "2010-03-31": "10.23%", "2009-12-31": "12.32%", "2009-09-30": "13.14%", "2009-06-30": "12.11%", "2009-03-31": "12.77%", "2008-12-31": "12.51%", "2008-09-30": "15.86%", "2008-06-30": "13.62%", "2008-03-31": "11.28%", "2007-12-31": "11.97%", "2007-09-30": "21.35%", "2007-06-30": "24.81%", "2007-03-31": "26.40%", "2006-12-31": "27.71%", "2006-09-30": "18.45%", "2006-06-30": "16.03%", "2006-03-31": "17.79%", "2005-12-31": "12.18%"}, "return on assets": {"2020-12-31": "7.35%", "2020-09-30": "5.03%", "2020-06-30": "8.31%", "2020-03-31": "9.56%", "2019-12-31": "10.02%", "2019-09-30": "10.11%", "2019-06-30": "7.92%", "2019-03-31": "7.09%", "2018-12-31": "6.79%", "2018-09-30": "14.24%", "2018-06-30": "13.39%", "2018-03-31": "12.85%", "2017-12-31": "12.51%", "2017-09-30": "5.76%", "2017-06-30": "4.84%", "2017-03-31": "4.23%", "2016-12-31": "4.22%", "2016-09-30": "3.69%", "2016-06-30": "4.19%", "2016-03-31": "4.61%", "2015-12-31": "4.22%", "2015-09-30": "5.07%", "2015-06-30": "5.39%", "2015-03-31": "5.46%", "2014-12-31": "5.35%", "2014-09-30": "6.09%", "2014-06-30": "6.01%", "2014-03-31": "12.35%", "2013-12-31": "12.32%", "2013-09-30": "14.15%", "2013-06-30": "14.35%", "2013-03-31": "8.41%", "2012-12-31": "7.91%", "2012-09-30": "5.25%", "2012-06-30": "5.43%", "2012-03-31": "5.00%", "2011-12-31": "5.17%", "2011-09-30": "5.86%", "2011-06-30": "4.42%", "2011-03-31": "4.38%", "2010-12-31": "4.27%", "2010-09-30": "3.10%", "2010-06-30": "4.40%", "2010-03-31": "4.61%", "2009-12-31": "5.60%", "2009-09-30": "6.32%", "2009-06-30": "6.17%", "2009-03-31": "6.91%", "2008-12-31": "7.02%", "2008-09-30": "9.07%", "2008-06-30": "7.88%", "2008-03-31": "6.65%", "2007-12-31": "7.32%", "2007-09-30": "13.35%", "2007-06-30": "15.70%", "2007-03-31": "16.69%", "2006-12-31": "17.24%", "2006-09-30": "11.22%", "2006-06-30": "9.60%", "2006-03-31": "10.51%", "2005-12-31": "6.99%"}, "return on investments": {"2020-12-31": "13.41%", "2020-09-30": "11.17%", "2020-06-30": "11.19%", "2020-03-31": "12.91%", "2019-12-31": "13.45%", "2019-09-30": "14.34%", "2019-06-30": "15.02%", "2019-03-31": "14.61%", "2018-12-31": "13.88%", "2018-09-30": "13.59%", "2018-06-30": "13.82%", "2018-03-31": "13.80%", "2017-12-31": "14.12%", "2017-09-30": "14.06%", "2017-06-30": "13.43%", "2017-03-31": "13.12%", "2016-12-31": "13.13%", "2016-09-30": "13.13%", "2016-06-30": "13.41%", "2016-03-31": "13.52%", "2015-12-31": "12.42%", "2015-09-30": "12.44%", "2015-06-30": "12.34%", "2015-03-31": "12.23%", "2014-12-31": "12.38%", "2014-09-30": "13.10%", "2014-06-30": "13.37%", "2014-03-31": "13.64%", "2013-12-31": "13.74%", "2013-09-30": "13.13%", "2013-06-30": "12.83%", "2013-03-31": "13.34%", "2012-12-31": "13.45%", "2012-09-30": "12.74%", "2012-06-30": "12.69%", "2012-03-31": "11.63%", "2011-12-31": "11.31%", "2011-09-30": "11.08%", "2011-06-30": "10.80%", "2011-03-31": "10.94%", "2010-12-31": "10.59%", "2010-09-30": "8.94%", "2010-06-30": "9.77%", "2010-03-31": "9.46%", "2009-12-31": "10.72%", "2009-09-30": "15.76%", "2009-06-30": "16.09%", "2009-03-31": "16.58%", "2008-12-31": "16.20%", "2008-09-30": "15.73%", "2008-06-30": "11.66%", "2008-03-31": "9.64%", "2007-12-31": "10.16%", "2007-09-30": "9.21%", "2007-06-30": "13.41%", "2007-03-31": "15.51%", "2006-12-31": "16.05%", "2006-09-30": "17.52%", "2006-06-30": "15.32%", "2006-03-31": "15.47%", "2005-12-31": "15.49%"}, "return on tangible equity": {"2020-09-30": "-31.30%", "2020-06-30": "-48.08%", "2020-03-31": "-54.02%", "2019-12-31": "-55.32%", "2019-09-30": "-57.94%", "2019-06-30": "-46.45%", "2019-03-31": "-39.99%", "2018-12-31": "-37.19%", "2018-09-30": "-74.36%", "2018-06-30": "-62.82%", "2018-03-31": "-54.73%", "2017-12-31": "-49.06%", "2017-09-30": "-20.88%", "2017-06-30": "-17.51%", "2017-03-31": "-16.86%", "2016-12-31": "-19.29%", "2016-09-30": "-19.91%", "2016-06-30": "-27.51%", "2016-03-31": "-38.29%", "2015-12-31": "-43.91%", "2015-09-30": "-73.63%", "2015-06-30": "-155.92%", "2015-03-31": "-203.23%", "2014-12-31": "-304.70%", "2014-09-30": "-359.26%", "2014-06-30": "-268.97%", "2014-03-31": "-489.67%", "2013-12-31": "-436.94%", "2013-09-30": "-468.44%", "2013-06-30": "-392.72%", "2013-03-31": "-179.32%", "2012-12-31": "-132.53%", "2012-09-30": "-77.59%", "2012-06-30": "-80.20%", "2012-03-31": "-74.87%", "2011-12-31": "-80.67%", "2011-09-30": "-92.21%", "2011-06-30": "-64.11%", "2011-03-31": "-57.43%", "2010-12-31": "-52.34%", "2010-09-30": "-35.14%", "2010-06-30": "-119.98%", "2010-03-31": "196.24%", "2009-12-31": "62.52%", "2009-09-30": "34.71%", "2009-06-30": "32.61%", "2009-03-31": "34.77%", "2008-12-31": "33.59%", "2008-09-30": "41.79%", "2008-06-30": "36.74%", "2008-03-31": "30.85%", "2007-12-31": "32.64%", "2007-09-30": "57.85%", "2007-06-30": "68.68%", "2007-03-31": "75.34%", "2006-12-31": "87.34%", "2006-09-30": "62.35%", "2006-06-30": "60.55%", "2006-03-31": "76.40%", "2005-12-31": "56.40%"}, "dividend yield history": {"last payout": "$1.56", "last yield": "4.46%"}}