{"ticker": "PFG", "price": {"title": "Principal Financial Historical Annual Stock Price Data", "value": 54.05, "historical": {"2020": {"Average Stock Price": "43.0454", "Year Open": "55.7300", "Year High": "57.0800", "Year Low": "24.1600", "Year Close": "49.6100", "Annual % Change": "-9.80%"}, "2019": {"Average Stock Price": "53.9730", "Year Open": "44.3600", "Year High": "60.6800", "Year Low": "43.3900", "Year Close": "55.0000", "Annual % Change": "24.52%"}, "2018": {"Average Stock Price": "57.1508", "Year Open": "70.3800", "Year High": "75.0400", "Year Low": "41.0800", "Year Close": "44.1700", "Annual % Change": "-37.40%"}, "2017": {"Average Stock Price": "64.4249", "Year Open": "58.5800", "Year High": "71.7600", "Year Low": "57.0900", "Year Close": "70.5600", "Annual % Change": "21.95%"}, "2016": {"Average Stock Price": "45.9182", "Year Open": "44.0400", "Year High": "60.8600", "Year Low": "34.3400", "Year Close": "57.8600", "Annual % Change": "28.63%"}, "2015": {"Average Stock Price": "50.6917", "Year Open": "51.8100", "Year High": "57.9800", "Year Low": "43.8200", "Year Close": "44.9800", "Annual % Change": "-13.40%"}, "2014": {"Average Stock Price": "49.2996", "Year Open": "48.6200", "Year High": "54.6200", "Year Low": "41.7100", "Year Close": "51.9400", "Annual % Change": "5.33%"}, "2013": {"Average Stock Price": "39.4229", "Year Open": "29.0900", "Year High": "50.6300", "Year Low": "28.8700", "Year Close": "49.3100", "Annual % Change": "72.90%"}, "2012": {"Average Stock Price": "26.8962", "Year Open": "25.2600", "Year High": "29.9300", "Year Low": "23.2300", "Year Close": "28.5200", "Annual % Change": "15.93%"}, "2011": {"Average Stock Price": "28.3210", "Year Open": "33.5600", "Year High": "34.6900", "Year Low": "21.2200", "Year Close": "24.6000", "Annual % Change": "-24.45%"}, "2010": {"Average Stock Price": "26.5700", "Year Open": "25.0000", "Year High": "33.3200", "Year Low": "21.4500", "Year Close": "32.5600", "Annual % Change": "35.44%"}, "2009": {"Average Stock Price": "20.3714", "Year Open": "23.6000", "Year High": "30.8300", "Year Low": "5.8800", "Year Close": "24.0400", "Annual % Change": "6.51%"}, "2008": {"Average Stock Price": "43.2139", "Year Open": "67.9600", "Year High": "67.9900", "Year Low": "9.4300", "Year Close": "22.5700", "Annual % Change": "-67.21%"}, "2007": {"Average Stock Price": "61.3586", "Year Open": "59.3200", "Year High": "70.7200", "Year Low": "52.7700", "Year Close": "68.8400", "Annual % Change": "17.27%"}, "2006": {"Average Stock Price": "52.8561", "Year Open": "47.7300", "Year High": "59.3400", "Year Low": "45.9700", "Year Close": "58.7000", "Annual % Change": "23.76%"}, "2005": {"Average Stock Price": "43.3738", "Year Open": "40.5600", "Year High": "51.9000", "Year Low": "36.9100", "Year Close": "47.4300", "Annual % Change": "15.85%"}, "2004": {"Average Stock Price": "35.7312", "Year Open": "32.9300", "Year High": "41.2100", "Year Low": "32.2200", "Year Close": "40.9400", "Annual % Change": "23.80%"}, "2003": {"Average Stock Price": "30.8866", "Year Open": "30.5800", "Year High": "34.3000", "Year Low": "25.8300", "Year Close": "33.0700", "Annual % Change": "9.76%"}, "2002": {"Average Stock Price": "27.4238", "Year Open": "23.8300", "Year High": "31.0000", "Year Low": "22.5000", "Year Close": "30.1300", "Annual % Change": "25.54%"}, "2001": {"Average Stock Price": "22.6963", "Year Open": "21.0000", "Year High": "24.0800", "Year Low": "21.0000", "Year Close": "24.0000", "Annual % Change": "0.00%"}}}, "market cap": {"value": "$14.95B"}, "income statement": {"Revenue": {"2020-12-31": "14741.70000", "2019-12-31": "16222.10000", "2018-12-31": "14237.20000", "2017-12-31": "14093.20000", "2016-12-31": "12394.10000", "2015-12-31": "11964.40000", "2014-12-31": "10477.60000", "2013-12-31": "9289.50000", "2012-12-31": "9215.10000", "2011-12-31": "8670.70000", "2010-12-31": "9198.20000", "2009-12-31": "8849.10000", "2008-12-31": "9935.90000", "2007-12-31": "10906.50000", "2006-12-31": "9873.10000", "2005-12-31": "9039.60000"}, "Cost Of Goods Sold": {"2020-12-31": "8401.70000", "2019-12-31": "10024.90000", "2018-12-31": "8316.10000", "2017-12-31": "7947.20000", "2016-12-31": "7069.80000", "2015-12-31": "6861.20000", "2014-12-31": "5408.40000", "2013-12-31": "4872.60000", "2012-12-31": "5321.60000", "2011-12-31": "4826.80000", "2010-12-31": "5424.20000", "2009-12-31": "5576.70000", "2008-12-31": "6487.20000", "2007-12-31": "6729.10000", "2006-12-31": "5983.10000", "2005-12-31": "5575.90000"}, "Gross Profit": {"2020-12-31": "6340.00000", "2019-12-31": "6197.20000", "2018-12-31": "5921.10100", "2017-12-31": "6146.00000", "2016-12-31": "5324.29900", "2015-12-31": "5103.20000", "2014-12-31": "5069.20000", "2013-12-31": "4416.90000", "2012-12-31": "3893.50000", "2011-12-31": "3843.90000", "2010-12-31": "3774.00000", "2009-12-31": "3272.39900", "2008-12-31": "3448.70100", "2007-12-31": "4177.40000", "2006-12-31": "3890.00000", "2005-12-31": "3463.70000"}, "Research And Development Expenses": {"2020-12-31": "", "2019-12-31": "", "2018-12-31": "", "2017-12-31": "", "2016-12-31": "", "2015-12-31": "", "2014-12-31": "", "2013-12-31": "", "2012-12-31": "", "2011-12-31": "", "2010-12-31": "", "2009-12-31": "", "2008-12-31": "", "2007-12-31": "", "2006-12-31": "", "2005-12-31": ""}, "SG&A Expenses": {"2020-12-31": "", "2019-12-31": "", "2018-12-31": "", "2017-12-31": "", "2016-12-31": "", "2015-12-31": "", "2014-12-31": "", "2013-12-31": "", "2012-12-31": "", "2011-12-31": "", "2010-12-31": "", "2009-12-31": "", "2008-12-31": "", "2007-12-31": "", "2006-12-31": "", "2005-12-31": ""}, "Other Operating Income Or Expenses": {"2020-12-31": "-4646.50000", "2019-12-31": "-4503.90000", "2018-12-31": "-4136.70000", "2017-12-31": "-3893.80000", "2016-12-31": "-3732.60000", "2015-12-31": "-3672.40000", "2014-12-31": "-3574.30000", "2013-12-31": "-3292.90000", "2012-12-31": "-2933.50000", "2011-12-31": "-2971.10000", "2010-12-31": "-2988.30000", "2009-12-31": "-2526.60000", "2008-12-31": "-2987.40000", "2007-12-31": "-3105.00000", "2006-12-31": "-2558.70000", "2005-12-31": "-2342.10000"}, "Operating Expenses": {"2020-12-31": "13048.20000", "2019-12-31": "14528.80000", "2018-12-31": "12452.80000", "2017-12-31": "11841.00000", "2016-12-31": "10802.40000", "2015-12-31": "10533.60000", "2014-12-31": "8982.70000", "2013-12-31": "8165.50000", "2012-12-31": "8255.10000", "2011-12-31": "7797.90000", "2010-12-31": "8412.50000", "2009-12-31": "8103.30000", "2008-12-31": "9474.60000", "2007-12-31": "9834.10000", "2006-12-31": "8541.80000", "2005-12-31": "7918.00000"}, "Operating Income": {"2020-12-31": "1693.50000", "2019-12-31": "1693.30100", "2018-12-31": "1784.40000", "2017-12-31": "2252.20000", "2016-12-31": "1591.69900", "2015-12-31": "1430.80100", "2014-12-31": "1494.89900", "2013-12-31": "1124.00000", "2012-12-31": "960.00000", "2011-12-31": "872.79980", "2010-12-31": "785.70020", "2009-12-31": "745.79930", "2008-12-31": "461.30080", "2007-12-31": "1072.40000", "2006-12-31": "1331.30000", "2005-12-31": "1121.60000"}, "Total Non-Operating Income/Expense": {"2020-12-31": "", "2019-12-31": "", "2018-12-31": "", "2017-12-31": "", "2016-12-31": "", "2015-12-31": "", "2014-12-31": "", "2013-12-31": "", "2012-12-31": "", "2011-12-31": "", "2010-12-31": "", "2009-12-31": "", "2008-12-31": "", "2007-12-31": "", "2006-12-31": "", "2005-12-31": ""}, "Pre-Tax Income": {"2020-12-31": "1693.50000", "2019-12-31": "1693.30000", "2018-12-31": "1784.40000", "2017-12-31": "2252.20000", "2016-12-31": "1591.70000", "2015-12-31": "1430.80000", "2014-12-31": "1494.90000", "2013-12-31": "1124.00000", "2012-12-31": "960.00000", "2011-12-31": "872.80000", "2010-12-31": "785.70000", "2009-12-31": "745.80000", "2008-12-31": "461.30000", "2007-12-31": "1072.40000", "2006-12-31": "1331.30000", "2005-12-31": "1121.60000"}, "Income Taxes": {"2020-12-31": "265.00000", "2019-12-31": "249.20000", "2018-12-31": "230.70000", "2017-12-31": "-72.30000", "2016-12-31": "229.90000", "2015-12-31": "177.60000", "2014-12-31": "318.50000", "2013-12-31": "187.90000", "2012-12-31": "134.60000", "2011-12-31": "198.30000", "2010-12-31": "104.90000", "2009-12-31": "100.10000", "2008-12-31": "-4.50000", "2007-12-31": "208.10000", "2006-12-31": "295.90000", "2005-12-31": "231.40000"}, "Income After Taxes": {"2020-12-31": "1428.50000", "2019-12-31": "1444.10000", "2018-12-31": "1553.70000", "2017-12-31": "2324.50000", "2016-12-31": "1361.80000", "2015-12-31": "1253.20000", "2014-12-31": "1176.40000", "2013-12-31": "936.10000", "2012-12-31": "825.40000", "2011-12-31": "674.50000", "2010-12-31": "680.80000", "2009-12-31": "645.70000", "2008-12-31": "465.80000", "2007-12-31": "864.30000", "2006-12-31": "1035.40000", "2005-12-31": "890.20000"}, "Other Income": {"2020-12-31": "", "2019-12-31": "", "2018-12-31": "", "2017-12-31": "", "2016-12-31": "", "2015-12-31": "", "2014-12-31": "", "2013-12-31": "", "2012-12-31": "", "2011-12-31": "", "2010-12-31": "", "2009-12-31": "", "2008-12-31": "", "2007-12-31": "", "2006-12-31": "", "2005-12-31": ""}, "Income From Continuous Operations": {"2020-12-31": "1428.50000", "2019-12-31": "1444.10000", "2018-12-31": "1553.70000", "2017-12-31": "2324.50000", "2016-12-31": "1361.80000", "2015-12-31": "1253.20000", "2014-12-31": "1176.40000", "2013-12-31": "936.10000", "2012-12-31": "825.40000", "2011-12-31": "674.50000", "2010-12-31": "680.80000", "2009-12-31": "645.70000", "2008-12-31": "465.80000", "2007-12-31": "864.30000", "2006-12-31": "1035.40000", "2005-12-31": "890.20000"}, "Income From Discontinued Operations": {"2020-12-31": "", "2019-12-31": "", "2018-12-31": "", "2017-12-31": "", "2016-12-31": "", "2015-12-31": "", "2014-12-31": "", "2013-12-31": "", "2012-12-31": "", "2011-12-31": "", "2010-12-31": "", "2009-12-31": "", "2008-12-31": "", "2007-12-31": "20.20000", "2006-12-31": "28.90000", "2005-12-31": "28.80000"}, "Net Income": {"2020-12-31": "1395.80000", "2019-12-31": "1394.20000", "2018-12-31": "1546.50000", "2017-12-31": "2310.40000", "2016-12-31": "1316.50000", "2015-12-31": "1209.30000", "2014-12-31": "1091.40000", "2013-12-31": "879.70000", "2012-12-31": "773.60000", "2011-12-31": "605.30000", "2010-12-31": "629.90000", "2009-12-31": "589.70000", "2008-12-31": "425.10000", "2007-12-31": "827.30000", "2006-12-31": "1031.30000", "2005-12-31": "901.30000"}, "EBITDA": {"2020-12-31": "1693.50000", "2019-12-31": "2291.50100", "2018-12-31": "2266.80000", "2017-12-31": "2682.50000", "2016-12-31": "2063.39900", "2015-12-31": "1894.60100", "2014-12-31": "2031.59900", "2013-12-31": "1465.00000", "2012-12-31": "1187.00000", "2011-12-31": "1264.10000", "2010-12-31": "1219.10000", "2009-12-31": "976.49930", "2008-12-31": "980.00080", "2007-12-31": "1559.90000", "2006-12-31": "1671.80000", "2005-12-31": "1466.60000"}, "EBIT": {"2020-12-31": "1693.50000", "2019-12-31": "1693.30100", "2018-12-31": "1784.40000", "2017-12-31": "2252.20000", "2016-12-31": "1591.69900", "2015-12-31": "1430.80100", "2014-12-31": "1494.89900", "2013-12-31": "1124.00000", "2012-12-31": "960.00000", "2011-12-31": "872.79980", "2010-12-31": "785.70020", "2009-12-31": "745.79930", "2008-12-31": "461.30080", "2007-12-31": "1072.40000", "2006-12-31": "1331.30000", "2005-12-31": "1121.60000"}, "Basic Shares Outstanding": {"2020-12-31": "274.70000", "2019-12-31": "278.60000", "2018-12-31": "285.80000", "2017-12-31": "288.90000", "2016-12-31": "289.40000", "2015-12-31": "294.40000", "2014-12-31": "294.70000", "2013-12-31": "294.60000", "2012-12-31": "297.50000", "2011-12-31": "314.50000", "2010-12-31": "320.30000", "2009-12-31": "297.30000", "2008-12-31": "259.30000", "2007-12-31": "265.40000", "2006-12-31": "272.90000", "2005-12-31": "287.90000"}, "Shares Outstanding": {"2020-12-31": "276.60000", "2019-12-31": "281.00000", "2018-12-31": "288.80000", "2017-12-31": "293.10000", "2016-12-31": "292.70000", "2015-12-31": "298.00000", "2014-12-31": "298.70000", "2013-12-31": "298.20000", "2012-12-31": "300.40000", "2011-12-31": "317.60000", "2010-12-31": "323.00000", "2009-12-31": "298.90000", "2008-12-31": "261.10000", "2007-12-31": "268.10000", "2006-12-31": "275.50000", "2005-12-31": "289.90000"}, "Basic EPS": {"2020-12-31": "5.08000", "2019-12-31": "5.00000", "2018-12-31": "5.41000", "2017-12-31": "8.00000", "2016-12-31": "4.55000", "2015-12-31": "4.11000", "2014-12-31": "3.70000", "2013-12-31": "2.99000", "2012-12-31": "2.60000", "2011-12-31": "1.92000", "2010-12-31": "1.97000", "2009-12-31": "1.98000", "2008-12-31": "1.64000", "2007-12-31": "3.12000", "2006-12-31": "3.78000", "2005-12-31": "3.13000"}, "EPS - Earnings Per Share": {"2020-12-31": "5.05000", "2019-12-31": "4.96000", "2018-12-31": "5.36000", "2017-12-31": "7.88000", "2016-12-31": "4.50000", "2015-12-31": "4.06000", "2014-12-31": "3.65000", "2013-12-31": "2.95000", "2012-12-31": "2.58000", "2011-12-31": "1.91000", "2010-12-31": "1.95000", "2009-12-31": "1.97000", "2008-12-31": "1.63000", "2007-12-31": "3.09000", "2006-12-31": "3.74000", "2005-12-31": "3.11000"}}, "income statement, quarterly": {"Revenue": {"2020-12-31": "3765.10000", "2020-09-30": "3310.70000", "2020-06-30": "3114.60000", "2020-03-31": "4551.30000", "2019-12-31": "4047.19900", "2019-09-30": "4458.40000", "2019-06-30": "3972.60000", "2019-03-31": "3743.90000", "2018-12-31": "3770.60000", "2018-09-30": "4348.10000", "2018-06-30": "3234.90000", "2018-03-31": "2883.60000", "2017-12-31": "3237.70100", "2017-09-30": "4627.80000", "2017-06-30": "3178.30000", "2017-03-31": "3049.40000", "2016-12-31": "3513.79900", "2016-09-30": "2818.00000", "2016-06-30": "3025.70000", "2016-03-31": "3036.60000", "2015-12-31": "2807.00000", "2015-09-30": "3240.90000", "2015-06-30": "3259.20000", "2015-03-31": "2657.30000", "2014-12-31": "2908.00000", "2014-09-30": "2484.30000", "2014-06-30": "2606.70000", "2014-03-31": "2478.60000", "2013-12-31": "2672.60000", "2013-09-30": "2239.60000", "2013-06-30": "2210.60000", "2013-03-31": "2166.70000", "2012-12-31": "2295.89900", "2012-09-30": "2704.70000", "2012-06-30": "2118.60000", "2012-03-31": "2095.90000", "2011-12-31": "2058.80000", "2011-09-30": "2093.60000", "2011-06-30": "2296.40000", "2011-03-31": "2221.90000", "2010-12-31": "2412.10000", "2010-09-30": "2288.50000", "2010-06-30": "2233.60000", "2010-03-31": "2264.00000", "2009-12-31": "2232.40000", "2009-09-30": "2270.30000", "2009-06-30": "2157.80000", "2009-03-31": "2188.60000", "2008-12-31": "2279.30100", "2008-09-30": "2497.80000", "2008-06-30": "2658.10000", "2008-03-31": "2500.70000", "2007-12-31": "2564.10000", "2007-09-30": "2849.60000", "2007-06-30": "2831.80000", "2007-03-31": "2661.00000", "2006-12-31": "2561.49900", "2006-09-30": "2449.60000", "2006-06-30": "2459.80000", "2006-03-31": "2402.20000", "2005-12-31": "2477.10000", "2005-09-30": "2218.40000", "2005-06-30": "2200.40000", "2005-03-31": "2143.70000"}, "Cost Of Goods Sold": {"2020-12-31": "2011.70000", "2020-09-30": "1869.70000", "2020-06-30": "1632.70000", "2020-03-31": "2887.60000", "2019-12-31": "2453.30000", "2019-09-30": "2870.40000", "2019-06-30": "2476.00000", "2019-03-31": "2225.20000", "2018-12-31": "2471.10000", "2018-09-30": "2674.00000", "2018-06-30": "1729.40000", "2018-03-31": "1441.60000", "2017-12-31": "1833.80000", "2017-09-30": "2537.20000", "2017-06-30": "1884.00000", "2017-03-31": "1692.20000", "2016-12-31": "2146.90000", "2016-09-30": "1527.70000", "2016-06-30": "1697.90000", "2016-03-31": "1697.30000", "2015-12-31": "1577.20000", "2015-09-30": "1910.30000", "2015-06-30": "2095.70000", "2015-03-31": "1278.00000", "2014-12-31": "1664.20000", "2014-09-30": "1158.00000", "2014-06-30": "1313.00000", "2014-03-31": "1273.20000", "2013-12-31": "1441.90000", "2013-09-30": "1144.70000", "2013-06-30": "1143.20000", "2013-03-31": "1142.80000", "2012-12-31": "1202.60000", "2012-09-30": "1696.70000", "2012-06-30": "1159.50000", "2012-03-31": "1262.80000", "2011-12-31": "1170.40000", "2011-09-30": "1167.10000", "2011-06-30": "1246.80000", "2011-03-31": "1242.50000", "2010-12-31": "1326.90000", "2010-09-30": "1373.50000", "2010-06-30": "1392.00000", "2010-03-31": "1331.80000", "2009-12-31": "1430.40000", "2009-09-30": "1379.00000", "2009-06-30": "1397.20000", "2009-03-31": "1370.10000", "2008-12-31": "1573.80000", "2008-09-30": "1667.60000", "2008-06-30": "1703.00000", "2008-03-31": "1542.80000", "2007-12-31": "1781.30000", "2007-09-30": "1717.10000", "2007-06-30": "1658.70000", "2007-03-31": "1572.00000", "2006-12-31": "1538.10000", "2006-09-30": "1499.20000", "2006-06-30": "1532.10000", "2006-03-31": "1413.70000", "2005-12-31": "1576.80000", "2005-09-30": "1355.20000", "2005-06-30": "1336.70000", "2005-03-31": "1307.20000"}, "Gross Profit": {"2020-12-31": "1753.40000", "2020-09-30": "1441.00000", "2020-06-30": "1481.90000", "2020-03-31": "1663.70000", "2019-12-31": "1593.90000", "2019-09-30": "1588.00000", "2019-06-30": "1496.60000", "2019-03-31": "1518.70000", "2018-12-31": "1299.50000", "2018-09-30": "1674.10000", "2018-06-30": "1505.50000", "2018-03-31": "1442.00000", "2017-12-31": "1403.90100", "2017-09-30": "2090.60000", "2017-06-30": "1294.30000", "2017-03-31": "1357.20000", "2016-12-31": "1366.89900", "2016-09-30": "1290.30000", "2016-06-30": "1327.80000", "2016-03-31": "1339.30000", "2015-12-31": "1229.80000", "2015-09-30": "1330.60000", "2015-06-30": "1163.50000", "2015-03-31": "1379.30000", "2014-12-31": "1243.79900", "2014-09-30": "1326.30000", "2014-06-30": "1293.70000", "2014-03-31": "1205.40000", "2013-12-31": "1230.70000", "2013-09-30": "1094.90000", "2013-06-30": "1067.40000", "2013-03-31": "1023.90000", "2012-12-31": "1093.30000", "2012-09-30": "1008.00000", "2012-06-30": "959.10010", "2012-03-31": "833.09990", "2011-12-31": "888.40000", "2011-09-30": "926.50010", "2011-06-30": "1049.60000", "2011-03-31": "979.39990", "2010-12-31": "1085.20000", "2010-09-30": "915.00000", "2010-06-30": "841.60010", "2010-03-31": "932.20000", "2009-12-31": "802.00000", "2009-09-30": "891.30000", "2009-06-30": "760.60000", "2009-03-31": "818.50010", "2008-12-31": "705.50040", "2008-09-30": "830.20010", "2008-06-30": "955.10010", "2008-03-31": "957.89990", "2007-12-31": "782.79990", "2007-09-30": "1132.50000", "2007-06-30": "1173.10000", "2007-03-31": "1089.00000", "2006-12-31": "1023.39900", "2006-09-30": "950.40010", "2006-06-30": "927.70010", "2006-03-31": "988.49990", "2005-12-31": "900.30000", "2005-09-30": "863.19980", "2005-06-30": "863.70000", "2005-03-31": "836.49990"}, "Research And Development Expenses": {"2020-12-31": "", "2020-09-30": "", "2020-06-30": "", "2020-03-31": "", "2019-12-31": "", "2019-09-30": "", "2019-06-30": "", "2019-03-31": "", "2018-12-31": "", "2018-09-30": "", "2018-06-30": "", "2018-03-31": "", "2017-12-31": "", "2017-09-30": "", "2017-06-30": "", "2017-03-31": "", "2016-12-31": "", "2016-09-30": "", "2016-06-30": "", "2016-03-31": "", "2015-12-31": "", "2015-09-30": "", "2015-06-30": "", "2015-03-31": "", "2014-12-31": "", "2014-09-30": "", "2014-06-30": "", "2014-03-31": "", "2013-12-31": "", "2013-09-30": "", "2013-06-30": "", "2013-03-31": "", "2012-12-31": "", "2012-09-30": "", "2012-06-30": "", "2012-03-31": "", "2011-12-31": "", "2011-09-30": "", "2011-06-30": "", "2011-03-31": "", "2010-12-31": "", "2010-09-30": "", "2010-06-30": "", "2010-03-31": "", "2009-12-31": "", "2009-09-30": "", "2009-06-30": "", "2009-03-31": "", "2008-12-31": "", "2008-09-30": "", "2008-06-30": "", "2008-03-31": "", "2007-12-31": "", "2007-09-30": "", "2007-06-30": "", "2007-03-31": "", "2006-12-31": "", "2006-09-30": "", "2006-06-30": "", "2006-03-31": "", "2005-12-31": "", "2005-09-30": "", "2005-06-30": "", "2005-03-31": ""}, "SG&A Expenses": {"2020-12-31": "", "2020-09-30": "", "2020-06-30": "", "2020-03-31": "", "2019-12-31": "", "2019-09-30": "", "2019-06-30": "", "2019-03-31": "", "2018-12-31": "", "2018-09-30": "", "2018-06-30": "", "2018-03-31": "", "2017-12-31": "", "2017-09-30": "", "2017-06-30": "", "2017-03-31": "", "2016-12-31": "", "2016-09-30": "", "2016-06-30": "", "2016-03-31": "", "2015-12-31": "", "2015-09-30": "", "2015-06-30": "", "2015-03-31": "", "2014-12-31": "", "2014-09-30": "", "2014-06-30": "", "2014-03-31": "", "2013-12-31": "", "2013-09-30": "", "2013-06-30": "", "2013-03-31": "", "2012-12-31": "", "2012-09-30": "", "2012-06-30": "", "2012-03-31": "", "2011-12-31": "", "2011-09-30": "", "2011-06-30": "", "2011-03-31": "", "2010-12-31": "", "2010-09-30": "", "2010-06-30": "", "2010-03-31": "", "2009-12-31": "", "2009-09-30": "", "2009-06-30": "", "2009-03-31": "", "2008-12-31": "", "2008-09-30": "", "2008-06-30": "", "2008-03-31": "", "2007-12-31": "", "2007-09-30": "", "2007-06-30": "", "2007-03-31": "", "2006-12-31": "", "2006-09-30": "", "2006-06-30": "", "2006-03-31": "", "2005-12-31": "", "2005-09-30": "", "2005-06-30": "", "2005-03-31": ""}, "Other Operating Income Or Expenses": {"2020-12-31": "-1161.80000", "2020-09-30": "-1165.90000", "2020-06-30": "-983.30000", "2020-03-31": "-1335.50000", "2019-12-31": "-1222.60000", "2019-09-30": "-1242.30000", "2019-06-30": "-1046.30000", "2019-03-31": "-992.70000", "2018-12-31": "-1056.60000", "2018-09-30": "-1105.00000", "2018-06-30": "-990.10000", "2018-03-31": "-985.00000", "2017-12-31": "-1089.10000", "2017-09-30": "-932.80000", "2017-06-30": "-928.70000", "2017-03-31": "-943.20000", "2016-12-31": "-985.60000", "2016-09-30": "-919.60000", "2016-06-30": "-927.90000", "2016-03-31": "-899.50000", "2015-12-31": "-920.80000", "2015-09-30": "-961.40000", "2015-06-30": "-869.00000", "2015-03-31": "-921.20000", "2014-12-31": "-926.60010", "2014-09-30": "-932.50000", "2014-06-30": "-886.20000", "2014-03-31": "-829.00000", "2013-12-31": "-920.79970", "2013-09-30": "-774.60000", "2013-06-30": "-801.80000", "2013-03-31": "-795.70000", "2012-12-31": "-832.40010", "2012-09-30": "-816.40000", "2012-06-30": "-729.60000", "2012-03-31": "-555.10000", "2011-12-31": "-738.40010", "2011-09-30": "-775.40000", "2011-06-30": "-739.40000", "2011-03-31": "-717.90000", "2010-12-31": "-877.10000", "2010-09-30": "-751.50000", "2010-06-30": "-683.80000", "2010-03-31": "-675.90000", "2009-12-31": "-632.50010", "2009-09-30": "-643.00000", "2009-06-30": "-562.70000", "2009-03-31": "-688.40000", "2008-12-31": "-770.40000", "2008-09-30": "-723.70000", "2008-06-30": "-742.60000", "2008-03-31": "-750.70000", "2007-12-31": "-789.00010", "2007-09-30": "-800.90000", "2007-06-30": "-760.40000", "2007-03-31": "-754.70000", "2006-12-31": "-692.90000", "2006-09-30": "-619.50000", "2006-06-30": "-631.10000", "2006-03-31": "-615.20000", "2005-12-31": "-627.60000", "2005-09-30": "-576.80000", "2005-06-30": "-580.80000", "2005-03-31": "-556.90000"}, "Operating Expenses": {"2020-12-31": "3173.50000", "2020-09-30": "3035.60000", "2020-06-30": "2616.00000", "2020-03-31": "4223.10000", "2019-12-31": "3675.89900", "2019-09-30": "4112.70000", "2019-06-30": "3522.30000", "2019-03-31": "3217.90000", "2018-12-31": "3527.70000", "2018-09-30": "3779.00000", "2018-06-30": "2719.50000", "2018-03-31": "2426.60000", "2017-12-31": "2922.90000", "2017-09-30": "3470.00000", "2017-06-30": "2812.70000", "2017-03-31": "2635.40000", "2016-12-31": "3132.50100", "2016-09-30": "2447.30000", "2016-06-30": "2625.80000", "2016-03-31": "2596.80000", "2015-12-31": "2497.99900", "2015-09-30": "2871.70000", "2015-06-30": "2964.70000", "2015-03-31": "2199.20000", "2014-12-31": "2590.80000", "2014-09-30": "2090.50000", "2014-06-30": "2199.20000", "2014-03-31": "2102.20000", "2013-12-31": "2362.70000", "2013-09-30": "1919.30000", "2013-06-30": "1945.00000", "2013-03-31": "1938.50000", "2012-12-31": "2034.99900", "2012-09-30": "2513.10000", "2012-06-30": "1889.10000", "2012-03-31": "1817.90000", "2011-12-31": "1908.80000", "2011-09-30": "1942.50000", "2011-06-30": "1986.20000", "2011-03-31": "1960.40000", "2010-12-31": "2204.00000", "2010-09-30": "2125.00000", "2010-06-30": "2075.80000", "2010-03-31": "2007.70000", "2009-12-31": "2062.90000", "2009-09-30": "2022.00000", "2009-06-30": "1959.90000", "2009-03-31": "2058.50000", "2008-12-31": "2344.20000", "2008-09-30": "2391.30000", "2008-06-30": "2445.60000", "2008-03-31": "2293.50000", "2007-12-31": "2570.30000", "2007-09-30": "2518.00000", "2007-06-30": "2419.10000", "2007-03-31": "2326.70000", "2006-12-31": "2230.99900", "2006-09-30": "2118.70000", "2006-06-30": "2163.20000", "2006-03-31": "2028.90000", "2005-12-31": "2204.40000", "2005-09-30": "1932.00000", "2005-06-30": "1917.50000", "2005-03-31": "1864.10000"}, "Operating Income": {"2020-12-31": "591.60010", "2020-09-30": "275.09990", "2020-06-30": "498.60010", "2020-03-31": "328.20020", "2019-12-31": "371.30050", "2019-09-30": "345.69970", "2019-06-30": "450.30000", "2019-03-31": "525.99980", "2018-12-31": "242.89990", "2018-09-30": "569.10010", "2018-06-30": "515.39990", "2018-03-31": "457.00000", "2017-12-31": "314.80100", "2017-09-30": "1157.80000", "2017-06-30": "365.60010", "2017-03-31": "413.99980", "2016-12-31": "381.29860", "2016-09-30": "370.70020", "2016-06-30": "399.89990", "2016-03-31": "439.80000", "2015-12-31": "309.00050", "2015-09-30": "369.20000", "2015-06-30": "294.49980", "2015-03-31": "458.10010", "2014-12-31": "317.19950", "2014-09-30": "393.80000", "2014-06-30": "407.50000", "2014-03-31": "376.40010", "2013-12-31": "309.89970", "2013-09-30": "320.30020", "2013-06-30": "265.60010", "2013-03-31": "228.20000", "2012-12-31": "260.90000", "2012-09-30": "191.59990", "2012-06-30": "229.50010", "2012-03-31": "277.99990", "2011-12-31": "150.00010", "2011-09-30": "151.10010", "2011-06-30": "310.19980", "2011-03-31": "261.49990", "2010-12-31": "208.10010", "2010-09-30": "163.50000", "2010-06-30": "157.80000", "2010-03-31": "256.29990", "2009-12-31": "169.49950", "2009-09-30": "248.30000", "2009-06-30": "197.89990", "2009-03-31": "130.10010", "2008-12-31": "-64.89920", "2008-09-30": "106.50000", "2008-06-30": "212.50000", "2008-03-31": "207.20000", "2007-12-31": "-6.20000", "2007-09-30": "331.60010", "2007-06-30": "412.70000", "2007-03-31": "334.30000", "2006-12-31": "330.50000", "2006-09-30": "330.90010", "2006-06-30": "296.60010", "2006-03-31": "373.29980", "2005-12-31": "272.70000", "2005-09-30": "286.39990", "2005-06-30": "282.89990", "2005-03-31": "279.59990"}, "Total Non-Operating Income/Expense": {"2020-12-31": "", "2020-09-30": "", "2020-06-30": "", "2020-03-31": "", "2019-12-31": "", "2019-09-30": "", "2019-06-30": "", "2019-03-31": "", "2018-12-31": "", "2018-09-30": "", "2018-06-30": "", "2018-03-31": "", "2017-12-31": "", "2017-09-30": "", "2017-06-30": "", "2017-03-31": "", "2016-12-31": "", "2016-09-30": "", "2016-06-30": "", "2016-03-31": "", "2015-12-31": "", "2015-09-30": "", "2015-06-30": "", "2015-03-31": "", "2014-12-31": "", "2014-09-30": "", "2014-06-30": "", "2014-03-31": "", "2013-12-31": "", "2013-09-30": "", "2013-06-30": "", "2013-03-31": "", "2012-12-31": "", "2012-09-30": "", "2012-06-30": "", "2012-03-31": "", "2011-12-31": "", "2011-09-30": "", "2011-06-30": "", "2011-03-31": "", "2010-12-31": "", "2010-09-30": "", "2010-06-30": "", "2010-03-31": "", "2009-12-31": "", "2009-09-30": "", "2009-06-30": "", "2009-03-31": "", "2008-12-31": "", "2008-09-30": "", "2008-06-30": "", "2008-03-31": "", "2007-12-31": "", "2007-09-30": "", "2007-06-30": "", "2007-03-31": "", "2006-12-31": "", "2006-09-30": "", "2006-06-30": "", "2006-03-31": "", "2005-12-31": "", "2005-09-30": "", "2005-06-30": "", "2005-03-31": ""}, "Pre-Tax Income": {"2020-12-31": "591.60000", "2020-09-30": "275.10000", "2020-06-30": "498.60000", "2020-03-31": "328.20000", "2019-12-31": "371.30010", "2019-09-30": "345.70000", "2019-06-30": "450.30000", "2019-03-31": "526.00000", "2018-12-31": "242.90000", "2018-09-30": "569.10000", "2018-06-30": "515.40000", "2018-03-31": "457.00000", "2017-12-31": "314.79990", "2017-09-30": "1157.80000", "2017-06-30": "365.60000", "2017-03-31": "414.00000", "2016-12-31": "381.30000", "2016-09-30": "370.70000", "2016-06-30": "399.90000", "2016-03-31": "439.80000", "2015-12-31": "309.00010", "2015-09-30": "369.20000", "2015-06-30": "294.50000", "2015-03-31": "458.10000", "2014-12-31": "317.20010", "2014-09-30": "393.80000", "2014-06-30": "407.50000", "2014-03-31": "376.40000", "2013-12-31": "309.90000", "2013-09-30": "320.30000", "2013-06-30": "265.60000", "2013-03-31": "228.20000", "2012-12-31": "260.90000", "2012-09-30": "191.60000", "2012-06-30": "229.50000", "2012-03-31": "278.00000", "2011-12-31": "149.99990", "2011-09-30": "151.10000", "2011-06-30": "310.20000", "2011-03-31": "261.50000", "2010-12-31": "208.10000", "2010-09-30": "163.50000", "2010-06-30": "157.80000", "2010-03-31": "256.30000", "2009-12-31": "169.50000", "2009-09-30": "248.30000", "2009-06-30": "197.90000", "2009-03-31": "130.10000", "2008-12-31": "-64.90000", "2008-09-30": "106.50000", "2008-06-30": "212.50000", "2008-03-31": "207.20000", "2007-12-31": "-6.20000", "2007-09-30": "331.60000", "2007-06-30": "412.70000", "2007-03-31": "334.30000", "2006-12-31": "330.50010", "2006-09-30": "330.90000", "2006-06-30": "296.60000", "2006-03-31": "373.30000", "2005-12-31": "272.69990", "2005-09-30": "286.40000", "2005-06-30": "282.90000", "2005-03-31": "279.60000"}, "Income Taxes": {"2020-12-31": "100.10000", "2020-09-30": "39.20000", "2020-06-30": "82.50000", "2020-03-31": "43.20000", "2019-12-31": "56.00000", "2019-09-30": "61.10000", "2019-06-30": "58.20000", "2019-03-31": "73.90000", "2018-12-31": "11.20000", "2018-09-30": "109.10000", "2018-06-30": "55.90000", "2018-03-31": "54.50000", "2017-12-31": "-528.10000", "2017-09-30": "344.60000", "2017-06-30": "50.80000", "2017-03-31": "60.40000", "2016-12-31": "43.10000", "2016-09-30": "43.30000", "2016-06-30": "72.90000", "2016-03-31": "70.60000", "2015-12-31": "50.70000", "2015-09-30": "68.30000", "2015-06-30": "29.60000", "2015-03-31": "29.00000", "2014-12-31": "36.90000", "2014-09-30": "141.00000", "2014-06-30": "88.30000", "2014-03-31": "52.30000", "2013-12-31": "59.50000", "2013-09-30": "61.20000", "2013-06-30": "29.00000", "2013-03-31": "38.20000", "2012-12-31": "34.20000", "2012-09-30": "-7.20000", "2012-06-30": "50.90000", "2012-03-31": "56.70000", "2011-12-31": "8.00000", "2011-09-30": "76.60000", "2011-06-30": "61.00000", "2011-03-31": "52.70000", "2010-12-31": "26.40000", "2010-09-30": "12.20000", "2010-06-30": "13.60000", "2010-03-31": "52.70000", "2009-12-31": "14.60000", "2009-09-30": "44.10000", "2009-06-30": "33.90000", "2009-03-31": "7.50000", "2008-12-31": "-61.30000", "2008-09-30": "-2.20000", "2008-06-30": "29.40000", "2008-03-31": "29.60000", "2007-12-31": "-52.20000", "2007-09-30": "90.90000", "2007-06-30": "100.40000", "2007-03-31": "69.00000", "2006-12-31": "66.50000", "2006-09-30": "72.10000", "2006-06-30": "77.70000", "2006-03-31": "79.60000", "2005-12-31": "30.30000", "2005-09-30": "67.10000", "2005-06-30": "59.30000", "2005-03-31": "74.70000"}, "Income After Taxes": {"2020-12-31": "491.50000", "2020-09-30": "235.90000", "2020-06-30": "416.10000", "2020-03-31": "285.00000", "2019-12-31": "315.30010", "2019-09-30": "284.60000", "2019-06-30": "392.10000", "2019-03-31": "452.10000", "2018-12-31": "231.70010", "2018-09-30": "460.00000", "2018-06-30": "459.50000", "2018-03-31": "402.50000", "2017-12-31": "842.89990", "2017-09-30": "813.20010", "2017-06-30": "314.80000", "2017-03-31": "353.60000", "2016-12-31": "338.19990", "2016-09-30": "327.40000", "2016-06-30": "327.00000", "2016-03-31": "369.20000", "2015-12-31": "258.30000", "2015-09-30": "300.90000", "2015-06-30": "264.90000", "2015-03-31": "429.10000", "2014-12-31": "280.30000", "2014-09-30": "252.80000", "2014-06-30": "319.20000", "2014-03-31": "324.10000", "2013-12-31": "250.40000", "2013-09-30": "259.10000", "2013-06-30": "236.60000", "2013-03-31": "190.00000", "2012-12-31": "226.70000", "2012-09-30": "198.80000", "2012-06-30": "178.60000", "2012-03-31": "221.30000", "2011-12-31": "142.00000", "2011-09-30": "74.50000", "2011-06-30": "249.20000", "2011-03-31": "208.80000", "2010-12-31": "181.70000", "2010-09-30": "151.30000", "2010-06-30": "144.20000", "2010-03-31": "203.60000", "2009-12-31": "154.90000", "2009-09-30": "204.20000", "2009-06-30": "164.00000", "2009-03-31": "122.60000", "2008-12-31": "-3.60000", "2008-09-30": "108.70000", "2008-06-30": "183.10000", "2008-03-31": "177.60000", "2007-12-31": "46.00000", "2007-09-30": "240.70000", "2007-06-30": "312.30000", "2007-03-31": "265.30000", "2006-12-31": "264.00000", "2006-09-30": "258.80000", "2006-06-30": "218.90000", "2006-03-31": "293.70000", "2005-12-31": "242.40000", "2005-09-30": "219.30000", "2005-06-30": "223.60000", "2005-03-31": "204.90000"}, "Other Income": {"2020-12-31": "", "2020-09-30": "", "2020-06-30": "", "2020-03-31": "", "2019-12-31": "", "2019-09-30": "", "2019-06-30": "", "2019-03-31": "", "2018-12-31": "", "2018-09-30": "", "2018-06-30": "", "2018-03-31": "", "2017-12-31": "", "2017-09-30": "", "2017-06-30": "", "2017-03-31": "", "2016-12-31": "", "2016-09-30": "", "2016-06-30": "", "2016-03-31": "", "2015-12-31": "", "2015-09-30": "", "2015-06-30": "", "2015-03-31": "", "2014-12-31": "", "2014-09-30": "", "2014-06-30": "", "2014-03-31": "", "2013-12-31": "", "2013-09-30": "", "2013-06-30": "", "2013-03-31": "", "2012-12-31": "", "2012-09-30": "", "2012-06-30": "", "2012-03-31": "", "2011-12-31": "", "2011-09-30": "", "2011-06-30": "", "2011-03-31": "", "2010-12-31": "", "2010-09-30": "", "2010-06-30": "", "2010-03-31": "", "2009-12-31": "", "2009-09-30": "", "2009-06-30": "", "2009-03-31": "", "2008-12-31": "", "2008-09-30": "", "2008-06-30": "", "2008-03-31": "", "2007-12-31": "", "2007-09-30": "", "2007-06-30": "", "2007-03-31": "", "2006-12-31": "", "2006-09-30": "", "2006-06-30": "", "2006-03-31": "", "2005-12-31": "", "2005-09-30": "", "2005-06-30": "", "2005-03-31": ""}, "Income From Continuous Operations": {"2020-12-31": "491.50000", "2020-09-30": "235.90000", "2020-06-30": "416.10000", "2020-03-31": "285.00000", "2019-12-31": "315.30010", "2019-09-30": "284.60000", "2019-06-30": "392.10000", "2019-03-31": "452.10000", "2018-12-31": "231.70010", "2018-09-30": "460.00000", "2018-06-30": "459.50000", "2018-03-31": "402.50000", "2017-12-31": "842.89990", "2017-09-30": "813.20010", "2017-06-30": "314.80000", "2017-03-31": "353.60000", "2016-12-31": "338.19990", "2016-09-30": "327.40000", "2016-06-30": "327.00000", "2016-03-31": "369.20000", "2015-12-31": "258.30000", "2015-09-30": "300.90000", "2015-06-30": "264.90000", "2015-03-31": "429.10000", "2014-12-31": "280.30000", "2014-09-30": "252.80000", "2014-06-30": "319.20000", "2014-03-31": "324.10000", "2013-12-31": "250.40000", "2013-09-30": "259.10000", "2013-06-30": "236.60000", "2013-03-31": "190.00000", "2012-12-31": "226.70000", "2012-09-30": "198.80000", "2012-06-30": "178.60000", "2012-03-31": "221.30000", "2011-12-31": "142.00000", "2011-09-30": "74.50000", "2011-06-30": "249.20000", "2011-03-31": "208.80000", "2010-12-31": "181.70000", "2010-09-30": "151.30000", "2010-06-30": "144.20000", "2010-03-31": "203.60000", "2009-12-31": "154.90000", "2009-09-30": "204.20000", "2009-06-30": "164.00000", "2009-03-31": "122.60000", "2008-12-31": "-3.60000", "2008-09-30": "108.70000", "2008-06-30": "183.10000", "2008-03-31": "177.60000", "2007-12-31": "46.00000", "2007-09-30": "240.70000", "2007-06-30": "312.30000", "2007-03-31": "265.30000", "2006-12-31": "264.00010", "2006-09-30": "258.80000", "2006-06-30": "218.90000", "2006-03-31": "293.70000", "2005-12-31": "242.40000", "2005-09-30": "219.30000", "2005-06-30": "223.60000", "2005-03-31": "204.90000"}, "Income From Discontinued Operations": {"2020-12-31": "", "2020-09-30": "", "2020-06-30": "", "2020-03-31": "", "2019-12-31": "", "2019-09-30": "", "2019-06-30": "", "2019-03-31": "", "2018-12-31": "", "2018-09-30": "", "2018-06-30": "", "2018-03-31": "", "2017-12-31": "", "2017-09-30": "", "2017-06-30": "", "2017-03-31": "", "2016-12-31": "", "2016-09-30": "", "2016-06-30": "", "2016-03-31": "", "2015-12-31": "", "2015-09-30": "", "2015-06-30": "", "2015-03-31": "", "2014-12-31": "", "2014-09-30": "", "2014-06-30": "", "2014-03-31": "", "2013-12-31": "", "2013-09-30": "", "2013-06-30": "", "2013-03-31": "", "2012-12-31": "", "2012-09-30": "", "2012-06-30": "", "2012-03-31": "", "2011-12-31": "", "2011-09-30": "", "2011-06-30": "", "2011-03-31": "", "2010-12-31": "", "2010-09-30": "", "2010-06-30": "", "2010-03-31": "", "2009-12-31": "", "2009-09-30": "", "2009-06-30": "", "2009-03-31": "", "2008-12-31": "", "2008-09-30": "", "2008-06-30": "", "2008-03-31": "", "2007-12-31": "20.60000", "2007-09-30": "-0.20000", "2007-06-30": "-0.20000", "2007-03-31": "", "2006-12-31": "28.40000", "2006-09-30": "0.40000", "2006-06-30": "-0.10000", "2006-03-31": "0.20000", "2005-12-31": "12.80000", "2005-09-30": "0.10000", "2005-06-30": "15.30000", "2005-03-31": "0.60000"}, "Net Income": {"2020-12-31": "472.60000", "2020-09-30": "236.00000", "2020-06-30": "398.30000", "2020-03-31": "288.90000", "2019-12-31": "300.90000", "2019-09-30": "277.10000", "2019-06-30": "386.30000", "2019-03-31": "429.90000", "2018-12-31": "236.50000", "2018-09-30": "456.30000", "2018-06-30": "456.60000", "2018-03-31": "397.10000", "2017-12-31": "841.79990", "2017-09-30": "810.20000", "2017-06-30": "309.50000", "2017-03-31": "348.90000", "2016-12-31": "318.00000", "2016-09-30": "308.20000", "2016-06-30": "322.30000", "2016-03-31": "368.00000", "2015-12-31": "253.60000", "2015-09-30": "300.40000", "2015-06-30": "241.10000", "2015-03-31": "414.20000", "2014-12-31": "270.70000", "2014-09-30": "230.40000", "2014-06-30": "306.30000", "2014-03-31": "284.00000", "2013-12-31": "233.40000", "2013-09-30": "245.70000", "2013-06-30": "222.30000", "2013-03-31": "178.30000", "2012-12-31": "214.90000", "2012-09-30": "187.20000", "2012-06-30": "167.60000", "2012-03-31": "203.90000", "2011-12-31": "134.10000", "2011-09-30": "71.90000", "2011-06-30": "217.30000", "2011-03-31": "182.00000", "2010-12-31": "162.90000", "2010-09-30": "142.20000", "2010-06-30": "134.00000", "2010-03-31": "190.80000", "2009-12-31": "141.90000", "2009-09-30": "184.70000", "2009-06-30": "150.30000", "2009-03-31": "112.80000", "2008-12-31": "-7.50000", "2008-09-30": "90.10000", "2008-06-30": "168.30000", "2008-03-31": "174.20000", "2007-12-31": "34.10000", "2007-09-30": "232.30000", "2007-06-30": "303.80000", "2007-03-31": "257.10000", "2006-12-31": "284.10000", "2006-09-30": "251.00000", "2006-06-30": "210.50000", "2006-03-31": "285.70000", "2005-12-31": "246.90000", "2005-09-30": "210.00000", "2005-06-30": "238.90000", "2005-03-31": "205.50000"}, "EBITDA": {"2020-12-31": "", "2020-09-30": "275.09990", "2020-06-30": "498.60010", "2020-03-31": "328.20020", "2019-12-31": "371.30050", "2019-09-30": "345.69970", "2019-06-30": "450.30000", "2019-03-31": "525.99980", "2018-12-31": "413.29990", "2018-09-30": "641.90010", "2018-06-30": "630.99990", "2018-03-31": "580.60000", "2017-12-31": "426.50100", "2017-09-30": "1274.00000", "2017-06-30": "467.60010", "2017-03-31": "514.39980", "2016-12-31": "449.39860", "2016-09-30": "509.50020", "2016-06-30": "519.29990", "2016-03-31": "585.20010", "2015-12-31": "400.30050", "2015-09-30": "556.79990", "2015-06-30": "376.29970", "2015-03-31": "561.20010", "2014-12-31": "448.29950", "2014-09-30": "574.90000", "2014-06-30": "516.60000", "2014-03-31": "491.80010", "2013-12-31": "400.39970", "2013-09-30": "394.00020", "2013-06-30": "351.90010", "2013-03-31": "318.70000", "2012-12-31": "361.20000", "2012-09-30": "308.49980", "2012-06-30": "335.80010", "2012-03-31": "181.49990", "2011-12-31": "231.00010", "2011-09-30": "302.00010", "2011-06-30": "400.39980", "2011-03-31": "330.69990", "2010-12-31": "298.70010", "2010-09-30": "297.10000", "2010-06-30": "264.30000", "2010-03-31": "358.99990", "2009-12-31": "225.39950", "2009-09-30": "318.10000", "2009-06-30": "184.49990", "2009-03-31": "248.50010", "2008-12-31": "135.80080", "2008-09-30": "228.30000", "2008-06-30": "305.60000", "2008-03-31": "310.30000", "2007-12-31": "102.90000", "2007-09-30": "494.10010", "2007-06-30": "516.20000", "2007-03-31": "446.70000", "2006-12-31": "406.50000", "2006-09-30": "411.40010", "2006-06-30": "386.50010", "2006-03-31": "467.39980", "2005-12-31": "364.59990", "2005-09-30": "365.39990", "2005-06-30": "369.49990", "2005-03-31": "367.09990"}, "EBIT": {"2020-12-31": "591.60010", "2020-09-30": "275.09990", "2020-06-30": "498.60010", "2020-03-31": "328.20020", "2019-12-31": "371.30130", "2019-09-30": "345.69970", "2019-06-30": "450.30000", "2019-03-31": "525.99980", "2018-12-31": "242.90040", "2018-09-30": "569.10010", "2018-06-30": "515.39990", "2018-03-31": "457.00000", "2017-12-31": "314.80080", "2017-09-30": "1157.80000", "2017-06-30": "365.60010", "2017-03-31": "413.99980", "2016-12-31": "381.29910", "2016-09-30": "370.70020", "2016-06-30": "399.89990", "2016-03-31": "439.80000", "2015-12-31": "309.00100", "2015-09-30": "369.20000", "2015-06-30": "294.49980", "2015-03-31": "458.10010", "2014-12-31": "317.19920", "2014-09-30": "393.80000", "2014-06-30": "407.50000", "2014-03-31": "376.40010", "2013-12-31": "309.89980", "2013-09-30": "320.30020", "2013-06-30": "265.60010", "2013-03-31": "228.20000", "2012-12-31": "260.90010", "2012-09-30": "191.59990", "2012-06-30": "229.50010", "2012-03-31": "277.99990", "2011-12-31": "150.00000", "2011-09-30": "151.10010", "2011-06-30": "310.19980", "2011-03-31": "261.49990", "2010-12-31": "208.10020", "2010-09-30": "163.50000", "2010-06-30": "157.80000", "2010-03-31": "256.29990", "2009-12-31": "169.49930", "2009-09-30": "248.30000", "2009-06-30": "197.89990", "2009-03-31": "130.10010", "2008-12-31": "-64.89920", "2008-09-30": "106.50000", "2008-06-30": "212.50000", "2008-03-31": "207.20000", "2007-12-31": "-6.19970", "2007-09-30": "331.60010", "2007-06-30": "412.70000", "2007-03-31": "334.30000", "2006-12-31": "330.49980", "2006-09-30": "330.90010", "2006-06-30": "296.60010", "2006-03-31": "373.29980", "2005-12-31": "272.70000", "2005-09-30": "286.39990", "2005-06-30": "282.89990", "2005-03-31": "279.59990"}, "Basic Shares Outstanding": {"2020-12-31": "274.80000", "2020-09-30": "274.80000", "2020-06-30": "274.30000", "2020-03-31": "275.00000", "2019-12-31": "278.60000", "2019-09-30": "279.00000", "2019-06-30": "279.00000", "2019-03-31": "278.70000", "2018-12-31": "285.80000", "2018-09-30": "284.90000", "2018-06-30": "286.40000", "2018-03-31": "289.40000", "2017-12-31": "288.90000", "2017-09-30": "289.30000", "2017-06-30": "288.90000", "2017-03-31": "288.30000", "2016-12-31": "289.40000", "2016-09-30": "288.10000", "2016-06-30": "289.90000", "2016-03-31": "291.50000", "2015-12-31": "294.40000", "2015-09-30": "295.00000", "2015-06-30": "295.00000", "2015-03-31": "294.80000", "2014-12-31": "294.70000", "2014-09-30": "294.20000", "2014-06-30": "294.70000", "2014-03-31": "295.80000", "2013-12-31": "294.60000", "2013-09-30": "294.90000", "2013-06-30": "294.10000", "2013-03-31": "294.10000", "2012-12-31": "297.50000", "2012-09-30": "294.70000", "2012-06-30": "299.40000", "2012-03-31": "301.80000", "2011-12-31": "314.50000", "2011-09-30": "311.90000", "2011-06-30": "320.00000", "2011-03-31": "321.30000", "2010-12-31": "320.30000", "2010-09-30": "320.70000", "2010-06-30": "320.10000", "2010-03-31": "319.80000", "2009-12-31": "297.30000", "2009-09-30": "319.10000", "2009-06-30": "289.90000", "2009-03-31": "260.00000", "2008-12-31": "259.30000", "2008-09-30": "259.50000", "2008-06-30": "259.10000", "2008-03-31": "258.90000", "2007-12-31": "265.40000", "2007-09-30": "264.70000", "2007-06-30": "267.70000", "2007-03-31": "268.10000", "2006-12-31": "272.90000", "2006-09-30": "269.50000", "2006-06-30": "273.50000", "2006-03-31": "279.40000", "2005-12-31": "287.90000", "2005-09-30": "279.80000", "2005-06-30": "288.90000", "2005-03-31": "299.50000"}, "Shares Outstanding": {"2020-12-31": "277.20000", "2020-09-30": "276.80000", "2020-06-30": "275.60000", "2020-03-31": "277.20000", "2019-12-31": "281.00000", "2019-09-30": "281.40000", "2019-06-30": "281.20000", "2019-03-31": "280.90000", "2018-12-31": "288.80000", "2018-09-30": "287.80000", "2018-06-30": "289.20000", "2018-03-31": "292.90000", "2017-12-31": "293.10000", "2017-09-30": "293.10000", "2017-06-30": "292.70000", "2017-03-31": "292.40000", "2016-12-31": "292.70000", "2016-09-30": "291.40000", "2016-06-30": "292.60000", "2016-03-31": "294.30000", "2015-12-31": "298.00000", "2015-09-30": "298.50000", "2015-06-30": "298.40000", "2015-03-31": "298.50000", "2014-12-31": "298.70000", "2014-09-30": "298.20000", "2014-06-30": "298.30000", "2014-03-31": "299.50000", "2013-12-31": "298.20000", "2013-09-30": "298.60000", "2013-06-30": "297.20000", "2013-03-31": "297.10000", "2012-12-31": "300.40000", "2012-09-30": "297.50000", "2012-06-30": "301.90000", "2012-03-31": "304.70000", "2011-12-31": "317.60000", "2011-09-30": "314.80000", "2011-06-30": "323.20000", "2011-03-31": "324.70000", "2010-12-31": "323.00000", "2010-09-30": "323.30000", "2010-06-30": "322.90000", "2010-03-31": "322.10000", "2009-12-31": "298.90000", "2009-09-30": "321.50000", "2009-06-30": "291.40000", "2009-03-31": "260.50000", "2008-12-31": "261.10000", "2008-09-30": "261.00000", "2008-06-30": "261.20000", "2008-03-31": "261.30000", "2007-12-31": "268.10000", "2007-09-30": "267.30000", "2007-06-30": "270.30000", "2007-03-31": "270.90000", "2006-12-31": "275.50000", "2006-09-30": "272.10000", "2006-06-30": "276.20000", "2006-03-31": "281.90000", "2005-12-31": "289.90000", "2005-09-30": "283.90000", "2005-06-30": "291.40000", "2005-03-31": "301.20000"}, "Basic EPS": {"2020-12-31": "1.72000", "2020-09-30": "0.86000", "2020-06-30": "1.45000", "2020-03-31": "1.05000", "2019-12-31": "1.09000", "2019-09-30": "0.99000", "2019-06-30": "1.38000", "2019-03-31": "1.54000", "2018-12-31": "0.85000", "2018-09-30": "1.60000", "2018-06-30": "1.59000", "2018-03-31": "1.37000", "2017-12-31": "2.92000", "2017-09-30": "2.80000", "2017-06-30": "1.07000", "2017-03-31": "1.21000", "2016-12-31": "1.11000", "2016-09-30": "1.07000", "2016-06-30": "1.11000", "2016-03-31": "1.26000", "2015-12-31": "0.86000", "2015-09-30": "1.02000", "2015-06-30": "0.82000", "2015-03-31": "1.41000", "2014-12-31": "0.92000", "2014-09-30": "0.78000", "2014-06-30": "1.04000", "2014-03-31": "0.96000", "2013-12-31": "0.79000", "2013-09-30": "0.83000", "2013-06-30": "0.76000", "2013-03-31": "0.61000", "2012-12-31": "0.72000", "2012-09-30": "0.64000", "2012-06-30": "0.56000", "2012-03-31": "0.68000", "2011-12-31": "0.44000", "2011-09-30": "0.23000", "2011-06-30": "0.68000", "2011-03-31": "0.57000", "2010-12-31": "0.51000", "2010-09-30": "0.44000", "2010-06-30": "0.42000", "2010-03-31": "0.60000", "2009-12-31": "0.45000", "2009-09-30": "0.58000", "2009-06-30": "0.52000", "2009-03-31": "0.43000", "2008-12-31": "-0.03000", "2008-09-30": "0.35000", "2008-06-30": "0.65000", "2008-03-31": "0.67000", "2007-12-31": "0.14000", "2007-09-30": "0.88000", "2007-06-30": "1.14000", "2007-03-31": "0.96000", "2006-12-31": "1.06000", "2006-09-30": "0.93000", "2006-06-30": "0.77000", "2006-03-31": "1.02000", "2005-12-31": "0.86000", "2005-09-30": "0.75000", "2005-06-30": "0.83000", "2005-03-31": "0.69000"}, "EPS - Earnings Per Share": {"2020-12-31": "1.70000", "2020-09-30": "0.85000", "2020-06-30": "1.45000", "2020-03-31": "1.04000", "2019-12-31": "1.08000", "2019-09-30": "0.98000", "2019-06-30": "1.37000", "2019-03-31": "1.53000", "2018-12-31": "0.83000", "2018-09-30": "1.59000", "2018-06-30": "1.58000", "2018-03-31": "1.36000", "2017-12-31": "2.87000", "2017-09-30": "2.76000", "2017-06-30": "1.06000", "2017-03-31": "1.19000", "2016-12-31": "1.09000", "2016-09-30": "1.06000", "2016-06-30": "1.10000", "2016-03-31": "1.25000", "2015-12-31": "0.85000", "2015-09-30": "1.01000", "2015-06-30": "0.81000", "2015-03-31": "1.39000", "2014-12-31": "0.90000", "2014-09-30": "0.77000", "2014-06-30": "1.03000", "2014-03-31": "0.95000", "2013-12-31": "0.77000", "2013-09-30": "0.82000", "2013-06-30": "0.75000", "2013-03-31": "0.61000", "2012-12-31": "0.71000", "2012-09-30": "0.63000", "2012-06-30": "0.56000", "2012-03-31": "0.68000", "2011-12-31": "0.45000", "2011-09-30": "0.23000", "2011-06-30": "0.67000", "2011-03-31": "0.56000", "2010-12-31": "0.50000", "2010-09-30": "0.44000", "2010-06-30": "0.42000", "2010-03-31": "0.59000", "2009-12-31": "0.45000", "2009-09-30": "0.57000", "2009-06-30": "0.52000", "2009-03-31": "0.43000", "2008-12-31": "-0.03000", "2008-09-30": "0.35000", "2008-06-30": "0.64000", "2008-03-31": "0.67000", "2007-12-31": "0.15000", "2007-09-30": "0.87000", "2007-06-30": "1.12000", "2007-03-31": "0.95000", "2006-12-31": "1.05000", "2006-09-30": "0.92000", "2006-06-30": "0.76000", "2006-03-31": "1.01000", "2005-12-31": "0.87000", "2005-09-30": "0.74000", "2005-06-30": "0.82000", "2005-03-31": "0.68000"}}, "balance sheet": {"Cash On Hand": {"2020-12-31": "2849.80000", "2019-12-31": "2515.90000", "2018-12-31": "2977.50000", "2017-12-31": "2470.80000", "2016-12-31": "2719.60000", "2015-12-31": "2564.80000", "2014-12-31": "1863.90000", "2013-12-31": "2371.80000", "2012-12-31": "4177.20000", "2011-12-31": "2833.90000", "2010-12-31": "1877.40000", "2009-12-31": "2240.40000", "2008-12-31": "2608.00000", "2007-12-31": "1344.40000", "2006-12-31": "1591.50000", "2005-12-31": "1639.30000"}, "Receivables": {"2020-12-31": "1723.80000", "2019-12-31": "1740.30000", "2018-12-31": "1413.10000", "2017-12-31": "1469.80000", "2016-12-31": "1361.90000", "2015-12-31": "1429.30000", "2014-12-31": "1213.00000", "2013-12-31": "1241.00000", "2012-12-31": "1084.40000", "2011-12-31": "1196.50000", "2010-12-31": "1063.00000", "2009-12-31": "1065.40000", "2008-12-31": "988.10000", "2007-12-31": "951.20000", "2006-12-31": "1252.30000", "2005-12-31": "592.70000"}, "Inventory": {"2020-12-31": "", "2019-12-31": "", "2018-12-31": "", "2017-12-31": "", "2016-12-31": "", "2015-12-31": "", "2014-12-31": "", "2013-12-31": "", "2012-12-31": "", "2011-12-31": "", "2010-12-31": "", "2009-12-31": "", "2008-12-31": "", "2007-12-31": "", "2006-12-31": "", "2005-12-31": ""}, "Pre-Paid Expenses": {"2020-12-31": "", "2019-12-31": "", "2018-12-31": "", "2017-12-31": "", "2016-12-31": "", "2015-12-31": "", "2014-12-31": "", "2013-12-31": "", "2012-12-31": "", "2011-12-31": "", "2010-12-31": "", "2009-12-31": "", "2008-12-31": "", "2007-12-31": "", "2006-12-31": "", "2005-12-31": ""}, "Other Current Assets": {"2020-12-31": "", "2019-12-31": "", "2018-12-31": "", "2017-12-31": "", "2016-12-31": "", "2015-12-31": "", "2014-12-31": "", "2013-12-31": "", "2012-12-31": "", "2011-12-31": "", "2010-12-31": "", "2009-12-31": "", "2008-12-31": "", "2007-12-31": "", "2006-12-31": "", "2005-12-31": ""}, "Total Current Assets": {"2020-12-31": "4573.60000", "2019-12-31": "4256.20000", "2018-12-31": "4390.60000", "2017-12-31": "3940.60000", "2016-12-31": "4081.50000", "2015-12-31": "3994.10000", "2014-12-31": "3076.90000", "2013-12-31": "3612.80000", "2012-12-31": "5261.60000", "2011-12-31": "4030.40000", "2010-12-31": "2940.40000", "2009-12-31": "3305.80000", "2008-12-31": "3596.10000", "2007-12-31": "2295.60000", "2006-12-31": "2843.80000", "2005-12-31": "2232.00000"}, "Property, Plant, And Equipment": {"2020-12-31": "1019.00000", "2019-12-31": "967.70000", "2018-12-31": "767.30000", "2017-12-31": "759.50000", "2016-12-31": "699.00000", "2015-12-31": "633.80000", "2014-12-31": "590.20000", "2013-12-31": "500.70000", "2012-12-31": "464.20000", "2011-12-31": "457.20000", "2010-12-31": "458.70000", "2009-12-31": "489.30000", "2008-12-31": "518.20000", "2007-12-31": "469.00000", "2006-12-31": "422.50000", "2005-12-31": "419.80000"}, "Long-Term Investments": {"2020-12-31": "107017.50000", "2019-12-31": "97038.00000", "2018-12-31": "85402.80000", "2017-12-31": "82713.30000", "2016-12-31": "76416.10000", "2015-12-31": "70366.10000", "2014-12-31": "68939.70000", "2013-12-31": "67289.00000", "2012-12-31": "69395.70000", "2011-12-31": "66766.50000", "2010-12-31": "66643.60000", "2009-12-31": "64628.40000", "2008-12-31": "59858.00000", "2007-12-31": "65139.10000", "2006-12-31": "61035.40000", "2005-12-31": "58053.00000"}, "Goodwill And Intangible Assets": {"2020-12-31": "3434.00000", "2019-12-31": "3480.50000", "2018-12-31": "2415.10000", "2017-12-31": "2383.50000", "2016-12-31": "2346.10000", "2015-12-31": "2368.20000", "2014-12-31": "2330.90000", "2013-12-31": "2559.30000", "2012-12-31": "1458.10000", "2011-12-31": "1372.90000", "2010-12-31": "1180.00000", "2009-12-31": "1238.10000", "2008-12-31": "1300.80000", "2007-12-31": "1381.60000", "2006-12-31": "1342.90000", "2005-12-31": "484.90000"}, "Other Long-Term Assets": {"2020-12-31": "177173.90000", "2019-12-31": "166824.10000", "2018-12-31": "146366.80000", "2017-12-31": "160603.60000", "2016-12-31": "141091.40000", "2015-12-31": "138022.00000", "2014-12-31": "141156.30000", "2013-12-31": "131152.60000", "2012-12-31": "82660.59000", "2011-12-31": "72306.70000", "2010-12-31": "70878.59000", "2009-12-31": "64416.40000", "2008-12-31": "58756.30000", "2007-12-31": "82424.80000", "2006-12-31": "75540.40000", "2005-12-31": "63568.40000"}, "Total Long-Term Assets": {"2020-12-31": "292054.10000", "2019-12-31": "271831.60000", "2018-12-31": "238645.50000", "2017-12-31": "250000.60000", "2016-12-31": "223932.80000", "2015-12-31": "214666.20000", "2014-12-31": "216010.10000", "2013-12-31": "204578.60000", "2012-12-31": "156568.60000", "2011-12-31": "143331.30000", "2010-12-31": "142690.70000", "2009-12-31": "134453.60000", "2008-12-31": "124586.30000", "2007-12-31": "152224.60000", "2006-12-31": "140814.30000", "2005-12-31": "124803.40000"}, "Total Assets": {"2020-12-31": "296627.70000", "2019-12-31": "276087.80000", "2018-12-31": "243036.10000", "2017-12-31": "253941.20000", "2016-12-31": "228014.30000", "2015-12-31": "218660.30000", "2014-12-31": "219087.00000", "2013-12-31": "208191.40000", "2012-12-31": "161830.20000", "2011-12-31": "147361.70000", "2010-12-31": "145631.10000", "2009-12-31": "137759.40000", "2008-12-31": "128182.40000", "2007-12-31": "154520.20000", "2006-12-31": "143658.10000", "2005-12-31": "127035.40000"}, "Total Current Liabilities": {"2020-12-31": "89589.00000", "2019-12-31": "83258.50000", "2018-12-31": "76295.80000", "2017-12-31": "72063.60000", "2016-12-31": "67896.10000", "2015-12-31": "62559.10000", "2014-12-31": "59604.00000", "2013-12-31": "59494.00000", "2012-12-31": "60979.90000", "2011-12-31": "58540.60000", "2010-12-31": "58047.50000", "2009-12-31": "59711.00000", "2008-12-31": "62617.90000", "2007-12-31": "59574.90000", "2006-12-31": "54835.10000", "2005-12-31": "51571.10000"}, "Long Term Debt": {"2020-12-31": "4279.20000", "2019-12-31": "3734.10000", "2018-12-31": "3259.60000", "2017-12-31": "3178.40000", "2016-12-31": "3125.70000", "2015-12-31": "3265.20000", "2014-12-31": "2531.20000", "2013-12-31": "2601.40000", "2012-12-31": "2671.30000", "2011-12-31": "1564.80000", "2010-12-31": "1583.70000", "2009-12-31": "1584.60000", "2008-12-31": "1290.50000", "2007-12-31": "1398.80000", "2006-12-31": "1511.30000", "2005-12-31": "898.80000"}, "Other Non-Current Liabilities": {"2020-12-31": "183533.50000", "2019-12-31": "172331.70000", "2018-12-31": "150649.80000", "2017-12-31": "164566.80000", "2016-12-31": "145615.90000", "2015-12-31": "142657.30000", "2014-12-31": "145615.00000", "2013-12-31": "135242.60000", "2012-12-31": "87799.90000", "2011-12-31": "77650.60000", "2010-12-31": "75698.80000", "2009-12-31": "68324.40000", "2008-12-31": "61600.00000", "2007-12-31": "85506.90000", "2006-12-31": "78486.50000", "2005-12-31": "65779.00000"}, "Total Long Term Liabilities": {"2020-12-31": "190421.40000", "2019-12-31": "178143.50000", "2018-12-31": "155284.30000", "2017-12-31": "168955.70000", "2016-12-31": "149824.40000", "2015-12-31": "146723.80000", "2014-12-31": "149251.00000", "2013-12-31": "138920.40000", "2012-12-31": "91146.90000", "2011-12-31": "79449.40000", "2010-12-31": "77698.59000", "2009-12-31": "70032.00000", "2008-12-31": "62995.20000", "2007-12-31": "87523.60000", "2006-12-31": "80962.20000", "2005-12-31": "67657.10000"}, "Total Liabilities": {"2020-12-31": "280010.40000", "2019-12-31": "261402.00000", "2018-12-31": "231580.10000", "2017-12-31": "241019.30000", "2016-12-31": "217720.50000", "2015-12-31": "209282.90000", "2014-12-31": "208855.00000", "2013-12-31": "198414.40000", "2012-12-31": "152126.80000", "2011-12-31": "137990.00000", "2010-12-31": "135746.10000", "2009-12-31": "129743.00000", "2008-12-31": "125613.10000", "2007-12-31": "147098.50000", "2006-12-31": "135797.30000", "2005-12-31": "119228.20000"}, "Common Stock Net": {"2020-12-31": "4.80000", "2019-12-31": "4.80000", "2018-12-31": "4.80000", "2017-12-31": "4.70000", "2016-12-31": "4.70000", "2015-12-31": "4.70000", "2014-12-31": "4.60000", "2013-12-31": "4.60000", "2012-12-31": "4.50000", "2011-12-31": "4.50000", "2010-12-31": "4.50000", "2009-12-31": "4.50000", "2008-12-31": "3.90000", "2007-12-31": "3.90000", "2006-12-31": "3.80000", "2005-12-31": "3.80000"}, "Retained Earnings (Accumulated Deficit)": {"2020-12-31": "11838.00000", "2019-12-31": "11074.30000", "2018-12-31": "10290.20000", "2017-12-31": "9482.90000", "2016-12-31": "7720.40000", "2015-12-31": "6875.90000", "2014-12-31": "6114.10000", "2013-12-31": "5405.40000", "2012-12-31": "4862.00000", "2011-12-31": "4402.30000", "2010-12-31": "4612.30000", "2009-12-31": "4160.70000", "2008-12-31": "3722.50000", "2007-12-31": "3414.30000", "2006-12-31": "2824.10000", "2005-12-31": "2008.60000"}, "Comprehensive Income": {"2020-12-31": "2383.10000", "2019-12-31": "1037.90000", "2018-12-31": "-1565.10000", "2017-12-31": "165.50000", "2016-12-31": "-675.20000", "2015-12-31": "-882.50000", "2014-12-31": "50.40000", "2013-12-31": "183.20000", "2012-12-31": "640.30000", "2011-12-31": "258.00000", "2010-12-31": "272.40000", "2009-12-31": "-1042.00000", "2008-12-31": "-4911.60000", "2007-12-31": "420.20000", "2006-12-31": "846.90000", "2005-12-31": "994.80000"}, "Other Share Holders Equity": {"2020-12-31": "", "2019-12-31": "", "2018-12-31": "", "2017-12-31": "", "2016-12-31": "", "2015-12-31": "", "2014-12-31": "", "2013-12-31": "", "2012-12-31": "", "2011-12-31": "", "2010-12-31": "", "2009-12-31": "", "2008-12-31": "", "2007-12-31": "", "2006-12-31": "", "2005-12-31": ""}, "Share Holder Equity": {"2020-12-31": "16617.30000", "2019-12-31": "14685.80000", "2018-12-31": "11456.00000", "2017-12-31": "12921.90000", "2016-12-31": "10293.80000", "2015-12-31": "9377.40000", "2014-12-31": "10232.00000", "2013-12-31": "9777.00000", "2012-12-31": "9703.40000", "2011-12-31": "9371.70000", "2010-12-31": "9885.00000", "2009-12-31": "8016.40000", "2008-12-31": "2569.30000", "2007-12-31": "7421.70000", "2006-12-31": "7860.80000", "2005-12-31": "7807.20000"}, "Total Liabilities And Share Holders Equity": {"2020-12-31": "296627.70000", "2019-12-31": "276087.80000", "2018-12-31": "243036.10000", "2017-12-31": "253941.20000", "2016-12-31": "228014.30000", "2015-12-31": "218660.30000", "2014-12-31": "219087.00000", "2013-12-31": "208191.40000", "2012-12-31": "161830.20000", "2011-12-31": "147361.70000", "2010-12-31": "145631.10000", "2009-12-31": "137759.40000", "2008-12-31": "128182.40000", "2007-12-31": "154520.20000", "2006-12-31": "143658.10000", "2005-12-31": "127035.40000"}}, "balance sheet, quarterly": {"Cash On Hand": {"2020-12-31": "2849.80000", "2020-09-30": "3556.70000", "2020-06-30": "3150.40000", "2020-03-31": "3482.70000", "2019-12-31": "2515.90000", "2019-09-30": "3198.00000", "2019-06-30": "3315.90000", "2019-03-31": "2259.70000", "2018-12-31": "2977.50000", "2018-09-30": "2926.70000", "2018-06-30": "2342.00000", "2018-03-31": "2335.70000", "2017-12-31": "2470.80000", "2017-09-30": "2795.00000", "2017-06-30": "2006.40000", "2017-03-31": "1534.70000", "2016-12-31": "2719.60000", "2016-09-30": "2218.20000", "2016-06-30": "2255.40000", "2016-03-31": "2142.90000", "2015-12-31": "2564.80000", "2015-09-30": "2514.20000", "2015-06-30": "2264.40000", "2015-03-31": "1452.00000", "2014-12-31": "1863.90000", "2014-09-30": "1270.80000", "2014-06-30": "1742.30000", "2014-03-31": "1393.10000", "2013-12-31": "2371.80000", "2013-09-30": "1707.10000", "2013-06-30": "1110.50000", "2013-03-31": "1661.20000", "2012-12-31": "4177.20000", "2012-09-30": "2279.00000", "2012-06-30": "1646.60000", "2012-03-31": "1651.90000", "2011-12-31": "2833.90000", "2011-09-30": "1434.20000", "2011-06-30": "2169.60000", "2011-03-31": "1984.20000", "2010-12-31": "1877.40000", "2010-09-30": "2268.80000", "2010-06-30": "1827.30000", "2010-03-31": "1629.70000", "2009-12-31": "2240.40000", "2009-09-30": "3241.20000", "2009-06-30": "4328.50000", "2009-03-31": "2699.60000", "2008-12-31": "2608.00000", "2008-09-30": "2269.00000", "2008-06-30": "1524.50000", "2008-03-31": "1120.70000", "2007-12-31": "1344.40000", "2007-09-30": "2558.70000", "2007-06-30": "1858.00000", "2007-03-31": "1476.50000", "2006-12-31": "1591.50000", "2006-09-30": "1396.60000", "2006-06-30": "1216.90000", "2006-03-31": "1608.20000", "2005-12-31": "1639.30000", "2005-09-30": "1116.60000", "2005-06-30": "1171.60000", "2005-03-31": "548.50000"}, "Receivables": {"2020-12-31": "1723.80000", "2020-09-30": "1530.20000", "2020-06-30": "1760.00000", "2020-03-31": "1691.00000", "2019-12-31": "1740.30000", "2019-09-30": "1635.70000", "2019-06-30": "1549.20000", "2019-03-31": "1641.10000", "2018-12-31": "1413.10000", "2018-09-30": "1514.40000", "2018-06-30": "1455.60000", "2018-03-31": "1638.40000", "2017-12-31": "1469.80000", "2017-09-30": "1516.60000", "2017-06-30": "1381.40000", "2017-03-31": "1447.00000", "2016-12-31": "1361.90000", "2016-09-30": "1382.80000", "2016-06-30": "1504.80000", "2016-03-31": "1309.50000", "2015-12-31": "1429.30000", "2015-09-30": "1401.60000", "2015-06-30": "1282.70000", "2015-03-31": "1230.00000", "2014-12-31": "1213.00000", "2014-09-30": "1189.30000", "2014-06-30": "1232.30000", "2014-03-31": "1199.30000", "2013-12-31": "1241.00000", "2013-09-30": "1160.70000", "2013-06-30": "1219.00000", "2013-03-31": "1175.20000", "2012-12-31": "1084.40000", "2012-09-30": "1192.20000", "2012-06-30": "1097.00000", "2012-03-31": "1118.80000", "2011-12-31": "1196.50000", "2011-09-30": "1237.40000", "2011-06-30": "1361.70000", "2011-03-31": "1309.90000", "2010-12-31": "1063.00000", "2010-09-30": "1294.70000", "2010-06-30": "1232.60000", "2010-03-31": "1190.70000", "2009-12-31": "1065.40000", "2009-09-30": "1135.80000", "2009-06-30": "1046.50000", "2009-03-31": "1183.00000", "2008-12-31": "988.10000", "2008-09-30": "1598.40000", "2008-06-30": "892.10000", "2008-03-31": "940.40000", "2007-12-31": "951.20000", "2007-09-30": "904.70000", "2007-06-30": "936.10000", "2007-03-31": "843.50000", "2006-12-31": "1252.30000", "2006-09-30": "682.90000", "2006-06-30": "626.80000", "2006-03-31": "673.60000", "2005-12-31": "592.70000", "2005-09-30": "1109.70000", "2005-06-30": "719.60000", "2005-03-31": "573.80000"}, "Inventory": {"2020-12-31": "", "2020-09-30": "", "2020-06-30": "", "2020-03-31": "", "2019-12-31": "", "2019-09-30": "", "2019-06-30": "", "2019-03-31": "", "2018-12-31": "", "2018-09-30": "", "2018-06-30": "", "2018-03-31": "", "2017-12-31": "", "2017-09-30": "", "2017-06-30": "", "2017-03-31": "", "2016-12-31": "", "2016-09-30": "", "2016-06-30": "", "2016-03-31": "", "2015-12-31": "", "2015-09-30": "", "2015-06-30": "", "2015-03-31": "", "2014-12-31": "", "2014-09-30": "", "2014-06-30": "", "2014-03-31": "", "2013-12-31": "", "2013-09-30": "", "2013-06-30": "", "2013-03-31": "", "2012-12-31": "", "2012-09-30": "", "2012-06-30": "", "2012-03-31": "", "2011-12-31": "", "2011-09-30": "", "2011-06-30": "", "2011-03-31": "", "2010-12-31": "", "2010-09-30": "", "2010-06-30": "", "2010-03-31": "", "2009-12-31": "", "2009-09-30": "", "2009-06-30": "", "2009-03-31": "", "2008-12-31": "", "2008-09-30": "", "2008-06-30": "", "2008-03-31": "", "2007-12-31": "", "2007-09-30": "", "2007-06-30": "", "2007-03-31": "", "2006-12-31": "", "2006-09-30": "", "2006-06-30": "", "2006-03-31": "", "2005-12-31": "", "2005-09-30": "", "2005-06-30": "", "2005-03-31": ""}, "Pre-Paid Expenses": {"2020-12-31": "", "2020-09-30": "", "2020-06-30": "", "2020-03-31": "", "2019-12-31": "", "2019-09-30": "", "2019-06-30": "", "2019-03-31": "", "2018-12-31": "", "2018-09-30": "", "2018-06-30": "", "2018-03-31": "", "2017-12-31": "", "2017-09-30": "", "2017-06-30": "", "2017-03-31": "", "2016-12-31": "", "2016-09-30": "", "2016-06-30": "", "2016-03-31": "", "2015-12-31": "", "2015-09-30": "", "2015-06-30": "", "2015-03-31": "", "2014-12-31": "", "2014-09-30": "", "2014-06-30": "", "2014-03-31": "", "2013-12-31": "", "2013-09-30": "", "2013-06-30": "", "2013-03-31": "", "2012-12-31": "", "2012-09-30": "", "2012-06-30": "", "2012-03-31": "", "2011-12-31": "", "2011-09-30": "", "2011-06-30": "", "2011-03-31": "", "2010-12-31": "", "2010-09-30": "", "2010-06-30": "", "2010-03-31": "", "2009-12-31": "", "2009-09-30": "", "2009-06-30": "", "2009-03-31": "", "2008-12-31": "", "2008-09-30": "", "2008-06-30": "", "2008-03-31": "", "2007-12-31": "", "2007-09-30": "", "2007-06-30": "", "2007-03-31": "", "2006-12-31": "", "2006-09-30": "", "2006-06-30": "", "2006-03-31": "", "2005-12-31": "", "2005-09-30": "", "2005-06-30": "", "2005-03-31": ""}, "Other Current Assets": {"2020-12-31": "", "2020-09-30": "", "2020-06-30": "", "2020-03-31": "", "2019-12-31": "", "2019-09-30": "", "2019-06-30": "", "2019-03-31": "", "2018-12-31": "", "2018-09-30": "", "2018-06-30": "", "2018-03-31": "", "2017-12-31": "", "2017-09-30": "", "2017-06-30": "", "2017-03-31": "", "2016-12-31": "", "2016-09-30": "", "2016-06-30": "", "2016-03-31": "", "2015-12-31": "", "2015-09-30": "", "2015-06-30": "", "2015-03-31": "", "2014-12-31": "", "2014-09-30": "", "2014-06-30": "", "2014-03-31": "", "2013-12-31": "", "2013-09-30": "", "2013-06-30": "", "2013-03-31": "", "2012-12-31": "", "2012-09-30": "", "2012-06-30": "", "2012-03-31": "", "2011-12-31": "", "2011-09-30": "", "2011-06-30": "", "2011-03-31": "", "2010-12-31": "", "2010-09-30": "", "2010-06-30": "", "2010-03-31": "", "2009-12-31": "", "2009-09-30": "", "2009-06-30": "", "2009-03-31": "", "2008-12-31": "", "2008-09-30": "", "2008-06-30": "", "2008-03-31": "", "2007-12-31": "", "2007-09-30": "", "2007-06-30": "", "2007-03-31": "", "2006-12-31": "", "2006-09-30": "", "2006-06-30": "", "2006-03-31": "", "2005-12-31": "", "2005-09-30": "", "2005-06-30": "", "2005-03-31": ""}, "Total Current Assets": {"2020-12-31": "4573.60000", "2020-09-30": "5086.90000", "2020-06-30": "4910.40000", "2020-03-31": "5173.70000", "2019-12-31": "4256.20000", "2019-09-30": "4833.70000", "2019-06-30": "4865.10000", "2019-03-31": "3900.80000", "2018-12-31": "4390.60000", "2018-09-30": "4441.10000", "2018-06-30": "3797.60000", "2018-03-31": "3974.10000", "2017-12-31": "3940.60000", "2017-09-30": "4311.60000", "2017-06-30": "3387.80000", "2017-03-31": "2981.70000", "2016-12-31": "4081.50000", "2016-09-30": "3601.00000", "2016-06-30": "3760.20000", "2016-03-31": "3452.40000", "2015-12-31": "3994.10000", "2015-09-30": "3915.80000", "2015-06-30": "3547.10000", "2015-03-31": "2682.00000", "2014-12-31": "3076.90000", "2014-09-30": "2460.10000", "2014-06-30": "2974.60000", "2014-03-31": "2592.40000", "2013-12-31": "3612.80000", "2013-09-30": "2867.80000", "2013-06-30": "2329.50000", "2013-03-31": "2836.40000", "2012-12-31": "5261.60000", "2012-09-30": "3471.20000", "2012-06-30": "2743.60000", "2012-03-31": "2770.70000", "2011-12-31": "4030.40000", "2011-09-30": "2671.60000", "2011-06-30": "3531.30000", "2011-03-31": "3294.10000", "2010-12-31": "2940.40000", "2010-09-30": "3563.50000", "2010-06-30": "3059.90000", "2010-03-31": "2820.40000", "2009-12-31": "3305.80000", "2009-09-30": "4377.00000", "2009-06-30": "5375.00000", "2009-03-31": "3882.60000", "2008-12-31": "3596.10000", "2008-09-30": "3867.40000", "2008-06-30": "2416.60000", "2008-03-31": "2061.10000", "2007-12-31": "2295.60000", "2007-09-30": "3463.40000", "2007-06-30": "2794.10000", "2007-03-31": "2320.00000", "2006-12-31": "2843.80000", "2006-09-30": "2079.50000", "2006-06-30": "1843.70000", "2006-03-31": "2281.80000", "2005-12-31": "2232.00000", "2005-09-30": "2226.30000", "2005-06-30": "1891.20000", "2005-03-31": "1122.30000"}, "Property, Plant, And Equipment": {"2020-12-31": "1019.00000", "2020-09-30": "998.80000", "2020-06-30": "993.10000", "2020-03-31": "973.80000", "2019-12-31": "967.70000", "2019-09-30": "961.70000", "2019-06-30": "959.50000", "2019-03-31": "933.20000", "2018-12-31": "767.30000", "2018-09-30": "770.60000", "2018-06-30": "762.90000", "2018-03-31": "775.20000", "2017-12-31": "759.50000", "2017-09-30": "754.60000", "2017-06-30": "750.30000", "2017-03-31": "718.80000", "2016-12-31": "699.00000", "2016-09-30": "674.50000", "2016-06-30": "667.90000", "2016-03-31": "657.30000", "2015-12-31": "633.80000", "2015-09-30": "611.60000", "2015-06-30": "601.90000", "2015-03-31": "607.40000", "2014-12-31": "590.20000", "2014-09-30": "590.10000", "2014-06-30": "574.00000", "2014-03-31": "546.00000", "2013-12-31": "500.70000", "2013-09-30": "479.10000", "2013-06-30": "476.40000", "2013-03-31": "472.60000", "2012-12-31": "464.20000", "2012-09-30": "468.40000", "2012-06-30": "469.70000", "2012-03-31": "476.70000", "2011-12-31": "457.20000", "2011-09-30": "448.20000", "2011-06-30": "448.50000", "2011-03-31": "448.70000", "2010-12-31": "458.70000", "2010-09-30": "461.10000", "2010-06-30": "471.70000", "2010-03-31": "480.50000", "2009-12-31": "489.30000", "2009-09-30": "496.80000", "2009-06-30": "506.10000", "2009-03-31": "517.20000", "2008-12-31": "518.20000", "2008-09-30": "510.80000", "2008-06-30": "490.90000", "2008-03-31": "481.50000", "2007-12-31": "469.00000", "2007-09-30": "450.80000", "2007-06-30": "443.40000", "2007-03-31": "423.20000", "2006-12-31": "422.50000", "2006-09-30": "419.00000", "2006-06-30": "420.20000", "2006-03-31": "420.60000", "2005-12-31": "419.80000", "2005-09-30": "416.90000", "2005-06-30": "419.30000", "2005-03-31": "436.50000"}, "Long-Term Investments": {"2020-12-31": "107017.50000", "2020-09-30": "103762.40000", "2020-06-30": "101260.70000", "2020-03-31": "95497.00000", "2019-12-31": "97038.00000", "2019-09-30": "95103.50000", "2019-06-30": "91859.00000", "2019-03-31": "89223.50000", "2018-12-31": "85402.80000", "2018-09-30": "84667.91000", "2018-06-30": "83032.59000", "2018-03-31": "82588.80000", "2017-12-31": "82713.30000", "2017-09-30": "81838.00000", "2017-06-30": "79655.90000", "2017-03-31": "78437.20000", "2016-12-31": "76416.10000", "2016-09-30": "78371.90000", "2016-06-30": "77250.40000", "2016-03-31": "74387.80000", "2015-12-31": "70366.10000", "2015-09-30": "70132.30000", "2015-06-30": "68675.30000", "2015-03-31": "69393.60000", "2014-12-31": "68939.70000", "2014-09-30": "68640.00000", "2014-06-30": "69111.50000", "2014-03-31": "68647.50000", "2013-12-31": "67289.00000", "2013-09-30": "67839.50000", "2013-06-30": "68346.90000", "2013-03-31": "70010.30000", "2012-12-31": "69395.70000", "2012-09-30": "69882.70000", "2012-06-30": "67820.20000", "2012-03-31": "67914.50000", "2011-12-31": "66766.50000", "2011-09-30": "67452.50000", "2011-06-30": "66578.40000", "2011-03-31": "66032.30000", "2010-12-31": "66643.60000", "2010-09-30": "68004.90000", "2010-06-30": "66565.70000", "2010-03-31": "66248.80000", "2009-12-31": "64628.40000", "2009-09-30": "64349.70000", "2009-06-30": "60948.90000", "2009-03-31": "59258.00000", "2008-12-31": "59858.00000", "2008-09-30": "63887.60000", "2008-06-30": "65872.90000", "2008-03-31": "65696.20000", "2007-12-31": "65139.10000", "2007-09-30": "63662.70000", "2007-06-30": "61738.90000", "2007-03-31": "61905.60000", "2006-12-31": "61035.40000", "2006-09-30": "60416.50000", "2006-06-30": "58790.00000", "2006-03-31": "58574.60000", "2005-12-31": "58053.00000", "2005-09-30": "57670.70000", "2005-06-30": "58381.80000", "2005-03-31": "57209.50000"}, "Goodwill And Intangible Assets": {"2020-12-31": "3434.00000", "2020-09-30": "3358.80000", "2020-06-30": "3340.20000", "2020-03-31": "3333.00000", "2019-12-31": "3480.50000", "2019-09-30": "3492.40000", "2019-06-30": "2412.20000", "2019-03-31": "2420.90000", "2018-12-31": "2415.10000", "2018-09-30": "2482.60000", "2018-06-30": "2458.60000", "2018-03-31": "2489.10000", "2017-12-31": "2383.50000", "2017-09-30": "2369.90000", "2017-06-30": "2344.60000", "2017-03-31": "2355.50000", "2016-12-31": "2346.10000", "2016-09-30": "2381.10000", "2016-06-30": "2395.70000", "2016-03-31": "2408.50000", "2015-12-31": "2368.20000", "2015-09-30": "2404.10000", "2015-06-30": "2239.50000", "2015-03-31": "2272.20000", "2014-12-31": "2330.90000", "2014-09-30": "2395.80000", "2014-06-30": "2503.80000", "2014-03-31": "2497.00000", "2013-12-31": "2559.30000", "2013-09-30": "2624.90000", "2013-06-30": "2655.80000", "2013-03-31": "2787.70000", "2012-12-31": "1458.10000", "2012-09-30": "1476.30000", "2012-06-30": "1476.90000", "2012-03-31": "1384.60000", "2011-12-31": "1372.90000", "2011-09-30": "1286.70000", "2011-06-30": "1173.00000", "2011-03-31": "1173.80000", "2010-12-31": "1180.00000", "2010-09-30": "1185.90000", "2010-06-30": "1224.70000", "2010-03-31": "1235.90000", "2009-12-31": "1238.10000", "2009-09-30": "1247.50000", "2009-06-30": "1262.50000", "2009-03-31": "1260.30000", "2008-12-31": "1300.80000", "2008-09-30": "1358.40000", "2008-06-30": "1380.80000", "2008-03-31": "1379.50000", "2007-12-31": "1381.60000", "2007-09-30": "1384.20000", "2007-06-30": "1313.90000", "2007-03-31": "1327.00000", "2006-12-31": "1342.90000", "2006-09-30": "526.30000", "2006-06-30": "497.10000", "2006-03-31": "508.50000", "2005-12-31": "484.90000", "2005-09-30": "489.70000", "2005-06-30": "487.20000", "2005-03-31": "483.50000"}, "Other Long-Term Assets": {"2020-12-31": "177173.90000", "2020-09-30": "161889.50000", "2020-06-30": "157317.30000", "2020-03-31": "138246.60000", "2019-12-31": "166824.10000", "2019-09-30": "162422.20000", "2019-06-30": "164302.70000", "2019-03-31": "159325.00000", "2018-12-31": "146366.80000", "2018-09-30": "162724.20000", "2018-06-30": "158477.90000", "2018-03-31": "160341.40000", "2017-12-31": "160603.60000", "2017-09-30": "155178.10000", "2017-06-30": "150563.10000", "2017-03-31": "147572.00000", "2016-12-31": "141091.40000", "2016-09-30": "142163.50000", "2016-06-30": "135826.30000", "2016-03-31": "133444.70000", "2015-12-31": "138022.00000", "2015-09-30": "135156.60000", "2015-06-30": "144044.50000", "2015-03-31": "144518.90000", "2014-12-31": "141156.30000", "2014-09-30": "139351.40000", "2014-06-30": "140129.60000", "2014-03-31": "133865.40000", "2013-12-31": "131152.60000", "2013-09-30": "124868.50000", "2013-06-30": "119778.70000", "2013-03-31": "121940.40000", "2012-12-31": "82660.59000", "2012-09-30": "81336.20000", "2012-06-30": "76876.50000", "2012-03-31": "78526.10000", "2011-12-31": "72306.70000", "2011-09-30": "68197.80000", "2011-06-30": "74212.00000", "2011-03-31": "73050.90000", "2010-12-31": "70878.59000", "2010-09-30": "67001.10000", "2010-06-30": "61847.80000", "2010-03-31": "66496.90000", "2009-12-31": "64416.40000", "2009-09-30": "63317.10000", "2009-06-30": "58555.40000", "2009-03-31": "53942.00000", "2008-12-31": "58756.30000", "2008-09-30": "70058.40000", "2008-06-30": "78021.59000", "2008-03-31": "79306.60000", "2007-12-31": "82424.80000", "2007-09-30": "83969.10000", "2007-06-30": "81813.50000", "2007-03-31": "78163.70000", "2006-12-31": "75540.40000", "2006-09-30": "70340.60000", "2006-06-30": "67422.80000", "2006-03-31": "67880.90000", "2005-12-31": "63568.40000", "2005-09-30": "58204.90000", "2005-06-30": "54044.00000", "2005-03-31": "52330.80000"}, "Total Long-Term Assets": {"2020-12-31": "292054.10000", "2020-09-30": "273397.90000", "2020-06-30": "266399.00000", "2020-03-31": "241730.20000", "2019-12-31": "271831.60000", "2019-09-30": "265404.70000", "2019-06-30": "263052.90000", "2019-03-31": "255519.10000", "2018-12-31": "238645.50000", "2018-09-30": "254317.20000", "2018-06-30": "248306.40000", "2018-03-31": "249662.40000", "2017-12-31": "250000.60000", "2017-09-30": "243622.00000", "2017-06-30": "236766.10000", "2017-03-31": "232514.30000", "2016-12-31": "223932.80000", "2016-09-30": "226766.60000", "2016-06-30": "219314.00000", "2016-03-31": "214117.60000", "2015-12-31": "214666.20000", "2015-09-30": "211449.60000", "2015-06-30": "218723.60000", "2015-03-31": "219812.90000", "2014-12-31": "216010.10000", "2014-09-30": "213962.70000", "2014-06-30": "215347.70000", "2014-03-31": "208601.50000", "2013-12-31": "204578.60000", "2013-09-30": "198819.60000", "2013-06-30": "194183.20000", "2013-03-31": "197926.50000", "2012-12-31": "156568.60000", "2012-09-30": "155722.10000", "2012-06-30": "149307.10000", "2012-03-31": "150967.50000", "2011-12-31": "143331.30000", "2011-09-30": "140630.70000", "2011-06-30": "145747.10000", "2011-03-31": "144255.60000", "2010-12-31": "142690.70000", "2010-09-30": "139893.10000", "2010-06-30": "133536.60000", "2010-03-31": "138016.30000", "2009-12-31": "134453.60000", "2009-09-30": "133002.50000", "2009-06-30": "125331.60000", "2009-03-31": "119352.20000", "2008-12-31": "124586.30000", "2008-09-30": "139542.30000", "2008-06-30": "149110.30000", "2008-03-31": "149940.10000", "2007-12-31": "152224.60000", "2007-09-30": "152154.50000", "2007-06-30": "147964.20000", "2007-03-31": "144297.40000", "2006-12-31": "140814.30000", "2006-09-30": "134086.10000", "2006-06-30": "129585.70000", "2006-03-31": "129692.70000", "2005-12-31": "124803.40000", "2005-09-30": "118879.20000", "2005-06-30": "115301.40000", "2005-03-31": "112406.80000"}, "Total Assets": {"2020-12-31": "296627.70000", "2020-09-30": "278484.80000", "2020-06-30": "271309.40000", "2020-03-31": "246903.90000", "2019-12-31": "276087.80000", "2019-09-30": "270238.40000", "2019-06-30": "267918.00000", "2019-03-31": "259419.90000", "2018-12-31": "243036.10000", "2018-09-30": "258758.30000", "2018-06-30": "252104.00000", "2018-03-31": "253636.50000", "2017-12-31": "253941.20000", "2017-09-30": "247933.60000", "2017-06-30": "240153.90000", "2017-03-31": "235496.00000", "2016-12-31": "228014.30000", "2016-09-30": "230367.60000", "2016-06-30": "223074.20000", "2016-03-31": "217570.00000", "2015-12-31": "218660.30000", "2015-09-30": "215365.40000", "2015-06-30": "222270.70000", "2015-03-31": "222494.90000", "2014-12-31": "219087.00000", "2014-09-30": "216422.80000", "2014-06-30": "218322.30000", "2014-03-31": "211193.90000", "2013-12-31": "208191.40000", "2013-09-30": "201687.40000", "2013-06-30": "196512.70000", "2013-03-31": "200762.90000", "2012-12-31": "161830.20000", "2012-09-30": "159193.30000", "2012-06-30": "152050.70000", "2012-03-31": "153738.20000", "2011-12-31": "147361.70000", "2011-09-30": "143302.30000", "2011-06-30": "149278.40000", "2011-03-31": "147549.70000", "2010-12-31": "145631.10000", "2010-09-30": "143456.60000", "2010-06-30": "136596.50000", "2010-03-31": "140836.70000", "2009-12-31": "137759.40000", "2009-09-30": "137379.50000", "2009-06-30": "130706.60000", "2009-03-31": "123234.80000", "2008-12-31": "128182.40000", "2008-09-30": "143409.70000", "2008-06-30": "151526.90000", "2008-03-31": "152001.20000", "2007-12-31": "154520.20000", "2007-09-30": "155617.90000", "2007-06-30": "150758.30000", "2007-03-31": "146617.40000", "2006-12-31": "143658.10000", "2006-09-30": "136165.60000", "2006-06-30": "131429.40000", "2006-03-31": "131974.50000", "2005-12-31": "127035.40000", "2005-09-30": "121105.50000", "2005-06-30": "117192.60000", "2005-03-31": "113529.10000"}, "Total Current Liabilities": {"2020-12-31": "89589.00000", "2020-09-30": "88030.20000", "2020-06-30": "86268.20000", "2020-03-31": "84337.10000", "2019-12-31": "83258.50000", "2019-09-30": "81401.50000", "2019-06-30": "79211.30000", "2019-03-31": "77523.50000", "2018-12-31": "76295.80000", "2018-09-30": "75517.00000", "2018-06-30": "73433.59000", "2018-03-31": "72519.70000", "2017-12-31": "72063.60000", "2017-09-30": "71322.70000", "2017-06-30": "69686.90000", "2017-03-31": "68746.80000", "2016-12-31": "67896.10000", "2016-09-30": "67233.90000", "2016-06-30": "66691.40000", "2016-03-31": "64572.00000", "2015-12-31": "62559.10000", "2015-09-30": "61678.00000", "2015-06-30": "59828.10000", "2015-03-31": "59431.20000", "2014-12-31": "59604.00000", "2014-09-30": "59018.50000", "2014-06-30": "59807.00000", "2014-03-31": "59702.90000", "2013-12-31": "59494.00000", "2013-09-30": "59656.00000", "2013-06-30": "59314.00000", "2013-03-31": "60248.80000", "2012-12-31": "60979.90000", "2012-09-30": "60013.50000", "2012-06-30": "58445.20000", "2012-03-31": "58266.80000", "2011-12-31": "58540.60000", "2011-09-30": "57320.40000", "2011-06-30": "57431.90000", "2011-03-31": "57298.90000", "2010-12-31": "58047.50000", "2010-09-30": "59018.40000", "2010-06-30": "58814.20000", "2010-03-31": "59295.90000", "2009-12-31": "59711.00000", "2009-09-30": "60561.20000", "2009-06-30": "61101.80000", "2009-03-31": "62293.30000", "2008-12-31": "62617.90000", "2008-09-30": "63917.70000", "2008-06-30": "62394.60000", "2008-03-31": "60619.70000", "2007-12-31": "59574.90000", "2007-09-30": "57772.00000", "2007-06-30": "55898.50000", "2007-03-31": "55165.40000", "2006-12-31": "54835.10000", "2006-09-30": "54136.10000", "2006-06-30": "53579.90000", "2006-03-31": "52496.30000", "2005-12-31": "51571.10000", "2005-09-30": "50595.10000", "2005-06-30": "50738.70000", "2005-03-31": "49984.80000"}, "Long Term Debt": {"2020-12-31": "4279.20000", "2020-09-30": "4279.00000", "2020-06-30": "4163.40000", "2020-03-31": "3670.10000", "2019-12-31": "3734.10000", "2019-09-30": "3763.90000", "2019-06-30": "3762.40000", "2019-03-31": "3266.40000", "2018-12-31": "3259.60000", "2018-09-30": "3245.50000", "2018-06-30": "3219.90000", "2018-03-31": "3196.60000", "2017-12-31": "3178.40000", "2017-09-30": "3175.40000", "2017-06-30": "3126.80000", "2017-03-31": "3126.20000", "2016-12-31": "3125.70000", "2016-09-30": "3278.20000", "2016-06-30": "3270.20000", "2016-03-31": "3269.10000", "2015-12-31": "3265.20000", "2015-09-30": "3286.10000", "2015-06-30": "3315.90000", "2015-03-31": "2514.60000", "2014-12-31": "2531.20000", "2014-09-30": "2529.20000", "2014-06-30": "2529.40000", "2014-03-31": "2516.00000", "2013-12-31": "2601.40000", "2013-09-30": "2593.30000", "2013-06-30": "2578.60000", "2013-03-31": "2790.50000", "2012-12-31": "2671.30000", "2012-09-30": "2180.00000", "2012-06-30": "1576.90000", "2012-03-31": "1570.80000", "2011-12-31": "1564.80000", "2011-09-30": "1570.40000", "2011-06-30": "1582.10000", "2011-03-31": "1579.80000", "2010-12-31": "1583.70000", "2010-09-30": "1582.10000", "2010-06-30": "1572.40000", "2010-03-31": "1578.30000", "2009-12-31": "1584.60000", "2009-09-30": "1586.10000", "2009-06-30": "2033.30000", "2009-03-31": "1292.70000", "2008-12-31": "1290.50000", "2008-09-30": "1378.60000", "2008-06-30": "1384.00000", "2008-03-31": "1406.60000", "2007-12-31": "1398.80000", "2007-09-30": "1523.30000", "2007-06-30": "1536.40000", "2007-03-31": "1547.00000", "2006-12-31": "1511.30000", "2006-09-30": "873.60000", "2006-06-30": "894.20000", "2006-03-31": "893.60000", "2005-12-31": "898.80000", "2005-09-30": "806.70000", "2005-06-30": "839.50000", "2005-03-31": "848.10000"}, "Other Non-Current Liabilities": {"2020-12-31": "183533.50000", "2020-09-30": "168053.40000", "2020-06-30": "163216.30000", "2020-03-31": "144219.40000", "2019-12-31": "172331.70000", "2019-09-30": "167881.20000", "2019-06-30": "168830.50000", "2019-03-31": "163989.10000", "2018-12-31": "150649.80000", "2018-09-30": "167137.90000", "2018-06-30": "162697.40000", "2018-03-31": "164610.00000", "2017-12-31": "164566.80000", "2017-09-30": "159670.20000", "2017-06-30": "154708.80000", "2017-03-31": "151779.90000", "2016-12-31": "145615.90000", "2016-09-30": "147560.30000", "2016-06-30": "140962.90000", "2016-03-31": "138297.50000", "2015-12-31": "142657.30000", "2015-09-30": "139742.00000", "2015-06-30": "148456.80000", "2015-03-31": "149011.50000", "2014-12-31": "145615.00000", "2014-09-30": "143281.30000", "2014-06-30": "144154.50000", "2014-03-31": "137740.80000", "2013-12-31": "135242.60000", "2013-09-30": "129187.70000", "2013-06-30": "124571.70000", "2013-03-31": "127036.90000", "2012-12-31": "87799.90000", "2012-09-30": "86134.80000", "2012-06-30": "81962.10000", "2012-03-31": "83653.00000", "2011-12-31": "77650.60000", "2011-09-30": "73411.40000", "2011-06-30": "78814.50000", "2011-03-31": "77751.90000", "2010-12-31": "75698.80000", "2010-09-30": "72259.50000", "2010-06-30": "66938.40000", "2010-03-31": "71145.30000", "2009-12-31": "68324.40000", "2009-09-30": "67507.40000", "2009-06-30": "61675.50000", "2009-03-31": "56831.30000", "2008-12-31": "61600.00000", "2008-09-30": "72308.70000", "2008-06-30": "80910.59000", "2008-03-31": "82885.41000", "2007-12-31": "85506.90000", "2007-09-30": "87764.60000", "2007-06-30": "84580.60000", "2007-03-31": "80931.40000", "2006-12-31": "78486.50000", "2006-09-30": "72574.00000", "2006-06-30": "69499.20000", "2006-03-31": "70273.80000", "2005-12-31": "65779.00000", "2005-09-30": "60877.50000", "2005-06-30": "56565.00000", "2005-03-31": "54361.00000"}, "Total Long Term Liabilities": {"2020-12-31": "190421.40000", "2020-09-30": "174733.50000", "2020-06-30": "169730.20000", "2020-03-31": "149594.20000", "2019-12-31": "178143.50000", "2019-09-30": "173964.10000", "2019-06-30": "174604.70000", "2019-03-31": "169134.20000", "2018-12-31": "155284.30000", "2018-09-30": "171472.60000", "2018-06-30": "166963.90000", "2018-03-31": "168861.00000", "2017-12-31": "168955.70000", "2017-09-30": "164543.60000", "2017-06-30": "159229.00000", "2017-03-31": "156064.30000", "2016-12-31": "149824.40000", "2016-09-30": "152269.90000", "2016-06-30": "145815.10000", "2016-03-31": "142888.40000", "2015-12-31": "146723.80000", "2015-09-30": "144001.60000", "2015-06-30": "152680.00000", "2015-03-31": "152571.60000", "2014-12-31": "149251.00000", "2014-09-30": "147035.30000", "2014-06-30": "148056.00000", "2014-03-31": "141433.10000", "2013-12-31": "138920.40000", "2013-09-30": "132658.00000", "2013-06-30": "127789.80000", "2013-03-31": "130687.50000", "2012-12-31": "91146.90000", "2012-09-30": "89333.90000", "2012-06-30": "84170.60000", "2012-03-31": "85719.50000", "2011-12-31": "79449.40000", "2011-09-30": "75692.50000", "2011-06-30": "81178.90000", "2011-03-31": "79878.00000", "2010-12-31": "77698.59000", "2010-09-30": "74403.90000", "2010-06-30": "68710.60000", "2010-03-31": "72852.59000", "2009-12-31": "70032.00000", "2009-09-30": "69211.60000", "2009-06-30": "63828.30000", "2009-03-31": "58232.60000", "2008-12-31": "62995.20000", "2008-09-30": "73879.41000", "2008-06-30": "82512.39000", "2008-03-31": "84539.41000", "2007-12-31": "87523.60000", "2007-09-30": "89977.60000", "2007-06-30": "86873.10000", "2007-03-31": "83345.00000", "2006-12-31": "80962.20000", "2006-09-30": "74341.40000", "2006-06-30": "71004.80000", "2006-03-31": "71879.50000", "2005-12-31": "67657.10000", "2005-09-30": "62710.30000", "2005-06-30": "58601.80000", "2005-03-31": "56201.20000"}, "Total Liabilities": {"2020-12-31": "280010.40000", "2020-09-30": "262763.70000", "2020-06-30": "255998.40000", "2020-03-31": "233931.30000", "2019-12-31": "261402.00000", "2019-09-30": "255365.60000", "2019-06-30": "253816.00000", "2019-03-31": "246657.70000", "2018-12-31": "231580.10000", "2018-09-30": "246989.60000", "2018-06-30": "240397.50000", "2018-03-31": "241380.70000", "2017-12-31": "241019.30000", "2017-09-30": "235866.30000", "2017-06-30": "228915.90000", "2017-03-31": "224811.10000", "2016-12-31": "217720.50000", "2016-09-30": "219503.80000", "2016-06-30": "212506.50000", "2016-03-31": "207460.40000", "2015-12-31": "209282.90000", "2015-09-30": "205679.60000", "2015-06-30": "212508.10000", "2015-03-31": "212002.80000", "2014-12-31": "208855.00000", "2014-09-30": "206053.80000", "2014-06-30": "207863.00000", "2014-03-31": "201136.00000", "2013-12-31": "198414.40000", "2013-09-30": "192314.00000", "2013-06-30": "187103.80000", "2013-03-31": "190936.30000", "2012-12-31": "152126.80000", "2012-09-30": "149347.40000", "2012-06-30": "142615.80000", "2012-03-31": "143986.30000", "2011-12-31": "137990.00000", "2011-09-30": "133012.90000", "2011-06-30": "138610.80000", "2011-03-31": "137176.90000", "2010-12-31": "135746.10000", "2010-09-30": "133422.30000", "2010-06-30": "127524.80000", "2010-03-31": "132148.50000", "2009-12-31": "129743.00000", "2009-09-30": "129772.80000", "2009-06-30": "124930.10000", "2009-03-31": "120525.90000", "2008-12-31": "125613.10000", "2008-09-30": "137797.10000", "2008-06-30": "144907.00000", "2008-03-31": "145159.10000", "2007-12-31": "147098.50000", "2007-09-30": "147749.60000", "2007-06-30": "142771.60000", "2007-03-31": "138510.40000", "2006-12-31": "135797.30000", "2006-09-30": "128477.50000", "2006-06-30": "124584.70000", "2006-03-31": "124375.80000", "2005-12-31": "119228.20000", "2005-09-30": "113305.40000", "2005-06-30": "109340.50000", "2005-03-31": "106186.00000"}, "Common Stock Net": {"2020-12-31": "4.80000", "2020-09-30": "4.80000", "2020-06-30": "4.80000", "2020-03-31": "4.80000", "2019-12-31": "4.80000", "2019-09-30": "4.80000", "2019-06-30": "4.80000", "2019-03-31": "4.80000", "2018-12-31": "4.80000", "2018-09-30": "4.80000", "2018-06-30": "4.80000", "2018-03-31": "4.70000", "2017-12-31": "4.70000", "2017-09-30": "4.70000", "2017-06-30": "4.70000", "2017-03-31": "4.70000", "2016-12-31": "4.70000", "2016-09-30": "4.70000", "2016-06-30": "4.70000", "2016-03-31": "4.70000", "2015-12-31": "4.70000", "2015-09-30": "4.70000", "2015-06-30": "4.60000", "2015-03-31": "4.60000", "2014-12-31": "4.60000", "2014-09-30": "4.60000", "2014-06-30": "4.60000", "2014-03-31": "4.60000", "2013-12-31": "4.60000", "2013-09-30": "4.60000", "2013-06-30": "4.60000", "2013-03-31": "4.60000", "2012-12-31": "4.50000", "2012-09-30": "4.50000", "2012-06-30": "4.50000", "2012-03-31": "4.50000", "2011-12-31": "4.50000", "2011-09-30": "4.50000", "2011-06-30": "4.50000", "2011-03-31": "4.50000", "2010-12-31": "4.50000", "2010-09-30": "4.50000", "2010-06-30": "4.50000", "2010-03-31": "4.50000", "2009-12-31": "4.50000", "2009-09-30": "4.50000", "2009-06-30": "4.50000", "2009-03-31": "3.90000", "2008-12-31": "3.90000", "2008-09-30": "3.90000", "2008-06-30": "3.90000", "2008-03-31": "3.90000", "2007-12-31": "3.90000", "2007-09-30": "3.80000", "2007-06-30": "3.80000", "2007-03-31": "3.80000", "2006-12-31": "3.80000", "2006-09-30": "3.80000", "2006-06-30": "3.80000", "2006-03-31": "3.80000", "2005-12-31": "3.80000", "2005-09-30": "3.80000", "2005-06-30": "3.80000", "2005-03-31": "3.80000"}, "Retained Earnings (Accumulated Deficit)": {"2020-12-31": "11838.00000", "2020-09-30": "11521.40000", "2020-06-30": "11441.40000", "2020-03-31": "11198.80000", "2019-12-31": "11074.30000", "2019-09-30": "10927.80000", "2019-06-30": "10805.80000", "2019-03-31": "10571.90000", "2018-12-31": "10290.20000", "2018-09-30": "10207.90000", "2018-06-30": "9904.30000", "2018-03-31": "9598.30000", "2017-12-31": "9482.90000", "2017-09-30": "8784.60000", "2017-06-30": "8112.20000", "2017-03-31": "7937.40000", "2016-12-31": "7720.40000", "2016-09-30": "7528.10000", "2016-06-30": "7339.60000", "2016-03-31": "7131.80000", "2015-12-31": "6875.90000", "2015-09-30": "6734.70000", "2015-06-30": "6547.90000", "2015-03-31": "6420.40000", "2014-12-31": "6114.10000", "2014-09-30": "5945.20000", "2014-06-30": "5816.30000", "2014-03-31": "5605.30000", "2013-12-31": "5405.40000", "2013-09-30": "5249.90000", "2013-06-30": "5125.20000", "2013-03-31": "4971.70000", "2012-12-31": "4862.00000", "2012-09-30": "4784.30000", "2012-06-30": "4667.10000", "2012-03-31": "4548.50000", "2011-12-31": "4402.30000", "2011-09-30": "5130.30000", "2011-06-30": "5066.60000", "2011-03-31": "4808.60000", "2010-12-31": "4612.30000", "2010-09-30": "4591.60000", "2010-06-30": "4474.80000", "2010-03-31": "4340.80000", "2009-12-31": "4160.70000", "2009-09-30": "4180.20000", "2009-06-30": "3995.50000", "2009-03-31": "3845.20000", "2008-12-31": "3722.50000", "2008-09-30": "3847.80000", "2008-06-30": "3757.70000", "2008-03-31": "3589.40000", "2007-12-31": "3414.30000", "2007-09-30": "3617.30000", "2007-06-30": "3385.00000", "2007-03-31": "3081.20000", "2006-12-31": "2824.10000", "2006-09-30": "2755.80000", "2006-06-30": "2504.80000", "2006-03-31": "2294.30000", "2005-12-31": "2008.60000", "2005-09-30": "1943.90000", "2005-06-30": "1733.90000", "2005-03-31": "1495.00000"}, "Comprehensive Income": {"2020-12-31": "2383.10000", "2020-09-30": "1747.10000", "2020-06-30": "1450.70000", "2020-03-31": "-599.20000", "2019-12-31": "1037.90000", "2019-09-30": "1307.10000", "2019-06-30": "647.70000", "2019-03-31": "-418.90000", "2018-12-31": "-1565.10000", "2018-09-30": "-1347.60000", "2018-06-30": "-1137.90000", "2018-03-31": "-469.30000", "2017-12-31": "165.50000", "2017-09-30": "47.00000", "2017-06-30": "-116.10000", "2017-03-31": "-455.10000", "2016-12-31": "-675.20000", "2016-09-30": "91.80000", "2016-06-30": "-19.30000", "2016-03-31": "-356.10000", "2015-12-31": "-882.50000", "2015-09-30": "-524.40000", "2015-06-30": "-326.60000", "2015-03-31": "28.00000", "2014-12-31": "50.40000", "2014-09-30": "380.10000", "2014-06-30": "599.40000", "2014-03-31": "361.80000", "2013-12-31": "183.20000", "2013-09-30": "-17.70000", "2013-06-30": "-0.50000", "2013-03-31": "621.00000", "2012-12-31": "640.30000", "2012-09-30": "880.80000", "2012-06-30": "550.50000", "2012-03-31": "488.10000", "2011-12-31": "258.00000", "2011-09-30": "409.20000", "2011-06-30": "698.80000", "2011-03-31": "525.50000", "2010-12-31": "272.40000", "2010-09-30": "476.80000", "2010-06-30": "-351.00000", "2010-03-31": "-577.90000", "2009-12-31": "-1042.00000", "2009-09-30": "-1434.10000", "2009-06-30": "-3042.40000", "2009-03-31": "-4841.10000", "2008-12-31": "-4911.60000", "2008-09-30": "-1887.30000", "2008-06-30": "-773.90000", "2008-03-31": "-359.10000", "2007-12-31": "420.20000", "2007-09-30": "388.40000", "2007-06-30": "554.00000", "2007-03-31": "897.70000", "2006-12-31": "846.90000", "2006-09-30": "777.60000", "2006-06-30": "218.50000", "2006-03-31": "639.30000", "2005-12-31": "994.80000", "2005-09-30": "1164.50000", "2005-06-30": "1453.90000", "2005-03-31": "1046.40000"}, "Other Share Holders Equity": {"2020-12-31": "", "2020-09-30": "", "2020-06-30": "", "2020-03-31": "", "2019-12-31": "", "2019-09-30": "", "2019-06-30": "", "2019-03-31": "", "2018-12-31": "", "2018-09-30": "", "2018-06-30": "", "2018-03-31": "", "2017-12-31": "", "2017-09-30": "", "2017-06-30": "", "2017-03-31": "", "2016-12-31": "", "2016-09-30": "", "2016-06-30": "", "2016-03-31": "", "2015-12-31": "", "2015-09-30": "", "2015-06-30": "", "2015-03-31": "", "2014-12-31": "", "2014-09-30": "", "2014-06-30": "", "2014-03-31": "", "2013-12-31": "", "2013-09-30": "", "2013-06-30": "", "2013-03-31": "", "2012-12-31": "", "2012-09-30": "", "2012-06-30": "", "2012-03-31": "", "2011-12-31": "", "2011-09-30": "", "2011-06-30": "", "2011-03-31": "", "2010-12-31": "", "2010-09-30": "", "2010-06-30": "", "2010-03-31": "", "2009-12-31": "", "2009-09-30": "", "2009-06-30": "", "2009-03-31": "", "2008-12-31": "", "2008-09-30": "", "2008-06-30": "", "2008-03-31": "", "2007-12-31": "", "2007-09-30": "", "2007-06-30": "", "2007-03-31": "", "2006-12-31": "", "2006-09-30": "", "2006-06-30": "", "2006-03-31": "", "2005-12-31": "", "2005-09-30": "", "2005-06-30": "", "2005-03-31": ""}, "Share Holder Equity": {"2020-12-31": "16617.30000", "2020-09-30": "15721.10000", "2020-06-30": "15311.00000", "2020-03-31": "12972.60000", "2019-12-31": "14685.80000", "2019-09-30": "14872.80000", "2019-06-30": "14102.00000", "2019-03-31": "12762.20000", "2018-12-31": "11456.00000", "2018-09-30": "11768.70000", "2018-06-30": "11706.50000", "2018-03-31": "12255.80000", "2017-12-31": "12921.90000", "2017-09-30": "12067.30000", "2017-06-30": "11238.00000", "2017-03-31": "10684.90000", "2016-12-31": "10293.80000", "2016-09-30": "10863.80000", "2016-06-30": "10567.70000", "2016-03-31": "10109.60000", "2015-12-31": "9377.40000", "2015-09-30": "9685.80000", "2015-06-30": "9762.60000", "2015-03-31": "10492.10000", "2014-12-31": "10232.00000", "2014-09-30": "10369.00000", "2014-06-30": "10459.30000", "2014-03-31": "10057.90000", "2013-12-31": "9777.00000", "2013-09-30": "9373.40000", "2013-06-30": "9408.90000", "2013-03-31": "9826.60000", "2012-12-31": "9703.40000", "2012-09-30": "9845.90000", "2012-06-30": "9434.90000", "2012-03-31": "9751.90000", "2011-12-31": "9371.70000", "2011-09-30": "10289.40000", "2011-06-30": "10667.60000", "2011-03-31": "10372.80000", "2010-12-31": "9885.00000", "2010-09-30": "10034.30000", "2010-06-30": "9071.70000", "2010-03-31": "8688.20000", "2009-12-31": "8016.40000", "2009-09-30": "7606.70000", "2009-06-30": "5776.50000", "2009-03-31": "2708.90000", "2008-12-31": "2569.30000", "2008-09-30": "5612.60000", "2008-06-30": "6619.90000", "2008-03-31": "6842.10000", "2007-12-31": "7421.70000", "2007-09-30": "7868.30000", "2007-06-30": "7986.70000", "2007-03-31": "8107.00000", "2006-12-31": "7860.80000", "2006-09-30": "7688.10000", "2006-06-30": "6844.70000", "2006-03-31": "7598.70000", "2005-12-31": "7807.20000", "2005-09-30": "7800.10000", "2005-06-30": "7852.10000", "2005-03-31": "7343.10000"}, "Total Liabilities And Share Holders Equity": {"2020-12-31": "296627.70000", "2020-09-30": "278484.80000", "2020-06-30": "271309.40000", "2020-03-31": "246903.90000", "2019-12-31": "276087.80000", "2019-09-30": "270238.40000", "2019-06-30": "267918.00000", "2019-03-31": "259419.90000", "2018-12-31": "243036.10000", "2018-09-30": "258758.30000", "2018-06-30": "252104.00000", "2018-03-31": "253636.50000", "2017-12-31": "253941.20000", "2017-09-30": "247933.60000", "2017-06-30": "240153.90000", "2017-03-31": "235496.00000", "2016-12-31": "228014.30000", "2016-09-30": "230367.60000", "2016-06-30": "223074.20000", "2016-03-31": "217570.00000", "2015-12-31": "218660.30000", "2015-09-30": "215365.40000", "2015-06-30": "222270.70000", "2015-03-31": "222494.90000", "2014-12-31": "219087.00000", "2014-09-30": "216422.80000", "2014-06-30": "218322.30000", "2014-03-31": "211193.90000", "2013-12-31": "208191.40000", "2013-09-30": "201687.40000", "2013-06-30": "196512.70000", "2013-03-31": "200762.90000", "2012-12-31": "161830.20000", "2012-09-30": "159193.30000", "2012-06-30": "152050.70000", "2012-03-31": "153738.20000", "2011-12-31": "147361.70000", "2011-09-30": "143302.30000", "2011-06-30": "149278.40000", "2011-03-31": "147549.70000", "2010-12-31": "145631.10000", "2010-09-30": "143456.60000", "2010-06-30": "136596.50000", "2010-03-31": "140836.70000", "2009-12-31": "137759.40000", "2009-09-30": "137379.50000", "2009-06-30": "130706.60000", "2009-03-31": "123234.80000", "2008-12-31": "128182.40000", "2008-09-30": "143409.70000", "2008-06-30": "151526.90000", "2008-03-31": "152001.20000", "2007-12-31": "154520.20000", "2007-09-30": "155617.90000", "2007-06-30": "150758.30000", "2007-03-31": "146617.40000", "2006-12-31": "143658.10000", "2006-09-30": "136165.60000", "2006-06-30": "131429.40000", "2006-03-31": "131974.50000", "2005-12-31": "127035.40000", "2005-09-30": "121105.50000", "2005-06-30": "117192.60000", "2005-03-31": "113529.10000"}}, "cash flow statement": {"Net Income/Loss": {"2020-12-31": "0.00000", "2019-12-31": "1444.10000", "2018-12-31": "1553.70000", "2017-12-31": "2324.50000", "2016-12-31": "1361.80000", "2015-12-31": "1253.20000", "2014-12-31": "1176.40000", "2013-12-31": "936.10000", "2012-12-31": "825.40000", "2011-12-31": "674.50000", "2010-12-31": "680.80000", "2009-12-31": "645.70000", "2008-12-31": "465.80000", "2007-12-31": "884.50000", "2006-12-31": "1064.30000", "2005-12-31": "919.00000"}, "Total Depreciation And Amortization - Cash Flow": {"2020-12-31": "", "2019-12-31": "598.20000", "2018-12-31": "482.40000", "2017-12-31": "430.30000", "2016-12-31": "471.70000", "2015-12-31": "463.80000", "2014-12-31": "536.70000", "2013-12-31": "341.00000", "2012-12-31": "227.00000", "2011-12-31": "391.30000", "2010-12-31": "433.40000", "2009-12-31": "230.70000", "2008-12-31": "518.70000", "2007-12-31": "487.50000", "2006-12-31": "340.50000", "2005-12-31": "345.00000"}, "Other Non-Cash Items": {"2020-12-31": "", "2019-12-31": "-313.60010", "2018-12-31": "-209.90000", "2017-12-31": "-1539.30000", "2016-12-31": "-141.50000", "2015-12-31": "-455.40000", "2014-12-31": "-82.00000", "2013-12-31": "-48.10000", "2012-12-31": "-54.70000", "2011-12-31": "54.90000", "2010-12-31": "285.60000", "2009-12-31": "-50.20000", "2008-12-31": "-570.29990", "2007-12-31": "-526.80000", "2006-12-31": "-232.10000", "2005-12-31": "-883.99990"}, "Total Non-Cash Items": {"2020-12-31": "", "2019-12-31": "284.59990", "2018-12-31": "272.50000", "2017-12-31": "-1109.00000", "2016-12-31": "330.20000", "2015-12-31": "8.40000", "2014-12-31": "454.70000", "2013-12-31": "292.90000", "2012-12-31": "172.30000", "2011-12-31": "446.20000", "2010-12-31": "719.00000", "2009-12-31": "180.50000", "2008-12-31": "-51.60000", "2007-12-31": "-39.30000", "2006-12-31": "108.40000", "2005-12-31": "-538.99990"}, "Change In Accounts Receivable": {"2020-12-31": "", "2019-12-31": "-247.60000", "2018-12-31": "37.80000", "2017-12-31": "-114.20000", "2016-12-31": "98.70000", "2015-12-31": "-211.50000", "2014-12-31": "26.90000", "2013-12-31": "-131.90000", "2012-12-31": "70.60000", "2011-12-31": "-130.20000", "2010-12-31": "-102.30000", "2009-12-31": "-126.90000", "2008-12-31": "-39.20000", "2007-12-31": "191.80000", "2006-12-31": "-419.10000", "2005-12-31": "-70.80000"}, "Change In Inventories": {"2020-12-31": "", "2019-12-31": "", "2018-12-31": "", "2017-12-31": "", "2016-12-31": "", "2015-12-31": "", "2014-12-31": "", "2013-12-31": "", "2012-12-31": "", "2011-12-31": "", "2010-12-31": "", "2009-12-31": "", "2008-12-31": "", "2007-12-31": "", "2006-12-31": "", "2005-12-31": ""}, "Change In Accounts Payable": {"2020-12-31": "", "2019-12-31": "3599.90000", "2018-12-31": "3610.20000", "2017-12-31": "3296.80000", "2016-12-31": "2140.30000", "2015-12-31": "3283.60000", "2014-12-31": "1634.00000", "2013-12-31": "1614.70000", "2012-12-31": "2054.70000", "2011-12-31": "1017.70000", "2010-12-31": "1303.90000", "2009-12-31": "1530.90000", "2008-12-31": "2394.20000", "2007-12-31": "2276.70000", "2006-12-31": "1925.80000", "2005-12-31": "1851.80000"}, "Change In Assets/Liabilities": {"2020-12-31": "", "2019-12-31": "401.10000", "2018-12-31": "-282.00000", "2017-12-31": "-227.10000", "2016-12-31": "-1.10000", "2015-12-31": "145.70000", "2014-12-31": "", "2013-12-31": "", "2012-12-31": "", "2011-12-31": "", "2010-12-31": "", "2009-12-31": "", "2008-12-31": "", "2007-12-31": "", "2006-12-31": "", "2005-12-31": ""}, "Total Change In Assets/Liabilities": {"2020-12-31": "", "2019-12-31": "3753.40000", "2018-12-31": "3366.00000", "2017-12-31": "2955.50000", "2016-12-31": "2237.90000", "2015-12-31": "3217.80000", "2014-12-31": "1660.90000", "2013-12-31": "1482.80000", "2012-12-31": "2125.30000", "2011-12-31": "887.50000", "2010-12-31": "1201.60000", "2009-12-31": "1404.00000", "2008-12-31": "2355.00000", "2007-12-31": "2468.50000", "2006-12-31": "1506.70000", "2005-12-31": "1781.00000"}, "Cash Flow From Operating Activities": {"2020-12-31": "", "2019-12-31": "5493.20000", "2018-12-31": "5156.50000", "2017-12-31": "4188.00000", "2016-12-31": "3857.80000", "2015-12-31": "4377.10000", "2014-12-31": "3102.90000", "2013-12-31": "2221.20000", "2012-12-31": "3080.80000", "2011-12-31": "2713.30000", "2010-12-31": "2791.70000", "2009-12-31": "2243.00000", "2008-12-31": "2224.80000", "2007-12-31": "2960.00000", "2006-12-31": "2275.50000", "2005-12-31": "2125.30000"}, "Net Change In Property, Plant, And Equipment": {"2020-12-31": "", "2019-12-31": "-132.40000", "2018-12-31": "-92.30000", "2017-12-31": "-164.80000", "2016-12-31": "-154.90000", "2015-12-31": "-136.40000", "2014-12-31": "-136.00000", "2013-12-31": "-59.40000", "2012-12-31": "-38.90000", "2011-12-31": "-56.90000", "2010-12-31": "-21.50000", "2009-12-31": "-26.20000", "2008-12-31": "-105.00000", "2007-12-31": "-98.40000", "2006-12-31": "-50.50000", "2005-12-31": "-44.40000"}, "Net Change In Intangible Assets": {"2020-12-31": "", "2019-12-31": "", "2018-12-31": "", "2017-12-31": "", "2016-12-31": "", "2015-12-31": "", "2014-12-31": "", "2013-12-31": "", "2012-12-31": "", "2011-12-31": "", "2010-12-31": "", "2009-12-31": "", "2008-12-31": "", "2007-12-31": "", "2006-12-31": "", "2005-12-31": ""}, "Net Acquisitions/Divestitures": {"2020-12-31": "", "2019-12-31": "-1239.70000", "2018-12-31": "-209.30000", "2017-12-31": "281.40000", "2016-12-31": "-74.20000", "2015-12-31": "-404.30000", "2014-12-31": "-281.70000", "2013-12-31": "-1353.90000", "2012-12-31": "-232.20000", "2011-12-31": "-400.40000", "2010-12-31": "-53.80000", "2009-12-31": "-107.90000", "2008-12-31": "17.00000", "2007-12-31": "-138.30000", "2006-12-31": "-621.70000", "2005-12-31": "171.50000"}, "Net Change In Short-term Investments": {"2020-12-31": "", "2019-12-31": "", "2018-12-31": "", "2017-12-31": "", "2016-12-31": "", "2015-12-31": "", "2014-12-31": "", "2013-12-31": "", "2012-12-31": "", "2011-12-31": "", "2010-12-31": "", "2009-12-31": "", "2008-12-31": "", "2007-12-31": "", "2006-12-31": "", "2005-12-31": ""}, "Net Change In Long-Term Investments": {"2020-12-31": "", "2019-12-31": "-5827.29900", "2018-12-31": "-5098.20000", "2017-12-31": "-4098.60000", "2016-12-31": "-4950.80100", "2015-12-31": "-2319.19900", "2014-12-31": "-673.29980", "2013-12-31": "155.29880", "2012-12-31": "-1183.10100", "2011-12-31": "307.29980", "2010-12-31": "184.00000", "2009-12-31": "1192.50000", "2008-12-31": "-2637.30000", "2007-12-31": "-4014.30000", "2006-12-31": "-3228.29900", "2005-12-31": "-1532.39900"}, "Net Change In Investments - Total": {"2020-12-31": "", "2019-12-31": "-5827.29900", "2018-12-31": "-5098.20000", "2017-12-31": "-4098.60000", "2016-12-31": "-4950.80100", "2015-12-31": "-2319.19900", "2014-12-31": "-673.29980", "2013-12-31": "155.29880", "2012-12-31": "-1183.10100", "2011-12-31": "307.29980", "2010-12-31": "184.00000", "2009-12-31": "1192.50000", "2008-12-31": "-2637.30000", "2007-12-31": "-4014.30000", "2006-12-31": "-3228.29900", "2005-12-31": "-1532.39900"}, "Investing Activities - Other": {"2020-12-31": "", "2019-12-31": "-489.10000", "2018-12-31": "-302.70000", "2017-12-31": "-70.80000", "2016-12-31": "26.00000", "2015-12-31": "-307.70000", "2014-12-31": "-81.70000", "2013-12-31": "31.70000", "2012-12-31": "-157.10000", "2011-12-31": "-52.10000", "2010-12-31": "-81.20000", "2009-12-31": "-31.60000", "2008-12-31": "-191.90000", "2007-12-31": "-248.20000", "2006-12-31": "-9.90000", "2005-12-31": "-76.40000"}, "Cash Flow From Investing Activities": {"2020-12-31": "", "2019-12-31": "-7688.50000", "2018-12-31": "-5702.50000", "2017-12-31": "-4052.80000", "2016-12-31": "-5153.90000", "2015-12-31": "-3167.60000", "2014-12-31": "-1172.70000", "2013-12-31": "-1226.30000", "2012-12-31": "-1611.30000", "2011-12-31": "-202.10000", "2010-12-31": "27.50000", "2009-12-31": "1026.80000", "2008-12-31": "-2917.20000", "2007-12-31": "-4499.20000", "2006-12-31": "-3910.40000", "2005-12-31": "-1481.70000"}, "Net Long-Term Debt": {"2020-12-31": "", "2019-12-31": "1898.10100", "2018-12-31": "1732.80000", "2017-12-31": "108.59960", "2016-12-31": "2147.70000", "2015-12-31": "496.10010", "2014-12-31": "-1565.50000", "2013-12-31": "-2317.40000", "2012-12-31": "422.49950", "2011-12-31": "-759.70020", "2010-12-31": "-3035.60000", "2009-12-31": "-4197.10000", "2008-12-31": "1487.50000", "2007-12-31": "1625.70000", "2006-12-31": "2638.70000", "2005-12-31": "856.10010"}, "Net Current Debt": {"2020-12-31": "", "2019-12-31": "680.90000", "2018-12-31": "561.50000", "2017-12-31": "121.10000", "2016-12-31": "-2.40000", "2015-12-31": "248.10000", "2014-12-31": "-87.60000", "2013-12-31": "-117.70000", "2012-12-31": "-36.80000", "2011-12-31": "-15.30000", "2010-12-31": "47.90000", "2009-12-31": "-361.20000", "2008-12-31": "590.50000", "2007-12-31": "621.00000", "2006-12-31": "-131.60000", "2005-12-31": "241.00000"}, "Debt Issuance/Retirement Net - Total": {"2020-12-31": "", "2019-12-31": "2579.00000", "2018-12-31": "2294.30000", "2017-12-31": "229.69960", "2016-12-31": "2145.30000", "2015-12-31": "744.20010", "2014-12-31": "-1653.10000", "2013-12-31": "-2435.10000", "2012-12-31": "385.69950", "2011-12-31": "-775.00020", "2010-12-31": "-2987.70000", "2009-12-31": "-4558.30000", "2008-12-31": "2078.00000", "2007-12-31": "2246.70000", "2006-12-31": "2507.10000", "2005-12-31": "1097.10000"}, "Net Common Equity Issued/Repurchased": {"2020-12-31": "", "2019-12-31": "-245.00000", "2018-12-31": "-638.70000", "2017-12-31": "-71.20000", "2016-12-31": "-241.90000", "2015-12-31": "-247.00000", "2014-12-31": "-372.20000", "2013-12-31": "-80.70000", "2012-12-31": "-243.80000", "2011-12-31": "-530.50000", "2010-12-31": "18.00000", "2009-12-31": "1118.90000", "2008-12-31": "30.00000", "2007-12-31": "-682.70000", "2006-12-31": "-689.60000", "2005-12-31": "-892.50000"}, "Net Total Equity Issued/Repurchased": {"2020-12-31": "", "2019-12-31": "-245.00000", "2018-12-31": "-638.70000", "2017-12-31": "-71.20000", "2016-12-31": "-241.90000", "2015-12-31": "-797.00000", "2014-12-31": "-372.20000", "2013-12-31": "-80.70000", "2012-12-31": "-243.80000", "2011-12-31": "-530.50000", "2010-12-31": "18.00000", "2009-12-31": "1118.90000", "2008-12-31": "30.00000", "2007-12-31": "-682.70000", "2006-12-31": "-689.60000", "2005-12-31": "-350.50000"}, "Total Common And Preferred Stock Dividends Paid": {"2020-12-31": "", "2019-12-31": "-606.00000", "2018-12-31": "-598.60000", "2017-12-31": "-540.00000", "2016-12-31": "-464.90000", "2015-12-31": "-457.50000", "2014-12-31": "-409.60000", "2013-12-31": "-321.40000", "2012-12-31": "-264.30000", "2011-12-31": "-246.70000", "2010-12-31": "-209.20000", "2009-12-31": "-192.50000", "2008-12-31": "-149.70000", "2007-12-31": "-276.80000", "2006-12-31": "-239.40000", "2005-12-31": "-199.90000"}, "Financial Activities - Other": {"2020-12-31": "", "2019-12-31": "5.70000", "2018-12-31": "-4.30000", "2017-12-31": "-2.50000", "2016-12-31": "12.40000", "2015-12-31": "1.70000", "2014-12-31": "-3.20000", "2013-12-31": "36.90000", "2012-12-31": "-3.80000", "2011-12-31": "-2.50000", "2010-12-31": "-3.30000", "2009-12-31": "-5.50000", "2008-12-31": "-2.30000", "2007-12-31": "4.90000", "2006-12-31": "8.40000", "2005-12-31": ""}, "Cash Flow From Financial Activities": {"2020-12-31": "", "2019-12-31": "1733.70000", "2018-12-31": "1052.70000", "2017-12-31": "-384.00000", "2016-12-31": "1450.90000", "2015-12-31": "-508.60000", "2014-12-31": "-2438.10000", "2013-12-31": "-2800.30000", "2012-12-31": "-126.20000", "2011-12-31": "-1554.70000", "2010-12-31": "-3182.20000", "2009-12-31": "-3637.40000", "2008-12-31": "1956.00000", "2007-12-31": "1292.10000", "2006-12-31": "1586.50000", "2005-12-31": "546.70000"}, "Net Cash Flow": {"2020-12-31": "", "2019-12-31": "-461.60000", "2018-12-31": "506.70000", "2017-12-31": "-248.80000", "2016-12-31": "154.80000", "2015-12-31": "700.90000", "2014-12-31": "-507.90000", "2013-12-31": "-1805.40000", "2012-12-31": "1343.30000", "2011-12-31": "956.50000", "2010-12-31": "-363.00000", "2009-12-31": "-367.60000", "2008-12-31": "1263.60000", "2007-12-31": "-246.40000", "2006-12-31": "-50.50000", "2005-12-31": "1188.80000"}, "Stock-Based Compensation": {"2020-12-31": "", "2019-12-31": "82.60000", "2018-12-31": "77.40000", "2017-12-31": "82.70000", "2016-12-31": "84.40000", "2015-12-31": "84.50000", "2014-12-31": "75.30000", "2013-12-31": "68.50000", "2012-12-31": "63.80000", "2011-12-31": "43.40000", "2010-12-31": "47.60000", "2009-12-31": "37.20000", "2008-12-31": "31.50000", "2007-12-31": "72.80000", "2006-12-31": "71.80000", "2005-12-31": "48.80000"}, "Common Stock Dividends Paid": {"2020-12-31": "", "2019-12-31": "-606.00000", "2018-12-31": "-598.60000", "2017-12-31": "-540.00000", "2016-12-31": "-464.90000", "2015-12-31": "-441.00000", "2014-12-31": "-376.60000", "2013-12-31": "-288.40000", "2012-12-31": "-231.30000", "2011-12-31": "-213.70000", "2010-12-31": "-176.20000", "2009-12-31": "-159.50000", "2008-12-31": "-116.70000", "2007-12-31": "-235.60000", "2006-12-31": "-214.70000", "2005-12-31": "-182.20000"}}, "cash flow statement, quarterly": {"Net Income/Loss": {"2020-12-31": 0, "2020-09-30": 0, "2020-06-30": 0, "2020-03-31": "0.00000", "2019-12-31": 1444.1, "2019-09-30": 0, "2019-06-30": 0, "2019-03-31": "0.00000", "2018-12-31": 231.7, "2018-09-30": 460, "2018-06-30": 459.5, "2018-03-31": "402.50000", "2017-12-31": 842.9, "2017-09-30": 813.2, "2017-06-30": 314.8, "2017-03-31": "353.60000", "2016-12-31": 338.2, "2016-09-30": 327.4, "2016-06-30": 327, "2016-03-31": "369.20000", "2015-12-31": 258.3, "2015-09-30": 300.9, "2015-06-30": 264.9, "2015-03-31": "429.10000", "2014-12-31": 280.3, "2014-09-30": 252.8, "2014-06-30": 319.2, "2014-03-31": "324.10000", "2013-12-31": 250.4, "2013-09-30": 259.1, "2013-06-30": 236.6, "2013-03-31": "190.00000", "2012-12-31": 226.7, "2012-09-30": 198.8, "2012-06-30": 178.6, "2012-03-31": "221.30000", "2011-12-31": 142, "2011-09-30": 74.5, "2011-06-30": 249.2, "2011-03-31": "208.80000", "2010-12-31": 181.7, "2010-09-30": 151.3, "2010-06-30": 144.2, "2010-03-31": "203.60000", "2009-12-31": 154.9, "2009-09-30": 204.2, "2009-06-30": 164, "2009-03-31": "122.60000", "2008-12-31": -3.6, "2008-09-30": 108.7, "2008-06-30": 183.1, "2008-03-31": "177.60000", "2007-12-31": 66.6, "2007-09-30": 240.5, "2007-06-30": 312.1, "2007-03-31": "265.30000", "2006-12-31": 292.4, "2006-09-30": 259.2, "2006-06-30": 218.8, "2006-03-31": "293.90000", "2005-12-31": 255.2, "2005-09-30": 219.4, "2005-06-30": 238.9, "2005-03-31": "205.50000"}, "Total Depreciation And Amortization - Cash Flow": {"2020-12-31": 0, "2020-09-30": 0, "2020-06-30": 0, "2020-03-31": "", "2019-12-31": 598.2, "2019-09-30": 0, "2019-06-30": 0, "2019-03-31": "", "2018-12-31": 170.4, "2018-09-30": 72.8, "2018-06-30": 115.6, "2018-03-31": "123.60000", "2017-12-31": 111.7, "2017-09-30": 116.2, "2017-06-30": 102, "2017-03-31": "100.40000", "2016-12-31": 68.1, "2016-09-30": 138.8, "2016-06-30": 119.4, "2016-03-31": "145.40000", "2015-12-31": 91.3, "2015-09-30": 187.6, "2015-06-30": 81.8, "2015-03-31": "103.10000", "2014-12-31": 131.1, "2014-09-30": 181.1, "2014-06-30": 109.1, "2014-03-31": "115.40000", "2013-12-31": 90.5, "2013-09-30": 73.7, "2013-06-30": 86.3, "2013-03-31": "90.50000", "2012-12-31": 100.3, "2012-09-30": 116.9, "2012-06-30": 106.3, "2012-03-31": "-96.50000", "2011-12-31": 81, "2011-09-30": 150.9, "2011-06-30": 90.2, "2011-03-31": "69.20000", "2010-12-31": 90.6, "2010-09-30": 133.6, "2010-06-30": 106.5, "2010-03-31": "102.70000", "2009-12-31": 55.9, "2009-09-30": 69.8, "2009-06-30": -13.4, "2009-03-31": "118.40000", "2008-12-31": 200.7, "2008-09-30": 121.8, "2008-06-30": 93.1, "2008-03-31": "103.10000", "2007-12-31": 109.1, "2007-09-30": 162.5, "2007-06-30": 103.5, "2007-03-31": "112.40000", "2006-12-31": 76, "2006-09-30": 80.5, "2006-06-30": 89.9, "2006-03-31": "94.10000", "2005-12-31": 91.9, "2005-09-30": 79, "2005-06-30": 86.6, "2005-03-31": "87.50000"}, "Other Non-Cash Items": {"2020-12-31": 0, "2020-09-30": 0, "2020-06-30": 0, "2020-03-31": "", "2019-12-31": -313.6001, "2019-09-30": 0, "2019-06-30": 0, "2019-03-31": "", "2018-12-31": 103.6, "2018-09-30": 45.6, "2018-06-30": -193, "2018-03-31": "-166.10000", "2017-12-31": -1060.5, "2017-09-30": -467.6, "2017-06-30": -1, "2017-03-31": "-10.20000", "2016-12-31": 284.3, "2016-09-30": -145.6, "2016-06-30": -60.5, "2016-03-31": "-219.70000", "2015-12-31": 70.1, "2015-09-30": -353.1, "2015-06-30": 31.9, "2015-03-31": "-204.30000", "2014-12-31": -62, "2014-09-30": 40, "2014-06-30": -56, "2014-03-31": "-4.00000", "2013-12-31": -22.4, "2013-09-30": -41.7, "2013-06-30": 62.1, "2013-03-31": "-46.10000", "2012-12-31": 148.2, "2012-09-30": -142.9, "2012-06-30": 40.4, "2012-03-31": "-100.40000", "2011-12-31": 307.5, "2011-09-30": -327.7, "2011-06-30": -73.1, "2011-03-31": "148.20000", "2010-12-31": 505.1, "2010-09-30": -219, "2010-06-30": 209.5, "2010-03-31": "-210.00000", "2009-12-31": -22, "2009-09-30": -239.6, "2009-06-30": 252.1, "2009-03-31": "-40.70000", "2008-12-31": 87.5, "2008-09-30": -126.7998, "2008-06-30": -541.5001, "2008-03-31": "10.50000", "2007-12-31": -108.6999, "2007-09-30": -94.5001, "2007-06-30": -244.5, "2007-03-31": "-79.10000", "2006-12-31": -49.6999, "2006-09-30": -69.1001, "2006-06-30": -45.3, "2006-03-31": "-68.00000", "2005-12-31": -123.1999, "2005-09-30": -109.5999, "2005-06-30": -45.4001, "2005-03-31": "-605.80000"}, "Total Non-Cash Items": {"2020-12-31": 0, "2020-09-30": 0, "2020-06-30": 0, "2020-03-31": "", "2019-12-31": 284.5999, "2019-09-30": 0, "2019-06-30": 0, "2019-03-31": "", "2018-12-31": 274, "2018-09-30": 118.4, "2018-06-30": -77.4, "2018-03-31": "-42.50000", "2017-12-31": -948.8, "2017-09-30": -351.4, "2017-06-30": 101, "2017-03-31": "90.20000", "2016-12-31": 352.4, "2016-09-30": -6.8, "2016-06-30": 58.9, "2016-03-31": "-74.30000", "2015-12-31": 161.4, "2015-09-30": -165.5, "2015-06-30": 113.7, "2015-03-31": "-101.20000", "2014-12-31": 69.1, "2014-09-30": 221.1, "2014-06-30": 53.1, "2014-03-31": "111.40000", "2013-12-31": 68.1, "2013-09-30": 32, "2013-06-30": 148.4, "2013-03-31": "44.40000", "2012-12-31": 248.5, "2012-09-30": -26, "2012-06-30": 146.7, "2012-03-31": "-196.90000", "2011-12-31": 388.5, "2011-09-30": -176.8, "2011-06-30": 17.1, "2011-03-31": "217.40000", "2010-12-31": 595.7, "2010-09-30": -85.4, "2010-06-30": 316, "2010-03-31": "-107.30000", "2009-12-31": 33.8999, "2009-09-30": -169.7999, "2009-06-30": 238.7, "2009-03-31": "77.70000", "2008-12-31": 288.1999, "2008-09-30": -4.9999, "2008-06-30": -448.4, "2008-03-31": "113.60000", "2007-12-31": 0.4, "2007-09-30": 68, "2007-06-30": -141, "2007-03-31": "33.30000", "2006-12-31": 26.3, "2006-09-30": 11.4, "2006-06-30": 44.6, "2006-03-31": "26.10000", "2005-12-31": -31.2999, "2005-09-30": -30.5999, "2005-06-30": 41.1999, "2005-03-31": "-518.30000"}, "Change In Accounts Receivable": {"2020-12-31": 0, "2020-09-30": 0, "2020-06-30": 0, "2020-03-31": "", "2019-12-31": -247.6, "2019-09-30": 0, "2019-06-30": 0, "2019-03-31": "", "2018-12-31": 71.5, "2018-09-30": -60, "2018-06-30": 83.3, "2018-03-31": "-57.00000", "2017-12-31": 44, "2017-09-30": -144.4, "2017-06-30": 30.3, "2017-03-31": "-44.10000", "2016-12-31": 29.8, "2016-09-30": 11.2, "2016-06-30": -66.5, "2016-03-31": "124.20000", "2015-12-31": -46.1, "2015-09-30": -117.2, "2015-06-30": -60, "2015-03-31": "11.80000", "2014-12-31": -58.1, "2014-09-30": 34.1, "2014-06-30": -23.1, "2014-03-31": "74.00000", "2013-12-31": -88.1, "2013-09-30": 0.7, "2013-06-30": -53.2, "2013-03-31": "8.70000", "2012-12-31": 4.9, "2012-09-30": -16.7, "2012-06-30": -14.9, "2012-03-31": "97.30000", "2011-12-31": -30.4, "2011-09-30": -21.2, "2011-06-30": -36.4, "2011-03-31": "-42.20000", "2010-12-31": -71.5, "2010-09-30": 1.5, "2010-06-30": -20.3, "2010-03-31": "-12.00000", "2009-12-31": -20.8, "2009-09-30": -50.8, "2009-06-30": -12.4, "2009-03-31": "-42.90000", "2008-12-31": -49.2, "2008-09-30": -13, "2008-06-30": -0.9, "2008-03-31": "23.90000", "2007-12-31": -42.6, "2007-09-30": 47.8, "2007-06-30": -106.2, "2007-03-31": "292.80000", "2006-12-31": -378.2, "2006-09-30": -18.1, "2006-06-30": -7, "2006-03-31": "-15.80000", "2005-12-31": -59.4, "2005-09-30": 9, "2005-06-30": -26.7, "2005-03-31": "6.30000"}, "Change In Inventories": {"2020-12-31": 0, "2020-09-30": 0, "2020-06-30": 0, "2020-03-31": "", "2019-12-31": 0, "2019-09-30": 0, "2019-06-30": 0, "2019-03-31": "", "2018-12-31": 0, "2018-09-30": 0, "2018-06-30": 0, "2018-03-31": "", "2017-12-31": 0, "2017-09-30": 0, "2017-06-30": 0, "2017-03-31": "", "2016-12-31": 0, "2016-09-30": 0, "2016-06-30": 0, "2016-03-31": "", "2015-12-31": 0, "2015-09-30": 0, "2015-06-30": 0, "2015-03-31": "", "2014-12-31": 0, "2014-09-30": 0, "2014-06-30": 0, "2014-03-31": "", "2013-12-31": 0, "2013-09-30": 0, "2013-06-30": 0, "2013-03-31": "", "2012-12-31": 0, "2012-09-30": 0, "2012-06-30": 0, "2012-03-31": "", "2011-12-31": 0, "2011-09-30": 0, "2011-06-30": 0, "2011-03-31": "", "2010-12-31": 0, "2010-09-30": 0, "2010-06-30": 0, "2010-03-31": "", "2009-12-31": 0, "2009-09-30": 0, "2009-06-30": 0, "2009-03-31": "", "2008-12-31": 0, "2008-09-30": 0, "2008-06-30": 0, "2008-03-31": "", "2007-12-31": 0, "2007-09-30": 0, "2007-06-30": 0, "2007-03-31": "", "2006-12-31": 0, "2006-09-30": 0, "2006-06-30": 0, "2006-03-31": "", "2005-12-31": 0, "2005-09-30": 0, "2005-06-30": 0, "2005-03-31": ""}, "Change In Accounts Payable": {"2020-12-31": 0, "2020-09-30": 0, "2020-06-30": 0, "2020-03-31": "", "2019-12-31": 3599.9, "2019-09-30": 0, "2019-06-30": 0, "2019-03-31": "", "2018-12-31": 1151.3, "2018-09-30": 1538.4, "2018-06-30": 620.3, "2018-03-31": "300.20000", "2017-12-31": 603.3, "2017-09-30": 1389, "2017-06-30": 874.7, "2017-03-31": "429.80000", "2016-12-31": 545.9, "2016-09-30": 280.4, "2016-06-30": 696.9, "2016-03-31": "617.10000", "2015-12-31": 623.4, "2015-09-30": 1114, "2015-06-30": 1232.1, "2015-03-31": "314.10000", "2014-12-31": 422.6, "2014-09-30": 382, "2014-06-30": 485.3, "2014-03-31": "344.10000", "2013-12-31": 621.7, "2013-09-30": 531.4, "2013-06-30": 328.5, "2013-03-31": "133.10000", "2012-12-31": 475.9, "2012-09-30": 772.5, "2012-06-30": 284.4, "2012-03-31": "521.90000", "2011-12-31": 149, "2011-09-30": 242.7, "2011-06-30": 316.9, "2011-03-31": "309.10000", "2010-12-31": 299.3, "2010-09-30": 416.4, "2010-06-30": 332.3, "2010-03-31": "255.90000", "2009-12-31": 341.3, "2009-09-30": 369.5, "2009-06-30": 538.2, "2009-03-31": "281.90000", "2008-12-31": 647.2, "2008-09-30": 663.1, "2008-06-30": 576.6, "2008-03-31": "507.30000", "2007-12-31": 683.3, "2007-09-30": 609.7, "2007-06-30": 550.7, "2007-03-31": "433.00000", "2006-12-31": 614.3, "2006-09-30": 527.2, "2006-06-30": 396.8, "2006-03-31": "387.50000", "2005-12-31": 536.7, "2005-09-30": 382.8, "2005-06-30": 542.6, "2005-03-31": "389.70000"}, "Change In Assets/Liabilities": {"2020-12-31": 0, "2020-09-30": 0, "2020-06-30": 0, "2020-03-31": "", "2019-12-31": 401.1, "2019-09-30": 0, "2019-06-30": 0, "2019-03-31": "", "2018-12-31": -295.1, "2018-09-30": 39.9, "2018-06-30": -170.4, "2018-03-31": "143.60000", "2017-12-31": 15, "2017-09-30": 63.3, "2017-06-30": -18.6, "2017-03-31": "-286.80000", "2016-12-31": -1.1, "2016-09-30": 0, "2016-06-30": 0, "2016-03-31": "", "2015-12-31": 145.7, "2015-09-30": 0, "2015-06-30": 0, "2015-03-31": "", "2014-12-31": 0, "2014-09-30": 0, "2014-06-30": 0, "2014-03-31": "", "2013-12-31": 0, "2013-09-30": 0, "2013-06-30": 0, "2013-03-31": "", "2012-12-31": 0, "2012-09-30": 0, "2012-06-30": 0, "2012-03-31": "", "2011-12-31": 0, "2011-09-30": 0, "2011-06-30": 0, "2011-03-31": "", "2010-12-31": 0, "2010-09-30": 0, "2010-06-30": 0, "2010-03-31": "", "2009-12-31": 0, "2009-09-30": 0, "2009-06-30": 0, "2009-03-31": "", "2008-12-31": 0, "2008-09-30": 0, "2008-06-30": 0, "2008-03-31": "", "2007-12-31": 0, "2007-09-30": 0, "2007-06-30": 0, "2007-03-31": "", "2006-12-31": 0, "2006-09-30": 0, "2006-06-30": 0, "2006-03-31": "", "2005-12-31": 0, "2005-09-30": 0, "2005-06-30": 0, "2005-03-31": ""}, "Total Change In Assets/Liabilities": {"2020-12-31": 0, "2020-09-30": 0, "2020-06-30": 0, "2020-03-31": "", "2019-12-31": 3753.4, "2019-09-30": 0, "2019-06-30": 0, "2019-03-31": "", "2018-12-31": 927.7, "2018-09-30": 1518.3, "2018-06-30": 533.2, "2018-03-31": "386.80000", "2017-12-31": 662.3, "2017-09-30": 1307.9001, "2017-06-30": 886.3999, "2017-03-31": "98.90000", "2016-12-31": 574.6, "2016-09-30": 291.6, "2016-06-30": 630.4, "2016-03-31": "741.30000", "2015-12-31": 723, "2015-09-30": 996.8, "2015-06-30": 1172.1, "2015-03-31": "325.90000", "2014-12-31": 364.5, "2014-09-30": 416.1, "2014-06-30": 462.2, "2014-03-31": "418.10000", "2013-12-31": 533.6, "2013-09-30": 532.1, "2013-06-30": 275.3, "2013-03-31": "141.80000", "2012-12-31": 480.8, "2012-09-30": 755.8, "2012-06-30": 269.5, "2012-03-31": "619.20000", "2011-12-31": 118.6, "2011-09-30": 221.5, "2011-06-30": 280.5, "2011-03-31": "266.90000", "2010-12-31": 227.8, "2010-09-30": 417.9, "2010-06-30": 312, "2010-03-31": "243.90000", "2009-12-31": 320.5, "2009-09-30": 318.7, "2009-06-30": 525.8, "2009-03-31": "239.00000", "2008-12-31": 598, "2008-09-30": 650.1, "2008-06-30": 575.7, "2008-03-31": "531.20000", "2007-12-31": 640.7, "2007-09-30": 657.5, "2007-06-30": 444.5, "2007-03-31": "725.80000", "2006-12-31": 236.1, "2006-09-30": 509.1, "2006-06-30": 389.8, "2006-03-31": "371.70000", "2005-12-31": 477.3, "2005-09-30": 391.8, "2005-06-30": 515.9, "2005-03-31": "396.00000"}, "Cash Flow From Operating Activities": {"2020-12-31": -3110.4, "2020-09-30": 1064.3, "2020-06-30": 457, "2020-03-31": "1589.10000", "2019-12-31": 1028.4, "2019-09-30": 1786.4, "2019-06-30": 1502, "2019-03-31": "1176.40000", "2018-12-31": 1442.6, "2018-09-30": 2075.7, "2018-06-30": 891.7, "2018-03-31": "746.50000", "2017-12-31": 559.3, "2017-09-30": 1799.6, "2017-06-30": 1306.2, "2017-03-31": "522.90000", "2016-12-31": 930.5, "2016-09-30": 801.7, "2016-06-30": 1230.1, "2016-03-31": "895.50000", "2015-12-31": 1054.1, "2015-09-30": 1205.6, "2015-06-30": 1486.5, "2015-03-31": "630.90000", "2014-12-31": 905.3, "2014-09-30": 820.3, "2014-06-30": 786, "2014-03-31": "591.30000", "2013-12-31": 823.3, "2013-09-30": 614.3, "2013-06-30": 187.7, "2013-03-31": "595.90000", "2012-12-31": 707.1, "2012-09-30": 871.7, "2012-06-30": 600.3, "2012-03-31": "901.70000", "2011-12-31": 827.9, "2011-09-30": 99.9, "2011-06-30": 590, "2011-03-31": "1195.50000", "2010-12-31": 862.2, "2010-09-30": 445.2, "2010-06-30": 831.1, "2010-03-31": "653.20000", "2009-12-31": 448.6, "2009-09-30": 379.5, "2009-06-30": 465, "2009-03-31": "949.90000", "2008-12-31": 357.6, "2008-09-30": 794.1, "2008-06-30": 75.3, "2008-03-31": "997.80000", "2007-12-31": -83.1, "2007-09-30": 1122.6, "2007-06-30": 695.6, "2007-03-31": "1224.90000", "2006-12-31": 225.6, "2006-09-30": 810.8, "2006-06-30": 709, "2006-03-31": "530.10000", "2005-12-31": 761.1, "2005-09-30": 557.8, "2005-06-30": 884.6, "2005-03-31": "-78.20000"}, "Net Change In Property, Plant, And Equipment": {"2020-12-31": 82.9, "2020-09-30": -36.5, "2020-06-30": -28.4, "2020-03-31": "-18.00000", "2019-12-31": -34.3, "2019-09-30": -32.7, "2019-06-30": -36, "2019-03-31": "-29.40000", "2018-12-31": -18.9, "2018-09-30": -29.8, "2018-06-30": -17.6, "2018-03-31": "-26.00000", "2017-12-31": -31.5, "2017-09-30": -29.2, "2017-06-30": -60.3, "2017-03-31": "-43.80000", "2016-12-31": -45.8, "2016-09-30": -34.4, "2016-06-30": -30.5, "2016-03-31": "-44.20000", "2015-12-31": -40.1, "2015-09-30": -29, "2015-06-30": -34.5, "2015-03-31": "-32.80000", "2014-12-31": -18.5, "2014-09-30": -24.2, "2014-06-30": -43.5, "2014-03-31": "-49.80000", "2013-12-31": -36.7, "2013-09-30": -10.8, "2013-06-30": -18.6, "2013-03-31": "6.70000", "2012-12-31": -3.3, "2012-09-30": -10.9, "2012-06-30": -7.4, "2012-03-31": "-17.30000", "2011-12-31": -24.3, "2011-09-30": -14.1, "2011-06-30": -14.4, "2011-03-31": "-4.10000", "2010-12-31": -10.1, "2010-09-30": -2.8, "2010-06-30": -4.4, "2010-03-31": "-4.20000", "2009-12-31": -5.6, "2009-09-30": -4.1, "2009-06-30": -3.3, "2009-03-31": "-13.20000", "2008-12-31": -21.7, "2008-09-30": -33.8, "2008-06-30": -23.4, "2008-03-31": "-26.10000", "2007-12-31": -34.2, "2007-09-30": -18.1, "2007-06-30": -32.7, "2007-03-31": "-13.40000", "2006-12-31": -16.1, "2006-09-30": -11.2, "2006-06-30": -10.7, "2006-03-31": "-12.50000", "2005-12-31": -15.7, "2005-09-30": -10.6, "2005-06-30": 3.5, "2005-03-31": "-21.60000"}, "Net Change In Intangible Assets": {"2020-12-31": 0, "2020-09-30": 0, "2020-06-30": 0, "2020-03-31": "", "2019-12-31": 0, "2019-09-30": 0, "2019-06-30": 0, "2019-03-31": "", "2018-12-31": 0, "2018-09-30": 0, "2018-06-30": 0, "2018-03-31": "", "2017-12-31": 0, "2017-09-30": 0, "2017-06-30": 0, "2017-03-31": "", "2016-12-31": 0, "2016-09-30": 0, "2016-06-30": 0, "2016-03-31": "", "2015-12-31": 0, "2015-09-30": 0, "2015-06-30": 0, "2015-03-31": "", "2014-12-31": 0, "2014-09-30": 0, "2014-06-30": 0, "2014-03-31": "", "2013-12-31": 0, "2013-09-30": 0, "2013-06-30": 0, "2013-03-31": "", "2012-12-31": 0, "2012-09-30": 0, "2012-06-30": 0, "2012-03-31": "", "2011-12-31": 0, "2011-09-30": 0, "2011-06-30": 0, "2011-03-31": "", "2010-12-31": 0, "2010-09-30": 0, "2010-06-30": 0, "2010-03-31": "", "2009-12-31": 0, "2009-09-30": 0, "2009-06-30": 0, "2009-03-31": "", "2008-12-31": 0, "2008-09-30": 0, "2008-06-30": 0, "2008-03-31": "", "2007-12-31": 0, "2007-09-30": 0, "2007-06-30": 0, "2007-03-31": "", "2006-12-31": 0, "2006-09-30": 0, "2006-06-30": 0, "2006-03-31": "", "2005-12-31": 0, "2005-09-30": 0, "2005-06-30": 0, "2005-03-31": ""}, "Net Acquisitions/Divestitures": {"2020-12-31": 177.1, "2020-09-30": -78.9, "2020-06-30": -58.6, "2020-03-31": "-39.60000", "2019-12-31": -37.2, "2019-09-30": -1211, "2019-06-30": 19, "2019-03-31": "-10.50000", "2018-12-31": -34.4, "2018-09-30": -60.5, "2018-06-30": -42.3, "2018-03-31": "-72.10000", "2017-12-31": -62.1, "2017-09-30": 393.2, "2017-06-30": -6, "2017-03-31": "-43.70000", "2016-12-31": -19.5, "2016-09-30": -15.6, "2016-06-30": -9.6, "2016-03-31": "-29.50000", "2015-12-31": 145.2, "2015-09-30": -345.4, "2015-06-30": -116.2, "2015-03-31": "-87.90000", "2014-12-31": -34.9, "2014-09-30": -52.9, "2014-06-30": -11.7, "2014-03-31": "-182.20000", "2013-12-31": -26.6, "2013-09-30": -12.1, "2013-06-30": -23.5, "2013-03-31": "-1291.70000", "2012-12-31": -54.9, "2012-09-30": -75, "2012-06-30": -81, "2012-03-31": "-21.30000", "2011-12-31": -356.6, "2011-09-30": -25.7, "2011-06-30": -11.1, "2011-03-31": "-7.00000", "2010-12-31": -30, "2010-09-30": -5.2, "2010-06-30": -8.9, "2010-03-31": "-9.70000", "2009-12-31": -34.1, "2009-09-30": 12.7, "2009-06-30": -49, "2009-03-31": "-37.50000", "2008-12-31": -10.8, "2008-09-30": 13.3, "2008-06-30": 5.8, "2008-03-31": "8.70000", "2007-12-31": 12.4, "2007-09-30": -95.6, "2007-06-30": -39, "2007-03-31": "-16.10000", "2006-12-31": -586, "2006-09-30": -23.5, "2006-06-30": 5, "2006-03-31": "-17.20000", "2005-12-31": 107.6, "2005-09-30": 12.1, "2005-06-30": 50.7, "2005-03-31": "1.10000"}, "Net Change In Short-term Investments": {"2020-12-31": 0, "2020-09-30": 0, "2020-06-30": 0, "2020-03-31": "", "2019-12-31": 0, "2019-09-30": 0, "2019-06-30": 0, "2019-03-31": "", "2018-12-31": 0, "2018-09-30": 0, "2018-06-30": 0, "2018-03-31": "", "2017-12-31": 0, "2017-09-30": 0, "2017-06-30": 0, "2017-03-31": "", "2016-12-31": 0, "2016-09-30": 0, "2016-06-30": 0, "2016-03-31": "", "2015-12-31": 0, "2015-09-30": 0, "2015-06-30": 0, "2015-03-31": "", "2014-12-31": 0, "2014-09-30": 0, "2014-06-30": 0, "2014-03-31": "", "2013-12-31": 0, "2013-09-30": 0, "2013-06-30": 0, "2013-03-31": "", "2012-12-31": 0, "2012-09-30": 0, "2012-06-30": 0, "2012-03-31": "", "2011-12-31": 0, "2011-09-30": 0, "2011-06-30": 0, "2011-03-31": "", "2010-12-31": 0, "2010-09-30": 0, "2010-06-30": 0, "2010-03-31": "", "2009-12-31": 0, "2009-09-30": 0, "2009-06-30": 0, "2009-03-31": "", "2008-12-31": 0, "2008-09-30": 0, "2008-06-30": 0, "2008-03-31": "", "2007-12-31": 0, "2007-09-30": 0, "2007-06-30": 0, "2007-03-31": "", "2006-12-31": 0, "2006-09-30": 0, "2006-06-30": 0, "2006-03-31": "", "2005-12-31": 0, "2005-09-30": 0, "2005-06-30": 0, "2005-03-31": ""}, "Net Change In Long-Term Investments": {"2020-12-31": 3540.3, "2020-09-30": -1474.9, "2020-06-30": -1196.1, "2020-03-31": "-869.30000", "2019-12-31": -2525.199, "2019-09-30": -1268.8, "2019-06-30": -795.4, "2019-03-31": "-1237.90000", "2018-12-31": -930, "2018-09-30": -1985.7, "2018-06-30": -1369, "2018-03-31": "-813.50000", "2017-12-31": -522.2, "2017-09-30": -1292.1, "2017-06-30": -627.3, "2017-03-31": "-1657.00000", "2016-12-31": -659.402, "2016-09-30": -752.198, "2016-06-30": -1805.501, "2016-03-31": "-1733.70000", "2015-12-31": -1215.199, "2015-09-30": -612.8999, "2015-06-30": -430.3999, "2015-03-31": "-60.70020", "2014-12-31": -153.6992, "2014-09-30": -186.4009, "2014-06-30": 339.3003, "2014-03-31": "-672.50000", "2013-12-31": 206.8984, "2013-09-30": 513.7007, "2013-06-30": -357.1003, "2013-03-31": "-208.20000", "2012-12-31": 280.298, "2012-09-30": -854.0987, "2012-06-30": -31.2002, "2012-03-31": "-578.10010", "2011-12-31": 91.5996, "2011-09-30": -598.8997, "2011-06-30": 19.2, "2011-03-31": "795.39990", "2010-12-31": -148.3003, "2010-09-30": 717, "2010-06-30": 75.7004, "2010-03-31": "-460.40010", "2009-12-31": -98.7, "2009-09-30": -95.2, "2009-06-30": 1309.2, "2009-03-31": "77.20000", "2008-12-31": 1200.6, "2008-09-30": -1571.5, "2008-06-30": -1380.1001, "2008-03-31": "-886.29990", "2007-12-31": -1503.9, "2007-09-30": -1591.0001, "2007-06-30": -318, "2007-03-31": "-601.39990", "2006-12-31": -488.299, "2006-09-30": -623.7, "2006-06-30": -1062.1, "2006-03-31": "-1054.20000", "2005-12-31": -545.2994, "2005-09-30": -231.7998, "2005-06-30": -479.3997, "2005-03-31": "-275.90010"}, "Net Change In Investments - Total": {"2020-12-31": 3540.3, "2020-09-30": -1474.9, "2020-06-30": -1196.1, "2020-03-31": "-869.30000", "2019-12-31": -2525.199, "2019-09-30": -1268.8, "2019-06-30": -795.4, "2019-03-31": "-1237.90000", "2018-12-31": -930, "2018-09-30": -1985.7, "2018-06-30": -1369, "2018-03-31": "-813.50000", "2017-12-31": -522.2, "2017-09-30": -1292.1, "2017-06-30": -627.3, "2017-03-31": "-1657.00000", "2016-12-31": -659.402, "2016-09-30": -752.198, "2016-06-30": -1805.501, "2016-03-31": "-1733.70000", "2015-12-31": -1215.199, "2015-09-30": -612.8999, "2015-06-30": -430.3999, "2015-03-31": "-60.70020", "2014-12-31": -153.6992, "2014-09-30": -186.4009, "2014-06-30": 339.3003, "2014-03-31": "-672.50000", "2013-12-31": 206.8984, "2013-09-30": 513.7007, "2013-06-30": -357.1003, "2013-03-31": "-208.20000", "2012-12-31": 280.298, "2012-09-30": -854.0987, "2012-06-30": -31.2002, "2012-03-31": "-578.10010", "2011-12-31": 91.5996, "2011-09-30": -598.8997, "2011-06-30": 19.2, "2011-03-31": "795.39990", "2010-12-31": -148.3003, "2010-09-30": 717, "2010-06-30": 75.7004, "2010-03-31": "-460.40010", "2009-12-31": -98.7, "2009-09-30": -95.2, "2009-06-30": 1309.2, "2009-03-31": "77.20000", "2008-12-31": 1200.6, "2008-09-30": -1571.5, "2008-06-30": -1380.1001, "2008-03-31": "-886.29990", "2007-12-31": -1503.9, "2007-09-30": -1591.0001, "2007-06-30": -318, "2007-03-31": "-601.39990", "2006-12-31": -488.299, "2006-09-30": -623.7, "2006-06-30": -1062.1, "2006-03-31": "-1054.20000", "2005-12-31": -545.2994, "2005-09-30": -231.7998, "2005-06-30": -479.3997, "2005-03-31": "-275.90010"}, "Investing Activities - Other": {"2020-12-31": -160.4, "2020-09-30": 171.5, "2020-06-30": -25.3, "2020-03-31": "14.20000", "2019-12-31": -165.6, "2019-09-30": -69.7, "2019-06-30": -40.5, "2019-03-31": "-213.30000", "2018-12-31": -310.5, "2018-09-30": 8.8, "2018-06-30": 67.3, "2018-03-31": "-68.30000", "2017-12-31": -119.3, "2017-09-30": 114.7, "2017-06-30": 20.3, "2017-03-31": "-86.50000", "2016-12-31": 68.4, "2016-09-30": -21.4, "2016-06-30": 24.9, "2016-03-31": "-45.90000", "2015-12-31": -290.7, "2015-09-30": 157.6, "2015-06-30": -126.5, "2015-03-31": "-48.10000", "2014-12-31": -138.3, "2014-09-30": -67.2, "2014-06-30": 54.6, "2014-03-31": "69.20000", "2013-12-31": 62.9, "2013-09-30": -1, "2013-06-30": 2, "2013-03-31": "-32.20000", "2012-12-31": -114.2, "2012-09-30": 47.6, "2012-06-30": -16.7, "2012-03-31": "-73.80000", "2011-12-31": 176.3, "2011-09-30": -244.3, "2011-06-30": 84.3, "2011-03-31": "-68.40000", "2010-12-31": -90, "2010-09-30": 29.9, "2010-06-30": -33.4, "2010-03-31": "12.30000", "2009-12-31": 9, "2009-09-30": 10, "2009-06-30": -37.5, "2009-03-31": "-13.10000", "2008-12-31": -67, "2008-09-30": -99.6, "2008-06-30": 39.8, "2008-03-31": "-65.10000", "2007-12-31": -141.6, "2007-09-30": -89.7, "2007-06-30": 50.7, "2007-03-31": "-67.60000", "2006-12-31": -26, "2006-09-30": -68.2, "2006-06-30": -12.5, "2006-03-31": "96.80000", "2005-12-31": -17.5, "2005-09-30": -17.7, "2005-06-30": -38.2, "2005-03-31": "-3.00000"}, "Cash Flow From Investing Activities": {"2020-12-31": 3639.9, "2020-09-30": -1418.8, "2020-06-30": -1308.4, "2020-03-31": "-912.70000", "2019-12-31": -2762.3, "2019-09-30": -2582.2, "2019-06-30": -852.9, "2019-03-31": "-1491.10000", "2018-12-31": -1293.8, "2018-09-30": -2067.2, "2018-06-30": -1361.6, "2018-03-31": "-979.90000", "2017-12-31": -735.1, "2017-09-30": -813.4, "2017-06-30": -673.3, "2017-03-31": "-1831.00000", "2016-12-31": -656.3, "2016-09-30": -823.6, "2016-06-30": -1820.7, "2016-03-31": "-1853.30000", "2015-12-31": -1400.8, "2015-09-30": -829.7, "2015-06-30": -707.6, "2015-03-31": "-229.50000", "2014-12-31": -345.4, "2014-09-30": -330.7, "2014-06-30": 338.7, "2014-03-31": "-835.30000", "2013-12-31": 206.5, "2013-09-30": 489.8, "2013-06-30": -397.2, "2013-03-31": "-1525.40000", "2012-12-31": 107.9, "2012-09-30": -892.4, "2012-06-30": -136.3, "2012-03-31": "-690.50000", "2011-12-31": -113, "2011-09-30": -883, "2011-06-30": 78, "2011-03-31": "715.90000", "2010-12-31": -278.4, "2010-09-30": 738.9, "2010-06-30": 29, "2010-03-31": "-462.00000", "2009-12-31": -129.4, "2009-09-30": -76.6, "2009-06-30": 1219.4, "2009-03-31": "13.40000", "2008-12-31": 1101.1, "2008-09-30": -1691.6, "2008-06-30": -1357.9, "2008-03-31": "-968.80000", "2007-12-31": -1667.3, "2007-09-30": -1794.4, "2007-06-30": -339, "2007-03-31": "-698.50000", "2006-12-31": -1116.4, "2006-09-30": -726.6, "2006-06-30": -1080.3, "2006-03-31": "-987.10000", "2005-12-31": -470.9, "2005-09-30": -248, "2005-06-30": -463.4, "2005-03-31": "-299.40000"}, "Net Long-Term Debt": {"2020-12-31": -1799.7, "2020-09-30": 789, "2020-06-30": 612.2, "2020-03-31": "398.50000", "2019-12-31": 1154.601, "2019-09-30": 428, "2019-06-30": 390.7999, "2019-03-31": "-75.29990", "2018-12-31": -146.2, "2018-09-30": 789.4, "2018-06-30": 843.7, "2018-03-31": "245.90000", "2017-12-31": -57.1006, "2017-09-30": -121.6001, "2017-06-30": -17.0996, "2017-03-31": "304.39990", "2016-12-31": 296.6, "2016-09-30": 83.5, "2016-06-30": 975.7001, "2016-03-31": "791.89990", "2015-12-31": 593, "2015-09-30": -143.3999, "2015-06-30": 676.4, "2015-03-31": "-629.90000", "2014-12-31": 204.9, "2014-09-30": -633.5, "2014-06-30": -620.6999, "2014-03-31": "-516.20010", "2013-12-31": -353.7, "2013-09-30": -137.1, "2013-06-30": -399, "2013-03-31": "-1427.60000", "2012-12-31": 1135.6992, "2012-09-30": 993.5003, "2012-06-30": -443.8, "2012-03-31": "-1262.90000", "2011-12-31": 974.8998, "2011-09-30": 276.8, "2011-06-30": -236.7, "2011-03-31": "-1774.70000", "2010-12-31": -774.9, "2010-09-30": -742.1, "2010-06-30": -649.1, "2010-03-31": "-869.50000", "2009-12-31": -1107, "2009-09-30": -1309.3, "2009-06-30": -854.5, "2009-03-31": "-926.30000", "2008-12-31": -1232.7, "2008-09-30": 1446.8, "2008-06-30": 1587.4, "2008-03-31": "-314.00000", "2007-12-31": 1246.4998, "2007-09-30": 881.2002, "2007-06-30": 58.5999, "2007-03-31": "-560.59990", "2006-12-31": 1197.1, "2006-09-30": 337.6, "2006-06-30": 459.4001, "2006-03-31": "644.59990", "2005-12-31": 370.5, "2005-09-30": -295.5996, "2005-06-30": 631.0996, "2005-03-31": "150.10010"}, "Net Current Debt": {"2020-12-31": -429.5, "2020-09-30": 114.1, "2020-06-30": 46.3, "2020-03-31": "269.10000", "2019-12-31": 126.7, "2019-09-30": 439.1, "2019-06-30": 150.4, "2019-03-31": "-35.30000", "2018-12-31": 402.8, "2018-09-30": 5.1, "2018-06-30": -8.5, "2018-03-31": "162.10000", "2017-12-31": 36.4, "2017-09-30": 95.1, "2017-06-30": -24.8, "2017-03-31": "14.40000", "2016-12-31": 71.4, "2016-09-30": 36, "2016-06-30": -53.9, "2016-03-31": "-55.90000", "2015-12-31": 26, "2015-09-30": 213.9, "2015-06-30": 21.8, "2015-03-31": "-13.60000", "2014-12-31": -64.8, "2014-09-30": -7.2, "2014-06-30": 23.8, "2014-03-31": "-39.40000", "2013-12-31": 26.9, "2013-09-30": -252.5, "2013-06-30": 101, "2013-03-31": "6.90000", "2012-12-31": 29.3, "2012-09-30": -211, "2012-06-30": 165.8, "2012-03-31": "-20.90000", "2011-12-31": 30.6, "2011-09-30": -12.1, "2011-06-30": -8.2, "2011-03-31": "-25.60000", "2010-12-31": -15.2, "2010-09-30": -1.9, "2010-06-30": -4.9, "2010-03-31": "69.90000", "2009-12-31": -44, "2009-09-30": -39.6, "2009-06-30": -340.8, "2009-03-31": "63.20000", "2008-12-31": 233.6, "2008-09-30": 197.3, "2008-06-30": 94.2, "2008-03-31": "65.40000", "2007-12-31": -160.8, "2007-09-30": 699.7, "2007-06-30": 62.1, "2007-03-31": "20.00000", "2006-12-31": 96.4, "2006-09-30": -253.8, "2006-06-30": 87.3, "2006-03-31": "-61.50000", "2005-12-31": 118.8, "2005-09-30": -72.9, "2005-06-30": -277.6, "2005-03-31": "472.70000"}, "Debt Issuance/Retirement Net - Total": {"2020-12-31": -2229.2, "2020-09-30": 903.1, "2020-06-30": 658.5, "2020-03-31": "667.60000", "2019-12-31": 1281.3, "2019-09-30": 867.1, "2019-06-30": 541.1999, "2019-03-31": "-110.59990", "2018-12-31": 256.6, "2018-09-30": 794.5, "2018-06-30": 835.2, "2018-03-31": "408.00000", "2017-12-31": -20.7006, "2017-09-30": -26.5001, "2017-06-30": -41.8996, "2017-03-31": "318.79990", "2016-12-31": 368, "2016-09-30": 119.5, "2016-06-30": 921.8001, "2016-03-31": "735.99990", "2015-12-31": 619, "2015-09-30": 70.5001, "2015-06-30": 698.2, "2015-03-31": "-643.50000", "2014-12-31": 140.1, "2014-09-30": -640.7, "2014-06-30": -596.8999, "2014-03-31": "-555.60010", "2013-12-31": -326.8, "2013-09-30": -389.6, "2013-06-30": -298, "2013-03-31": "-1420.70000", "2012-12-31": 1164.9992, "2012-09-30": 782.5003, "2012-06-30": -278, "2012-03-31": "-1283.80000", "2011-12-31": 1005.4998, "2011-09-30": 264.7, "2011-06-30": -244.9, "2011-03-31": "-1800.30000", "2010-12-31": -790.1, "2010-09-30": -744, "2010-06-30": -654, "2010-03-31": "-799.60000", "2009-12-31": -1151, "2009-09-30": -1348.9, "2009-06-30": -1195.3, "2009-03-31": "-863.10000", "2008-12-31": -999.1, "2008-09-30": 1644.1, "2008-06-30": 1681.6, "2008-03-31": "-248.60000", "2007-12-31": 1085.7, "2007-09-30": 1580.9, "2007-06-30": 120.6999, "2007-03-31": "-540.59990", "2006-12-31": 1293.5, "2006-09-30": 83.8, "2006-06-30": 546.7001, "2006-03-31": "583.09990", "2005-12-31": 489.2999, "2005-09-30": -368.4996, "2005-06-30": 353.4996, "2005-03-31": "622.80010"}, "Net Common Equity Issued/Repurchased": {"2020-12-31": 198.3, "2020-09-30": 11.3, "2020-06-30": 14.1, "2020-03-31": "-223.70000", "2019-12-31": -77.3, "2019-09-30": -36.1, "2019-06-30": 16.2, "2019-03-31": "-147.80000", "2018-12-31": -199.3, "2018-09-30": -64.5, "2018-06-30": -207.8, "2018-03-31": "-167.10000", "2017-12-31": 17.1, "2017-09-30": -32.4, "2017-06-30": 16.1, "2017-03-31": "-72.00000", "2016-12-31": -22.4, "2016-09-30": -18.7, "2016-06-30": -102.9, "2016-03-31": "-97.90000", "2015-12-31": -107.8, "2015-09-30": -82.2, "2015-06-30": 9.2, "2015-03-31": "-66.20000", "2014-12-31": 3.1, "2014-09-30": -211.5, "2014-06-30": -65.6, "2014-03-31": "-98.20000", "2013-12-31": 43.9, "2013-09-30": -23.8, "2013-06-30": 0.4, "2013-03-31": "-101.20000", "2012-12-31": 4.2, "2012-09-30": -56.5, "2012-06-30": -136.4, "2012-03-31": "-55.10000", "2011-12-31": -97.3, "2011-09-30": -207.8, "2011-06-30": -228.6, "2011-03-31": "3.20000", "2010-12-31": 0.3, "2010-09-30": 10.6, "2010-06-30": 0.5, "2010-03-31": "6.60000", "2009-12-31": 0, "2009-09-30": -31.8, "2009-06-30": 1149.7, "2009-03-31": "1.00000", "2008-12-31": 4.9, "2008-09-30": 7.6, "2008-06-30": 23.6, "2008-03-31": "-6.10000", "2007-12-31": -296, "2007-09-30": -201.2, "2007-06-30": -97.4, "2007-03-31": "-88.10000", "2006-12-31": 14.5, "2006-09-30": 8.8, "2006-06-30": -561.1, "2006-03-31": "-151.80000", "2005-12-31": -64.7, "2005-09-30": 14.8, "2005-06-30": -691.7, "2005-03-31": "-150.90000"}, "Net Total Equity Issued/Repurchased": {"2020-12-31": 198.3, "2020-09-30": 11.3, "2020-06-30": 14.1, "2020-03-31": "-223.70000", "2019-12-31": -77.3, "2019-09-30": -36.1, "2019-06-30": 16.2, "2019-03-31": "-147.80000", "2018-12-31": -199.3, "2018-09-30": -64.5, "2018-06-30": -207.8, "2018-03-31": "-167.10000", "2017-12-31": 17.1, "2017-09-30": -32.4, "2017-06-30": 16.1, "2017-03-31": "-72.00000", "2016-12-31": -22.4, "2016-09-30": -18.7, "2016-06-30": -102.9, "2016-03-31": "-97.90000", "2015-12-31": -107.8, "2015-09-30": -82.2, "2015-06-30": -540.8, "2015-03-31": "-66.20000", "2014-12-31": 3.1, "2014-09-30": -211.5, "2014-06-30": -65.6, "2014-03-31": "-98.20000", "2013-12-31": 43.9, "2013-09-30": -23.8, "2013-06-30": 0.4, "2013-03-31": "-101.20000", "2012-12-31": 4.2, "2012-09-30": -56.5, "2012-06-30": -136.4, "2012-03-31": "-55.10000", "2011-12-31": -97.3, "2011-09-30": -207.8, "2011-06-30": -228.6, "2011-03-31": "3.20000", "2010-12-31": 0.3, "2010-09-30": 10.6, "2010-06-30": 0.5, "2010-03-31": "6.60000", "2009-12-31": 0, "2009-09-30": -31.8, "2009-06-30": 1149.7, "2009-03-31": "1.00000", "2008-12-31": 4.9, "2008-09-30": 7.6, "2008-06-30": 14.3, "2008-03-31": "3.20000", "2007-12-31": -296, "2007-09-30": -201.2, "2007-06-30": -97.4, "2007-03-31": "-88.10000", "2006-12-31": 14.5, "2006-09-30": 8.8, "2006-06-30": -561.1, "2006-03-31": "-151.80000", "2005-12-31": -64.7, "2005-09-30": 14.8, "2005-06-30": -149.7, "2005-03-31": "-150.90000"}, "Total Common And Preferred Stock Dividends Paid": {"2020-12-31": 460.8, "2020-09-30": -153.7, "2020-06-30": -153.5, "2020-03-31": "-153.60000", "2019-12-31": -152.4, "2019-09-30": -153, "2019-06-30": -150.4, "2019-03-31": "-150.20000", "2018-12-31": -152.1, "2018-09-30": -150.7, "2018-06-30": -148.5, "2018-03-31": "-147.30000", "2017-12-31": -141.5, "2017-09-30": -135.8, "2017-06-30": -132.7, "2017-03-31": "-130.00000", "2016-12-31": -123.8, "2016-09-30": -117.9, "2016-06-30": -112.8, "2016-03-31": "-110.40000", "2015-12-31": -110.8, "2015-09-30": -111.9, "2015-06-30": -120.3, "2015-03-31": "-114.50000", "2014-12-31": -108.2, "2014-09-30": -108.1, "2014-06-30": -110.6, "2014-03-31": "-82.70000", "2013-12-31": -85, "2013-09-30": -93, "2013-06-30": -75.8, "2013-03-31": "-67.60000", "2012-12-31": -78.2, "2012-09-30": -69.9, "2012-06-30": -53.7, "2012-03-31": "-62.50000", "2011-12-31": -222, "2011-09-30": -8.2, "2011-06-30": -8.3, "2011-03-31": "-8.20000", "2010-12-31": -184.5, "2010-09-30": -8.2, "2010-06-30": -8.3, "2010-03-31": "-8.20000", "2009-12-31": -167.8, "2009-09-30": -8.2, "2009-06-30": -8.3, "2009-03-31": "-8.20000", "2008-12-31": -125, "2008-09-30": -8.2, "2008-06-30": -8.3, "2008-03-31": "-8.20000", "2007-12-31": -252.1, "2007-09-30": -8.2, "2007-06-30": 0, "2007-03-31": "-16.50000", "2006-12-31": -222.9, "2006-09-30": 0, "2006-06-30": -8.3, "2006-03-31": "-8.20000", "2005-12-31": -190.5, "2005-09-30": -9.4, "2005-06-30": 0, "2005-03-31": ""}, "Financial Activities - Other": {"2020-12-31": -0.2, "2020-09-30": 0.1, "2020-06-30": 0, "2020-03-31": "0.10000", "2019-12-31": 0.2, "2019-09-30": -0.1, "2019-06-30": 0.1, "2019-03-31": "5.50000", "2018-12-31": -3.2, "2018-09-30": -3.1, "2018-06-30": -2.7, "2018-03-31": "4.70000", "2017-12-31": -3.3, "2017-09-30": -2.9, "2017-06-30": -2.7, "2017-03-31": "6.40000", "2016-12-31": 5.4, "2016-09-30": 1.8, "2016-06-30": -3, "2016-03-31": "8.20000", "2015-12-31": -3.1, "2015-09-30": -2.5, "2015-06-30": -3.6, "2015-03-31": "10.90000", "2014-12-31": -1.8, "2014-09-30": -0.8, "2014-06-30": -2.4, "2014-03-31": "1.80000", "2013-12-31": 2.8, "2013-09-30": -1.1, "2013-06-30": 32.2, "2013-03-31": "3.00000", "2012-12-31": -7.8, "2012-09-30": -3, "2012-06-30": -1.2, "2012-03-31": "8.20000", "2011-12-31": -1.4, "2011-09-30": -1, "2011-06-30": -0.8, "2011-03-31": "0.70000", "2010-12-31": -0.9, "2010-09-30": -1, "2010-06-30": -0.7, "2010-03-31": "-0.70000", "2009-12-31": -1.2, "2009-09-30": -1.3, "2009-06-30": -1.6, "2009-03-31": "-1.40000", "2008-12-31": -0.5, "2008-09-30": -1.5, "2008-06-30": -1.2, "2008-03-31": "0.90000", "2007-12-31": -1.7, "2007-09-30": 0.5, "2007-06-30": 1.6, "2007-03-31": "4.50000", "2006-12-31": 2.5, "2006-09-30": 3.3, "2006-06-30": 2, "2006-03-31": "0.60000", "2005-12-31": 0, "2005-09-30": 0, "2005-06-30": 0, "2005-03-31": ""}, "Cash Flow From Financial Activities": {"2020-12-31": -1570.3, "2020-09-30": 760.8, "2020-06-30": 519.1, "2020-03-31": "290.40000", "2019-12-31": 1051.8, "2019-09-30": 677.9, "2019-06-30": 407.1, "2019-03-31": "-403.10000", "2018-12-31": -98, "2018-09-30": 576.2, "2018-06-30": 476.2, "2018-03-31": "98.30000", "2017-12-31": -148.4, "2017-09-30": -197.6, "2017-06-30": -161.2, "2017-03-31": "123.20000", "2016-12-31": 227.2, "2016-09-30": -15.3, "2016-06-30": 703.1, "2016-03-31": "535.90000", "2015-12-31": 397.3, "2015-09-30": -126.1, "2015-06-30": 33.5, "2015-03-31": "-813.30000", "2014-12-31": 33.2, "2014-09-30": -961.1, "2014-06-30": -775.5, "2014-03-31": "-734.70000", "2013-12-31": -365.1, "2013-09-30": -507.5, "2013-06-30": -341.2, "2013-03-31": "-1586.50000", "2012-12-31": 1083.2, "2012-09-30": 653.1, "2012-06-30": -469.3, "2012-03-31": "-1393.20000", "2011-12-31": 684.8, "2011-09-30": 47.7, "2011-06-30": -482.6, "2011-03-31": "-1804.60000", "2010-12-31": -975.2, "2010-09-30": -742.6, "2010-06-30": -662.5, "2010-03-31": "-801.90000", "2009-12-31": -1320, "2009-09-30": -1390.2, "2009-06-30": -55.5, "2009-03-31": "-871.70000", "2008-12-31": -1119.7, "2008-09-30": 1642, "2008-06-30": 1686.4, "2008-03-31": "-252.70000", "2007-12-31": 535.9, "2007-09-30": 1372, "2007-06-30": 24.9, "2007-03-31": "-640.70000", "2006-12-31": 1087.6, "2006-09-30": 95.9, "2006-06-30": -20.7, "2006-03-31": "423.70000", "2005-12-31": 234.1, "2005-09-30": -363.1, "2005-06-30": 203.8, "2005-03-31": "471.90000"}, "Net Cash Flow": {"2020-12-31": -1040.8, "2020-09-30": 406.3, "2020-06-30": -332.3, "2020-03-31": "966.80000", "2019-12-31": -682.1, "2019-09-30": -117.9, "2019-06-30": 1056.2, "2019-03-31": "-717.80000", "2018-12-31": 50.8, "2018-09-30": 584.7, "2018-06-30": 6.3, "2018-03-31": "-135.10000", "2017-12-31": -324.2, "2017-09-30": 788.6, "2017-06-30": 471.7, "2017-03-31": "-1184.90000", "2016-12-31": 501.4, "2016-09-30": -37.2, "2016-06-30": 112.5, "2016-03-31": "-421.90000", "2015-12-31": 50.6, "2015-09-30": 249.8, "2015-06-30": 812.4, "2015-03-31": "-411.90000", "2014-12-31": 593.1, "2014-09-30": -471.5, "2014-06-30": 349.2, "2014-03-31": "-978.70000", "2013-12-31": 664.7, "2013-09-30": 596.6, "2013-06-30": -550.7, "2013-03-31": "-2516.00000", "2012-12-31": 1898.2, "2012-09-30": 632.4, "2012-06-30": -5.3, "2012-03-31": "-1182.00000", "2011-12-31": 1399.7, "2011-09-30": -735.4, "2011-06-30": 185.4, "2011-03-31": "106.80000", "2010-12-31": -391.4, "2010-09-30": 441.5, "2010-06-30": 197.6, "2010-03-31": "-610.70000", "2009-12-31": -1000.8, "2009-09-30": -1087.3, "2009-06-30": 1628.9, "2009-03-31": "91.60000", "2008-12-31": 339, "2008-09-30": 744.5, "2008-06-30": 403.8, "2008-03-31": "-223.70000", "2007-12-31": -1214.3, "2007-09-30": 700.7, "2007-06-30": 381.5, "2007-03-31": "-114.30000", "2006-12-31": 194.2, "2006-09-30": 179.7, "2006-06-30": -391.3, "2006-03-31": "-33.10000", "2005-12-31": 524.7, "2005-09-30": -55, "2005-06-30": 623.1, "2005-03-31": "96.00000"}, "Stock-Based Compensation": {"2020-12-31": 0, "2020-09-30": 0, "2020-06-30": 0, "2020-03-31": "", "2019-12-31": 82.6, "2019-09-30": 0, "2019-06-30": 0, "2019-03-31": "", "2018-12-31": 17.1, "2018-09-30": 19.5, "2018-06-30": 19.2, "2018-03-31": "21.60000", "2017-12-31": 20.5, "2017-09-30": 18.2, "2017-06-30": 21.9, "2017-03-31": "22.10000", "2016-12-31": 25.7, "2016-09-30": 18.6, "2016-06-30": 17.8, "2016-03-31": "22.30000", "2015-12-31": 17.8, "2015-09-30": 16.4, "2015-06-30": 18.5, "2015-03-31": "31.80000", "2014-12-31": 16.9, "2014-09-30": 19.1, "2014-06-30": 17.7, "2014-03-31": "21.60000", "2013-12-31": 16.8, "2013-09-30": 15.5, "2013-06-30": 16.8, "2013-03-31": "19.40000", "2012-12-31": 13.6, "2012-09-30": 12.7, "2012-06-30": 12.4, "2012-03-31": "25.10000", "2011-12-31": 10.9, "2011-09-30": 11.5, "2011-06-30": 11.8, "2011-03-31": "9.20000", "2010-12-31": 13.5, "2010-09-30": 10.8, "2010-06-30": 12.6, "2010-03-31": "10.70000", "2009-12-31": 10.3, "2009-09-30": 10.4, "2009-06-30": 11.2, "2009-03-31": "5.30000", "2008-12-31": -1.3, "2008-09-30": 6.4, "2008-06-30": 9.2, "2008-03-31": "17.20000", "2007-12-31": 20.3, "2007-09-30": 15.2, "2007-06-30": 13.3, "2007-03-31": "24.00000", "2006-12-31": 19.2, "2006-09-30": 23.7, "2006-06-30": 16.6, "2006-03-31": "12.30000", "2005-12-31": 12.7, "2005-09-30": 13.2, "2005-06-30": 11.7, "2005-03-31": "11.20000"}, "Common Stock Dividends Paid": {"2020-12-31": 460.8, "2020-09-30": -153.7, "2020-06-30": -153.5, "2020-03-31": "-153.60000", "2019-12-31": -152.4, "2019-09-30": -153, "2019-06-30": -150.4, "2019-03-31": "-150.20000", "2018-12-31": -152.1, "2018-09-30": -150.7, "2018-06-30": -148.5, "2018-03-31": "-147.30000", "2017-12-31": -141.5, "2017-09-30": -135.8, "2017-06-30": -132.7, "2017-03-31": "-130.00000", "2016-12-31": -123.8, "2016-09-30": -117.9, "2016-06-30": -112.8, "2016-03-31": "-110.40000", "2015-12-31": -110.8, "2015-09-30": -111.9, "2015-06-30": -112, "2015-03-31": "-106.30000", "2014-12-31": -99.9, "2014-09-30": -99.9, "2014-06-30": -94.1, "2014-03-31": "-82.70000", "2013-12-31": -76.7, "2013-09-30": -76.5, "2013-06-30": -67.6, "2013-03-31": "-67.60000", "2012-12-31": -61.7, "2012-09-30": -61.6, "2012-06-30": -53.7, "2012-03-31": "-54.30000", "2011-12-31": -213.7, "2011-09-30": 0, "2011-06-30": 0, "2011-03-31": "0.00000", "2010-12-31": -176.2, "2010-09-30": 0, "2010-06-30": 0, "2010-03-31": "", "2009-12-31": -159.5, "2009-09-30": 0, "2009-06-30": 0, "2009-03-31": "", "2008-12-31": -116.7, "2008-09-30": 0, "2008-06-30": 0, "2008-03-31": "", "2007-12-31": -235.6, "2007-09-30": 0, "2007-06-30": 0, "2007-03-31": "", "2006-12-31": -214.7, "2006-09-30": 0, "2006-06-30": 0, "2006-03-31": "", "2005-12-31": -182.2, "2005-09-30": 0, "2005-06-30": 0, "2005-03-31": ""}}, "financial ratios": {"Current Ratio": {"2019-12-31": "", "2018-12-31": "", "2017-12-31": "", "2016-12-31": "", "2015-12-31": "", "2014-12-31": "", "2013-12-31": "", "2012-12-31": "", "2011-12-31": "", "2010-12-31": "", "2009-12-31": "", "2008-12-31": "", "2007-12-31": "", "2006-12-31": "", "2005-12-31": ""}, "Long-term Debt / Capital": {"2019-12-31": "0.20270", "2018-12-31": "0.22150", "2017-12-31": "0.19740", "2016-12-31": "0.23290", "2015-12-31": "0.25830", "2014-12-31": "0.19830", "2013-12-31": "0.21020", "2012-12-31": "0.21590", "2011-12-31": "0.14310", "2010-12-31": "0.13810", "2009-12-31": "0.16500", "2008-12-31": "0.33430", "2007-12-31": "0.15860", "2006-12-31": "0.16130", "2005-12-31": "0.10320"}, "Debt/Equity Ratio": {"2019-12-31": "0.26060", "2018-12-31": "0.28830", "2017-12-31": "0.24900", "2016-12-31": "0.30860", "2015-12-31": "0.36750", "2014-12-31": "0.25010", "2013-12-31": "0.28150", "2012-12-31": "0.27950", "2011-12-31": "0.17820", "2010-12-31": "0.17110", "2009-12-31": "0.21030", "2008-12-31": "0.69720", "2007-12-31": "0.22770", "2006-12-31": "0.20300", "2005-12-31": "0.17610"}, "Gross Margin": {"2019-12-31": "", "2018-12-31": "", "2017-12-31": "", "2016-12-31": "", "2015-12-31": "", "2014-12-31": "", "2013-12-31": "", "2012-12-31": "", "2011-12-31": "", "2010-12-31": "", "2009-12-31": "", "2008-12-31": "", "2007-12-31": "", "2006-12-31": "", "2005-12-31": ""}, "Operating Margin": {"2019-12-31": "10.43820", "2018-12-31": "12.53340", "2017-12-31": "15.98080", "2016-12-31": "12.84240", "2015-12-31": "11.95880", "2014-12-31": "14.26760", "2013-12-31": "12.09970", "2012-12-31": "10.41770", "2011-12-31": "10.06610", "2010-12-31": "8.54190", "2009-12-31": "8.42800", "2008-12-31": "4.64280", "2007-12-31": "9.83270", "2006-12-31": "13.48410", "2005-12-31": "12.40760"}, "EBIT Margin": {"2019-12-31": "10.43820", "2018-12-31": "12.53340", "2017-12-31": "15.98080", "2016-12-31": "12.84240", "2015-12-31": "11.95880", "2014-12-31": "14.26760", "2013-12-31": "12.09970", "2012-12-31": "10.41770", "2011-12-31": "10.06610", "2010-12-31": "8.54190", "2009-12-31": "8.42800", "2008-12-31": "4.64280", "2007-12-31": "9.83270", "2006-12-31": "13.48410", "2005-12-31": "12.40760"}, "EBITDA Margin": {"2019-12-31": "14.12580", "2018-12-31": "15.92170", "2017-12-31": "19.03400", "2016-12-31": "16.64820", "2015-12-31": "15.83530", "2014-12-31": "19.38990", "2013-12-31": "15.77050", "2012-12-31": "12.88100", "2011-12-31": "14.57900", "2010-12-31": "13.25370", "2009-12-31": "11.03500", "2008-12-31": "9.86320", "2007-12-31": "14.30250", "2006-12-31": "16.93290", "2005-12-31": "16.22420"}, "Pre-Tax Profit Margin": {"2019-12-31": "10.43820", "2018-12-31": "12.53340", "2017-12-31": "15.98080", "2016-12-31": "12.84240", "2015-12-31": "11.95880", "2014-12-31": "14.26760", "2013-12-31": "12.09970", "2012-12-31": "10.41770", "2011-12-31": "10.06610", "2010-12-31": "8.54190", "2009-12-31": "8.42800", "2008-12-31": "4.64280", "2007-12-31": "9.83270", "2006-12-31": "13.48410", "2005-12-31": "12.40760"}, "Net Profit Margin": {"2019-12-31": "8.59440", "2018-12-31": "10.86240", "2017-12-31": "16.39370", "2016-12-31": "10.62200", "2015-12-31": "10.10750", "2014-12-31": "10.41650", "2013-12-31": "9.46980", "2012-12-31": "8.39490", "2011-12-31": "6.98100", "2010-12-31": "6.84810", "2009-12-31": "6.66400", "2008-12-31": "4.27840", "2007-12-31": "7.58540", "2006-12-31": "10.44560", "2005-12-31": "9.97060"}, "Asset Turnover": {"2019-12-31": "0.05880", "2018-12-31": "0.05860", "2017-12-31": "0.05550", "2016-12-31": "0.05440", "2015-12-31": "0.05470", "2014-12-31": "0.04780", "2013-12-31": "0.04460", "2012-12-31": "0.05690", "2011-12-31": "0.05880", "2010-12-31": "0.06320", "2009-12-31": "0.06420", "2008-12-31": "0.07750", "2007-12-31": "0.07060", "2006-12-31": "0.06870", "2005-12-31": "0.07120"}, "Inventory Turnover Ratio": {"2019-12-31": "", "2018-12-31": "", "2017-12-31": "", "2016-12-31": "", "2015-12-31": "", "2014-12-31": "", "2013-12-31": "", "2012-12-31": "", "2011-12-31": "", "2010-12-31": "", "2009-12-31": "", "2008-12-31": "", "2007-12-31": "", "2006-12-31": "", "2005-12-31": ""}, "Receiveable Turnover": {"2019-12-31": "", "2018-12-31": "", "2017-12-31": "", "2016-12-31": "", "2015-12-31": "", "2014-12-31": "", "2013-12-31": "", "2012-12-31": "", "2011-12-31": "", "2010-12-31": "", "2009-12-31": "", "2008-12-31": "", "2007-12-31": "", "2006-12-31": "", "2005-12-31": ""}, "Days Sales In Receivables": {"2019-12-31": "", "2018-12-31": "", "2017-12-31": "", "2016-12-31": "", "2015-12-31": "", "2014-12-31": "", "2013-12-31": "", "2012-12-31": "", "2011-12-31": "", "2010-12-31": "", "2009-12-31": "", "2008-12-31": "", "2007-12-31": "", "2006-12-31": "", "2005-12-31": ""}, "ROE - Return On Equity": {"2019-12-31": "9.83330", "2018-12-31": "13.56230", "2017-12-31": "17.98880", "2016-12-31": "13.22930", "2015-12-31": "13.36410", "2014-12-31": "11.49740", "2013-12-31": "9.57460", "2012-12-31": "8.50640", "2011-12-31": "7.19730", "2010-12-31": "6.88730", "2009-12-31": "8.05480", "2008-12-31": "18.13020", "2007-12-31": "11.64570", "2006-12-31": "13.17190", "2005-12-31": "11.40240"}, "Return On Tangible Equity": {"2019-12-31": "12.88760", "2018-12-31": "17.18520", "2017-12-31": "22.05740", "2016-12-31": "17.13450", "2015-12-31": "17.87940", "2014-12-31": "14.88910", "2013-12-31": "12.96950", "2012-12-31": "10.01050", "2011-12-31": "8.43250", "2010-12-31": "7.82080", "2009-12-31": "9.52600", "2008-12-31": "36.72060", "2007-12-31": "14.30940", "2006-12-31": "15.88550", "2005-12-31": "12.15740"}, "ROA - Return On Assets": {"2019-12-31": "0.52310", "2018-12-31": "0.63930", "2017-12-31": "0.91540", "2016-12-31": "0.59720", "2015-12-31": "0.57310", "2014-12-31": "0.53700", "2013-12-31": "0.44960", "2012-12-31": "0.51000", "2011-12-31": "0.45770", "2010-12-31": "0.46750", "2009-12-31": "0.46870", "2008-12-31": "0.36340", "2007-12-31": "0.55930", "2006-12-31": "0.72070", "2005-12-31": "0.70070"}, "ROI - Return On Investment": {"2019-12-31": "7.83990", "2018-12-31": "10.55820", "2017-12-31": "14.43760", "2016-12-31": "10.14790", "2015-12-31": "9.91250", "2014-12-31": "9.21710", "2013-12-31": "7.56240", "2012-12-31": "6.67010", "2011-12-31": "6.16740", "2010-12-31": "5.93620", "2009-12-31": "6.72530", "2008-12-31": "12.06800", "2007-12-31": "9.79880", "2006-12-31": "11.04770", "2005-12-31": "10.22510"}, "Book Value Per Share": {"2019-12-31": "53.09400", "2018-12-31": "40.98750", "2017-12-31": "44.71250", "2016-12-31": "35.77960", "2015-12-31": "32.18050", "2014-12-31": "34.81460", "2013-12-31": "33.11990", "2012-12-31": "33.02720", "2011-12-31": "31.12490", "2010-12-31": "30.85210", "2009-12-31": "25.12980", "2008-12-31": "9.90860", "2007-12-31": "28.64420", "2006-12-31": "29.28760", "2005-12-31": "27.82320"}, "Operating Cash Flow Per Share": {"2019-12-31": 1.6939, "2018-12-31": 3.5663, "2017-12-31": 1.1085, "2016-12-31": -1.5082, "2015-12-31": 4.3003, "2014-12-31": 2.9393, "2013-12-31": -2.807, "2012-12-31": 1.7126, "2011-12-31": -0.0999, "2010-12-31": 1.1388, "2009-12-31": -1.0167, "2008-12-31": -2.5198, "2007-12-31": 2.7812, "2006-12-31": 0.9284, "2005-12-31": 7.3311}, "Free Cash Flow Per Share": {"2019-12-31": 1.5423, "2018-12-31": 3.8089, "2017-12-31": 1.0756, "2016-12-31": -1.5797, "2015-12-31": 4.2978, "2014-12-31": 2.6832, "2013-12-31": -2.8767, "2012-12-31": 1.7622, "2011-12-31": -0.2125, "2010-12-31": 1.16, "2009-12-31": -0.7022, "2008-12-31": -2.5549, "2007-12-31": 2.5974, "2006-12-31": 0.8982, "2005-12-31": 7.178}}, "financial ratios, quarterly": {"Current Ratio": {"2020-09-30": "", "2020-06-30": "", "2020-03-31": "", "2019-12-31": "", "2019-09-30": "", "2019-06-30": "", "2019-03-31": "", "2018-12-31": "", "2018-09-30": "", "2018-06-30": "", "2018-03-31": "", "2017-12-31": "", "2017-09-30": "", "2017-06-30": "", "2017-03-31": "", "2016-12-31": "", "2016-09-30": "", "2016-06-30": "", "2016-03-31": "", "2015-12-31": "", "2015-09-30": "", "2015-06-30": "", "2015-03-31": "", "2014-12-31": "", "2014-09-30": "", "2014-06-30": "", "2014-03-31": "", "2013-12-31": "", "2013-09-30": "", "2013-06-30": "", "2013-03-31": "", "2012-12-31": "", "2012-09-30": "", "2012-06-30": "", "2012-03-31": "", "2011-12-31": "", "2011-09-30": "", "2011-06-30": "", "2011-03-31": "", "2010-12-31": "", "2010-09-30": "", "2010-06-30": "", "2010-03-31": "", "2009-12-31": "", "2009-09-30": "", "2009-06-30": "", "2009-03-31": "", "2008-12-31": "", "2008-09-30": "", "2008-06-30": "", "2008-03-31": "", "2007-12-31": "", "2007-09-30": "", "2007-06-30": "", "2007-03-31": "", "2006-12-31": "", "2006-09-30": "", "2006-06-30": "", "2006-03-31": "", "2005-12-31": "", "2005-09-30": "", "2005-06-30": "", "2005-03-31": ""}, "Long-term Debt / Capital": {"2020-09-30": "0.21390", "2020-06-30": "0.21380", "2020-03-31": "0.22050", "2019-12-31": "0.20270", "2019-09-30": "0.20200", "2019-06-30": "0.21060", "2019-03-31": "0.20380", "2018-12-31": "0.22150", "2018-09-30": "0.21620", "2018-06-30": "0.21570", "2018-03-31": "0.20690", "2017-12-31": "0.19740", "2017-09-30": "0.20830", "2017-06-30": "0.21770", "2017-03-31": "0.22640", "2016-12-31": "0.23290", "2016-09-30": "0.23180", "2016-06-30": "0.23630", "2016-03-31": "0.24440", "2015-12-31": "0.25830", "2015-09-30": "0.25330", "2015-06-30": "0.25350", "2015-03-31": "0.19330", "2014-12-31": "0.19830", "2014-09-30": "0.19610", "2014-06-30": "0.19470", "2014-03-31": "0.20010", "2013-12-31": "0.21020", "2013-09-30": "0.21670", "2013-06-30": "0.21510", "2013-03-31": "0.22120", "2012-12-31": "0.21590", "2012-09-30": "0.18130", "2012-06-30": "0.14320", "2012-03-31": "0.13870", "2011-12-31": "0.14310", "2011-09-30": "0.13240", "2011-06-30": "0.12920", "2011-03-31": "0.13220", "2010-12-31": "0.13810", "2010-09-30": "0.13620", "2010-06-30": "0.14770", "2010-03-31": "0.15370", "2009-12-31": "0.16500", "2009-09-30": "0.17250", "2009-06-30": "0.26040", "2009-03-31": "0.32300", "2008-12-31": "0.33430", "2008-09-30": "0.19720", "2008-06-30": "0.17290", "2008-03-31": "0.17050", "2007-12-31": "0.15860", "2007-09-30": "0.16220", "2007-06-30": "0.16130", "2007-03-31": "0.16020", "2006-12-31": "0.16130", "2006-09-30": "0.10200", "2006-06-30": "0.11550", "2006-03-31": "0.10520", "2005-12-31": "0.10320", "2005-09-30": "0.09370", "2005-06-30": "0.09660", "2005-03-31": "0.10350"}, "Debt/Equity Ratio": {"2020-09-30": "0.27710", "2020-06-30": "0.27690", "2020-03-31": "0.29110", "2019-12-31": "0.26060", "2019-09-30": "0.25950", "2019-06-30": "0.27220", "2019-03-31": "0.25940", "2018-12-31": "0.28830", "2018-09-30": "0.27880", "2018-06-30": "0.28060", "2018-03-31": "0.26720", "2017-12-31": "0.24900", "2017-09-30": "0.26800", "2017-06-30": "0.28200", "2017-03-31": "0.29810", "2016-12-31": "0.30860", "2016-09-30": "0.30540", "2016-06-30": "0.31190", "2016-03-31": "0.33550", "2015-12-31": "0.36750", "2015-09-30": "0.36210", "2015-06-30": "0.34240", "2015-03-31": "0.24230", "2014-12-31": "0.25010", "2014-09-30": "0.25610", "2014-06-30": "0.25600", "2014-03-31": "0.26490", "2013-12-31": "0.28150", "2013-09-30": "0.29540", "2013-06-30": "0.29270", "2013-03-31": "0.28870", "2012-12-31": "0.27950", "2012-09-30": "0.22430", "2012-06-30": "0.19500", "2012-03-31": "0.17150", "2011-12-31": "0.17820", "2011-09-30": "0.15980", "2011-06-30": "0.15840", "2011-03-31": "0.16260", "2010-12-31": "0.17110", "2010-09-30": "0.17080", "2010-06-30": "0.18730", "2010-03-31": "0.19680", "2009-12-31": "0.21030", "2009-09-30": "0.22260", "2009-06-30": "0.37960", "2009-03-31": "0.67320", "2008-12-31": "0.69720", "2008-09-30": "0.30800", "2008-06-30": "0.24160", "2008-03-31": "0.23120", "2007-12-31": "0.22770", "2007-09-30": "0.20080", "2007-06-30": "0.19970", "2007-03-31": "0.19810", "2006-12-31": "0.20300", "2006-09-30": "0.12850", "2006-06-30": "0.19260", "2006-03-31": "0.16980", "2005-12-31": "0.17610", "2005-09-30": "0.15210", "2005-06-30": "0.16500", "2005-03-31": "0.21920"}, "Gross Margin": {"2020-09-30": "", "2020-06-30": "", "2020-03-31": "", "2019-12-31": "", "2019-09-30": "", "2019-06-30": "", "2019-03-31": "", "2018-12-31": "", "2018-09-30": "", "2018-06-30": "", "2018-03-31": "", "2017-12-31": "", "2017-09-30": "", "2017-06-30": "", "2017-03-31": "", "2016-12-31": "", "2016-09-30": "", "2016-06-30": "", "2016-03-31": "", "2015-12-31": "", "2015-09-30": "", "2015-06-30": "", "2015-03-31": "", "2014-12-31": "", "2014-09-30": "", "2014-06-30": "", "2014-03-31": "", "2013-12-31": "", "2013-09-30": "", "2013-06-30": "", "2013-03-31": "", "2012-12-31": "", "2012-09-30": "", "2012-06-30": "", "2012-03-31": "", "2011-12-31": "", "2011-09-30": "", "2011-06-30": "", "2011-03-31": "", "2010-12-31": "", "2010-09-30": "", "2010-06-30": "", "2010-03-31": "", "2009-12-31": "", "2009-09-30": "", "2009-06-30": "", "2009-03-31": "", "2008-12-31": "", "2008-09-30": "", "2008-06-30": "", "2008-03-31": "", "2007-12-31": "", "2007-09-30": "", "2007-06-30": "", "2007-03-31": "", "2006-12-31": "", "2006-09-30": "", "2006-06-30": "", "2006-03-31": "", "2005-12-31": "", "2005-09-30": "", "2005-06-30": "", "2005-03-31": ""}, "Operating Margin": {"2020-09-30": "8.30940", "2020-06-30": "16.00850", "2020-03-31": "7.21110", "2019-12-31": "9.17430", "2019-09-30": "7.75390", "2019-06-30": "11.33520", "2019-03-31": "14.04950", "2018-12-31": "6.44190", "2018-09-30": "13.08850", "2018-06-30": "15.93250", "2018-03-31": "15.84820", "2017-12-31": "9.72300", "2017-09-30": "25.01840", "2017-06-30": "11.50300", "2017-03-31": "13.57640", "2016-12-31": "10.85150", "2016-09-30": "13.15470", "2016-06-30": "13.21680", "2016-03-31": "14.48330", "2015-12-31": "11.00820", "2015-09-30": "11.39190", "2015-06-30": "9.03600", "2015-03-31": "17.23930", "2014-12-31": "10.90780", "2014-09-30": "15.85160", "2014-06-30": "15.63280", "2014-03-31": "15.18600", "2013-12-31": "11.59540", "2013-09-30": "14.30170", "2013-06-30": "12.01480", "2013-03-31": "10.53210", "2012-12-31": "11.36370", "2012-09-30": "7.08400", "2012-06-30": "10.83260", "2012-03-31": "13.26400", "2011-12-31": "7.28580", "2011-09-30": "7.21720", "2011-06-30": "13.50810", "2011-03-31": "11.76920", "2010-12-31": "8.62730", "2010-09-30": "7.14440", "2010-06-30": "7.06480", "2010-03-31": "11.32070", "2009-12-31": "7.59270", "2009-09-30": "10.93690", "2009-06-30": "9.17140", "2009-03-31": "5.94440", "2008-12-31": "-2.84730", "2008-09-30": "4.26380", "2008-06-30": "7.99440", "2008-03-31": "8.28570", "2007-12-31": "-0.24180", "2007-09-30": "11.63670", "2007-06-30": "14.57380", "2007-03-31": "12.56300", "2006-12-31": "12.90260", "2006-09-30": "13.50830", "2006-06-30": "12.05790", "2006-03-31": "15.53990", "2005-12-31": "11.00880", "2005-09-30": "12.91020", "2005-06-30": "12.85680", "2005-03-31": "13.04290"}, "EBIT Margin": {"2020-09-30": "8.30940", "2020-06-30": "16.00850", "2020-03-31": "7.21110", "2019-12-31": "9.17430", "2019-09-30": "7.75390", "2019-06-30": "11.33520", "2019-03-31": "14.04950", "2018-12-31": "6.44200", "2018-09-30": "13.08850", "2018-06-30": "15.93250", "2018-03-31": "15.84820", "2017-12-31": "9.72300", "2017-09-30": "25.01840", "2017-06-30": "11.50300", "2017-03-31": "13.57640", "2016-12-31": "10.85150", "2016-09-30": "13.15470", "2016-06-30": "13.21680", "2016-03-31": "14.48330", "2015-12-31": "11.00820", "2015-09-30": "11.39190", "2015-06-30": "9.03600", "2015-03-31": "17.23930", "2014-12-31": "10.90780", "2014-09-30": "15.85160", "2014-06-30": "15.63280", "2014-03-31": "15.18600", "2013-12-31": "11.59540", "2013-09-30": "14.30170", "2013-06-30": "12.01480", "2013-03-31": "10.53210", "2012-12-31": "11.36370", "2012-09-30": "7.08400", "2012-06-30": "10.83260", "2012-03-31": "13.26400", "2011-12-31": "7.28580", "2011-09-30": "7.21720", "2011-06-30": "13.50810", "2011-03-31": "11.76920", "2010-12-31": "8.62730", "2010-09-30": "7.14440", "2010-06-30": "7.06480", "2010-03-31": "11.32070", "2009-12-31": "7.59270", "2009-09-30": "10.93690", "2009-06-30": "9.17140", "2009-03-31": "5.94440", "2008-12-31": "-2.84730", "2008-09-30": "4.26380", "2008-06-30": "7.99440", "2008-03-31": "8.28570", "2007-12-31": "-0.24180", "2007-09-30": "11.63670", "2007-06-30": "14.57380", "2007-03-31": "12.56300", "2006-12-31": "12.90260", "2006-09-30": "13.50830", "2006-06-30": "12.05790", "2006-03-31": "15.53990", "2005-12-31": "11.00880", "2005-09-30": "12.91020", "2005-06-30": "12.85680", "2005-03-31": "13.04290"}, "EBITDA Margin": {"2020-09-30": "", "2020-06-30": "", "2020-03-31": "", "2019-12-31": "", "2019-09-30": "", "2019-06-30": "", "2019-03-31": "", "2018-12-31": "", "2018-09-30": "", "2018-06-30": "", "2018-03-31": "", "2017-12-31": "", "2017-09-30": "", "2017-06-30": "", "2017-03-31": "", "2016-12-31": "", "2016-09-30": "", "2016-06-30": "", "2016-03-31": "", "2015-12-31": "", "2015-09-30": "", "2015-06-30": "", "2015-03-31": "", "2014-12-31": "", "2014-09-30": "", "2014-06-30": "", "2014-03-31": "", "2013-12-31": "", "2013-09-30": "", "2013-06-30": "", "2013-03-31": "", "2012-12-31": "", "2012-09-30": "", "2012-06-30": "", "2012-03-31": "", "2011-12-31": "", "2011-09-30": "", "2011-06-30": "", "2011-03-31": "", "2010-12-31": "", "2010-09-30": "", "2010-06-30": "", "2010-03-31": "", "2009-12-31": "", "2009-09-30": "", "2009-06-30": "", "2009-03-31": "", "2008-12-31": "", "2008-09-30": "", "2008-06-30": "", "2008-03-31": "", "2007-12-31": "", "2007-09-30": "", "2007-06-30": "", "2007-03-31": "", "2006-12-31": "", "2006-09-30": "", "2006-06-30": "", "2006-03-31": "", "2005-12-31": "", "2005-09-30": "", "2005-06-30": "", "2005-03-31": ""}, "Pre-Tax Profit Margin": {"2020-09-30": "8.30940", "2020-06-30": "16.00850", "2020-03-31": "7.21110", "2019-12-31": "9.17420", "2019-09-30": "7.75390", "2019-06-30": "11.33510", "2019-03-31": "14.04950", "2018-12-31": "6.44190", "2018-09-30": "13.08850", "2018-06-30": "15.93250", "2018-03-31": "15.84820", "2017-12-31": "9.72290", "2017-09-30": "25.01840", "2017-06-30": "11.50300", "2017-03-31": "13.57640", "2016-12-31": "10.85150", "2016-09-30": "13.15470", "2016-06-30": "13.21680", "2016-03-31": "14.48330", "2015-12-31": "11.00820", "2015-09-30": "11.39190", "2015-06-30": "9.03600", "2015-03-31": "17.23930", "2014-12-31": "10.90790", "2014-09-30": "15.85160", "2014-06-30": "15.63280", "2014-03-31": "15.18600", "2013-12-31": "11.59550", "2013-09-30": "14.30170", "2013-06-30": "12.01480", "2013-03-31": "10.53220", "2012-12-31": "11.36370", "2012-09-30": "7.08400", "2012-06-30": "10.83260", "2012-03-31": "13.26400", "2011-12-31": "7.28580", "2011-09-30": "7.21720", "2011-06-30": "13.50810", "2011-03-31": "11.76920", "2010-12-31": "8.62730", "2010-09-30": "7.14440", "2010-06-30": "7.06480", "2010-03-31": "11.32070", "2009-12-31": "7.59270", "2009-09-30": "10.93690", "2009-06-30": "9.17140", "2009-03-31": "5.94440", "2008-12-31": "-2.84740", "2008-09-30": "4.26380", "2008-06-30": "7.99440", "2008-03-31": "8.28570", "2007-12-31": "-0.24180", "2007-09-30": "11.63670", "2007-06-30": "14.57380", "2007-03-31": "12.56300", "2006-12-31": "12.90260", "2006-09-30": "13.50830", "2006-06-30": "12.05790", "2006-03-31": "15.53990", "2005-12-31": "11.00880", "2005-09-30": "12.91020", "2005-06-30": "12.85680", "2005-03-31": "13.04290"}, "Net Profit Margin": {"2020-09-30": "7.12840", "2020-06-30": "12.78820", "2020-03-31": "6.34760", "2019-12-31": "7.43480", "2019-09-30": "6.21520", "2019-06-30": "9.72410", "2019-03-31": "11.48270", "2018-12-31": "6.27220", "2018-09-30": "10.49420", "2018-06-30": "14.11480", "2018-03-31": "13.77100", "2017-12-31": "25.99990", "2017-09-30": "17.50720", "2017-06-30": "9.73790", "2017-03-31": "11.44160", "2016-12-31": "9.05000", "2016-09-30": "10.93680", "2016-06-30": "10.65210", "2016-03-31": "12.11880", "2015-12-31": "9.03460", "2015-09-30": "9.26900", "2015-06-30": "7.39750", "2015-03-31": "15.58730", "2014-12-31": "9.30880", "2014-09-30": "9.27420", "2014-06-30": "11.75050", "2014-03-31": "11.45810", "2013-12-31": "8.73310", "2013-09-30": "10.97070", "2013-06-30": "10.05610", "2013-03-31": "8.22910", "2012-12-31": "9.36020", "2012-09-30": "6.92130", "2012-06-30": "7.91090", "2012-03-31": "9.72850", "2011-12-31": "6.51350", "2011-09-30": "3.43430", "2011-06-30": "9.46260", "2011-03-31": "8.19120", "2010-12-31": "6.75350", "2010-09-30": "6.21370", "2010-06-30": "5.99930", "2010-03-31": "8.42760", "2009-12-31": "6.35640", "2009-09-30": "8.13550", "2009-06-30": "6.96540", "2009-03-31": "5.15400", "2008-12-31": "-0.32900", "2008-09-30": "3.60720", "2008-06-30": "6.33160", "2008-03-31": "6.96600", "2007-12-31": "1.32990", "2007-09-30": "8.15200", "2007-06-30": "10.72820", "2007-03-31": "9.66180", "2006-12-31": "11.09120", "2006-09-30": "10.24660", "2006-06-30": "8.55760", "2006-03-31": "11.89330", "2005-12-31": "9.96730", "2005-09-30": "9.46630", "2005-06-30": "10.85710", "2005-03-31": "9.58620"}, "Asset Turnover": {"2020-09-30": "0.01190", "2020-06-30": "0.01150", "2020-03-31": "0.01840", "2019-12-31": "0.01470", "2019-09-30": "0.01650", "2019-06-30": "0.01480", "2019-03-31": "0.01440", "2018-12-31": "0.01550", "2018-09-30": "0.01680", "2018-06-30": "0.01280", "2018-03-31": "0.01140", "2017-12-31": "0.01270", "2017-09-30": "0.01870", "2017-06-30": "0.01320", "2017-03-31": "0.01290", "2016-12-31": "0.01540", "2016-09-30": "0.01220", "2016-06-30": "0.01360", "2016-03-31": "0.01400", "2015-12-31": "0.01280", "2015-09-30": "0.01500", "2015-06-30": "0.01470", "2015-03-31": "0.01190", "2014-12-31": "0.01330", "2014-09-30": "0.01150", "2014-06-30": "0.01190", "2014-03-31": "0.01170", "2013-12-31": "0.01280", "2013-09-30": "0.01110", "2013-06-30": "0.01120", "2013-03-31": "0.01080", "2012-12-31": "0.01420", "2012-09-30": "0.01700", "2012-06-30": "0.01390", "2012-03-31": "0.01360", "2011-12-31": "0.01400", "2011-09-30": "0.01460", "2011-06-30": "0.01540", "2011-03-31": "0.01510", "2010-12-31": "0.01660", "2010-09-30": "0.01600", "2010-06-30": "0.01640", "2010-03-31": "0.01610", "2009-12-31": "0.01620", "2009-09-30": "0.01650", "2009-06-30": "0.01650", "2009-03-31": "0.01780", "2008-12-31": "0.01780", "2008-09-30": "0.01740", "2008-06-30": "0.01750", "2008-03-31": "0.01650", "2007-12-31": "0.01660", "2007-09-30": "0.01830", "2007-06-30": "0.01880", "2007-03-31": "0.01810", "2006-12-31": "0.01780", "2006-09-30": "0.01800", "2006-06-30": "0.01870", "2006-03-31": "0.01820", "2005-12-31": "0.01950", "2005-09-30": "0.01830", "2005-06-30": "0.01880", "2005-03-31": "0.01890"}, "Inventory Turnover Ratio": {"2020-09-30": "", "2020-06-30": "", "2020-03-31": "", "2019-12-31": "", "2019-09-30": "", "2019-06-30": "", "2019-03-31": "", "2018-12-31": "", "2018-09-30": "", "2018-06-30": "", "2018-03-31": "", "2017-12-31": "", "2017-09-30": "", "2017-06-30": "", "2017-03-31": "", "2016-12-31": "", "2016-09-30": "", "2016-06-30": "", "2016-03-31": "", "2015-12-31": "", "2015-09-30": "", "2015-06-30": "", "2015-03-31": "", "2014-12-31": "", "2014-09-30": "", "2014-06-30": "", "2014-03-31": "", "2013-12-31": "", "2013-09-30": "", "2013-06-30": "", "2013-03-31": "", "2012-12-31": "", "2012-09-30": "", "2012-06-30": "", "2012-03-31": "", "2011-12-31": "", "2011-09-30": "", "2011-06-30": "", "2011-03-31": "", "2010-12-31": "", "2010-09-30": "", "2010-06-30": "", "2010-03-31": "", "2009-12-31": "", "2009-09-30": "", "2009-06-30": "", "2009-03-31": "", "2008-12-31": "", "2008-09-30": "", "2008-06-30": "", "2008-03-31": "", "2007-12-31": "", "2007-09-30": "", "2007-06-30": "", "2007-03-31": "", "2006-12-31": "", "2006-09-30": "", "2006-06-30": "", "2006-03-31": "", "2005-12-31": "", "2005-09-30": "", "2005-06-30": "", "2005-03-31": ""}, "Receiveable Turnover": {"2020-09-30": "", "2020-06-30": "", "2020-03-31": "", "2019-12-31": "", "2019-09-30": "", "2019-06-30": "", "2019-03-31": "", "2018-12-31": "", "2018-09-30": "", "2018-06-30": "", "2018-03-31": "", "2017-12-31": "", "2017-09-30": "", "2017-06-30": "", "2017-03-31": "", "2016-12-31": "", "2016-09-30": "", "2016-06-30": "", "2016-03-31": "", "2015-12-31": "", "2015-09-30": "", "2015-06-30": "", "2015-03-31": "", "2014-12-31": "", "2014-09-30": "", "2014-06-30": "", "2014-03-31": "", "2013-12-31": "", "2013-09-30": "", "2013-06-30": "", "2013-03-31": "", "2012-12-31": "", "2012-09-30": "", "2012-06-30": "", "2012-03-31": "", "2011-12-31": "", "2011-09-30": "", "2011-06-30": "", "2011-03-31": "", "2010-12-31": "", "2010-09-30": "", "2010-06-30": "", "2010-03-31": "", "2009-12-31": "", "2009-09-30": "", "2009-06-30": "", "2009-03-31": "", "2008-12-31": "", "2008-09-30": "", "2008-06-30": "", "2008-03-31": "", "2007-12-31": "", "2007-09-30": "", "2007-06-30": "", "2007-03-31": "", "2006-12-31": "", "2006-09-30": "", "2006-06-30": "", "2006-03-31": "", "2005-12-31": "", "2005-09-30": "", "2005-06-30": "", "2005-03-31": ""}, "Days Sales In Receivables": {"2020-09-30": "", "2020-06-30": "", "2020-03-31": "", "2019-12-31": "", "2019-09-30": "", "2019-06-30": "", "2019-03-31": "", "2018-12-31": "", "2018-09-30": "", "2018-06-30": "", "2018-03-31": "", "2017-12-31": "", "2017-09-30": "", "2017-06-30": "", "2017-03-31": "", "2016-12-31": "", "2016-09-30": "", "2016-06-30": "", "2016-03-31": "", "2015-12-31": "", "2015-09-30": "", "2015-06-30": "", "2015-03-31": "", "2014-12-31": "", "2014-09-30": "", "2014-06-30": "", "2014-03-31": "", "2013-12-31": "", "2013-09-30": "", "2013-06-30": "", "2013-03-31": "", "2012-12-31": "", "2012-09-30": "", "2012-06-30": "", "2012-03-31": "", "2011-12-31": "", "2011-09-30": "", "2011-06-30": "", "2011-03-31": "", "2010-12-31": "", "2010-09-30": "", "2010-06-30": "", "2010-03-31": "", "2009-12-31": "", "2009-09-30": "", "2009-06-30": "", "2009-03-31": "", "2008-12-31": "", "2008-09-30": "", "2008-06-30": "", "2008-03-31": "", "2007-12-31": "", "2007-09-30": "", "2007-06-30": "", "2007-03-31": "", "2006-12-31": "", "2006-09-30": "", "2006-06-30": "", "2006-03-31": "", "2005-12-31": "", "2005-09-30": "", "2005-06-30": "", "2005-03-31": ""}, "ROE - Return On Equity": {"2020-09-30": "1.50050", "2020-06-30": "2.71770", "2020-03-31": "2.19690", "2019-12-31": "2.14700", "2019-09-30": "1.91360", "2019-06-30": "2.78050", "2019-03-31": "3.54250", "2018-12-31": "2.02250", "2018-09-30": "3.90870", "2018-06-30": "3.92520", "2018-03-31": "3.28420", "2017-12-31": "6.52300", "2017-09-30": "6.73890", "2017-06-30": "2.80120", "2017-03-31": "3.30930", "2016-12-31": "3.28550", "2016-09-30": "3.01370", "2016-06-30": "3.09430", "2016-03-31": "3.65200", "2015-12-31": "2.75450", "2015-09-30": "3.10660", "2015-06-30": "2.71340", "2015-03-31": "4.08980", "2014-12-31": "2.73950", "2014-09-30": "2.43810", "2014-06-30": "3.05190", "2014-03-31": "3.22240", "2013-12-31": "2.56110", "2013-09-30": "2.76420", "2013-06-30": "2.51470", "2013-03-31": "1.93350", "2012-12-31": "2.33630", "2012-09-30": "2.01910", "2012-06-30": "1.89300", "2012-03-31": "2.26930", "2011-12-31": "1.51520", "2011-09-30": "0.72410", "2011-06-30": "2.33610", "2011-03-31": "2.01300", "2010-12-31": "1.83820", "2010-09-30": "1.50780", "2010-06-30": "1.58960", "2010-03-31": "2.34340", "2009-12-31": "1.93230", "2009-09-30": "2.68450", "2009-06-30": "2.83910", "2009-03-31": "4.52600", "2008-12-31": "-0.14010", "2008-09-30": "1.93670", "2008-06-30": "2.76590", "2008-03-31": "2.59570", "2007-12-31": "0.61980", "2007-09-30": "3.05920", "2007-06-30": "3.91030", "2007-03-31": "3.27250", "2006-12-31": "3.35850", "2006-09-30": "3.36630", "2006-06-30": "3.19810", "2006-03-31": "3.86520", "2005-12-31": "3.10490", "2005-09-30": "2.81150", "2005-06-30": "2.84770", "2005-03-31": "2.79040"}, "Return On Tangible Equity": {"2020-09-30": "1.90820", "2020-06-30": "3.47600", "2020-03-31": "2.95660", "2019-12-31": "2.81380", "2019-09-30": "2.50080", "2019-06-30": "3.35420", "2019-03-31": "4.37180", "2018-12-31": "2.56280", "2018-09-30": "4.95360", "2018-06-30": "4.96870", "2018-03-31": "4.12110", "2017-12-31": "7.99840", "2017-09-30": "8.38580", "2017-06-30": "3.53970", "2017-03-31": "4.24520", "2016-12-31": "4.25530", "2016-09-30": "3.85960", "2016-06-30": "4.00150", "2016-03-31": "4.79410", "2015-12-31": "3.68520", "2015-09-30": "4.13230", "2015-06-30": "3.52120", "2015-03-31": "5.22030", "2014-12-31": "3.54760", "2014-09-30": "3.17060", "2014-06-30": "4.01230", "2014-03-31": "4.28650", "2013-12-31": "3.46920", "2013-09-30": "3.83940", "2013-06-30": "3.50360", "2013-03-31": "2.69930", "2012-12-31": "2.74940", "2012-09-30": "2.37530", "2012-06-30": "2.24430", "2012-03-31": "2.64480", "2011-12-31": "1.77530", "2011-09-30": "0.82750", "2011-06-30": "2.62460", "2011-03-31": "2.26980", "2010-12-31": "2.08730", "2010-09-30": "1.70990", "2010-06-30": "1.83760", "2010-03-31": "2.73200", "2009-12-31": "2.28520", "2009-09-30": "3.21110", "2009-06-30": "3.63310", "2009-03-31": "8.46340", "2008-12-31": "-0.28380", "2008-09-30": "2.55510", "2008-06-30": "3.49490", "2008-03-31": "3.25120", "2007-12-31": "0.76160", "2007-09-30": "3.71220", "2007-06-30": "4.68020", "2007-03-31": "3.91300", "2006-12-31": "4.05040", "2006-09-30": "3.61360", "2006-06-30": "3.44850", "2006-03-31": "4.14230", "2005-12-31": "3.31040", "2005-09-30": "2.99980", "2005-06-30": "3.03600", "2005-03-31": "2.98710"}, "ROA - Return On Assets": {"2020-09-30": "0.08470", "2020-06-30": "0.15340", "2020-03-31": "0.11540", "2019-12-31": "0.11420", "2019-09-30": "0.10530", "2019-06-30": "0.14640", "2019-03-31": "0.17430", "2018-12-31": "0.09530", "2018-09-30": "0.17780", "2018-06-30": "0.18230", "2018-03-31": "0.15870", "2017-12-31": "0.33190", "2017-09-30": "0.32800", "2017-06-30": "0.13110", "2017-03-31": "0.15020", "2016-12-31": "0.14830", "2016-09-30": "0.14210", "2016-06-30": "0.14660", "2016-03-31": "0.16970", "2015-12-31": "0.11810", "2015-09-30": "0.13970", "2015-06-30": "0.11920", "2015-03-31": "0.19290", "2014-12-31": "0.12790", "2014-09-30": "0.11680", "2014-06-30": "0.14620", "2014-03-31": "0.15350", "2013-12-31": "0.12030", "2013-09-30": "0.12850", "2013-06-30": "0.12040", "2013-03-31": "0.09460", "2012-12-31": "0.14010", "2012-09-30": "0.12490", "2012-06-30": "0.11750", "2012-03-31": "0.14390", "2011-12-31": "0.09640", "2011-09-30": "0.05200", "2011-06-30": "0.16690", "2011-03-31": "0.14150", "2010-12-31": "0.12480", "2010-09-30": "0.10550", "2010-06-30": "0.10560", "2010-03-31": "0.14460", "2009-12-31": "0.11240", "2009-09-30": "0.14860", "2009-06-30": "0.12550", "2009-03-31": "0.09950", "2008-12-31": "-0.00280", "2008-09-30": "0.07580", "2008-06-30": "0.12080", "2008-03-31": "0.11680", "2007-12-31": "0.02980", "2007-09-30": "0.15470", "2007-06-30": "0.20720", "2007-03-31": "0.18090", "2006-12-31": "0.18380", "2006-09-30": "0.19010", "2006-06-30": "0.16660", "2006-03-31": "0.22250", "2005-12-31": "0.19080", "2005-09-30": "0.18110", "2005-06-30": "0.19080", "2005-03-31": "0.18050"}, "ROI - Return On Investment": {"2020-09-30": "1.17950", "2020-06-30": "2.13670", "2020-03-31": "1.71250", "2019-12-31": "1.71170", "2019-09-30": "1.52710", "2019-06-30": "2.19490", "2019-03-31": "2.82060", "2018-12-31": "1.57450", "2018-09-30": "3.06380", "2018-06-30": "3.07840", "2018-03-31": "2.60480", "2017-12-31": "5.23530", "2017-09-30": "5.33500", "2017-06-30": "2.19150", "2017-03-31": "2.56030", "2016-12-31": "2.52020", "2016-09-30": "2.31510", "2016-06-30": "2.36310", "2016-03-31": "2.75960", "2015-12-31": "2.04310", "2015-09-30": "2.31960", "2015-06-30": "2.02550", "2015-03-31": "3.29910", "2014-12-31": "2.19620", "2014-09-30": "1.96000", "2014-06-30": "2.45750", "2014-03-31": "2.57760", "2013-12-31": "2.02290", "2013-09-30": "2.16520", "2013-06-30": "1.97370", "2013-03-31": "1.50590", "2012-12-31": "1.83200", "2012-09-30": "1.65310", "2012-06-30": "1.62190", "2012-03-31": "1.95450", "2011-12-31": "1.29840", "2011-09-30": "0.62820", "2011-06-30": "2.03430", "2011-03-31": "1.74690", "2010-12-31": "1.58430", "2010-09-30": "1.30250", "2010-06-30": "1.35470", "2010-03-31": "1.98310", "2009-12-31": "1.61340", "2009-09-30": "2.22130", "2009-06-30": "2.09990", "2009-03-31": "3.06380", "2008-12-31": "-0.09330", "2008-09-30": "1.55480", "2008-06-30": "2.28760", "2008-03-31": "2.15310", "2007-12-31": "0.52150", "2007-09-30": "2.56290", "2007-06-30": "3.27940", "2007-03-31": "2.74810", "2006-12-31": "2.81690", "2006-09-30": "3.02280", "2006-06-30": "2.82860", "2006-03-31": "3.45840", "2005-12-31": "2.78430", "2005-09-30": "2.54800", "2005-06-30": "2.57260", "2005-03-31": "2.50150"}, "Book Value Per Share": {"2020-09-30": "57.27180", "2020-06-30": "55.87960", "2020-03-31": "47.44920", "2019-12-31": "53.09400", "2019-09-30": "53.49930", "2019-06-30": "50.61740", "2019-03-31": "45.87420", "2018-12-31": "40.98750", "2018-09-30": "41.49750", "2018-06-30": "41.13320", "2018-03-31": "42.59920", "2017-12-31": "44.71250", "2017-09-30": "41.82770", "2017-06-30": "38.93970", "2017-03-31": "37.08750", "2016-12-31": "35.77960", "2016-09-30": "37.76090", "2016-06-30": "36.69340", "2016-03-31": "34.81270", "2015-12-31": "32.18050", "2015-09-30": "33.00100", "2015-06-30": "33.12730", "2015-03-31": "35.63890", "2014-12-31": "34.81460", "2014-09-30": "35.31680", "2014-06-30": "35.60010", "2014-03-31": "34.11770", "2013-12-31": "33.11990", "2013-09-30": "31.89320", "2013-06-30": "32.01400", "2013-03-31": "33.50360", "2012-12-31": "33.02720", "2012-09-30": "33.53510", "2012-06-30": "31.91780", "2012-03-31": "32.40910", "2011-12-31": "31.12490", "2011-09-30": "33.72470", "2011-06-30": "34.00570", "2011-03-31": "32.28390", "2010-12-31": "30.85210", "2010-09-30": "31.32780", "2010-06-30": "28.43790", "2010-03-31": "27.17610", "2009-12-31": "25.12980", "2009-09-30": "23.85290", "2009-06-30": "18.14800", "2009-03-31": "10.41890", "2008-12-31": "9.90860", "2008-09-30": "21.65360", "2008-06-30": "25.55950", "2008-03-31": "26.45820", "2007-12-31": "28.64420", "2007-09-30": "29.97450", "2007-06-30": "30.02520", "2007-03-31": "30.31790", "2006-12-31": "29.28760", "2006-09-30": "28.51670", "2006-06-30": "25.43550", "2006-03-31": "27.37280", "2005-12-31": "27.82320", "2005-09-30": "27.86750", "2005-06-30": "28.10340", "2005-03-31": "24.74090"}, "Operating Cash Flow Per Share": {"2020-09-30": 3.8128, "2020-06-30": 1.6915, "2020-03-31": "5.73270", "2019-12-31": 3.6824, "2019-09-30": 6.3415, "2019-06-30": 5.3369, "2019-03-31": "4.18800", "2018-12-31": 4.9504, "2018-09-30": 7.2399, "2018-06-30": 3.1159, "2018-03-31": "2.54870", "2017-12-31": 1.9082, "2017-09-30": 6.1313, "2017-06-30": 4.4608, "2017-03-31": "1.78830", "2016-12-31": 3.1345, "2016-09-30": 2.7811, "2016-06-30": 4.2217, "2016-03-31": "3.04280", "2015-12-31": 3.556, "2015-09-30": 4.0365, "2015-06-30": 4.9822, "2015-03-31": "2.11360", "2014-12-31": 3.0184, "2014-09-30": 2.7524, "2014-06-30": 2.6429, "2014-03-31": "1.97430", "2013-12-31": 2.7672, "2013-09-30": 2.0449, "2013-06-30": 0.6309, "2013-03-31": "2.00570", "2012-12-31": 2.2769, "2012-09-30": 3.0036, "2012-06-30": 2.0159, "2012-03-31": "2.95930", "2011-12-31": 2.5539, "2011-09-30": 0.4648, "2011-06-30": 1.8425, "2011-03-31": "3.68190", "2010-12-31": 2.6749, "2010-09-30": 1.3713, "2010-06-30": 2.5689, "2010-03-31": "2.02790", "2009-12-31": 1.9229, "2009-09-30": 0.7258, "2009-06-30": 1.2091, "2009-03-31": "3.64640", "2008-12-31": 1.3669, "2008-09-30": 3.0457, "2008-06-30": 0.2897, "2008-03-31": "3.81860", "2007-12-31": -0.3439, "2007-09-30": 4.2795, "2007-06-30": 2.5835, "2007-03-31": "4.52160", "2006-12-31": 0.7259, "2006-09-30": 3.0474, "2006-06-30": 2.6057, "2006-03-31": "1.88050", "2005-12-31": 2.5259, "2005-09-30": 2.0379, "2005-06-30": 3.0269, "2005-03-31": "-0.25960"}, "Free Cash Flow Per Share": {"2020-09-30": 3.6817, "2020-06-30": 1.5881, "2020-03-31": "5.66770", "2019-12-31": 3.5598, "2019-09-30": 6.2255, "2019-06-30": 5.209, "2019-03-31": "4.08330", "2018-12-31": 4.8859, "2018-09-30": 7.1356, "2018-06-30": 3.0539, "2018-03-31": "2.45990", "2017-12-31": 1.8008, "2017-09-30": 6.0322, "2017-06-30": 4.2549, "2017-03-31": "1.63850", "2016-12-31": 2.9796, "2016-09-30": 2.662, "2016-06-30": 4.1166, "2016-03-31": "2.89260", "2015-12-31": 3.4208, "2015-09-30": 3.9394, "2015-06-30": 4.8666, "2015-03-31": "2.00370", "2014-12-31": 2.9572, "2014-09-30": 2.6711, "2014-06-30": 2.4964, "2014-03-31": "1.80800", "2013-12-31": 2.644, "2013-09-30": 2.0089, "2013-06-30": 0.5683, "2013-03-31": "2.02830", "2012-12-31": 2.267, "2012-09-30": 2.9659, "2012-06-30": 1.9908, "2012-03-31": "2.90250", "2011-12-31": 2.4784, "2011-09-30": 0.4184, "2011-06-30": 1.798, "2011-03-31": "3.66920", "2010-12-31": 2.6436, "2010-09-30": 1.3628, "2010-06-30": 2.5552, "2010-03-31": "2.01490", "2009-12-31": 1.8992, "2009-09-30": 0.7184, "2009-06-30": 1.2031, "2009-03-31": "3.59580", "2008-12-31": 1.2838, "2008-09-30": 2.9161, "2008-06-30": 0.2001, "2008-03-31": "3.71870", "2007-12-31": -0.4708, "2007-09-30": 4.2099, "2007-06-30": 2.4624, "2007-03-31": "4.47210", "2006-12-31": 0.669, "2006-09-30": 3.005, "2006-06-30": 2.5661, "2006-03-31": "1.83610", "2005-12-31": 2.4739, "2005-09-30": 1.9989, "2005-06-30": 3.0365, "2005-03-31": "-0.33130"}}, "revenue": {"Principal Financial Annual Revenue (Millions of US $)": {"2020": "$14,742", "2019": "$16,222", "2018": "$14,237", "2017": "$14,093", "2016": "$12,394", "2015": "$11,964", "2014": "$10,478", "2013": "$9,290", "2012": "$9,215", "2011": "$8,671", "2010": "$9,198", "2009": "$8,849", "2008": "$9,936", "2007": "$10,907", "2006": "$9,873", "2005": "$9,040"}, "Principal Financial Quarterly Revenue (Millions of US $)": {"2020-12-31": "$3,765", "2020-09-30": "$3,311", "2020-06-30": "$3,115", "2020-03-31": "$4,551", "2019-12-31": "$4,047", "2019-09-30": "$4,458", "2019-06-30": "$3,973", "2019-03-31": "$3,744", "2018-12-31": "$3,771", "2018-09-30": "$4,348", "2018-06-30": "$3,235", "2018-03-31": "$2,884", "2017-12-31": "$3,238", "2017-09-30": "$4,628", "2017-06-30": "$3,178", "2017-03-31": "$3,049", "2016-12-31": "$3,514", "2016-09-30": "$2,818", "2016-06-30": "$3,026", "2016-03-31": "$3,037", "2015-12-31": "$2,807", "2015-09-30": "$3,241", "2015-06-30": "$3,259", "2015-03-31": "$2,657", "2014-12-31": "$2,908", "2014-09-30": "$2,484", "2014-06-30": "$2,607", "2014-03-31": "$2,479", "2013-12-31": "$2,673", "2013-09-30": "$2,240", "2013-06-30": "$2,211", "2013-03-31": "$2,167", "2012-12-31": "$2,296", "2012-09-30": "$2,705", "2012-06-30": "$2,119", "2012-03-31": "$2,096", "2011-12-31": "$2,059", "2011-09-30": "$2,094", "2011-06-30": "$2,296", "2011-03-31": "$2,222", "2010-12-31": "$2,412", "2010-09-30": "$2,289", "2010-06-30": "$2,234", "2010-03-31": "$2,264", "2009-12-31": "$2,232", "2009-09-30": "$2,270", "2009-06-30": "$2,158", "2009-03-31": "$2,189", "2008-12-31": "$2,279", "2008-09-30": "$2,498", "2008-06-30": "$2,658", "2008-03-31": "$2,501", "2007-12-31": "$2,564", "2007-09-30": "$2,850", "2007-06-30": "$2,832", "2007-03-31": "$2,661", "2006-12-31": "$2,561", "2006-09-30": "$2,450", "2006-06-30": "$2,460", "2006-03-31": "$2,402", "2005-12-31": "$2,477", "2005-09-30": "$2,218", "2005-06-30": "$2,200", "2005-03-31": "$2,144"}}, "gross-profit": {"Principal Financial Annual Gross Profit (Millions of US $)": {"2020": "$6,340", "2019": "$6,197", "2018": "$5,921", "2017": "$6,146", "2016": "$5,324", "2015": "$5,103", "2014": "$5,069", "2013": "$4,417", "2012": "$3,894", "2011": "$3,844", "2010": "$3,774", "2009": "$3,272", "2008": "$3,449", "2007": "$4,177", "2006": "$3,890", "2005": "$3,464"}, "Principal Financial Quarterly Gross Profit (Millions of US $)": {"2020-12-31": "$1,753", "2020-09-30": "$1,441", "2020-06-30": "$1,482", "2020-03-31": "$1,664", "2019-12-31": "$1,594", "2019-09-30": "$1,588", "2019-06-30": "$1,497", "2019-03-31": "$1,519", "2018-12-31": "$1,300", "2018-09-30": "$1,674", "2018-06-30": "$1,506", "2018-03-31": "$1,442", "2017-12-31": "$1,404", "2017-09-30": "$2,091", "2017-06-30": "$1,294", "2017-03-31": "$1,357", "2016-12-31": "$1,367", "2016-09-30": "$1,290", "2016-06-30": "$1,328", "2016-03-31": "$1,339", "2015-12-31": "$1,230", "2015-09-30": "$1,331", "2015-06-30": "$1,164", "2015-03-31": "$1,379", "2014-12-31": "$1,244", "2014-09-30": "$1,326", "2014-06-30": "$1,294", "2014-03-31": "$1,205", "2013-12-31": "$1,231", "2013-09-30": "$1,095", "2013-06-30": "$1,067", "2013-03-31": "$1,024", "2012-12-31": "$1,093", "2012-09-30": "$1,008", "2012-06-30": "$959", "2012-03-31": "$833", "2011-12-31": "$888", "2011-09-30": "$927", "2011-06-30": "$1,050", "2011-03-31": "$979", "2010-12-31": "$1,085", "2010-09-30": "$915", "2010-06-30": "$842", "2010-03-31": "$932", "2009-12-31": "$802", "2009-09-30": "$891", "2009-06-30": "$761", "2009-03-31": "$819", "2008-12-31": "$706", "2008-09-30": "$830", "2008-06-30": "$955", "2008-03-31": "$958", "2007-12-31": "$783", "2007-09-30": "$1,133", "2007-06-30": "$1,173", "2007-03-31": "$1,089", "2006-12-31": "$1,023", "2006-09-30": "$950", "2006-06-30": "$928", "2006-03-31": "$989", "2005-12-31": "$900", "2005-09-30": "$863", "2005-06-30": "$864", "2005-03-31": "$837"}}, "operating-income": {"Principal Financial Annual Operating Income (Millions of US $)": {"2020": "$1,694", "2019": "$1,693", "2018": "$1,784", "2017": "$2,252", "2016": "$1,592", "2015": "$1,431", "2014": "$1,495", "2013": "$1,124", "2012": "$960", "2011": "$873", "2010": "$786", "2009": "$746", "2008": "$461", "2007": "$1,072", "2006": "$1,331", "2005": "$1,122"}, "Principal Financial Quarterly Operating Income (Millions of US $)": {"2020-12-31": "$592", "2020-09-30": "$275", "2020-06-30": "$499", "2020-03-31": "$328", "2019-12-31": "$371", "2019-09-30": "$346", "2019-06-30": "$450", "2019-03-31": "$526", "2018-12-31": "$243", "2018-09-30": "$569", "2018-06-30": "$515", "2018-03-31": "$457", "2017-12-31": "$315", "2017-09-30": "$1,158", "2017-06-30": "$366", "2017-03-31": "$414", "2016-12-31": "$381", "2016-09-30": "$371", "2016-06-30": "$400", "2016-03-31": "$440", "2015-12-31": "$309", "2015-09-30": "$369", "2015-06-30": "$295", "2015-03-31": "$458", "2014-12-31": "$317", "2014-09-30": "$394", "2014-06-30": "$408", "2014-03-31": "$376", "2013-12-31": "$310", "2013-09-30": "$320", "2013-06-30": "$266", "2013-03-31": "$228", "2012-12-31": "$261", "2012-09-30": "$192", "2012-06-30": "$230", "2012-03-31": "$278", "2011-12-31": "$150", "2011-09-30": "$151", "2011-06-30": "$310", "2011-03-31": "$262", "2010-12-31": "$208", "2010-09-30": "$164", "2010-06-30": "$158", "2010-03-31": "$256", "2009-12-31": "$170", "2009-09-30": "$248", "2009-06-30": "$198", "2009-03-31": "$130", "2008-12-31": "$-65", "2008-09-30": "$107", "2008-06-30": "$213", "2008-03-31": "$207", "2007-12-31": "$-6", "2007-09-30": "$332", "2007-06-30": "$413", "2007-03-31": "$334", "2006-12-31": "$331", "2006-09-30": "$331", "2006-06-30": "$297", "2006-03-31": "$373", "2005-12-31": "$273", "2005-09-30": "$286", "2005-06-30": "$283", "2005-03-31": "$280"}}, "ebitda": {"Principal Financial Annual EBITDA (Millions of US $)": {"2019": "$2,292", "2018": "$2,267", "2017": "$2,683", "2016": "$2,063", "2015": "$1,895", "2014": "$2,032", "2013": "$1,465", "2012": "$1,187", "2011": "$1,264", "2010": "$1,219", "2009": "$976", "2008": "$980", "2007": "$1,560", "2006": "$1,672", "2005": "$1,467"}, "Principal Financial Quarterly EBITDA (Millions of US $)": {"2020-09-30": "$275", "2020-06-30": "$499", "2020-03-31": "$328", "2019-12-31": "$371", "2019-09-30": "$346", "2019-06-30": "$450", "2019-03-31": "$526", "2018-12-31": "$413", "2018-09-30": "$642", "2018-06-30": "$631", "2018-03-31": "$581", "2017-12-31": "$427", "2017-09-30": "$1,274", "2017-06-30": "$468", "2017-03-31": "$514", "2016-12-31": "$449", "2016-09-30": "$510", "2016-06-30": "$519", "2016-03-31": "$585", "2015-12-31": "$400", "2015-09-30": "$557", "2015-06-30": "$376", "2015-03-31": "$561", "2014-12-31": "$448", "2014-09-30": "$575", "2014-06-30": "$517", "2014-03-31": "$492", "2013-12-31": "$400", "2013-09-30": "$394", "2013-06-30": "$352", "2013-03-31": "$319", "2012-12-31": "$361", "2012-09-30": "$309", "2012-06-30": "$336", "2012-03-31": "$182", "2011-12-31": "$231", "2011-09-30": "$302", "2011-06-30": "$400", "2011-03-31": "$331", "2010-12-31": "$299", "2010-09-30": "$297", "2010-06-30": "$264", "2010-03-31": "$359", "2009-12-31": "$225", "2009-09-30": "$318", "2009-06-30": "$185", "2009-03-31": "$249", "2008-12-31": "$136", "2008-09-30": "$228", "2008-06-30": "$306", "2008-03-31": "$310", "2007-12-31": "$103", "2007-09-30": "$494", "2007-06-30": "$516", "2007-03-31": "$447", "2006-12-31": "$407", "2006-09-30": "$411", "2006-06-30": "$387", "2006-03-31": "$467", "2005-12-31": "$365", "2005-09-30": "$365", "2005-06-30": "$370", "2005-03-31": "$367"}}, "net-income": {"Principal Financial Annual Net Income (Millions of US $)": {"2020": "$1,396", "2019": "$1,394", "2018": "$1,547", "2017": "$2,310", "2016": "$1,317", "2015": "$1,209", "2014": "$1,091", "2013": "$880", "2012": "$774", "2011": "$605", "2010": "$630", "2009": "$590", "2008": "$425", "2007": "$827", "2006": "$1,031", "2005": "$901"}, "Principal Financial Quarterly Net Income (Millions of US $)": {"2020-12-31": "$473", "2020-09-30": "$236", "2020-06-30": "$398", "2020-03-31": "$289", "2019-12-31": "$301", "2019-09-30": "$277", "2019-06-30": "$386", "2019-03-31": "$430", "2018-12-31": "$237", "2018-09-30": "$456", "2018-06-30": "$457", "2018-03-31": "$397", "2017-12-31": "$842", "2017-09-30": "$810", "2017-06-30": "$310", "2017-03-31": "$349", "2016-12-31": "$318", "2016-09-30": "$308", "2016-06-30": "$322", "2016-03-31": "$368", "2015-12-31": "$254", "2015-09-30": "$300", "2015-06-30": "$241", "2015-03-31": "$414", "2014-12-31": "$271", "2014-09-30": "$230", "2014-06-30": "$306", "2014-03-31": "$284", "2013-12-31": "$233", "2013-09-30": "$246", "2013-06-30": "$222", "2013-03-31": "$178", "2012-12-31": "$215", "2012-09-30": "$187", "2012-06-30": "$168", "2012-03-31": "$204", "2011-12-31": "$134", "2011-09-30": "$72", "2011-06-30": "$217", "2011-03-31": "$182", "2010-12-31": "$163", "2010-09-30": "$142", "2010-06-30": "$134", "2010-03-31": "$191", "2009-12-31": "$142", "2009-09-30": "$185", "2009-06-30": "$150", "2009-03-31": "$113", "2008-12-31": "$-8", "2008-09-30": "$90", "2008-06-30": "$168", "2008-03-31": "$174", "2007-12-31": "$34", "2007-09-30": "$232", "2007-06-30": "$304", "2007-03-31": "$257", "2006-12-31": "$284", "2006-09-30": "$251", "2006-06-30": "$211", "2006-03-31": "$286", "2005-12-31": "$247", "2005-09-30": "$210", "2005-06-30": "$239", "2005-03-31": "$206"}}, "eps-earnings-per-share-diluted": {"Principal Financial Annual EPS": {"2020": "$5.05", "2019": "$4.96", "2018": "$5.36", "2017": "$7.88", "2016": "$4.50", "2015": "$4.06", "2014": "$3.65", "2013": "$2.95", "2012": "$2.58", "2011": "$1.91", "2010": "$1.95", "2009": "$1.97", "2008": "$1.63", "2007": "$3.09", "2006": "$3.74", "2005": "$3.11"}, "Principal Financial Quarterly EPS": {"2020-12-31": "$1.70", "2020-09-30": "$0.85", "2020-06-30": "$1.45", "2020-03-31": "$1.04", "2019-12-31": "$1.08", "2019-09-30": "$0.98", "2019-06-30": "$1.37", "2019-03-31": "$1.53", "2018-12-31": "$0.83", "2018-09-30": "$1.59", "2018-06-30": "$1.58", "2018-03-31": "$1.36", "2017-12-31": "$2.87", "2017-09-30": "$2.76", "2017-06-30": "$1.06", "2017-03-31": "$1.19", "2016-12-31": "$1.09", "2016-09-30": "$1.06", "2016-06-30": "$1.10", "2016-03-31": "$1.25", "2015-12-31": "$0.85", "2015-09-30": "$1.01", "2015-06-30": "$0.81", "2015-03-31": "$1.39", "2014-12-31": "$0.90", "2014-09-30": "$0.77", "2014-06-30": "$1.03", "2014-03-31": "$0.95", "2013-12-31": "$0.77", "2013-09-30": "$0.82", "2013-06-30": "$0.75", "2013-03-31": "$0.61", "2012-12-31": "$0.71", "2012-09-30": "$0.63", "2012-06-30": "$0.56", "2012-03-31": "$0.68", "2011-12-31": "$0.45", "2011-09-30": "$0.23", "2011-06-30": "$0.67", "2011-03-31": "$0.56", "2010-12-31": "$0.50", "2010-09-30": "$0.44", "2010-06-30": "$0.42", "2010-03-31": "$0.59", "2009-12-31": "$0.45", "2009-09-30": "$0.57", "2009-06-30": "$0.52", "2009-03-31": "$0.43", "2008-12-31": "$-0.03", "2008-09-30": "$0.35", "2008-06-30": "$0.64", "2008-03-31": "$0.67", "2007-12-31": "$0.15", "2007-09-30": "$0.87", "2007-06-30": "$1.12", "2007-03-31": "$0.95", "2006-12-31": "$1.05", "2006-09-30": "$0.92", "2006-06-30": "$0.76", "2006-03-31": "$1.01", "2005-12-31": "$0.87", "2005-09-30": "$0.74", "2005-06-30": "$0.82", "2005-03-31": "$0.68"}}, "shares-outstanding": {"Principal Financial Annual Shares Outstanding (Millions of Shares)": {"2020": "277", "2019": "281", "2018": "289", "2017": "293", "2016": "293", "2015": "298", "2014": "299", "2013": "298", "2012": "300", "2011": "318", "2010": "323", "2009": "299", "2008": "261", "2007": "268", "2006": "276", "2005": "290"}, "Principal Financial Quarterly Shares Outstanding (Millions of Shares)": {"2020-12-31": "277", "2020-09-30": "277", "2020-06-30": "276", "2020-03-31": "277", "2019-12-31": "281", "2019-09-30": "281", "2019-06-30": "281", "2019-03-31": "281", "2018-12-31": "289", "2018-09-30": "288", "2018-06-30": "289", "2018-03-31": "293", "2017-12-31": "293", "2017-09-30": "293", "2017-06-30": "293", "2017-03-31": "292", "2016-12-31": "293", "2016-09-30": "291", "2016-06-30": "293", "2016-03-31": "294", "2015-12-31": "298", "2015-09-30": "299", "2015-06-30": "298", "2015-03-31": "299", "2014-12-31": "299", "2014-09-30": "298", "2014-06-30": "298", "2014-03-31": "300", "2013-12-31": "298", "2013-09-30": "299", "2013-06-30": "297", "2013-03-31": "297", "2012-12-31": "300", "2012-09-30": "298", "2012-06-30": "302", "2012-03-31": "305", "2011-12-31": "318", "2011-09-30": "315", "2011-06-30": "323", "2011-03-31": "325", "2010-12-31": "323", "2010-09-30": "323", "2010-06-30": "323", "2010-03-31": "322", "2009-12-31": "299", "2009-09-30": "322", "2009-06-30": "291", "2009-03-31": "261", "2008-12-31": "261", "2008-09-30": "261", "2008-06-30": "261", "2008-03-31": "261", "2007-12-31": "268", "2007-09-30": "267", "2007-06-30": "270", "2007-03-31": "271", "2006-12-31": "276", "2006-09-30": "272", "2006-06-30": "276", "2006-03-31": "282", "2005-12-31": "290", "2005-09-30": "284", "2005-06-30": "291", "2005-03-31": "301"}}, "total-assets": {"Principal Financial Annual Total Assets (Millions of US $)": {"2019": "$276,088", "2018": "$243,036", "2017": "$253,941", "2016": "$228,014", "2015": "$218,660", "2014": "$219,087", "2013": "$208,191", "2012": "$161,830", "2011": "$147,362", "2010": "$145,631", "2009": "$137,759", "2008": "$128,182", "2007": "$154,520", "2006": "$143,658", "2005": "$127,035"}, "Principal Financial Quarterly Total Assets (Millions of US $)": {"2020-09-30": "$278,485", "2020-06-30": "$271,309", "2020-03-31": "$246,904", "2019-12-31": "$276,088", "2019-09-30": "$270,238", "2019-06-30": "$267,918", "2019-03-31": "$259,420", "2018-12-31": "$243,036", "2018-09-30": "$258,758", "2018-06-30": "$252,104", "2018-03-31": "$253,637", "2017-12-31": "$253,941", "2017-09-30": "$247,934", "2017-06-30": "$240,154", "2017-03-31": "$235,496", "2016-12-31": "$228,014", "2016-09-30": "$230,368", "2016-06-30": "$223,074", "2016-03-31": "$217,570", "2015-12-31": "$218,660", "2015-09-30": "$215,365", "2015-06-30": "$222,271", "2015-03-31": "$222,495", "2014-12-31": "$219,087", "2014-09-30": "$216,423", "2014-06-30": "$218,322", "2014-03-31": "$211,194", "2013-12-31": "$208,191", "2013-09-30": "$201,687", "2013-06-30": "$196,513", "2013-03-31": "$200,763", "2012-12-31": "$161,830", "2012-09-30": "$159,193", "2012-06-30": "$152,051", "2012-03-31": "$153,738", "2011-12-31": "$147,362", "2011-09-30": "$143,302", "2011-06-30": "$149,278", "2011-03-31": "$147,550", "2010-12-31": "$145,631", "2010-09-30": "$143,457", "2010-06-30": "$136,597", "2010-03-31": "$140,837", "2009-12-31": "$137,759", "2009-09-30": "$137,380", "2009-06-30": "$130,707", "2009-03-31": "$123,235", "2008-12-31": "$128,182", "2008-09-30": "$143,410", "2008-06-30": "$151,527", "2008-03-31": "$152,001", "2007-12-31": "$154,520", "2007-09-30": "$155,618", "2007-06-30": "$150,758", "2007-03-31": "$146,617", "2006-12-31": "$143,658", "2006-09-30": "$136,166", "2006-06-30": "$131,429", "2006-03-31": "$131,975", "2005-12-31": "$127,035", "2005-09-30": "$121,106", "2005-06-30": "$117,193", "2005-03-31": "$113,529"}}, "cash-on-hand": {"Principal Financial Annual Cash on Hand (Millions of US $)": {"2019": "$2,516", "2018": "$2,978", "2017": "$2,471", "2016": "$2,720", "2015": "$2,565", "2014": "$1,864", "2013": "$2,372", "2012": "$4,177", "2011": "$2,834", "2010": "$1,877", "2009": "$2,240", "2008": "$2,608", "2007": "$1,344", "2006": "$1,592", "2005": "$1,639"}, "Principal Financial Quarterly Cash on Hand (Millions of US $)": {"2020-09-30": "$3,557", "2020-06-30": "$3,150", "2020-03-31": "$3,483", "2019-12-31": "$2,516", "2019-09-30": "$3,198", "2019-06-30": "$3,316", "2019-03-31": "$2,260", "2018-12-31": "$2,978", "2018-09-30": "$2,927", "2018-06-30": "$2,342", "2018-03-31": "$2,336", "2017-12-31": "$2,471", "2017-09-30": "$2,795", "2017-06-30": "$2,006", "2017-03-31": "$1,535", "2016-12-31": "$2,720", "2016-09-30": "$2,218", "2016-06-30": "$2,255", "2016-03-31": "$2,143", "2015-12-31": "$2,565", "2015-09-30": "$2,514", "2015-06-30": "$2,264", "2015-03-31": "$1,452", "2014-12-31": "$1,864", "2014-09-30": "$1,271", "2014-06-30": "$1,742", "2014-03-31": "$1,393", "2013-12-31": "$2,372", "2013-09-30": "$1,707", "2013-06-30": "$1,111", "2013-03-31": "$1,661", "2012-12-31": "$4,177", "2012-09-30": "$2,279", "2012-06-30": "$1,647", "2012-03-31": "$1,652", "2011-12-31": "$2,834", "2011-09-30": "$1,434", "2011-06-30": "$2,170", "2011-03-31": "$1,984", "2010-12-31": "$1,877", "2010-09-30": "$2,269", "2010-06-30": "$1,827", "2010-03-31": "$1,630", "2009-12-31": "$2,240", "2009-09-30": "$3,241", "2009-06-30": "$4,329", "2009-03-31": "$2,700", "2008-12-31": "$2,608", "2008-09-30": "$2,269", "2008-06-30": "$1,525", "2008-03-31": "$1,121", "2007-12-31": "$1,344", "2007-09-30": "$2,559", "2007-06-30": "$1,858", "2007-03-31": "$1,477", "2006-12-31": "$1,592", "2006-09-30": "$1,397", "2006-06-30": "$1,217", "2006-03-31": "$1,608", "2005-12-31": "$1,639", "2005-09-30": "$1,117", "2005-06-30": "$1,172", "2005-03-31": "$549"}}, "long-term-debt": {"Principal Financial Annual Long Term Debt (Millions of US $)": {"2019": "$3,734", "2018": "$3,260", "2017": "$3,178", "2016": "$3,126", "2015": "$3,265", "2014": "$2,531", "2013": "$2,601", "2012": "$2,671", "2011": "$1,565", "2010": "$1,584", "2009": "$1,585", "2008": "$1,291", "2007": "$1,399", "2006": "$1,511", "2005": "$899"}, "Principal Financial Quarterly Long Term Debt (Millions of US $)": {"2020-09-30": "$4,279", "2020-06-30": "$4,163", "2020-03-31": "$3,670", "2019-12-31": "$3,734", "2019-09-30": "$3,764", "2019-06-30": "$3,762", "2019-03-31": "$3,266", "2018-12-31": "$3,260", "2018-09-30": "$3,246", "2018-06-30": "$3,220", "2018-03-31": "$3,197", "2017-12-31": "$3,178", "2017-09-30": "$3,175", "2017-06-30": "$3,127", "2017-03-31": "$3,126", "2016-12-31": "$3,126", "2016-09-30": "$3,278", "2016-06-30": "$3,270", "2016-03-31": "$3,269", "2015-12-31": "$3,265", "2015-09-30": "$3,286", "2015-06-30": "$3,316", "2015-03-31": "$2,515", "2014-12-31": "$2,531", "2014-09-30": "$2,529", "2014-06-30": "$2,529", "2014-03-31": "$2,516", "2013-12-31": "$2,601", "2013-09-30": "$2,593", "2013-06-30": "$2,579", "2013-03-31": "$2,791", "2012-12-31": "$2,671", "2012-09-30": "$2,180", "2012-06-30": "$1,577", "2012-03-31": "$1,571", "2011-12-31": "$1,565", "2011-09-30": "$1,570", "2011-06-30": "$1,582", "2011-03-31": "$1,580", "2010-12-31": "$1,584", "2010-09-30": "$1,582", "2010-06-30": "$1,572", "2010-03-31": "$1,578", "2009-12-31": "$1,585", "2009-09-30": "$1,586", "2009-06-30": "$2,033", "2009-03-31": "$1,293", "2008-12-31": "$1,291", "2008-09-30": "$1,379", "2008-06-30": "$1,384", "2008-03-31": "$1,407", "2007-12-31": "$1,399", "2007-09-30": "$1,523", "2007-06-30": "$1,536", "2007-03-31": "$1,547", "2006-12-31": "$1,511", "2006-09-30": "$874", "2006-06-30": "$894", "2006-03-31": "$894", "2005-12-31": "$899", "2005-09-30": "$807", "2005-06-30": "$840", "2005-03-31": "$848"}}, "total-liabilities": {"Principal Financial Annual Total Liabilities (Millions of US $)": {"2019": "$261,402", "2018": "$231,580", "2017": "$241,019", "2016": "$217,721", "2015": "$209,283", "2014": "$208,855", "2013": "$198,414", "2012": "$152,127", "2011": "$137,990", "2010": "$135,746", "2009": "$129,743", "2008": "$125,613", "2007": "$147,099", "2006": "$135,797", "2005": "$119,228"}, "Principal Financial Quarterly Total Liabilities (Millions of US $)": {"2020-09-30": "$262,764", "2020-06-30": "$255,998", "2020-03-31": "$233,931", "2019-12-31": "$261,402", "2019-09-30": "$255,366", "2019-06-30": "$253,816", "2019-03-31": "$246,658", "2018-12-31": "$231,580", "2018-09-30": "$246,990", "2018-06-30": "$240,398", "2018-03-31": "$241,381", "2017-12-31": "$241,019", "2017-09-30": "$235,866", "2017-06-30": "$228,916", "2017-03-31": "$224,811", "2016-12-31": "$217,721", "2016-09-30": "$219,504", "2016-06-30": "$212,507", "2016-03-31": "$207,460", "2015-12-31": "$209,283", "2015-09-30": "$205,680", "2015-06-30": "$212,508", "2015-03-31": "$212,003", "2014-12-31": "$208,855", "2014-09-30": "$206,054", "2014-06-30": "$207,863", "2014-03-31": "$201,136", "2013-12-31": "$198,414", "2013-09-30": "$192,314", "2013-06-30": "$187,104", "2013-03-31": "$190,936", "2012-12-31": "$152,127", "2012-09-30": "$149,347", "2012-06-30": "$142,616", "2012-03-31": "$143,986", "2011-12-31": "$137,990", "2011-09-30": "$133,013", "2011-06-30": "$138,611", "2011-03-31": "$137,177", "2010-12-31": "$135,746", "2010-09-30": "$133,422", "2010-06-30": "$127,525", "2010-03-31": "$132,149", "2009-12-31": "$129,743", "2009-09-30": "$129,773", "2009-06-30": "$124,930", "2009-03-31": "$120,526", "2008-12-31": "$125,613", "2008-09-30": "$137,797", "2008-06-30": "$144,907", "2008-03-31": "$145,159", "2007-12-31": "$147,099", "2007-09-30": "$147,750", "2007-06-30": "$142,772", "2007-03-31": "$138,510", "2006-12-31": "$135,797", "2006-09-30": "$128,478", "2006-06-30": "$124,585", "2006-03-31": "$124,376", "2005-12-31": "$119,228", "2005-09-30": "$113,305", "2005-06-30": "$109,341", "2005-03-31": "$106,186"}}, "total-share-holder-equity": {"Principal Financial Annual Share Holder Equity (Millions of US $)": {"2019": "$14,686", "2018": "$11,456", "2017": "$12,922", "2016": "$10,294", "2015": "$9,377", "2014": "$10,232", "2013": "$9,777", "2012": "$9,703", "2011": "$9,372", "2010": "$9,885", "2009": "$8,016", "2008": "$2,569", "2007": "$7,422", "2006": "$7,861", "2005": "$7,807"}, "Principal Financial Quarterly Share Holder Equity (Millions of US $)": {"2020-09-30": "$15,721", "2020-06-30": "$15,311", "2020-03-31": "$12,973", "2019-12-31": "$14,686", "2019-09-30": "$14,873", "2019-06-30": "$14,102", "2019-03-31": "$12,762", "2018-12-31": "$11,456", "2018-09-30": "$11,769", "2018-06-30": "$11,707", "2018-03-31": "$12,256", "2017-12-31": "$12,922", "2017-09-30": "$12,067", "2017-06-30": "$11,238", "2017-03-31": "$10,685", "2016-12-31": "$10,294", "2016-09-30": "$10,864", "2016-06-30": "$10,568", "2016-03-31": "$10,110", "2015-12-31": "$9,377", "2015-09-30": "$9,686", "2015-06-30": "$9,763", "2015-03-31": "$10,492", "2014-12-31": "$10,232", "2014-09-30": "$10,369", "2014-06-30": "$10,459", "2014-03-31": "$10,058", "2013-12-31": "$9,777", "2013-09-30": "$9,373", "2013-06-30": "$9,409", "2013-03-31": "$9,827", "2012-12-31": "$9,703", "2012-09-30": "$9,846", "2012-06-30": "$9,435", "2012-03-31": "$9,752", "2011-12-31": "$9,372", "2011-09-30": "$10,289", "2011-06-30": "$10,668", "2011-03-31": "$10,373", "2010-12-31": "$9,885", "2010-09-30": "$10,034", "2010-06-30": "$9,072", "2010-03-31": "$8,688", "2009-12-31": "$8,016", "2009-09-30": "$7,607", "2009-06-30": "$5,777", "2009-03-31": "$2,709", "2008-12-31": "$2,569", "2008-09-30": "$5,613", "2008-06-30": "$6,620", "2008-03-31": "$6,842", "2007-12-31": "$7,422", "2007-09-30": "$7,868", "2007-06-30": "$7,987", "2007-03-31": "$8,107", "2006-12-31": "$7,861", "2006-09-30": "$7,688", "2006-06-30": "$6,845", "2006-03-31": "$7,599", "2005-12-31": "$7,807", "2005-09-30": "$7,800", "2005-06-30": "$7,852", "2005-03-31": "$7,343"}}, "profit-margins": {"current": "9.47%"}, "gross margin": {"2020-12-31": "43.01%", "2020-09-30": "41.14%", "2020-06-30": "39.13%", "2020-03-31": "37.25%", "2019-12-31": "38.21%", "2019-09-30": "37.02%", "2019-06-30": "37.83%", "2019-03-31": "39.73%", "2018-12-31": "41.59%", "2018-09-30": "43.97%", "2018-06-30": "46.07%", "2018-03-31": "44.74%", "2017-12-31": "43.61%", "2017-09-30": "42.52%", "2017-06-30": "42.26%", "2017-03-31": "43.06%", "2016-12-31": "42.95%", "2016-09-30": "44.38%", "2016-06-30": "43.17%", "2016-03-31": "41.02%", "2015-12-31": "42.66%", "2015-09-30": "42.42%", "2015-06-30": "45.22%", "2015-03-31": "49.20%", "2014-12-31": "48.38%", "2014-09-30": "49.36%", "2014-06-30": "48.25%", "2014-03-31": "47.88%", "2013-12-31": "47.54%", "2013-09-30": "48.00%", "2013-06-30": "44.70%", "2013-03-31": "43.98%", "2012-12-31": "42.24%", "2012-09-30": "41.07%", "2012-06-30": "43.10%", "2012-03-31": "43.28%", "2011-12-31": "44.33%", "2011-09-30": "44.78%", "2011-06-30": "43.70%", "2011-03-31": "41.73%", "2010-12-31": "41.03%", "2010-09-30": "38.71%", "2010-06-30": "38.52%", "2010-03-31": "37.94%", "2009-12-31": "36.99%", "2009-09-30": "35.71%", "2009-06-30": "34.15%", "2009-03-31": "34.39%", "2008-12-31": "34.71%", "2008-09-30": "34.50%", "2008-06-30": "36.21%", "2008-03-31": "37.66%", "2007-12-31": "38.31%", "2007-09-30": "40.52%", "2007-06-30": "40.32%", "2007-03-31": "39.38%", "2006-12-31": "39.39%", "2006-09-30": "38.47%", "2006-06-30": "38.50%", "2006-03-31": "38.88%", "2005-12-31": "38.31%"}, "operating margin": {"2020-12-31": "11.49%", "2020-09-30": "9.80%", "2020-06-30": "9.55%", "2020-03-31": "8.78%", "2019-12-31": "10.44%", "2019-09-30": "9.81%", "2019-06-30": "11.29%", "2019-03-31": "12.27%", "2018-12-31": "12.53%", "2018-09-30": "13.54%", "2018-06-30": "17.48%", "2018-03-31": "16.48%", "2017-12-31": "15.99%", "2017-09-30": "16.14%", "2017-06-30": "12.20%", "2017-03-31": "12.62%", "2016-12-31": "12.84%", "2016-09-30": "13.00%", "2016-06-30": "12.53%", "2016-03-31": "11.44%", "2015-12-31": "11.95%", "2015-09-30": "11.92%", "2015-06-30": "12.94%", "2015-03-31": "14.80%", "2014-12-31": "14.27%", "2014-09-30": "14.53%", "2014-06-30": "14.14%", "2014-03-31": "13.25%", "2013-12-31": "12.10%", "2013-09-30": "12.06%", "2013-06-30": "10.10%", "2013-03-31": "9.81%", "2012-12-31": "10.43%", "2012-09-30": "9.47%", "2012-06-30": "9.67%", "2012-03-31": "10.40%", "2011-12-31": "10.06%", "2011-09-30": "10.31%", "2011-06-30": "10.23%", "2011-03-31": "8.64%", "2010-12-31": "8.54%", "2010-09-30": "8.28%", "2010-06-30": "9.23%", "2010-03-31": "9.76%", "2009-12-31": "8.42%", "2009-09-30": "5.74%", "2009-06-30": "4.06%", "2009-03-31": "4.00%", "2008-12-31": "4.65%", "2008-09-30": "5.10%", "2008-06-30": "7.06%", "2008-03-31": "8.80%", "2007-12-31": "9.84%", "2007-09-30": "12.93%", "2007-06-30": "13.41%", "2007-03-31": "12.76%", "2006-12-31": "13.49%", "2006-09-30": "13.01%", "2006-06-30": "12.86%", "2006-03-31": "13.07%", "2005-12-31": "12.41%"}, "ebitda margin": {"2020-09-30": "9.80%", "2020-06-30": "9.55%", "2020-03-31": "8.78%", "2019-12-31": "10.44%", "2019-09-30": "10.88%", "2019-06-30": "12.83%", "2019-03-31": "14.65%", "2018-12-31": "15.92%", "2018-09-30": "16.64%", "2018-06-30": "20.83%", "2018-03-31": "19.74%", "2017-12-31": "19.04%", "2017-09-30": "18.83%", "2017-06-30": "15.46%", "2017-03-31": "16.06%", "2016-12-31": "16.64%", "2016-09-30": "17.23%", "2016-06-30": "17.02%", "2016-03-31": "15.54%", "2015-12-31": "15.83%", "2015-09-30": "16.10%", "2015-06-30": "17.33%", "2015-03-31": "19.72%", "2014-12-31": "19.39%", "2014-09-30": "19.37%", "2014-06-30": "18.03%", "2014-03-31": "17.06%", "2013-12-31": "15.77%", "2013-09-30": "16.00%", "2013-06-30": "14.29%", "2013-03-31": "14.26%", "2012-12-31": "12.87%", "2012-09-30": "11.76%", "2012-06-30": "12.55%", "2012-03-31": "13.04%", "2011-12-31": "14.58%", "2011-09-30": "14.76%", "2011-06-30": "14.39%", "2011-03-31": "13.01%", "2010-12-31": "13.25%", "2010-09-30": "12.70%", "2010-06-30": "12.96%", "2010-03-31": "12.17%", "2009-12-31": "11.03%", "2009-09-30": "9.97%", "2009-06-30": "8.74%", "2009-03-31": "9.55%", "2008-12-31": "9.86%", "2008-09-30": "9.27%", "2008-06-30": "11.47%", "2008-03-31": "13.24%", "2007-12-31": "14.30%", "2007-09-30": "17.09%", "2007-06-30": "16.96%", "2007-03-31": "16.30%", "2006-12-31": "16.94%", "2006-09-30": "16.65%", "2006-06-30": "16.57%", "2006-03-31": "16.84%", "2005-12-31": "16.22%"}, "pre tax profit margin": {"2020-12-31": "11.49%", "2020-09-30": "9.80%", "2020-06-30": "9.55%", "2020-03-31": "8.78%", "2019-12-31": "10.44%", "2019-09-30": "9.81%", "2019-06-30": "11.29%", "2019-03-31": "12.27%", "2018-12-31": "12.53%", "2018-09-30": "13.54%", "2018-06-30": "17.48%", "2018-03-31": "16.48%", "2017-12-31": "15.99%", "2017-09-30": "16.14%", "2017-06-30": "12.20%", "2017-03-31": "12.62%", "2016-12-31": "12.84%", "2016-09-30": "13.00%", "2016-06-30": "12.53%", "2016-03-31": "11.45%", "2015-12-31": "11.96%", "2015-09-30": "11.93%", "2015-06-30": "12.95%", "2015-03-31": "14.80%", "2014-12-31": "14.27%", "2014-09-30": "14.53%", "2014-06-30": "14.14%", "2014-03-31": "13.25%", "2013-12-31": "12.10%", "2013-09-30": "12.06%", "2013-06-30": "10.10%", "2013-03-31": "9.81%", "2012-12-31": "10.43%", "2012-09-30": "9.47%", "2012-06-30": "9.67%", "2012-03-31": "10.40%", "2011-12-31": "10.07%", "2011-09-30": "10.32%", "2011-06-30": "10.24%", "2011-03-31": "8.65%", "2010-12-31": "8.54%", "2010-09-30": "8.29%", "2010-06-30": "9.24%", "2010-03-31": "9.77%", "2009-12-31": "8.43%", "2009-09-30": "5.74%", "2009-06-30": "4.06%", "2009-03-31": "4.00%", "2008-12-31": "4.65%", "2008-09-30": "5.10%", "2008-06-30": "7.06%", "2008-03-31": "8.80%", "2007-12-31": "9.84%", "2007-09-30": "12.93%", "2007-06-30": "13.41%", "2007-03-31": "12.76%", "2006-12-31": "13.49%", "2006-09-30": "13.01%", "2006-06-30": "12.86%", "2006-03-31": "13.07%", "2005-12-31": "12.41%"}, "net profit margin": {"2020-12-31": "9.47%", "2020-09-30": "8.15%", "2020-06-30": "7.82%", "2020-03-31": "7.36%", "2019-12-31": "8.59%", "2019-09-30": "8.34%", "2019-06-30": "9.53%", "2019-03-31": "10.46%", "2018-12-31": "10.87%", "2018-09-30": "15.70%", "2018-06-30": "17.92%", "2018-03-31": "16.94%", "2017-12-31": "16.40%", "2017-09-30": "12.44%", "2017-06-30": "10.23%", "2017-03-31": "10.45%", "2016-12-31": "10.62%", "2016-09-30": "10.71%", "2016-06-30": "10.27%", "2016-03-31": "9.42%", "2015-12-31": "10.11%", "2015-09-30": "10.16%", "2015-06-30": "10.22%", "2015-03-31": "11.46%", "2014-12-31": "10.41%", "2014-09-30": "10.28%", "2014-06-30": "10.69%", "2014-03-31": "10.26%", "2013-12-31": "9.46%", "2013-09-30": "9.66%", "2013-06-30": "8.55%", "2013-03-31": "8.05%", "2012-12-31": "8.40%", "2012-09-30": "7.72%", "2012-06-30": "6.91%", "2012-03-31": "7.34%", "2011-12-31": "6.98%", "2011-09-30": "7.03%", "2011-06-30": "7.64%", "2011-03-31": "6.78%", "2010-12-31": "6.85%", "2010-09-30": "6.75%", "2010-06-30": "7.24%", "2010-03-31": "7.49%", "2009-12-31": "6.67%", "2009-09-30": "4.95%", "2009-06-30": "3.78%", "2009-03-31": "3.77%", "2008-12-31": "4.27%", "2008-09-30": "4.56%", "2008-06-30": "5.75%", "2008-03-31": "6.92%", "2007-12-31": "7.58%", "2007-09-30": "9.88%", "2007-06-30": "10.43%", "2007-03-31": "9.90%", "2006-12-31": "10.45%", "2006-09-30": "10.16%", "2006-06-30": "9.98%", "2006-03-31": "10.56%", "2005-12-31": "9.98%"}, "pe ratio": {"current": "11.01", "2021-02-11": "16.18", "2020-12-31": "14.85", "2020-09-30": "9.03", "2020-06-30": "8.93", "2020-03-31": "6.76", "2019-12-31": "10.55", "2019-09-30": "11.41", "2019-06-30": "10.13", "2019-03-31": "8.35", "2018-12-31": "7.50", "2018-09-30": "7.13", "2018-06-30": "5.51", "2018-03-31": "6.69", "2017-12-31": "7.85", "2017-09-30": "9.18", "2017-06-30": "12.59", "2017-03-31": "12.20", "2016-12-31": "10.96", "2016-09-30": "10.20", "2016-06-30": "8.17", "2016-03-31": "8.35", "2015-12-31": "9.10", "2015-09-30": "9.39", "2015-06-30": "10.72", "2015-03-31": "10.08", "2014-12-31": "11.34", "2014-09-30": "11.80", "2014-06-30": "11.12", "2014-03-31": "10.92", "2013-12-31": "12.98", "2013-09-30": "11.36", "2013-06-30": "10.68", "2013-03-31": "10.30", "2012-12-31": "8.40", "2012-09-30": "8.54", "2012-06-30": "9.92", "2012-03-31": "9.97", "2011-12-31": "8.49", "2011-09-30": "7.33", "2011-06-30": "8.88", "2011-03-31": "11.09", "2010-12-31": "11.30", "2010-09-30": "9.66", "2010-06-30": "8.17", "2010-03-31": "9.70", "2009-12-31": "8.64", "2009-09-30": "12.70", "2009-06-30": "10.25", "2009-03-31": "4.07", "2008-12-31": "9.57", "2008-09-30": "16.37", "2008-06-30": "12.24", "2008-03-31": "13.45", "2007-12-31": "15.10", "2007-09-30": "10.54", "2007-06-30": "9.61", "2007-03-31": "10.84", "2006-12-31": "10.46"}, "price sales": {"2021-02-11": "1.01", "2020-12-31": "0.93", "2020-09-30": "0.74", "2020-06-30": "0.70", "2020-03-31": "0.50", "2019-12-31": "0.91", "2019-09-30": "0.95", "2019-06-30": "0.97", "2019-03-31": "0.88", "2018-12-31": "0.82", "2018-09-30": "1.12", "2018-06-30": "0.99", "2018-03-31": "1.13", "2017-12-31": "1.29", "2017-09-30": "1.14", "2017-06-30": "1.29", "2017-03-31": "1.28", "2016-12-31": "1.16", "2016-09-30": "1.10", "2016-06-30": "0.84", "2016-03-31": "0.79", "2015-12-31": "0.92", "2015-09-30": "0.96", "2015-06-30": "1.10", "2015-03-31": "1.16", "2014-12-31": "1.18", "2014-09-30": "1.21", "2014-06-30": "1.19", "2014-03-31": "1.12", "2013-12-31": "1.23", "2013-09-30": "1.11", "2013-06-30": "0.92", "2013-03-31": "0.84", "2012-12-31": "0.71", "2012-09-30": "0.69", "2012-06-30": "0.73", "2012-03-31": "0.81", "2011-12-31": "0.67", "2011-09-30": "0.58", "2011-06-30": "0.77", "2011-03-31": "0.81", "2010-12-31": "0.82", "2010-09-30": "0.64", "2010-06-30": "0.58", "2010-03-31": "0.71", "2009-12-31": "0.56", "2009-09-30": "0.60", "2009-06-30": "0.38", "2009-03-31": "0.15", "2008-12-31": "0.41", "2008-09-30": "0.75", "2008-06-30": "0.71", "2008-03-31": "0.93", "2007-12-31": "1.14", "2007-09-30": "1.04", "2007-06-30": "1.00", "2007-03-31": "1.07", "2006-12-31": "1.09"}, "price book": {"current": "0.90", "2021-02-11": "0.94", "2020-09-30": "0.70", "2020-06-30": "0.73", "2020-03-31": "0.64", "2019-12-31": "0.98", "2019-09-30": "1.00", "2019-06-30": "1.06", "2019-03-31": "1.01", "2018-12-31": "0.98", "2018-09-30": "1.27", "2018-06-30": "1.15", "2018-03-31": "1.26", "2017-12-31": "1.38", "2017-09-30": "1.34", "2017-06-30": "1.42", "2017-03-31": "1.46", "2016-12-31": "1.38", "2016-09-30": "1.15", "2016-06-30": "0.94", "2016-03-31": "0.94", "2015-12-31": "1.15", "2015-09-30": "1.17", "2015-06-30": "1.26", "2015-03-31": "1.16", "2014-12-31": "1.19", "2014-09-30": "1.18", "2014-06-30": "1.12", "2014-03-31": "1.06", "2013-12-31": "1.16", "2013-09-30": "1.04", "2013-06-30": "0.90", "2013-03-31": "0.78", "2012-12-31": "0.66", "2012-09-30": "0.61", "2012-06-30": "0.62", "2012-03-31": "0.68", "2011-12-31": "0.58", "2011-09-30": "0.48", "2011-06-30": "0.64", "2011-03-31": "0.71", "2010-12-31": "0.76", "2010-09-30": "0.58", "2010-06-30": "0.58", "2010-03-31": "0.76", "2009-12-31": "0.67", "2009-09-30": "0.79", "2009-06-30": "0.72", "2009-03-31": "0.54", "2008-12-31": "1.57", "2008-09-30": "1.35", "2008-06-30": "1.11", "2008-03-31": "1.42", "2007-12-31": "1.62", "2007-09-30": "1.40", "2007-06-30": "1.29", "2007-03-31": "1.31", "2006-12-31": "1.33", "2006-09-30": "1.25", "2006-06-30": "1.43", "2006-03-31": "1.17"}, "price fcf": {"2021-02-11": "", "2020-09-30": "$14.50", "2020-06-30": "$17.04", "2020-03-31": "$20.66", "2019-12-31": "$19.08", "2019-09-30": "$20.40", "2019-06-30": "$21.31", "2019-03-31": "$19.16", "2018-12-31": "$17.54", "2018-09-30": "$14.45", "2018-06-30": "$13.35", "2018-03-31": "$14.55", "2017-12-31": "$13.73", "2017-09-30": "$14.91", "2017-06-30": "$11.54", "2017-03-31": "$11.40", "2016-12-31": "$12.65", "2016-09-30": "$13.09", "2016-06-30": "$14.37", "2016-03-31": "$15.12", "2015-12-31": "$14.23", "2015-09-30": "$13.77", "2015-06-30": "$12.50", "2015-03-31": "$10.13", "2014-12-31": "$9.93", "2014-09-30": "$9.62", "2014-06-30": "$8.96", "2014-03-31": "$7.03", "2013-12-31": "$7.25", "2013-09-30": "$6.87", "2013-06-30": "$7.83", "2013-03-31": "$9.25", "2012-12-31": "$10.13", "2012-09-30": "$10.34", "2012-06-30": "$7.79", "2012-03-31": "$7.60", "2011-12-31": "$8.36", "2011-09-30": "$8.53", "2011-06-30": "$9.47", "2011-03-31": "$10.23", "2010-12-31": "$8.58", "2010-09-30": "$7.83", "2010-06-30": "$7.19", "2010-03-31": "$5.84", "2009-12-31": "$7.42", "2009-09-30": "$6.80", "2009-06-30": "$9.00", "2009-03-31": "$8.00", "2008-12-31": "$8.12", "2008-09-30": "$6.36", "2008-06-30": "$7.66", "2008-03-31": "$9.92", "2007-12-31": "$10.67", "2007-09-30": "$11.81", "2007-06-30": "$10.61", "2007-03-31": "$10.71", "2006-12-31": "$8.08"}, "net worth": {"value": "$14.95B"}, "current ratio": {"2020-12-31": "0.05", "2020-09-30": "0.06", "2020-06-30": "0.06", "2020-03-31": "0.06", "2019-12-31": "0.05", "2019-09-30": "0.06", "2019-06-30": "0.06", "2019-03-31": "0.05", "2018-12-31": "0.06", "2018-09-30": "0.06", "2018-06-30": "0.05", "2018-03-31": "0.06", "2017-12-31": "0.06", "2017-09-30": "0.06", "2017-06-30": "0.05", "2017-03-31": "0.04", "2016-12-31": "0.06", "2016-09-30": "0.05", "2016-06-30": "0.06", "2016-03-31": "0.05", "2015-12-31": "0.06", "2015-09-30": "0.06", "2015-06-30": "0.06", "2015-03-31": "0.05", "2014-12-31": "0.05", "2014-09-30": "0.04", "2014-06-30": "0.05", "2014-03-31": "0.04", "2013-12-31": "0.06", "2013-09-30": "0.05", "2013-06-30": "0.04", "2013-03-31": "0.05", "2012-12-31": "0.09", "2012-09-30": "0.06", "2012-06-30": "0.05", "2012-03-31": "0.05", "2011-12-31": "0.07", "2011-09-30": "0.05", "2011-06-30": "0.06", "2011-03-31": "0.06", "2010-12-31": "0.05", "2010-09-30": "0.06", "2010-06-30": "0.05", "2010-03-31": "0.05", "2009-12-31": "0.06", "2009-09-30": "0.07", "2009-06-30": "0.09", "2009-03-31": "0.06", "2008-12-31": "0.06", "2008-09-30": "0.06", "2008-06-30": "0.04", "2008-03-31": "0.03", "2007-12-31": "0.04", "2007-09-30": "0.06", "2007-06-30": "0.05", "2007-03-31": "0.04", "2006-12-31": "0.05", "2006-09-30": "0.04", "2006-06-30": "0.03", "2006-03-31": "0.04", "2005-12-31": "0.04", "2005-09-30": "0.04", "2005-06-30": "0.04", "2005-03-31": "0.02"}, "quick ratio": {"2020-12-31": "0.00", "2020-09-30": "0.00", "2020-06-30": "0.00", "2020-03-31": "0.00", "2019-12-31": "0.00", "2019-09-30": "0.00", "2019-06-30": "0.00", "2019-03-31": "0.00", "2018-12-31": "0.00", "2018-09-30": "0.00", "2018-06-30": "0.00", "2018-03-31": "0.00", "2017-12-31": "0.00", "2017-09-30": "0.00", "2017-06-30": "0.00", "2017-03-31": "0.00", "2016-12-31": "0.00", "2016-09-30": "0.00", "2016-06-30": "0.00", "2016-03-31": "0.00", "2015-12-31": "0.00", "2015-09-30": "0.00", "2015-06-30": "0.00", "2015-03-31": "0.00", "2014-12-31": "0.00", "2014-09-30": "0.00", "2014-06-30": "0.00", "2014-03-31": "0.00", "2013-12-31": "0.00", "2013-09-30": "0.00", "2013-06-30": "0.00", "2013-03-31": "0.00", "2012-12-31": "0.00", "2012-09-30": "0.00", "2012-06-30": "0.00", "2012-03-31": "0.00", "2011-12-31": "0.00", "2011-09-30": "0.00", "2011-06-30": "0.00", "2011-03-31": "0.00", "2010-12-31": "0.00", "2010-09-30": "0.00", "2010-06-30": "0.00", "2010-03-31": "0.00", "2009-12-31": "0.00", "2009-09-30": "0.00", "2009-06-30": "0.00", "2009-03-31": "0.00", "2008-12-31": "0.00", "2008-09-30": "0.00", "2008-06-30": "0.00", "2008-03-31": "0.00", "2007-12-31": "0.00", "2007-09-30": "0.00", "2007-06-30": "0.00", "2007-03-31": "0.00", "2006-12-31": "0.00", "2006-09-30": "0.00", "2006-06-30": "0.00", "2006-03-31": "0.00", "2005-12-31": "0.00", "2005-09-30": "0.00", "2005-06-30": "0.00", "2005-03-31": "0.00"}, "debt equity ratio": {"current": "0.26", "2020-12-31": "16.85", "2020-09-30": "16.71", "2020-06-30": "16.72", "2020-03-31": "18.03", "2019-12-31": "17.80", "2019-09-30": "17.17", "2019-06-30": "18.00", "2019-03-31": "19.33", "2018-12-31": "20.22", "2018-09-30": "20.99", "2018-06-30": "20.54", "2018-03-31": "19.70", "2017-12-31": "18.65", "2017-09-30": "19.55", "2017-06-30": "20.37", "2017-03-31": "21.04", "2016-12-31": "21.15", "2016-09-30": "20.21", "2016-06-30": "20.11", "2016-03-31": "20.52", "2015-12-31": "22.32", "2015-09-30": "21.24", "2015-06-30": "21.77", "2015-03-31": "20.21", "2014-12-31": "20.41", "2014-09-30": "19.87", "2014-06-30": "19.87", "2014-03-31": "20.00", "2013-12-31": "20.29", "2013-09-30": "20.52", "2013-06-30": "19.89", "2013-03-31": "19.43", "2012-12-31": "15.68", "2012-09-30": "15.17", "2012-06-30": "15.12", "2012-03-31": "14.77", "2011-12-31": "14.72", "2011-09-30": "12.93", "2011-06-30": "12.99", "2011-03-31": "13.23", "2010-12-31": "13.73", "2010-09-30": "13.30", "2010-06-30": "14.06", "2010-03-31": "15.21", "2009-12-31": "16.19", "2009-09-30": "17.06", "2009-06-30": "21.63", "2009-03-31": "44.49", "2008-12-31": "48.89", "2008-09-30": "24.55", "2008-06-30": "21.89", "2008-03-31": "21.22", "2007-12-31": "19.82", "2007-09-30": "18.78", "2007-06-30": "17.88", "2007-03-31": "17.09", "2006-12-31": "17.28", "2006-09-30": "16.71", "2006-06-30": "18.20", "2006-03-31": "16.37", "2005-12-31": "15.27", "2005-09-30": "14.53", "2005-06-30": "13.93", "2005-03-31": "14.46"}, "return on equity": {"2020-12-31": "9.21%", "2020-09-30": "8.34%", "2020-06-30": "8.75%", "2020-03-31": "8.85%", "2019-12-31": "9.88%", "2019-09-30": "10.00%", "2019-06-30": "12.05%", "2019-03-31": "13.25%", "2018-12-31": "13.11%", "2018-09-30": "17.69%", "2018-06-30": "20.48%", "2018-03-31": "19.46%", "2017-12-31": "19.70%", "2017-09-30": "16.14%", "2017-06-30": "11.93%", "2017-03-31": "12.23%", "2016-12-31": "12.58%", "2016-09-30": "12.24%", "2016-06-30": "12.52%", "2016-03-31": "11.95%", "2015-12-31": "12.30%", "2015-09-30": "12.21%", "2015-06-30": "11.32%", "2015-03-31": "11.75%", "2014-12-31": "10.61%", "2014-09-30": "10.36%", "2014-06-30": "10.78%", "2014-03-31": "10.20%", "2013-12-31": "9.16%", "2013-09-30": "8.99%", "2013-06-30": "8.27%", "2013-03-31": "7.71%", "2012-12-31": "7.99%", "2012-09-30": "7.22%", "2012-06-30": "5.95%", "2012-03-31": "6.26%", "2011-12-31": "5.95%", "2011-09-30": "6.15%", "2011-06-30": "6.88%", "2011-03-31": "6.31%", "2010-12-31": "6.69%", "2010-09-30": "6.80%", "2010-06-30": "7.81%", "2010-03-31": "8.88%", "2009-12-31": "9.79%", "2009-09-30": "9.43%", "2009-06-30": "8.28%", "2009-03-31": "8.29%", "2008-12-31": "7.84%", "2008-09-30": "7.03%", "2008-06-30": "8.46%", "2008-03-31": "9.88%", "2007-12-31": "10.54%", "2007-09-30": "13.54%", "2007-06-30": "13.85%", "2007-03-31": "13.15%", "2006-12-31": "13.76%", "2006-09-30": "13.29%", "2006-06-30": "12.70%", "2006-03-31": "12.65%", "2005-12-31": "11.71%"}, "return on assets": {"2020-12-31": "0.51%", "2020-09-30": "0.46%", "2020-06-30": "0.48%", "2020-03-31": "0.47%", "2019-12-31": "0.52%", "2019-09-30": "0.51%", "2019-06-30": "0.59%", "2019-03-31": "0.62%", "2018-12-31": "0.61%", "2018-09-30": "0.85%", "2018-06-30": "0.99%", "2018-03-31": "0.95%", "2017-12-31": "0.95%", "2017-09-30": "0.75%", "2017-06-30": "0.55%", "2017-03-31": "0.57%", "2016-12-31": "0.59%", "2016-09-30": "0.56%", "2016-06-30": "0.57%", "2016-03-31": "0.53%", "2015-12-31": "0.55%", "2015-09-30": "0.56%", "2015-06-30": "0.53%", "2015-03-31": "0.56%", "2014-12-31": "0.50%", "2014-09-30": "0.49%", "2014-06-30": "0.51%", "2014-03-31": "0.48%", "2013-12-31": "0.44%", "2013-09-30": "0.45%", "2013-06-30": "0.45%", "2013-03-31": "0.44%", "2012-12-31": "0.49%", "2012-09-30": "0.45%", "2012-06-30": "0.39%", "2012-03-31": "0.42%", "2011-12-31": "0.41%", "2011-09-30": "0.43%", "2011-06-30": "0.48%", "2011-03-31": "0.43%", "2010-12-31": "0.44%", "2010-09-30": "0.44%", "2010-06-30": "0.47%", "2010-03-31": "0.49%", "2009-12-31": "0.45%", "2009-09-30": "0.34%", "2009-06-30": "0.26%", "2009-03-31": "0.27%", "2008-12-31": "0.29%", "2008-09-30": "0.31%", "2008-06-30": "0.40%", "2008-03-31": "0.49%", "2007-12-31": "0.54%", "2007-09-30": "0.72%", "2007-06-30": "0.76%", "2007-03-31": "0.72%", "2006-12-31": "0.76%", "2006-09-30": "0.76%", "2006-06-30": "0.75%", "2006-03-31": "0.79%", "2005-12-31": "0.75%"}, "return on investments": {"2020-12-31": "8.80%", "2020-09-30": "7.90%", "2020-06-30": "8.44%", "2020-03-31": "8.36%", "2019-12-31": "9.54%", "2019-09-30": "9.31%", "2019-06-30": "11.24%", "2019-03-31": "12.21%", "2018-12-31": "11.87%", "2018-09-30": "12.07%", "2018-06-30": "15.85%", "2018-03-31": "15.02%", "2017-12-31": "15.14%", "2017-09-30": "16.32%", "2017-06-30": "10.99%", "2017-03-31": "11.35%", "2016-12-31": "11.62%", "2016-09-30": "11.26%", "2016-06-30": "11.49%", "2016-03-31": "10.85%", "2015-12-31": "11.06%", "2015-09-30": "11.10%", "2015-06-30": "11.31%", "2015-03-31": "12.21%", "2014-12-31": "11.67%", "2014-09-30": "11.71%", "2014-06-30": "11.33%", "2014-03-31": "10.40%", "2013-12-31": "9.18%", "2013-09-30": "8.79%", "2013-06-30": "7.73%", "2013-03-31": "7.59%", "2012-12-31": "8.22%", "2012-09-30": "7.51%", "2012-06-30": "7.17%", "2012-03-31": "7.67%", "2011-12-31": "7.42%", "2011-09-30": "7.83%", "2011-06-30": "7.98%", "2011-03-31": "6.93%", "2010-12-31": "7.15%", "2010-09-30": "7.09%", "2010-06-30": "8.37%", "2010-03-31": "9.45%", "2009-12-31": "9.74%", "2009-09-30": "8.22%", "2009-06-30": "6.53%", "2009-03-31": "6.74%", "2008-12-31": "6.82%", "2008-09-30": "6.50%", "2008-06-30": "8.66%", "2008-03-31": "10.52%", "2007-12-31": "11.48%", "2007-09-30": "14.87%", "2007-06-30": "15.19%", "2007-03-31": "14.64%", "2006-12-31": "15.59%", "2006-09-30": "15.21%", "2006-06-30": "14.66%", "2006-03-31": "14.09%", "2005-12-31": "13.12%"}, "return on tangible equity": {"2020-09-30": "10.84%", "2020-06-30": "11.45%", "2020-03-31": "11.41%", "2019-12-31": "12.50%", "2019-09-30": "12.53%", "2019-06-30": "14.96%", "2019-03-31": "16.67%", "2018-12-31": "16.57%", "2018-09-30": "22.16%", "2018-06-30": "25.54%", "2018-03-31": "24.26%", "2017-12-31": "24.68%", "2017-09-30": "20.50%", "2017-06-30": "15.27%", "2017-03-31": "15.75%", "2016-12-31": "16.30%", "2016-09-30": "15.97%", "2016-06-30": "16.50%", "2016-03-31": "15.76%", "2015-12-31": "16.10%", "2015-09-30": "15.86%", "2015-06-30": "14.63%", "2015-03-31": "15.24%", "2014-12-31": "13.90%", "2014-09-30": "13.72%", "2014-06-30": "14.50%", "2014-03-31": "13.93%", "2013-12-31": "12.67%", "2013-09-30": "11.96%", "2013-06-30": "10.55%", "2013-03-31": "9.46%", "2012-12-31": "9.40%", "2012-09-30": "8.48%", "2012-06-30": "6.94%", "2012-03-31": "7.19%", "2011-12-31": "6.78%", "2011-09-30": "6.97%", "2011-06-30": "7.77%", "2011-03-31": "7.18%", "2010-12-31": "7.67%", "2010-09-30": "7.88%", "2010-06-30": "9.17%", "2010-03-31": "10.64%", "2009-12-31": "12.36%", "2009-09-30": "12.95%", "2009-06-30": "12.02%", "2009-03-31": "11.89%", "2008-12-31": "10.45%", "2008-09-30": "8.88%", "2008-06-30": "10.47%", "2008-03-31": "12.07%", "2007-12-31": "12.73%", "2007-09-30": "16.28%", "2007-06-30": "16.16%", "2007-03-31": "14.97%", "2006-12-31": "15.22%", "2006-09-30": "14.25%", "2006-06-30": "13.59%", "2006-03-31": "13.50%", "2005-12-31": "12.50%"}, "dividend yield history": {"last payout": "$2.24", "last yield": "4.12%"}}