{"ticker": "PCG", "price": {"title": "Pacific Gas & Electric Historical Annual Stock Price Data", "value": 11.86, "historical": {"2021": {"Average Stock Price": "11.8875", "Year Open": "12.2100", "Year High": "12.3800", "Year Low": "10.7900", "Year Close": "11.8600", "Annual % Change": "-4.82%"}, "2020": {"Average Stock Price": "11.1734", "Year Open": "10.8500", "Year High": "18.0300", "Year Low": "7.2200", "Year Close": "12.4600", "Annual % Change": "14.63%"}, "2019": {"Average Stock Price": "14.9673", "Year Open": "23.8000", "Year High": "24.4000", "Year Low": "3.8000", "Year Close": "10.8700", "Annual % Change": "-54.23%"}, "2018": {"Average Stock Price": "41.5240", "Year Open": "44.4900", "Year High": "48.9600", "Year Low": "17.7400", "Year Close": "23.7500", "Annual % Change": "-47.02%"}, "2017": {"Average Stock Price": "63.9120", "Year Open": "60.3700", "Year High": "71.5600", "Year Low": "44.4500", "Year Close": "44.8300", "Annual % Change": "-26.23%"}, "2016": {"Average Stock Price": "59.8014", "Year Open": "52.9400", "Year High": "65.3900", "Year Low": "51.2900", "Year Close": "60.7700", "Annual % Change": "14.25%"}, "2015": {"Average Stock Price": "52.8377", "Year Open": "53.3400", "Year High": "60.1500", "Year Low": "47.6000", "Year Close": "53.1900", "Annual % Change": "-0.09%"}, "2014": {"Average Stock Price": "45.8575", "Year Open": "39.6600", "Year High": "54.9800", "Year Low": "39.6000", "Year Close": "53.2400", "Annual % Change": "32.17%"}, "2013": {"Average Stock Price": "43.2559", "Year Open": "40.8450", "Year High": "48.4400", "Year Low": "40.0700", "Year Close": "40.2800", "Annual % Change": "0.25%"}, "2012": {"Average Stock Price": "42.9161", "Year Open": "40.8200", "Year High": "46.5100", "Year Low": "39.7100", "Year Close": "40.1800", "Annual % Change": "-2.52%"}, "2011": {"Average Stock Price": "42.9681", "Year Open": "47.3900", "Year High": "47.6000", "Year Low": "36.8600", "Year Close": "41.2200", "Annual % Change": "-13.84%"}, "2010": {"Average Stock Price": "44.5116", "Year Open": "44.5000", "Year High": "48.5800", "Year Low": "40.0000", "Year Close": "47.8400", "Annual % Change": "7.14%"}, "2009": {"Average Stock Price": "39.4197", "Year Open": "38.8100", "Year High": "45.6000", "Year Low": "34.8200", "Year Close": "44.6500", "Annual % Change": "15.34%"}, "2008": {"Average Stock Price": "38.7796", "Year Open": "43.2500", "Year High": "44.9500", "Year Low": "29.7000", "Year Close": "38.7100", "Annual % Change": "-10.16%"}, "2007": {"Average Stock Price": "46.9232", "Year Open": "47.2700", "Year High": "52.1100", "Year Low": "42.8100", "Year Close": "43.0900", "Annual % Change": "-8.96%"}, "2006": {"Average Stock Price": "40.8667", "Year Open": "37.4700", "Year High": "47.9800", "Year Low": "36.3500", "Year Close": "47.3300", "Annual % Change": "27.51%"}, "2005": {"Average Stock Price": "36.1714", "Year Open": "33.0200", "Year High": "39.9000", "Year Low": "31.9200", "Year Close": "37.1200", "Annual % Change": "11.54%"}, "2004": {"Average Stock Price": "29.2414", "Year Open": "27.2300", "Year High": "34.1500", "Year Low": "26.2300", "Year Close": "33.2800", "Annual % Change": "19.84%"}, "2003": {"Average Stock Price": "19.4110", "Year Open": "14.6100", "Year High": "27.9300", "Year Low": "12.0000", "Year Close": "27.7700", "Annual % Change": "99.78%"}, "2002": {"Average Stock Price": "16.7238", "Year Open": "19.4500", "Year High": "23.6800", "Year Low": "8.1900", "Year Close": "13.9000", "Annual % Change": "-27.75%"}, "2001": {"Average Stock Price": "14.3571", "Year Open": "19.5600", "Year High": "19.9500", "Year Low": "6.9000", "Year Close": "19.2400", "Annual % Change": "-3.80%"}, "2000": {"Average Stock Price": "24.9807", "Year Open": "19.8100", "Year High": "31.6400", "Year Low": "18.2500", "Year Close": "20.0000", "Annual % Change": "-2.44%"}, "1999": {"Average Stock Price": "29.2667", "Year Open": "30.9400", "Year High": "33.9400", "Year Low": "20.4400", "Year Close": "20.5000", "Annual % Change": "-34.92%"}, "1998": {"Average Stock Price": "31.5259", "Year Open": "30.5000", "Year High": "35.0000", "Year Low": "26.8200", "Year Close": "31.5000", "Annual % Change": "3.93%"}, "1997": {"Average Stock Price": "24.2008", "Year Open": "21.1300", "Year High": "30.5600", "Year Low": "21.1300", "Year Close": "30.3100", "Annual % Change": "44.33%"}, "1996": {"Average Stock Price": "23.4527", "Year Open": "28.2500", "Year High": "28.2500", "Year Low": "19.6200", "Year Close": "21.0000", "Annual % Change": "-26.00%"}, "1995": {"Average Stock Price": "27.6349", "Year Open": "24.5000", "Year High": "30.5000", "Year Low": "24.3800", "Year Close": "28.3800", "Annual % Change": "15.84%"}, "1994": {"Average Stock Price": "26.0932", "Year Open": "34.2500", "Year High": "34.2500", "Year Low": "21.6300", "Year Close": "24.5000", "Annual % Change": "-30.26%"}, "1993": {"Average Stock Price": "34.3820", "Year Open": "33.1300", "Year High": "36.3800", "Year Low": "31.8800", "Year Close": "35.1300", "Annual % Change": "6.04%"}, "1992": {"Average Stock Price": "31.7045", "Year Open": "32.1300", "Year High": "34.3800", "Year Low": "29.1300", "Year Close": "33.1300", "Annual % Change": "1.94%"}, "1991": {"Average Stock Price": "27.0550", "Year Open": "24.7500", "Year High": "32.5000", "Year Low": "24.2500", "Year Close": "32.5000", "Annual % Change": "30.00%"}, "1990": {"Average Stock Price": "22.4233", "Year Open": "21.7500", "Year High": "25.5000", "Year Low": "20.3800", "Year Close": "25.0000", "Annual % Change": "13.64%"}, "1989": {"Average Stock Price": "19.5715", "Year Open": "17.3800", "Year High": "22.0000", "Year Low": "17.3800", "Year Close": "22.0000", "Annual % Change": "25.71%"}, "1988": {"Average Stock Price": "16.5744", "Year Open": "16.7500", "Year High": "18.3800", "Year Low": "14.1200", "Year Close": "17.5000", "Annual % Change": "7.69%"}, "1987": {"Average Stock Price": "20.9633", "Year Open": "24.7500", "Year High": "27.3800", "Year Low": "15.3800", "Year Close": "16.2500", "Annual % Change": "-32.99%"}, "1986": {"Average Stock Price": "23.2494", "Year Open": "19.6200", "Year High": "27.5000", "Year Low": "19.2500", "Year Close": "24.2500", "Annual % Change": "21.25%"}, "1985": {"Average Stock Price": "18.3249", "Year Open": "16.3800", "Year High": "20.2500", "Year Low": "16.1200", "Year Close": "20.0000", "Annual % Change": "22.10%"}, "1984": {"Average Stock Price": "14.3847", "Year Open": "14.7500", "Year High": "17.0000", "Year Low": "12.6200", "Year Close": "16.3800", "Annual % Change": "10.08%"}, "1983": {"Average Stock Price": "15.4788", "Year Open": "14.1250", "Year High": "16.6200", "Year Low": "14.1250", "Year Close": "14.8800", "Annual % Change": "5.83%"}, "1982": {"Average Stock Price": "12.2025", "Year Open": "10.5000", "Year High": "14.1250", "Year Low": "10.1900", "Year Close": "14.0600", "Annual % Change": "33.90%"}, "1981": {"Average Stock Price": "10.7355", "Year Open": "10.4400", "Year High": "12.0000", "Year Low": "9.8750", "Year Close": "10.5000", "Annual % Change": "2.44%"}, "1980": {"Average Stock Price": "11.0969", "Year Open": "11.5000", "Year High": "12.3100", "Year Low": "9.7500", "Year Close": "10.2500", "Annual % Change": "-10.87%"}, "1979": {"Average Stock Price": "11.6185", "Year Open": "11.1900", "Year High": "12.5000", "Year Low": "10.8750", "Year Close": "11.5000", "Annual % Change": "3.37%"}, "1978": {"Average Stock Price": "11.8091", "Year Open": "12.0000", "Year High": "12.3750", "Year Low": "10.9400", "Year Close": "11.1250", "Annual % Change": "-7.29%"}, "1977": {"Average Stock Price": "11.9053", "Year Open": "11.5600", "Year High": "12.6900", "Year Low": "11.2500", "Year Close": "12.0000", "Annual % Change": "3.81%"}, "1976": {"Average Stock Price": "10.7479", "Year Open": "10.4400", "Year High": "11.9400", "Year Low": "10.0600", "Year Close": "11.5600", "Annual % Change": "11.42%"}, "1975": {"Average Stock Price": "10.3353", "Year Open": "10.6250", "Year High": "11.6900", "Year Low": "9.0600", "Year Close": "10.3750", "Annual % Change": "3.13%"}, "1974": {"Average Stock Price": "10.6573", "Year Open": "11.6250", "Year High": "12.4400", "Year Low": "8.5600", "Year Close": "10.0600", "Annual % Change": "-12.06%"}, "1973": {"Average Stock Price": "13.5384", "Year Open": "16.2500", "Year High": "16.2500", "Year Low": "10.7500", "Year Close": "11.4400", "Annual % Change": "-29.86%"}}}, "market cap": {"value": "$23.54B"}, "income statement": {"Revenue": {"2019-12-31": "17129.00000", "2018-12-31": "16759.00000", "2017-12-31": "17135.00000", "2016-12-31": "17666.00000", "2015-12-31": "16833.00000", "2014-12-31": "17090.00000", "2013-12-31": "15598.00000", "2012-12-31": "15040.00000", "2011-12-31": "14956.00000", "2010-12-31": "13841.00000", "2009-12-31": "13399.00000", "2008-12-31": "14628.00000", "2007-12-31": "13237.00000", "2006-12-31": "12539.00000", "2005-12-31": "11703.00000"}, "Cost Of Goods Sold": {"2019-12-31": "3829.00000", "2018-12-31": "4499.00000", "2017-12-31": "5055.00000", "2016-12-31": "5380.00000", "2015-12-31": "5762.00000", "2014-12-31": "6569.00000", "2013-12-31": "5984.00000", "2012-12-31": "5023.00000", "2011-12-31": "5333.00000", "2010-12-31": "5189.00000", "2009-12-31": "5002.00000", "2008-12-31": "6515.00000", "2007-12-31": "5472.00000", "2006-12-31": "5019.00000", "2005-12-31": "4601.00000"}, "Gross Profit": {"2019-12-31": "13300.00000", "2018-12-31": "12260.00000", "2017-12-31": "12080.00000", "2016-12-31": "12286.00000", "2015-12-31": "11071.00000", "2014-12-31": "10521.00000", "2013-12-31": "9614.00000", "2012-12-31": "10017.00000", "2011-12-31": "9623.00000", "2010-12-31": "8652.00000", "2009-12-31": "8397.00000", "2008-12-31": "8113.00000", "2007-12-31": "7765.00000", "2006-12-31": "7520.00000", "2005-12-31": "7102.00000"}, "Research And Development Expenses": {"2019-12-31": "", "2018-12-31": "", "2017-12-31": "", "2016-12-31": "", "2015-12-31": "", "2014-12-31": "", "2013-12-31": "", "2012-12-31": "", "2011-12-31": "", "2010-12-31": "", "2009-12-31": "", "2008-12-31": "", "2007-12-31": "", "2006-12-31": "", "2005-12-31": ""}, "SG&A Expenses": {"2019-12-31": "8725.00000", "2018-12-31": "7153.00000", "2017-12-31": "6321.00000", "2016-12-31": "7326.00000", "2015-12-31": "6951.00000", "2014-12-31": "5638.00000", "2013-12-31": "5775.00000", "2012-12-31": "6052.00000", "2011-12-31": "5466.00000", "2010-12-31": "4439.00000", "2009-12-31": "4346.00000", "2008-12-31": "4201.00000", "2007-12-31": "3881.00000", "2006-12-31": "3703.00000", "2005-12-31": "3397.00000"}, "Other Operating Income Or Expenses": {"2019-12-31": "-11435.00000", "2018-12-31": "-11771.00000", "2017-12-31": "0.00000", "2016-12-31": "-125.00000", "2015-12-31": "", "2014-12-31": "", "2013-12-31": "", "2012-12-31": "", "2011-12-31": "", "2010-12-31": "", "2009-12-31": "", "2008-12-31": "", "2007-12-31": "", "2006-12-31": "", "2005-12-31": ""}, "Operating Expenses": {"2019-12-31": "27223.00000", "2018-12-31": "26459.00000", "2017-12-31": "14230.00000", "2016-12-31": "15586.00000", "2015-12-31": "15325.00000", "2014-12-31": "14640.00000", "2013-12-31": "13836.00000", "2012-12-31": "13347.00000", "2011-12-31": "13014.00000", "2010-12-31": "11533.00000", "2009-12-31": "11100.00000", "2008-12-31": "12367.00000", "2007-12-31": "11123.00000", "2006-12-31": "10431.00000", "2005-12-31": "9733.00000"}, "Operating Income": {"2019-12-31": "-10094.00000", "2018-12-31": "-9700.00000", "2017-12-31": "2905.00000", "2016-12-31": "2080.00000", "2015-12-31": "1508.00000", "2014-12-31": "2450.00000", "2013-12-31": "1762.00000", "2012-12-31": "1693.00000", "2011-12-31": "1942.00000", "2010-12-31": "2308.00000", "2009-12-31": "2299.00000", "2008-12-31": "2261.00000", "2007-12-31": "2114.00000", "2006-12-31": "2108.00000", "2005-12-31": "1970.00000"}, "Total Non-Operating Income/Expense": {"2019-12-31": "-948.00000", "2018-12-31": "-429.00000", "2017-12-31": "-734.00000", "2016-12-31": "-618.00000", "2015-12-31": "-647.00000", "2014-12-31": "-655.00000", "2013-12-31": "-666.00000", "2012-12-31": "-626.00000", "2011-12-31": "-644.00000", "2010-12-31": "-648.00000", "2009-12-31": "-605.00000", "2008-12-31": "-638.00000", "2007-12-31": "-555.00000", "2006-12-31": "-563.00000", "2005-12-31": "-522.00000"}, "Pre-Tax Income": {"2019-12-31": "-11042.00000", "2018-12-31": "-10129.00000", "2017-12-31": "2171.00000", "2016-12-31": "1462.00000", "2015-12-31": "861.00000", "2014-12-31": "1795.00000", "2013-12-31": "1096.00000", "2012-12-31": "1067.00000", "2011-12-31": "1298.00000", "2010-12-31": "1660.00000", "2009-12-31": "1694.00000", "2008-12-31": "1623.00000", "2007-12-31": "1559.00000", "2006-12-31": "1545.00000", "2005-12-31": "1448.00000"}, "Income Taxes": {"2019-12-31": "-3400.00000", "2018-12-31": "-3292.00000", "2017-12-31": "511.00000", "2016-12-31": "55.00000", "2015-12-31": "-27.00000", "2014-12-31": "345.00000", "2013-12-31": "268.00000", "2012-12-31": "237.00000", "2011-12-31": "440.00000", "2010-12-31": "547.00000", "2009-12-31": "460.00000", "2008-12-31": "425.00000", "2007-12-31": "539.00000", "2006-12-31": "554.00000", "2005-12-31": "544.00000"}, "Income After Taxes": {"2019-12-31": "-7642.00000", "2018-12-31": "-6837.00000", "2017-12-31": "1660.00000", "2016-12-31": "1407.00000", "2015-12-31": "888.00000", "2014-12-31": "1450.00000", "2013-12-31": "828.00000", "2012-12-31": "830.00000", "2011-12-31": "858.00000", "2010-12-31": "1113.00000", "2009-12-31": "1234.00000", "2008-12-31": "1198.00000", "2007-12-31": "1020.00000", "2006-12-31": "991.00000", "2005-12-31": "904.00000"}, "Other Income": {"2019-12-31": "", "2018-12-31": "", "2017-12-31": "", "2016-12-31": "", "2015-12-31": "", "2014-12-31": "", "2013-12-31": "", "2012-12-31": "", "2011-12-31": "", "2010-12-31": "", "2009-12-31": "", "2008-12-31": "", "2007-12-31": "", "2006-12-31": "", "2005-12-31": ""}, "Income From Continuous Operations": {"2019-12-31": "-7642.00000", "2018-12-31": "-6837.00000", "2017-12-31": "1660.00000", "2016-12-31": "1407.00000", "2015-12-31": "888.00000", "2014-12-31": "1450.00000", "2013-12-31": "828.00000", "2012-12-31": "830.00000", "2011-12-31": "858.00000", "2010-12-31": "1113.00000", "2009-12-31": "1234.00000", "2008-12-31": "1198.00000", "2007-12-31": "1020.00000", "2006-12-31": "991.00000", "2005-12-31": "904.00000"}, "Income From Discontinued Operations": {"2019-12-31": "", "2018-12-31": "", "2017-12-31": "", "2016-12-31": "", "2015-12-31": "", "2014-12-31": "", "2013-12-31": "", "2012-12-31": "", "2011-12-31": "", "2010-12-31": "", "2009-12-31": "", "2008-12-31": "154.00000", "2007-12-31": "", "2006-12-31": "", "2005-12-31": "13.00000"}, "Net Income": {"2019-12-31": "-7656.00000", "2018-12-31": "-6851.00000", "2017-12-31": "1646.00000", "2016-12-31": "1393.00000", "2015-12-31": "874.00000", "2014-12-31": "1436.00000", "2013-12-31": "814.00000", "2012-12-31": "816.00000", "2011-12-31": "844.00000", "2010-12-31": "1099.00000", "2009-12-31": "1220.00000", "2008-12-31": "1338.00000", "2007-12-31": "1006.00000", "2006-12-31": "991.00000", "2005-12-31": "917.00000"}, "EBITDA": {"2019-12-31": "-6860.00000", "2018-12-31": "-6664.00000", "2017-12-31": "5759.00000", "2016-12-31": "4835.00000", "2015-12-31": "4120.00000", "2014-12-31": "4883.00000", "2013-12-31": "3839.00000", "2012-12-31": "3965.00000", "2011-12-31": "4157.00000", "2010-12-31": "4213.00000", "2009-12-31": "4051.00000", "2008-12-31": "4124.00000", "2007-12-31": "4073.00000", "2006-12-31": "3911.00000", "2005-12-31": "3668.00000"}, "EBIT": {"2019-12-31": "-10094.00000", "2018-12-31": "-9700.00000", "2017-12-31": "2905.00000", "2016-12-31": "2080.00000", "2015-12-31": "1508.00000", "2014-12-31": "2450.00000", "2013-12-31": "1762.00000", "2012-12-31": "1693.00000", "2011-12-31": "1942.00000", "2010-12-31": "2308.00000", "2009-12-31": "2299.00000", "2008-12-31": "2261.00000", "2007-12-31": "2114.00000", "2006-12-31": "2108.00000", "2005-12-31": "1970.00000"}, "Basic Shares Outstanding": {"2019-12-31": "528.00000", "2018-12-31": "517.00000", "2017-12-31": "512.00000", "2016-12-31": "499.00000", "2015-12-31": "484.00000", "2014-12-31": "468.00000", "2013-12-31": "444.00000", "2012-12-31": "424.00000", "2011-12-31": "401.00000", "2010-12-31": "382.00000", "2009-12-31": "368.00000", "2008-12-31": "357.00000", "2007-12-31": "351.00000", "2006-12-31": "346.00000", "2005-12-31": "372.00000"}, "Shares Outstanding": {"2019-12-31": "528.00000", "2018-12-31": "517.00000", "2017-12-31": "513.00000", "2016-12-31": "501.00000", "2015-12-31": "487.00000", "2014-12-31": "470.00000", "2013-12-31": "445.00000", "2012-12-31": "425.00000", "2011-12-31": "402.00000", "2010-12-31": "392.00000", "2009-12-31": "386.00000", "2008-12-31": "358.00000", "2007-12-31": "353.00000", "2006-12-31": "349.00000", "2005-12-31": "378.00000"}, "Basic EPS": {"2019-12-31": "-14.50000", "2018-12-31": "-13.25000", "2017-12-31": "3.21000", "2016-12-31": "2.79000", "2015-12-31": "1.81000", "2014-12-31": "3.07000", "2013-12-31": "1.83000", "2012-12-31": "1.92000", "2011-12-31": "2.10000", "2010-12-31": "2.86000", "2009-12-31": "3.25000", "2008-12-31": "3.64000", "2007-12-31": "2.79000", "2006-12-31": "2.78000", "2005-12-31": "2.40000"}, "EPS - Earnings Per Share": {"2019-12-31": "-14.50000", "2018-12-31": "-13.25000", "2017-12-31": "3.21000", "2016-12-31": "2.78000", "2015-12-31": "1.79000", "2014-12-31": "3.06000", "2013-12-31": "1.83000", "2012-12-31": "1.92000", "2011-12-31": "2.10000", "2010-12-31": "2.82000", "2009-12-31": "3.20000", "2008-12-31": "3.63000", "2007-12-31": "2.78000", "2006-12-31": "2.76000", "2005-12-31": "2.37000"}}, "income statement, quarterly": {"Revenue": {"2020-09-30": "4882.00000", "2020-06-30": "4533.00000", "2020-03-31": "4306.00000", "2019-12-31": "4743.00000", "2019-09-30": "4432.00000", "2019-06-30": "3943.00000", "2019-03-31": "4011.00000", "2018-12-31": "4088.00000", "2018-09-30": "4381.00000", "2018-06-30": "4234.00000", "2018-03-31": "4056.00000", "2017-12-31": "4100.00000", "2017-09-30": "4517.00000", "2017-06-30": "4250.00000", "2017-03-31": "4268.00000", "2016-12-31": "4713.00000", "2016-09-30": "4810.00000", "2016-06-30": "4169.00000", "2016-03-31": "3974.00000", "2015-12-31": "4167.00000", "2015-09-30": "4550.00000", "2015-06-30": "4217.00000", "2015-03-31": "3899.00000", "2014-12-31": "4308.00000", "2014-09-30": "4939.00000", "2014-06-30": "3952.00000", "2014-03-31": "3891.00000", "2013-12-31": "3975.00000", "2013-09-30": "4175.00000", "2013-06-30": "3776.00000", "2013-03-31": "3672.00000", "2012-12-31": "3830.00000", "2012-09-30": "3976.00000", "2012-06-30": "3593.00000", "2012-03-31": "3641.00000", "2011-12-31": "3815.00000", "2011-09-30": "3860.00000", "2011-06-30": "3684.00000", "2011-03-31": "3597.00000", "2010-12-31": "3621.00000", "2010-09-30": "3513.00000", "2010-06-30": "3232.00000", "2010-03-31": "3475.00000", "2009-12-31": "3539.00000", "2009-09-30": "3235.00000", "2009-06-30": "3194.00000", "2009-03-31": "3431.00000", "2008-12-31": "3643.00000", "2008-09-30": "3674.00000", "2008-06-30": "3578.00000", "2008-03-31": "3733.00000", "2007-12-31": "3415.00000", "2007-09-30": "3279.00000", "2007-06-30": "3187.00000", "2007-03-31": "3356.00000", "2006-12-31": "3206.00000", "2006-09-30": "3168.00000", "2006-06-30": "3017.00000", "2006-03-31": "3148.00000", "2005-12-31": "3732.00000", "2005-09-30": "2804.00000", "2005-06-30": "2498.00000", "2005-03-31": "2669.00000"}, "Cost Of Goods Sold": {"2020-09-30": "1204.00000", "2020-06-30": "893.00000", "2020-03-31": "829.00000", "2019-12-31": "808.00000", "2019-09-30": "1138.00000", "2019-06-30": "945.00000", "2019-03-31": "938.00000", "2018-12-31": "1024.00000", "2018-09-30": "1325.00000", "2018-06-30": "1042.00000", "2018-03-31": "1108.00000", "2017-12-31": "1095.00000", "2017-09-30": "1544.00000", "2017-06-30": "1244.00000", "2017-03-31": "1172.00000", "2016-12-31": "1284.00000", "2016-09-30": "1693.00000", "2016-06-30": "1231.00000", "2016-03-31": "1172.00000", "2015-12-31": "1362.00000", "2015-09-30": "1731.00000", "2015-06-30": "1395.00000", "2015-03-31": "1274.00000", "2014-12-31": "1534.00000", "2014-09-30": "1916.00000", "2014-06-30": "1549.00000", "2014-03-31": "1570.00000", "2013-12-31": "1511.00000", "2013-09-30": "1776.00000", "2013-06-30": "1368.00000", "2013-03-31": "1329.00000", "2012-12-31": "1326.00000", "2012-09-30": "1401.00000", "2012-06-30": "1094.00000", "2012-03-31": "1202.00000", "2011-12-31": "1379.00000", "2011-09-30": "1394.00000", "2011-06-30": "1164.00000", "2011-03-31": "1396.00000", "2010-12-31": "1380.00000", "2010-09-30": "1284.00000", "2010-06-30": "1110.00000", "2010-03-31": "1415.00000", "2009-12-31": "1360.00000", "2009-09-30": "1131.00000", "2009-06-30": "1071.00000", "2009-03-31": "1440.00000", "2008-12-31": "1496.00000", "2008-09-30": "1633.00000", "2008-06-30": "1584.00000", "2008-03-31": "1802.00000", "2007-12-31": "1436.00000", "2007-09-30": "1279.00000", "2007-06-30": "1280.00000", "2007-03-31": "1477.00000", "2006-12-31": "1285.00000", "2006-09-30": "1182.00000", "2006-06-30": "1149.00000", "2006-03-31": "1403.00000", "2005-12-31": "1683.00000", "2005-09-30": "1068.00000", "2005-06-30": "834.00000", "2005-03-31": "1016.00000"}, "Gross Profit": {"2020-09-30": "3678.00000", "2020-06-30": "3640.00000", "2020-03-31": "3477.00000", "2019-12-31": "3935.00000", "2019-09-30": "3294.00000", "2019-06-30": "2998.00000", "2019-03-31": "3073.00000", "2018-12-31": "3064.00000", "2018-09-30": "3056.00000", "2018-06-30": "3192.00000", "2018-03-31": "2948.00000", "2017-12-31": "3005.00000", "2017-09-30": "2973.00000", "2017-06-30": "3006.00000", "2017-03-31": "3096.00000", "2016-12-31": "3429.00000", "2016-09-30": "3117.00000", "2016-06-30": "2938.00000", "2016-03-31": "2802.00000", "2015-12-31": "2805.00000", "2015-09-30": "2819.00000", "2015-06-30": "2822.00000", "2015-03-31": "2625.00000", "2014-12-31": "2774.00000", "2014-09-30": "3023.00000", "2014-06-30": "2403.00000", "2014-03-31": "2321.00000", "2013-12-31": "2464.00000", "2013-09-30": "2399.00000", "2013-06-30": "2408.00000", "2013-03-31": "2343.00000", "2012-12-31": "2504.00000", "2012-09-30": "2575.00000", "2012-06-30": "2499.00000", "2012-03-31": "2439.00000", "2011-12-31": "2436.00000", "2011-09-30": "2466.00000", "2011-06-30": "2520.00000", "2011-03-31": "2201.00000", "2010-12-31": "2241.00000", "2010-09-30": "2229.00000", "2010-06-30": "2122.00000", "2010-03-31": "2060.00000", "2009-12-31": "2179.00000", "2009-09-30": "2104.00000", "2009-06-30": "2123.00000", "2009-03-31": "1991.00000", "2008-12-31": "2147.00000", "2008-09-30": "2041.00000", "2008-06-30": "1994.00000", "2008-03-31": "1931.00000", "2007-12-31": "1979.00000", "2007-09-30": "2000.00000", "2007-06-30": "1907.00000", "2007-03-31": "1879.00000", "2006-12-31": "1921.00000", "2006-09-30": "1986.00000", "2006-06-30": "1868.00000", "2006-03-31": "1745.00000", "2005-12-31": "2049.00000", "2005-09-30": "1736.00000", "2005-06-30": "1664.00000", "2005-03-31": "1653.00000"}, "Research And Development Expenses": {"2020-09-30": "", "2020-06-30": "", "2020-03-31": "", "2019-12-31": "", "2019-09-30": "", "2019-06-30": "", "2019-03-31": "", "2018-12-31": "", "2018-09-30": "", "2018-06-30": "", "2018-03-31": "", "2017-12-31": "", "2017-09-30": "", "2017-06-30": "", "2017-03-31": "", "2016-12-31": "", "2016-09-30": "", "2016-06-30": "", "2016-03-31": "", "2015-12-31": "", "2015-09-30": "", "2015-06-30": "", "2015-03-31": "", "2014-12-31": "", "2014-09-30": "", "2014-06-30": "", "2014-03-31": "", "2013-12-31": "", "2013-09-30": "", "2013-06-30": "", "2013-03-31": "", "2012-12-31": "", "2012-09-30": "", "2012-06-30": "", "2012-03-31": "", "2011-12-31": "", "2011-09-30": "", "2011-06-30": "", "2011-03-31": "", "2010-12-31": "", "2010-09-30": "", "2010-06-30": "", "2010-03-31": "", "2009-12-31": "", "2009-09-30": "", "2009-06-30": "", "2009-03-31": "", "2008-12-31": "", "2008-09-30": "", "2008-06-30": "", "2008-03-31": "", "2007-12-31": "", "2007-09-30": "", "2007-06-30": "", "2007-03-31": "", "2006-12-31": "", "2006-09-30": "", "2006-06-30": "", "2006-03-31": "", "2005-12-31": "", "2005-09-30": "", "2005-06-30": "", "2005-03-31": ""}, "SG&A Expenses": {"2020-09-30": "2290.00000", "2020-06-30": "2141.00000", "2020-03-31": "1967.00000", "2019-12-31": "2490.00000", "2019-09-30": "2206.00000", "2019-06-30": "1942.00000", "2019-03-31": "2087.00000", "2018-12-31": "2152.00000", "2018-09-30": "1611.00000", "2018-06-30": "1786.00000", "2018-03-31": "1604.00000", "2017-12-31": "1875.00000", "2017-09-30": "1324.00000", "2017-06-30": "1605.00000", "2017-03-31": "1517.00000", "2016-12-31": "1695.00000", "2016-09-30": "1783.00000", "2016-06-30": "1838.00000", "2016-03-31": "2010.00000", "2015-12-31": "1923.00000", "2015-09-30": "1621.00000", "2015-06-30": "1484.00000", "2015-03-31": "1923.00000", "2014-12-31": "1724.00000", "2014-09-30": "1287.00000", "2014-06-30": "1328.00000", "2014-03-31": "1299.00000", "2013-12-31": "1596.00000", "2013-09-30": "1585.00000", "2013-06-30": "1256.00000", "2013-03-31": "1338.00000", "2012-12-31": "1914.00000", "2012-09-30": "1344.00000", "2012-06-30": "1426.00000", "2012-03-31": "1368.00000", "2011-12-31": "1511.00000", "2011-09-30": "1492.00000", "2011-06-30": "1237.00000", "2011-03-31": "1226.00000", "2010-12-31": "1264.00000", "2010-09-30": "1225.00000", "2010-06-30": "959.00000", "2010-03-31": "991.00000", "2009-12-31": "1202.00000", "2009-09-30": "1047.00000", "2009-06-30": "1038.00000", "2009-03-31": "1059.00000", "2008-12-31": "1191.00000", "2008-09-30": "983.00000", "2008-06-30": "991.00000", "2008-03-31": "1036.00000", "2007-12-31": "1086.00000", "2007-09-30": "953.00000", "2007-06-30": "922.00000", "2007-03-31": "920.00000", "2006-12-31": "1064.00000", "2006-09-30": "795.00000", "2006-06-30": "982.00000", "2006-03-31": "862.00000", "2005-12-31": "1220.00000", "2005-09-30": "740.00000", "2005-06-30": "670.00000", "2005-03-31": "767.00000"}, "Other Operating Income Or Expenses": {"2020-09-30": "-145.00000", "2020-06-30": "-343.00000", "2020-03-31": "", "2019-12-31": "-4987.00000", "2019-09-30": "-2548.00000", "2019-06-30": "-3900.00000", "2019-03-31": "", "2018-12-31": "-9663.00000", "2018-09-30": "10.00000", "2018-06-30": "-2125.00000", "2018-03-31": "7.00000", "2017-12-31": "7.00000", "2017-09-30": "-53.00000", "2017-06-30": "46.00000", "2017-03-31": "", "2016-12-31": "", "2016-09-30": "", "2016-06-30": "", "2016-03-31": "", "2015-12-31": "", "2015-09-30": "", "2015-06-30": "", "2015-03-31": "", "2014-12-31": "", "2014-09-30": "", "2014-06-30": "", "2014-03-31": "", "2013-12-31": "", "2013-09-30": "", "2013-06-30": "", "2013-03-31": "", "2012-12-31": "", "2012-09-30": "", "2012-06-30": "", "2012-03-31": "", "2011-12-31": "", "2011-09-30": "", "2011-06-30": "", "2011-03-31": "", "2010-12-31": "", "2010-09-30": "", "2010-06-30": "", "2010-03-31": "", "2009-12-31": "", "2009-09-30": "", "2009-06-30": "", "2009-03-31": "", "2008-12-31": "", "2008-09-30": "", "2008-06-30": "", "2008-03-31": "", "2007-12-31": "", "2007-09-30": "", "2007-06-30": "", "2007-03-31": "", "2006-12-31": "", "2006-09-30": "", "2006-06-30": "", "2006-03-31": "", "2005-12-31": "", "2005-09-30": "", "2005-06-30": "", "2005-03-31": ""}, "Operating Expenses": {"2020-09-30": "4484.00000", "2020-06-30": "4251.00000", "2020-03-31": "3651.00000", "2019-12-31": "9086.00000", "2019-09-30": "6732.00000", "2019-06-30": "7583.00000", "2019-03-31": "3822.00000", "2018-12-31": "13618.00000", "2018-09-30": "3685.00000", "2018-06-30": "5699.00000", "2018-03-31": "3457.00000", "2017-12-31": "3683.00000", "2017-09-30": "3631.00000", "2017-06-30": "3515.00000", "2017-03-31": "3401.00000", "2016-12-31": "3769.00000", "2016-09-30": "4170.00000", "2016-06-30": "3768.00000", "2016-03-31": "3879.00000", "2015-12-31": "3962.00000", "2015-09-30": "4005.00000", "2015-06-30": "3530.00000", "2015-03-31": "3828.00000", "2014-12-31": "3925.00000", "2014-09-30": "3874.00000", "2014-06-30": "3434.00000", "2014-03-31": "3407.00000", "2013-12-31": "3642.00000", "2013-09-30": "3884.00000", "2013-06-30": "3140.00000", "2013-03-31": "3170.00000", "2012-12-31": "3705.00000", "2012-09-30": "3362.00000", "2012-06-30": "3126.00000", "2012-03-31": "3154.00000", "2011-12-31": "3457.00000", "2011-09-30": "3452.00000", "2011-06-30": "2992.00000", "2011-03-31": "3113.00000", "2010-12-31": "3129.00000", "2010-09-30": "3010.00000", "2010-06-30": "2537.00000", "2010-03-31": "2857.00000", "2009-12-31": "3016.00000", "2009-09-30": "2628.00000", "2009-06-30": "2538.00000", "2009-03-31": "2918.00000", "2008-12-31": "3098.00000", "2008-09-30": "3035.00000", "2008-06-30": "2994.00000", "2008-03-31": "3240.00000", "2007-12-31": "2967.00000", "2007-09-30": "2697.00000", "2007-06-30": "2632.00000", "2007-03-31": "2827.00000", "2006-12-31": "2767.00000", "2006-09-30": "2433.00000", "2006-06-30": "2552.00000", "2006-03-31": "2679.00000", "2005-12-31": "3318.00000", "2005-09-30": "2289.00000", "2005-06-30": "1958.00000", "2005-03-31": "2168.00000"}, "Operating Income": {"2020-09-30": "398.00000", "2020-06-30": "282.00000", "2020-03-31": "655.00000", "2019-12-31": "-4343.00000", "2019-09-30": "-2300.00000", "2019-06-30": "-3640.00000", "2019-03-31": "189.00000", "2018-12-31": "-9530.00000", "2018-09-30": "696.00000", "2018-06-30": "-1465.00000", "2018-03-31": "599.00000", "2017-12-31": "417.00000", "2017-09-30": "886.00000", "2017-06-30": "735.00000", "2017-03-31": "867.00000", "2016-12-31": "944.00000", "2016-09-30": "640.00000", "2016-06-30": "401.00000", "2016-03-31": "95.00000", "2015-12-31": "205.00000", "2015-09-30": "545.00000", "2015-06-30": "687.00000", "2015-03-31": "71.00000", "2014-12-31": "383.00000", "2014-09-30": "1065.00000", "2014-06-30": "518.00000", "2014-03-31": "484.00000", "2013-12-31": "333.00000", "2013-09-30": "291.00000", "2013-06-30": "636.00000", "2013-03-31": "502.00000", "2012-12-31": "125.00000", "2012-09-30": "614.00000", "2012-06-30": "467.00000", "2012-03-31": "487.00000", "2011-12-31": "358.00000", "2011-09-30": "408.00000", "2011-06-30": "692.00000", "2011-03-31": "484.00000", "2010-12-31": "492.00000", "2010-09-30": "503.00000", "2010-06-30": "695.00000", "2010-03-31": "618.00000", "2009-12-31": "523.00000", "2009-09-30": "607.00000", "2009-06-30": "656.00000", "2009-03-31": "513.00000", "2008-12-31": "545.00000", "2008-09-30": "639.00000", "2008-06-30": "584.00000", "2008-03-31": "493.00000", "2007-12-31": "448.00000", "2007-09-30": "582.00000", "2007-06-30": "555.00000", "2007-03-31": "529.00000", "2006-12-31": "439.00000", "2006-09-30": "735.00000", "2006-06-30": "465.00000", "2006-03-31": "469.00000", "2005-12-31": "414.00000", "2005-09-30": "515.00000", "2005-06-30": "540.00000", "2005-03-31": "501.00000"}, "Total Non-Operating Income/Expense": {"2020-09-30": "-421.00000", "2020-06-30": "-1711.00000", "2020-03-31": "-317.00000", "2019-12-31": "-738.00000", "2019-09-30": "-45.00000", "2019-06-30": "-28.00000", "2019-03-31": "-137.00000", "2018-12-31": "-104.00000", "2018-09-30": "-114.00000", "2018-06-30": "-108.00000", "2018-03-31": "-103.00000", "2017-12-31": "-191.00000", "2017-09-30": "-173.00000", "2017-06-30": "-191.00000", "2017-03-31": "-179.00000", "2016-12-31": "-88.00000", "2016-09-30": "-179.00000", "2016-06-30": "-179.00000", "2016-03-31": "-172.00000", "2015-12-31": "-178.00000", "2015-09-30": "-168.00000", "2015-06-30": "-171.00000", "2015-03-31": "-130.00000", "2014-12-31": "-213.00000", "2014-09-30": "-136.00000", "2014-06-30": "-143.00000", "2014-03-31": "-163.00000", "2013-12-31": "-218.00000", "2013-09-30": "-151.00000", "2013-06-30": "-151.00000", "2013-03-31": "-146.00000", "2012-12-31": "-188.00000", "2012-09-30": "-150.00000", "2012-06-30": "-141.00000", "2012-03-31": "-147.00000", "2011-12-31": "-180.00000", "2011-09-30": "-156.00000", "2011-06-30": "-150.00000", "2011-03-31": "-158.00000", "2010-12-31": "-170.00000", "2010-09-30": "-135.00000", "2010-06-30": "-171.00000", "2010-03-31": "-172.00000", "2009-12-31": "-162.00000", "2009-09-30": "-150.00000", "2009-06-30": "-139.00000", "2009-03-31": "-154.00000", "2008-12-31": "-166.00000", "2008-09-30": "-169.00000", "2008-06-30": "-147.00000", "2008-03-31": "-156.00000", "2007-12-31": "-130.00000", "2007-09-30": "-153.00000", "2007-06-30": "-138.00000", "2007-03-31": "-134.00000", "2006-12-31": "-203.00000", "2006-09-30": "-134.00000", "2006-06-30": "-95.00000", "2006-03-31": "-131.00000", "2005-12-31": "-127.00000", "2005-09-30": "-137.00000", "2005-06-30": "-117.00000", "2005-03-31": "-141.00000"}, "Pre-Tax Income": {"2020-09-30": "-23.00000", "2020-06-30": "-1429.00000", "2020-03-31": "338.00000", "2019-12-31": "-5081.00000", "2019-09-30": "-2345.00000", "2019-06-30": "-3668.00000", "2019-03-31": "52.00000", "2018-12-31": "-9634.00000", "2018-09-30": "582.00000", "2018-06-30": "-1573.00000", "2018-03-31": "496.00000", "2017-12-31": "226.00000", "2017-09-30": "713.00000", "2017-06-30": "544.00000", "2017-03-31": "688.00000", "2016-12-31": "856.00000", "2016-09-30": "461.00000", "2016-06-30": "222.00000", "2016-03-31": "-77.00000", "2015-12-31": "27.00000", "2015-09-30": "377.00000", "2015-06-30": "516.00000", "2015-03-31": "-59.00000", "2014-12-31": "170.00000", "2014-09-30": "929.00000", "2014-06-30": "375.00000", "2014-03-31": "321.00000", "2013-12-31": "115.00000", "2013-09-30": "140.00000", "2013-06-30": "485.00000", "2013-03-31": "356.00000", "2012-12-31": "-63.00000", "2012-09-30": "464.00000", "2012-06-30": "326.00000", "2012-03-31": "340.00000", "2011-12-31": "178.00000", "2011-09-30": "252.00000", "2011-06-30": "542.00000", "2011-03-31": "326.00000", "2010-12-31": "322.00000", "2010-09-30": "368.00000", "2010-06-30": "524.00000", "2010-03-31": "446.00000", "2009-12-31": "361.00000", "2009-09-30": "457.00000", "2009-06-30": "517.00000", "2009-03-31": "359.00000", "2008-12-31": "379.00000", "2008-09-30": "470.00000", "2008-06-30": "437.00000", "2008-03-31": "337.00000", "2007-12-31": "318.00000", "2007-09-30": "429.00000", "2007-06-30": "417.00000", "2007-03-31": "395.00000", "2006-12-31": "236.00000", "2006-09-30": "601.00000", "2006-06-30": "370.00000", "2006-03-31": "338.00000", "2005-12-31": "287.00000", "2005-09-30": "378.00000", "2005-06-30": "423.00000", "2005-03-31": "360.00000"}, "Income Taxes": {"2020-09-30": "-109.00000", "2020-06-30": "539.00000", "2020-03-31": "-36.00000", "2019-12-31": "-1468.00000", "2019-09-30": "-729.00000", "2019-06-30": "-1119.00000", "2019-03-31": "-84.00000", "2018-12-31": "-2765.00000", "2018-09-30": "15.00000", "2018-06-30": "-593.00000", "2018-03-31": "51.00000", "2017-12-31": "108.00000", "2017-09-30": "160.00000", "2017-06-30": "134.00000", "2017-03-31": "109.00000", "2016-12-31": "160.00000", "2016-09-30": "70.00000", "2016-06-30": "12.00000", "2016-03-31": "-187.00000", "2015-12-31": "-111.00000", "2015-09-30": "67.00000", "2015-06-30": "110.00000", "2015-03-31": "-93.00000", "2014-12-31": "35.00000", "2014-09-30": "115.00000", "2014-06-30": "104.00000", "2014-03-31": "91.00000", "2013-12-31": "25.00000", "2013-09-30": "-24.00000", "2013-06-30": "153.00000", "2013-03-31": "114.00000", "2012-12-31": "-54.00000", "2012-09-30": "100.00000", "2012-06-30": "87.00000", "2012-03-31": "104.00000", "2011-12-31": "91.00000", "2011-09-30": "49.00000", "2011-06-30": "176.00000", "2011-03-31": "124.00000", "2010-12-31": "68.00000", "2010-09-30": "107.00000", "2010-06-30": "187.00000", "2010-03-31": "185.00000", "2009-12-31": "84.00000", "2009-09-30": "136.00000", "2009-06-30": "125.00000", "2009-03-31": "115.00000", "2008-12-31": "12.00000", "2008-09-30": "163.00000", "2008-06-30": "140.00000", "2008-03-31": "110.00000", "2007-12-31": "101.00000", "2007-09-30": "151.00000", "2007-06-30": "148.00000", "2007-03-31": "139.00000", "2006-12-31": "84.00000", "2006-09-30": "208.00000", "2006-06-30": "138.00000", "2006-03-31": "124.00000", "2005-12-31": "107.00000", "2005-09-30": "139.00000", "2005-06-30": "156.00000", "2005-03-31": "142.00000"}, "Income After Taxes": {"2020-09-30": "86.00000", "2020-06-30": "-1968.00000", "2020-03-31": "374.00000", "2019-12-31": "-3613.00000", "2019-09-30": "-1616.00000", "2019-06-30": "-2549.00000", "2019-03-31": "136.00000", "2018-12-31": "-6869.00000", "2018-09-30": "567.00000", "2018-06-30": "-980.00000", "2018-03-31": "445.00000", "2017-12-31": "118.00000", "2017-09-30": "553.00000", "2017-06-30": "410.00000", "2017-03-31": "579.00000", "2016-12-31": "696.00000", "2016-09-30": "391.00000", "2016-06-30": "210.00000", "2016-03-31": "110.00000", "2015-12-31": "138.00000", "2015-09-30": "310.00000", "2015-06-30": "406.00000", "2015-03-31": "34.00000", "2014-12-31": "135.00000", "2014-09-30": "814.00000", "2014-06-30": "271.00000", "2014-03-31": "230.00000", "2013-12-31": "90.00000", "2013-09-30": "164.00000", "2013-06-30": "332.00000", "2013-03-31": "242.00000", "2012-12-31": "-9.00000", "2012-09-30": "364.00000", "2012-06-30": "239.00000", "2012-03-31": "236.00000", "2011-12-31": "87.00000", "2011-09-30": "203.00000", "2011-06-30": "366.00000", "2011-03-31": "202.00000", "2010-12-31": "254.00000", "2010-09-30": "261.00000", "2010-06-30": "337.00000", "2010-03-31": "261.00000", "2009-12-31": "277.00000", "2009-09-30": "321.00000", "2009-06-30": "392.00000", "2009-03-31": "244.00000", "2008-12-31": "367.00000", "2008-09-30": "307.00000", "2008-06-30": "297.00000", "2008-03-31": "227.00000", "2007-12-31": "217.00000", "2007-09-30": "278.00000", "2007-06-30": "269.00000", "2007-03-31": "256.00000", "2006-12-31": "152.00000", "2006-09-30": "393.00000", "2006-06-30": "232.00000", "2006-03-31": "214.00000", "2005-12-31": "180.00000", "2005-09-30": "239.00000", "2005-06-30": "267.00000", "2005-03-31": "218.00000"}, "Other Income": {"2020-09-30": "", "2020-06-30": "", "2020-03-31": "", "2019-12-31": "", "2019-09-30": "", "2019-06-30": "", "2019-03-31": "", "2018-12-31": "", "2018-09-30": "", "2018-06-30": "", "2018-03-31": "", "2017-12-31": "", "2017-09-30": "", "2017-06-30": "", "2017-03-31": "", "2016-12-31": "", "2016-09-30": "", "2016-06-30": "", "2016-03-31": "", "2015-12-31": "", "2015-09-30": "", "2015-06-30": "", "2015-03-31": "", "2014-12-31": "", "2014-09-30": "", "2014-06-30": "", "2014-03-31": "", "2013-12-31": "", "2013-09-30": "", "2013-06-30": "", "2013-03-31": "", "2012-12-31": "", "2012-09-30": "", "2012-06-30": "", "2012-03-31": "", "2011-12-31": "", "2011-09-30": "", "2011-06-30": "", "2011-03-31": "", "2010-12-31": "", "2010-09-30": "", "2010-06-30": "", "2010-03-31": "", "2009-12-31": "", "2009-09-30": "", "2009-06-30": "", "2009-03-31": "", "2008-12-31": "", "2008-09-30": "", "2008-06-30": "", "2008-03-31": "", "2007-12-31": "", "2007-09-30": "", "2007-06-30": "", "2007-03-31": "", "2006-12-31": "", "2006-09-30": "", "2006-06-30": "", "2006-03-31": "", "2005-12-31": "", "2005-09-30": "", "2005-06-30": "", "2005-03-31": ""}, "Income From Continuous Operations": {"2020-09-30": "86.00000", "2020-06-30": "-1968.00000", "2020-03-31": "374.00000", "2019-12-31": "-3613.00000", "2019-09-30": "-1616.00000", "2019-06-30": "-2549.00000", "2019-03-31": "136.00000", "2018-12-31": "-6869.00000", "2018-09-30": "567.00000", "2018-06-30": "-980.00000", "2018-03-31": "445.00000", "2017-12-31": "118.00000", "2017-09-30": "553.00000", "2017-06-30": "410.00000", "2017-03-31": "579.00000", "2016-12-31": "696.00000", "2016-09-30": "391.00000", "2016-06-30": "210.00000", "2016-03-31": "110.00000", "2015-12-31": "138.00000", "2015-09-30": "310.00000", "2015-06-30": "406.00000", "2015-03-31": "34.00000", "2014-12-31": "135.00000", "2014-09-30": "814.00000", "2014-06-30": "271.00000", "2014-03-31": "230.00000", "2013-12-31": "90.00000", "2013-09-30": "164.00000", "2013-06-30": "332.00000", "2013-03-31": "242.00000", "2012-12-31": "-9.00000", "2012-09-30": "364.00000", "2012-06-30": "239.00000", "2012-03-31": "236.00000", "2011-12-31": "87.00000", "2011-09-30": "203.00000", "2011-06-30": "366.00000", "2011-03-31": "202.00000", "2010-12-31": "254.00000", "2010-09-30": "261.00000", "2010-06-30": "337.00000", "2010-03-31": "261.00000", "2009-12-31": "277.00000", "2009-09-30": "321.00000", "2009-06-30": "392.00000", "2009-03-31": "244.00000", "2008-12-31": "367.00000", "2008-09-30": "307.00000", "2008-06-30": "297.00000", "2008-03-31": "227.00000", "2007-12-31": "217.00000", "2007-09-30": "278.00000", "2007-06-30": "269.00000", "2007-03-31": "256.00000", "2006-12-31": "152.00000", "2006-09-30": "393.00000", "2006-06-30": "232.00000", "2006-03-31": "214.00000", "2005-12-31": "180.00000", "2005-09-30": "239.00000", "2005-06-30": "267.00000", "2005-03-31": "218.00000"}, "Income From Discontinued Operations": {"2020-09-30": "", "2020-06-30": "", "2020-03-31": "", "2019-12-31": "", "2019-09-30": "", "2019-06-30": "", "2019-03-31": "", "2018-12-31": "", "2018-09-30": "", "2018-06-30": "", "2018-03-31": "", "2017-12-31": "", "2017-09-30": "", "2017-06-30": "", "2017-03-31": "", "2016-12-31": "", "2016-09-30": "", "2016-06-30": "", "2016-03-31": "", "2015-12-31": "", "2015-09-30": "", "2015-06-30": "", "2015-03-31": "", "2014-12-31": "", "2014-09-30": "", "2014-06-30": "", "2014-03-31": "", "2013-12-31": "", "2013-09-30": "", "2013-06-30": "", "2013-03-31": "", "2012-12-31": "", "2012-09-30": "", "2012-06-30": "", "2012-03-31": "", "2011-12-31": "", "2011-09-30": "", "2011-06-30": "", "2011-03-31": "", "2010-12-31": "", "2010-09-30": "", "2010-06-30": "", "2010-03-31": "", "2009-12-31": "", "2009-09-30": "", "2009-06-30": "", "2009-03-31": "", "2008-12-31": "", "2008-09-30": "", "2008-06-30": "", "2008-03-31": "", "2007-12-31": "", "2007-09-30": "", "2007-06-30": "", "2007-03-31": "", "2006-12-31": "", "2006-09-30": "", "2006-06-30": "", "2006-03-31": "", "2005-12-31": "", "2005-09-30": "13.00000", "2005-06-30": "", "2005-03-31": ""}, "Net Income": {"2020-09-30": "83.00000", "2020-06-30": "-1972.00000", "2020-03-31": "371.00000", "2019-12-31": "-3620.00000", "2019-09-30": "-1619.00000", "2019-06-30": "-2553.00000", "2019-03-31": "136.00000", "2018-12-31": "-6873.00000", "2018-09-30": "564.00000", "2018-06-30": "-984.00000", "2018-03-31": "442.00000", "2017-12-31": "114.00000", "2017-09-30": "550.00000", "2017-06-30": "406.00000", "2017-03-31": "576.00000", "2016-12-31": "692.00000", "2016-09-30": "388.00000", "2016-06-30": "206.00000", "2016-03-31": "107.00000", "2015-12-31": "134.00000", "2015-09-30": "307.00000", "2015-06-30": "402.00000", "2015-03-31": "31.00000", "2014-12-31": "131.00000", "2014-09-30": "811.00000", "2014-06-30": "267.00000", "2014-03-31": "227.00000", "2013-12-31": "86.00000", "2013-09-30": "161.00000", "2013-06-30": "328.00000", "2013-03-31": "239.00000", "2012-12-31": "-13.00000", "2012-09-30": "361.00000", "2012-06-30": "235.00000", "2012-03-31": "233.00000", "2011-12-31": "83.00000", "2011-09-30": "200.00000", "2011-06-30": "362.00000", "2011-03-31": "199.00000", "2010-12-31": "250.00000", "2010-09-30": "258.00000", "2010-06-30": "333.00000", "2010-03-31": "258.00000", "2009-12-31": "273.00000", "2009-09-30": "318.00000", "2009-06-30": "388.00000", "2009-03-31": "241.00000", "2008-12-31": "517.00000", "2008-09-30": "304.00000", "2008-06-30": "293.00000", "2008-03-31": "224.00000", "2007-12-31": "203.00000", "2007-09-30": "278.00000", "2007-06-30": "269.00000", "2007-03-31": "256.00000", "2006-12-31": "152.00000", "2006-09-30": "393.00000", "2006-06-30": "232.00000", "2006-03-31": "214.00000", "2005-12-31": "180.00000", "2005-09-30": "252.00000", "2005-06-30": "267.00000", "2005-03-31": "218.00000"}, "EBITDA": {"2020-09-30": "1243.00000", "2020-06-30": "1156.00000", "2020-03-31": "1510.00000", "2019-12-31": "-3542.00000", "2019-09-30": "-1460.00000", "2019-06-30": "-2844.00000", "2019-03-31": "986.00000", "2018-12-31": "-8751.00000", "2018-09-30": "1455.00000", "2018-06-30": "-719.00000", "2018-03-31": "1351.00000", "2017-12-31": "1137.00000", "2017-09-30": "1596.00000", "2017-06-30": "1447.00000", "2017-03-31": "1579.00000", "2016-12-31": "1609.00000", "2016-09-30": "1334.00000", "2016-06-30": "1100.00000", "2016-03-31": "792.00000", "2015-12-31": "882.00000", "2015-09-30": "1198.00000", "2015-06-30": "1338.00000", "2015-03-31": "702.00000", "2014-12-31": "1050.00000", "2014-09-30": "1736.00000", "2014-06-30": "1075.00000", "2014-03-31": "1022.00000", "2013-12-31": "868.00000", "2013-09-30": "814.00000", "2013-06-30": "1152.00000", "2013-03-31": "1005.00000", "2012-12-31": "590.00000", "2012-09-30": "1231.00000", "2012-06-30": "1073.00000", "2012-03-31": "1071.00000", "2011-12-31": "925.00000", "2011-09-30": "974.00000", "2011-06-30": "1283.00000", "2011-03-31": "975.00000", "2010-12-31": "977.00000", "2010-09-30": "885.00000", "2010-06-30": "1227.00000", "2010-03-31": "1124.00000", "2009-12-31": "820.00000", "2009-09-30": "1118.00000", "2009-06-30": "1137.00000", "2009-03-31": "976.00000", "2008-12-31": "1020.00000", "2008-09-30": "1125.00000", "2008-06-30": "1049.00000", "2008-03-31": "930.00000", "2007-12-31": "988.00000", "2007-09-30": "1087.00000", "2007-06-30": "1015.00000", "2007-03-31": "983.00000", "2006-12-31": "899.00000", "2006-09-30": "1210.00000", "2006-06-30": "931.00000", "2006-03-31": "871.00000", "2005-12-31": "817.00000", "2005-09-30": "971.00000", "2005-06-30": "994.00000", "2005-03-31": "886.00000"}, "EBIT": {"2020-09-30": "398.00000", "2020-06-30": "282.00000", "2020-03-31": "655.00000", "2019-12-31": "-4343.00000", "2019-09-30": "-2300.00000", "2019-06-30": "-3640.00000", "2019-03-31": "189.00000", "2018-12-31": "-9530.00000", "2018-09-30": "696.00000", "2018-06-30": "-1465.00000", "2018-03-31": "599.00000", "2017-12-31": "417.00000", "2017-09-30": "886.00000", "2017-06-30": "735.00000", "2017-03-31": "867.00000", "2016-12-31": "944.00000", "2016-09-30": "640.00000", "2016-06-30": "401.00000", "2016-03-31": "95.00000", "2015-12-31": "205.00000", "2015-09-30": "545.00000", "2015-06-30": "687.00000", "2015-03-31": "71.00000", "2014-12-31": "383.00000", "2014-09-30": "1065.00000", "2014-06-30": "518.00000", "2014-03-31": "484.00000", "2013-12-31": "333.00000", "2013-09-30": "291.00000", "2013-06-30": "636.00000", "2013-03-31": "502.00000", "2012-12-31": "125.00000", "2012-09-30": "614.00000", "2012-06-30": "467.00000", "2012-03-31": "487.00000", "2011-12-31": "358.00000", "2011-09-30": "408.00000", "2011-06-30": "692.00000", "2011-03-31": "484.00000", "2010-12-31": "492.00000", "2010-09-30": "503.00000", "2010-06-30": "695.00000", "2010-03-31": "618.00000", "2009-12-31": "523.00000", "2009-09-30": "607.00000", "2009-06-30": "656.00000", "2009-03-31": "513.00000", "2008-12-31": "545.00000", "2008-09-30": "639.00000", "2008-06-30": "584.00000", "2008-03-31": "493.00000", "2007-12-31": "448.00000", "2007-09-30": "582.00000", "2007-06-30": "555.00000", "2007-03-31": "529.00000", "2006-12-31": "439.00000", "2006-09-30": "735.00000", "2006-06-30": "465.00000", "2006-03-31": "469.00000", "2005-12-31": "414.00000", "2005-09-30": "515.00000", "2005-06-30": "540.00000", "2005-03-31": "501.00000"}, "Basic Shares Outstanding": {"2020-09-30": "1967.00000", "2020-06-30": "529.00000", "2020-03-31": "529.00000", "2019-12-31": "528.00000", "2019-09-30": "529.00000", "2019-06-30": "529.00000", "2019-03-31": "526.00000", "2018-12-31": "517.00000", "2018-09-30": "517.00000", "2018-06-30": "516.00000", "2018-03-31": "515.00000", "2017-12-31": "512.00000", "2017-09-30": "513.00000", "2017-06-30": "511.00000", "2017-03-31": "508.00000", "2016-12-31": "499.00000", "2016-09-30": "501.00000", "2016-06-30": "497.00000", "2016-03-31": "493.00000", "2015-12-31": "484.00000", "2015-09-30": "486.00000", "2015-06-30": "480.00000", "2015-03-31": "477.00000", "2014-12-31": "468.00000", "2014-09-30": "472.00000", "2014-06-30": "467.00000", "2014-03-31": "459.00000", "2013-12-31": "444.00000", "2013-09-30": "446.00000", "2013-06-30": "442.00000", "2013-03-31": "434.00000", "2012-12-31": "424.00000", "2012-09-30": "428.00000", "2012-06-30": "423.00000", "2012-03-31": "414.00000", "2011-12-31": "401.00000", "2011-09-30": "403.00000", "2011-06-30": "399.00000", "2011-03-31": "396.00000", "2010-12-31": "382.00000", "2010-09-30": "390.00000", "2010-06-30": "373.00000", "2010-03-31": "371.00000", "2009-12-31": "368.00000", "2009-09-30": "370.00000", "2009-06-30": "368.00000", "2009-03-31": "364.00000", "2008-12-31": "357.00000", "2008-09-30": "357.00000", "2008-06-30": "356.00000", "2008-03-31": "355.00000", "2007-12-31": "351.00000", "2007-09-30": "352.00000", "2007-06-30": "350.00000", "2007-03-31": "349.00000", "2006-12-31": "346.00000", "2006-09-30": "347.00000", "2006-06-30": "346.00000", "2006-03-31": "344.00000", "2005-12-31": "372.00000", "2005-09-30": "372.00000", "2005-06-30": "370.00000", "2005-03-31": "388.00000"}, "Shares Outstanding": {"2020-09-30": "2140.00000", "2020-06-30": "529.00000", "2020-03-31": "648.00000", "2019-12-31": "528.00000", "2019-09-30": "529.00000", "2019-06-30": "529.00000", "2019-03-31": "527.00000", "2018-12-31": "517.00000", "2018-09-30": "517.00000", "2018-06-30": "516.00000", "2018-03-31": "516.00000", "2017-12-31": "513.00000", "2017-09-30": "516.00000", "2017-06-30": "513.00000", "2017-03-31": "511.00000", "2016-12-31": "501.00000", "2016-09-30": "503.00000", "2016-06-30": "498.00000", "2016-03-31": "495.00000", "2015-12-31": "487.00000", "2015-09-30": "489.00000", "2015-06-30": "483.00000", "2015-03-31": "481.00000", "2014-12-31": "470.00000", "2014-09-30": "474.00000", "2014-06-30": "469.00000", "2014-03-31": "460.00000", "2013-12-31": "445.00000", "2013-09-30": "447.00000", "2013-06-30": "443.00000", "2013-03-31": "435.00000", "2012-12-31": "425.00000", "2012-09-30": "429.00000", "2012-06-30": "425.00000", "2012-03-31": "416.00000", "2011-12-31": "402.00000", "2011-09-30": "404.00000", "2011-06-30": "400.00000", "2011-03-31": "397.00000", "2010-12-31": "392.00000", "2010-09-30": "392.00000", "2010-06-30": "390.00000", "2010-03-31": "389.00000", "2009-12-31": "386.00000", "2009-09-30": "388.00000", "2009-06-30": "369.00000", "2009-03-31": "366.00000", "2008-12-31": "358.00000", "2008-09-30": "358.00000", "2008-06-30": "357.00000", "2008-03-31": "356.00000", "2007-12-31": "353.00000", "2007-09-30": "353.00000", "2007-06-30": "352.00000", "2007-03-31": "351.00000", "2006-12-31": "349.00000", "2006-09-30": "347.00000", "2006-06-30": "346.00000", "2006-03-31": "368.00000", "2005-12-31": "378.00000", "2005-09-30": "395.00000", "2005-06-30": "393.00000", "2005-03-31": "411.00000"}, "Basic EPS": {"2020-09-30": "0.04000", "2020-06-30": "-3.73000", "2020-03-31": "0.70000", "2019-12-31": "-6.86000", "2019-09-30": "-3.06000", "2019-06-30": "-4.83000", "2019-03-31": "0.25000", "2018-12-31": "-13.29000", "2018-09-30": "1.09000", "2018-06-30": "-1.91000", "2018-03-31": "0.86000", "2017-12-31": "0.22000", "2017-09-30": "1.07000", "2017-06-30": "0.79000", "2017-03-31": "1.13000", "2016-12-31": "1.39000", "2016-09-30": "0.77000", "2016-06-30": "0.41000", "2016-03-31": "0.22000", "2015-12-31": "0.28000", "2015-09-30": "0.63000", "2015-06-30": "0.84000", "2015-03-31": "0.06000", "2014-12-31": "0.29000", "2014-09-30": "1.72000", "2014-06-30": "0.57000", "2014-03-31": "0.49000", "2013-12-31": "0.18000", "2013-09-30": "0.36000", "2013-06-30": "0.74000", "2013-03-31": "0.55000", "2012-12-31": "-0.04000", "2012-09-30": "0.84000", "2012-06-30": "0.56000", "2012-03-31": "0.56000", "2011-12-31": "0.19000", "2011-09-30": "0.50000", "2011-06-30": "0.91000", "2011-03-31": "0.50000", "2010-12-31": "0.63000", "2010-09-30": "0.66000", "2010-06-30": "0.88000", "2010-03-31": "0.69000", "2009-12-31": "0.73000", "2009-09-30": "0.84000", "2009-06-30": "1.03000", "2009-03-31": "0.65000", "2008-12-31": "1.39000", "2008-09-30": "0.83000", "2008-06-30": "0.80000", "2008-03-31": "0.62000", "2007-12-31": "0.56000", "2007-09-30": "0.77000", "2007-06-30": "0.75000", "2007-03-31": "0.71000", "2006-12-31": "0.43000", "2006-09-30": "1.09000", "2006-06-30": "0.65000", "2006-03-31": "0.61000", "2005-12-31": "0.49000", "2005-09-30": "0.66000", "2005-06-30": "0.70000", "2005-03-31": "0.55000"}, "EPS - Earnings Per Share": {"2020-09-30": "0.04000", "2020-06-30": "-3.73000", "2020-03-31": "0.57000", "2019-12-31": "-6.86000", "2019-09-30": "-3.06000", "2019-06-30": "-4.83000", "2019-03-31": "0.25000", "2018-12-31": "-13.29000", "2018-09-30": "1.09000", "2018-06-30": "-1.91000", "2018-03-31": "0.86000", "2017-12-31": "0.22000", "2017-09-30": "1.07000", "2017-06-30": "0.79000", "2017-03-31": "1.13000", "2016-12-31": "1.38000", "2016-09-30": "0.77000", "2016-06-30": "0.41000", "2016-03-31": "0.22000", "2015-12-31": "0.27000", "2015-09-30": "0.63000", "2015-06-30": "0.83000", "2015-03-31": "0.06000", "2014-12-31": "0.29000", "2014-09-30": "1.71000", "2014-06-30": "0.57000", "2014-03-31": "0.49000", "2013-12-31": "0.18000", "2013-09-30": "0.36000", "2013-06-30": "0.74000", "2013-03-31": "0.55000", "2012-12-31": "-0.03000", "2012-09-30": "0.84000", "2012-06-30": "0.55000", "2012-03-31": "0.56000", "2011-12-31": "0.19000", "2011-09-30": "0.50000", "2011-06-30": "0.91000", "2011-03-31": "0.50000", "2010-12-31": "0.63000", "2010-09-30": "0.66000", "2010-06-30": "0.86000", "2010-03-31": "0.67000", "2009-12-31": "0.70000", "2009-09-30": "0.83000", "2009-06-30": "1.02000", "2009-03-31": "0.65000", "2008-12-31": "1.38000", "2008-09-30": "0.83000", "2008-06-30": "0.80000", "2008-03-31": "0.62000", "2007-12-31": "0.56000", "2007-09-30": "0.77000", "2007-06-30": "0.74000", "2007-03-31": "0.71000", "2006-12-31": "0.42000", "2006-09-30": "1.09000", "2006-06-30": "0.65000", "2006-03-31": "0.60000", "2005-12-31": "0.48000", "2005-09-30": "0.65000", "2005-06-30": "0.70000", "2005-03-31": "0.54000"}}, "balance sheet": {"Cash On Hand": {"2019-12-31": "1570.00000", "2018-12-31": "1668.00000", "2017-12-31": "449.00000", "2016-12-31": "177.00000", "2015-12-31": "357.00000", "2014-12-31": "449.00000", "2013-12-31": "597.00000", "2012-12-31": "731.00000", "2011-12-31": "893.00000", "2010-12-31": "854.00000", "2009-12-31": "1160.00000", "2008-12-31": "1509.00000", "2007-12-31": "1642.00000", "2006-12-31": "1871.00000", "2005-12-31": "2259.00000"}, "Receivables": {"2019-12-31": "3904.00000", "2018-12-31": "3857.00000", "2017-12-31": "2104.00000", "2016-12-31": "2213.00000", "2015-12-31": "1547.00000", "2014-12-31": "1535.00000", "2013-12-31": "1977.00000", "2012-12-31": "1513.00000", "2011-12-31": "2014.00000", "2010-12-31": "1785.00000", "2009-12-31": "1736.00000", "2008-12-31": "1871.00000", "2007-12-31": "1660.00000", "2006-12-31": "2343.00000", "2005-12-31": "2443.00000"}, "Inventory": {"2019-12-31": "647.00000", "2018-12-31": "554.00000", "2017-12-31": "481.00000", "2016-12-31": "463.00000", "2015-12-31": "439.00000", "2014-12-31": "476.00000", "2013-12-31": "454.00000", "2012-12-31": "444.00000", "2011-12-31": "420.00000", "2010-12-31": "357.00000", "2009-12-31": "314.00000", "2008-12-31": "423.00000", "2007-12-31": "371.00000", "2006-12-31": "330.00000", "2005-12-31": "364.00000"}, "Pre-Paid Expenses": {"2019-12-31": "", "2018-12-31": "", "2017-12-31": "", "2016-12-31": "", "2015-12-31": "", "2014-12-31": "", "2013-12-31": "", "2012-12-31": "", "2011-12-31": "", "2010-12-31": "", "2009-12-31": "", "2008-12-31": "718.00000", "2007-12-31": "255.00000", "2006-12-31": "716.00000", "2005-12-31": "187.00000"}, "Other Current Assets": {"2019-12-31": "4044.00000", "2018-12-31": "3116.00000", "2017-12-31": "3247.00000", "2016-12-31": "3311.00000", "2015-12-31": "3470.00000", "2014-12-31": "3929.00000", "2013-12-31": "2949.00000", "2012-12-31": "2433.00000", "2011-12-31": "3153.00000", "2010-12-31": "2546.00000", "2009-12-31": "2447.00000", "2008-12-31": "1882.00000", "2007-12-31": "1521.00000", "2006-12-31": "607.00000", "2005-12-31": "727.00000"}, "Total Current Assets": {"2019-12-31": "10165.00000", "2018-12-31": "9195.00000", "2017-12-31": "6281.00000", "2016-12-31": "6164.00000", "2015-12-31": "5813.00000", "2014-12-31": "6389.00000", "2013-12-31": "5977.00000", "2012-12-31": "5121.00000", "2011-12-31": "6480.00000", "2010-12-31": "5542.00000", "2009-12-31": "5657.00000", "2008-12-31": "6403.00000", "2007-12-31": "5449.00000", "2006-12-31": "5867.00000", "2005-12-31": "5980.00000"}, "Property, Plant, And Equipment": {"2019-12-31": "61635.00000", "2018-12-31": "58557.00000", "2017-12-31": "53789.00000", "2016-12-31": "50581.00000", "2015-12-31": "46723.00000", "2014-12-31": "43941.00000", "2013-12-31": "41252.00000", "2012-12-31": "37523.00000", "2011-12-31": "33655.00000", "2010-12-31": "31449.00000", "2009-12-31": "28892.00000", "2008-12-31": "26261.00000", "2007-12-31": "23656.00000", "2006-12-31": "21785.00000", "2005-12-31": "19955.00000"}, "Long-Term Investments": {"2019-12-31": "", "2018-12-31": "", "2017-12-31": "", "2016-12-31": "", "2015-12-31": "", "2014-12-31": "", "2013-12-31": "", "2012-12-31": "", "2011-12-31": "", "2010-12-31": "", "2009-12-31": "", "2008-12-31": "", "2007-12-31": "", "2006-12-31": "", "2005-12-31": ""}, "Goodwill And Intangible Assets": {"2019-12-31": "", "2018-12-31": "", "2017-12-31": "", "2016-12-31": "", "2015-12-31": "", "2014-12-31": "", "2013-12-31": "", "2012-12-31": "", "2011-12-31": "", "2010-12-31": "", "2009-12-31": "", "2008-12-31": "", "2007-12-31": "", "2006-12-31": "", "2005-12-31": ""}, "Other Long-Term Assets": {"2019-12-31": "1804.00000", "2018-12-31": "1480.00000", "2017-12-31": "1221.00000", "2016-12-31": "1226.00000", "2015-12-31": "1064.00000", "2014-12-31": "963.00000", "2013-12-31": "1036.00000", "2012-12-31": "659.00000", "2011-12-31": "1068.00000", "2010-12-31": "614.00000", "2009-12-31": "379.00000", "2008-12-31": "482.00000", "2007-12-31": "1089.00000", "2006-12-31": "373.00000", "2005-12-31": "842.00000"}, "Total Long-Term Assets": {"2019-12-31": "72745.00000", "2018-12-31": "67800.00000", "2017-12-31": "61731.00000", "2016-12-31": "62434.00000", "2015-12-31": "57421.00000", "2014-12-31": "53738.00000", "2013-12-31": "49628.00000", "2012-12-31": "47328.00000", "2011-12-31": "43270.00000", "2010-12-31": "40483.00000", "2009-12-31": "37288.00000", "2008-12-31": "34457.00000", "2007-12-31": "31183.00000", "2006-12-31": "28936.00000", "2005-12-31": "28094.00000"}, "Total Assets": {"2019-12-31": "85196.00000", "2018-12-31": "76995.00000", "2017-12-31": "68012.00000", "2016-12-31": "68598.00000", "2015-12-31": "63234.00000", "2014-12-31": "60127.00000", "2013-12-31": "55605.00000", "2012-12-31": "52449.00000", "2011-12-31": "49750.00000", "2010-12-31": "46025.00000", "2009-12-31": "42945.00000", "2008-12-31": "40860.00000", "2007-12-31": "36632.00000", "2006-12-31": "34803.00000", "2005-12-31": "34074.00000"}, "Total Current Liabilities": {"2019-12-31": "7631.00000", "2018-12-31": "41695.00000", "2017-12-31": "7129.00000", "2016-12-31": "7564.00000", "2015-12-31": "6363.00000", "2014-12-31": "5920.00000", "2013-12-31": "7493.00000", "2012-12-31": "6256.00000", "2011-12-31": "7749.00000", "2010-12-31": "7185.00000", "2009-12-31": "6813.00000", "2008-12-31": "7626.00000", "2007-12-31": "6707.00000", "2006-12-31": "8250.00000", "2005-12-31": "6932.00000"}, "Long Term Debt": {"2019-12-31": "", "2018-12-31": "", "2017-12-31": "17753.00000", "2016-12-31": "16220.00000", "2015-12-31": "15925.00000", "2014-12-31": "15050.00000", "2013-12-31": "12717.00000", "2012-12-31": "12517.00000", "2011-12-31": "11766.00000", "2010-12-31": "11329.00000", "2009-12-31": "11208.00000", "2008-12-31": "10534.00000", "2007-12-31": "9753.00000", "2006-12-31": "8633.00000", "2005-12-31": "9542.00000"}, "Other Non-Current Liabilities": {"2019-12-31": "68243.00000", "2018-12-31": "16997.00000", "2017-12-31": "15708.00000", "2016-12-31": "13768.00000", "2015-12-31": "12290.00000", "2014-12-31": "12083.00000", "2013-12-31": "11377.00000", "2012-12-31": "10027.00000", "2011-12-31": "8478.00000", "2010-12-31": "8196.00000", "2009-12-31": "7834.00000", "2008-12-31": "7586.00000", "2007-12-31": "8215.00000", "2006-12-31": "6911.00000", "2005-12-31": "6926.00000"}, "Total Long Term Liabilities": {"2019-12-31": "72177.00000", "2018-12-31": "22397.00000", "2017-12-31": "41411.00000", "2016-12-31": "42842.00000", "2015-12-31": "40043.00000", "2014-12-31": "38207.00000", "2013-12-31": "33518.00000", "2012-12-31": "32867.00000", "2011-12-31": "29648.00000", "2010-12-31": "27306.00000", "2009-12-31": "25547.00000", "2008-12-31": "23605.00000", "2007-12-31": "21120.00000", "2006-12-31": "18490.00000", "2005-12-31": "19672.00000"}, "Total Liabilities": {"2019-12-31": "79808.00000", "2018-12-31": "64092.00000", "2017-12-31": "48540.00000", "2016-12-31": "50406.00000", "2015-12-31": "46406.00000", "2014-12-31": "44127.00000", "2013-12-31": "41011.00000", "2012-12-31": "39123.00000", "2011-12-31": "37397.00000", "2010-12-31": "34491.00000", "2009-12-31": "32360.00000", "2008-12-31": "31231.00000", "2007-12-31": "27827.00000", "2006-12-31": "26740.00000", "2005-12-31": "26604.00000"}, "Common Stock Net": {"2019-12-31": "13038.00000", "2018-12-31": "12910.00000", "2017-12-31": "12632.00000", "2016-12-31": "12198.00000", "2015-12-31": "11282.00000", "2014-12-31": "10421.00000", "2013-12-31": "9550.00000", "2012-12-31": "8428.00000", "2011-12-31": "7602.00000", "2010-12-31": "6878.00000", "2009-12-31": "6280.00000", "2008-12-31": "5984.00000", "2007-12-31": "6110.00000", "2006-12-31": "5877.00000", "2005-12-31": "5827.00000"}, "Retained Earnings (Accumulated Deficit)": {"2019-12-31": "-7892.00000", "2018-12-31": "-250.00000", "2017-12-31": "6596.00000", "2016-12-31": "5751.00000", "2015-12-31": "5301.00000", "2014-12-31": "5316.00000", "2013-12-31": "4742.00000", "2012-12-31": "4747.00000", "2011-12-31": "4712.00000", "2010-12-31": "4606.00000", "2009-12-31": "4213.00000", "2008-12-31": "3614.00000", "2007-12-31": "3151.00000", "2006-12-31": "2671.00000", "2005-12-31": "2139.00000"}, "Comprehensive Income": {"2019-12-31": "-10.00000", "2018-12-31": "-9.00000", "2017-12-31": "-8.00000", "2016-12-31": "-9.00000", "2015-12-31": "-7.00000", "2014-12-31": "11.00000", "2013-12-31": "50.00000", "2012-12-31": "-101.00000", "2011-12-31": "-213.00000", "2010-12-31": "-202.00000", "2009-12-31": "-160.00000", "2008-12-31": "-221.00000", "2007-12-31": "10.00000", "2006-12-31": "-19.00000", "2005-12-31": "-8.00000"}, "Other Share Holders Equity": {"2019-12-31": "", "2018-12-31": "", "2017-12-31": "", "2016-12-31": "", "2015-12-31": "", "2014-12-31": "", "2013-12-31": "", "2012-12-31": "", "2011-12-31": "", "2010-12-31": "", "2009-12-31": "", "2008-12-31": "", "2007-12-31": "", "2006-12-31": "", "2005-12-31": ""}, "Share Holder Equity": {"2019-12-31": "5388.00000", "2018-12-31": "12903.00000", "2017-12-31": "19472.00000", "2016-12-31": "18192.00000", "2015-12-31": "16828.00000", "2014-12-31": "16000.00000", "2013-12-31": "14594.00000", "2012-12-31": "13326.00000", "2011-12-31": "12353.00000", "2010-12-31": "11534.00000", "2009-12-31": "10585.00000", "2008-12-31": "9629.00000", "2007-12-31": "8805.00000", "2006-12-31": "8063.00000", "2005-12-31": "7470.00000"}, "Total Liabilities And Share Holders Equity": {"2019-12-31": "85196.00000", "2018-12-31": "76995.00000", "2017-12-31": "68012.00000", "2016-12-31": "68598.00000", "2015-12-31": "63234.00000", "2014-12-31": "60127.00000", "2013-12-31": "55605.00000", "2012-12-31": "52449.00000", "2011-12-31": "49750.00000", "2010-12-31": "46025.00000", "2009-12-31": "42945.00000", "2008-12-31": "40860.00000", "2007-12-31": "36632.00000", "2006-12-31": "34803.00000", "2005-12-31": "34074.00000"}}, "balance sheet, quarterly": {"Cash On Hand": {"2020-09-30": "679.00000", "2020-06-30": "15381.00000", "2020-03-31": "1960.00000", "2019-12-31": "1577.00000", "2019-09-30": "2970.00000", "2019-06-30": "3459.00000", "2019-03-31": "2964.00000", "2018-12-31": "1668.00000", "2018-09-30": "430.00000", "2018-06-30": "517.00000", "2018-03-31": "144.00000", "2017-12-31": "449.00000", "2017-09-30": "198.00000", "2017-06-30": "185.00000", "2017-03-31": "171.00000", "2016-12-31": "177.00000", "2016-09-30": "239.00000", "2016-06-30": "424.00000", "2016-03-31": "376.00000", "2015-12-31": "357.00000", "2015-09-30": "441.00000", "2015-06-30": "536.00000", "2015-03-31": "443.00000", "2014-12-31": "449.00000", "2014-09-30": "438.00000", "2014-06-30": "431.00000", "2014-03-31": "407.00000", "2013-12-31": "597.00000", "2013-09-30": "582.00000", "2013-06-30": "586.00000", "2013-03-31": "582.00000", "2012-12-31": "731.00000", "2012-09-30": "714.00000", "2012-06-30": "673.00000", "2012-03-31": "642.00000", "2011-12-31": "893.00000", "2011-09-30": "670.00000", "2011-06-30": "717.00000", "2011-03-31": "671.00000", "2010-12-31": "854.00000", "2010-09-30": "920.00000", "2010-06-30": "848.00000", "2010-03-31": "887.00000", "2009-12-31": "1160.00000", "2009-09-30": "1269.00000", "2009-06-30": "1623.00000", "2009-03-31": "1555.00000", "2008-12-31": "1509.00000", "2008-09-30": "1576.00000", "2008-06-30": "1619.00000", "2008-03-31": "1558.00000", "2007-12-31": "1642.00000", "2007-09-30": "2230.00000", "2007-06-30": "1794.00000", "2007-03-31": "1896.00000", "2006-12-31": "1871.00000", "2006-09-30": "1867.00000", "2006-06-30": "1919.00000", "2006-03-31": "2397.00000", "2005-12-31": "2259.00000", "2005-09-30": "2760.00000", "2005-06-30": "3153.00000", "2005-03-31": "3239.00000"}, "Receivables": {"2020-09-30": "2850.00000", "2020-06-30": "4037.00000", "2020-03-31": "3932.00000", "2019-12-31": "3904.00000", "2019-09-30": "4039.00000", "2019-06-30": "3888.00000", "2019-03-31": "4014.00000", "2018-12-31": "3857.00000", "2018-09-30": "2199.00000", "2018-06-30": "2196.00000", "2018-03-31": "1874.00000", "2017-12-31": "2104.00000", "2017-09-30": "2385.00000", "2017-06-30": "2061.00000", "2017-03-31": "2156.00000", "2016-12-31": "2213.00000", "2016-09-30": "1926.00000", "2016-06-30": "1840.00000", "2016-03-31": "1568.00000", "2015-12-31": "1547.00000", "2015-09-30": "1653.00000", "2015-06-30": "1593.00000", "2015-03-31": "1414.00000", "2014-12-31": "1535.00000", "2014-09-30": "1626.00000", "2014-06-30": "1926.00000", "2014-03-31": "1802.00000", "2013-12-31": "1977.00000", "2013-09-30": "1762.00000", "2013-06-30": "1671.00000", "2013-03-31": "1407.00000", "2012-12-31": "1513.00000", "2012-09-30": "1869.00000", "2012-06-30": "1381.00000", "2012-03-31": "1897.00000", "2011-12-31": "2014.00000", "2011-09-30": "1979.00000", "2011-06-30": "1933.00000", "2011-03-31": "1771.00000", "2010-12-31": "1785.00000", "2010-09-30": "989.00000", "2010-06-30": "846.00000", "2010-03-31": "1640.00000", "2009-12-31": "1736.00000", "2009-09-30": "1667.00000", "2009-06-30": "1652.00000", "2009-03-31": "1535.00000", "2008-12-31": "1871.00000", "2008-09-30": "2530.00000", "2008-06-30": "2469.00000", "2008-03-31": "2365.00000", "2007-12-31": "1660.00000", "2007-09-30": "2424.00000", "2007-06-30": "2376.00000", "2007-03-31": "2158.00000", "2006-12-31": "2343.00000", "2006-09-30": "2183.00000", "2006-06-30": "2149.00000", "2006-03-31": "2121.00000", "2005-12-31": "2443.00000", "2005-09-30": "2120.00000", "2005-06-30": "2029.00000", "2005-03-31": "1916.00000"}, "Inventory": {"2020-09-30": "646.00000", "2020-06-30": "653.00000", "2020-03-31": "644.00000", "2019-12-31": "647.00000", "2019-09-30": "635.00000", "2019-06-30": "608.00000", "2019-03-31": "536.00000", "2018-12-31": "554.00000", "2018-09-30": "505.00000", "2018-06-30": "487.00000", "2018-03-31": "453.00000", "2017-12-31": "481.00000", "2017-09-30": "498.00000", "2017-06-30": "501.00000", "2017-03-31": "465.00000", "2016-12-31": "463.00000", "2016-09-30": "477.00000", "2016-06-30": "469.00000", "2016-03-31": "453.00000", "2015-12-31": "439.00000", "2015-09-30": "471.00000", "2015-06-30": "456.00000", "2015-03-31": "418.00000", "2014-12-31": "476.00000", "2014-09-30": "497.00000", "2014-06-30": "461.00000", "2014-03-31": "392.00000", "2013-12-31": "454.00000", "2013-09-30": "500.00000", "2013-06-30": "475.00000", "2013-03-31": "389.00000", "2012-12-31": "444.00000", "2012-09-30": "454.00000", "2012-06-30": "415.00000", "2012-03-31": "370.00000", "2011-12-31": "420.00000", "2011-09-30": "417.00000", "2011-06-30": "356.00000", "2011-03-31": "292.00000", "2010-12-31": "357.00000", "2010-09-30": "379.00000", "2010-06-30": "334.00000", "2010-03-31": "255.00000", "2009-12-31": "314.00000", "2009-09-30": "345.00000", "2009-06-30": "311.00000", "2009-03-31": "257.00000", "2008-12-31": "423.00000", "2008-09-30": "505.00000", "2008-06-30": "428.00000", "2008-03-31": "264.00000", "2007-12-31": "371.00000", "2007-09-30": "422.00000", "2007-06-30": "352.00000", "2007-03-31": "255.00000", "2006-12-31": "330.00000", "2006-09-30": "372.00000", "2006-06-30": "304.00000", "2006-03-31": "218.00000", "2005-12-31": "364.00000", "2005-09-30": "401.00000", "2005-06-30": "312.00000", "2005-03-31": "214.00000"}, "Pre-Paid Expenses": {"2020-09-30": "", "2020-06-30": "", "2020-03-31": "", "2019-12-31": "", "2019-09-30": "", "2019-06-30": "", "2019-03-31": "", "2018-12-31": "", "2018-09-30": "", "2018-06-30": "", "2018-03-31": "", "2017-12-31": "", "2017-09-30": "", "2017-06-30": "", "2017-03-31": "", "2016-12-31": "", "2016-09-30": "", "2016-06-30": "", "2016-03-31": "", "2015-12-31": "", "2015-09-30": "", "2015-06-30": "", "2015-03-31": "", "2014-12-31": "", "2014-09-30": "", "2014-06-30": "", "2014-03-31": "", "2013-12-31": "", "2013-09-30": "", "2013-06-30": "", "2013-03-31": "", "2012-12-31": "", "2012-09-30": "", "2012-06-30": "", "2012-03-31": "", "2011-12-31": "", "2011-09-30": "", "2011-06-30": "", "2011-03-31": "", "2010-12-31": "", "2010-09-30": "807.00000", "2010-06-30": "734.00000", "2010-03-31": "733.00000", "2009-12-31": "", "2009-09-30": "640.00000", "2009-06-30": "781.00000", "2009-03-31": "833.00000", "2008-12-31": "718.00000", "2008-09-30": "580.00000", "2008-06-30": "469.00000", "2008-03-31": "390.00000", "2007-12-31": "255.00000", "2007-09-30": "404.00000", "2007-06-30": "435.00000", "2007-03-31": "427.00000", "2006-12-31": "716.00000", "2006-09-30": "753.00000", "2006-06-30": "262.00000", "2006-03-31": "256.00000", "2005-12-31": "187.00000", "2005-09-30": "243.00000", "2005-06-30": "72.00000", "2005-03-31": "55.00000"}, "Other Current Assets": {"2020-09-30": "5623.00000", "2020-06-30": "4942.00000", "2020-03-31": "4022.00000", "2019-12-31": "4037.00000", "2019-09-30": "3933.00000", "2019-06-30": "3622.00000", "2019-03-31": "3179.00000", "2018-12-31": "3116.00000", "2018-09-30": "3215.00000", "2018-06-30": "3167.00000", "2018-03-31": "3384.00000", "2017-12-31": "3247.00000", "2017-09-30": "3302.00000", "2017-06-30": "3324.00000", "2017-03-31": "3188.00000", "2016-12-31": "3311.00000", "2016-09-30": "3107.00000", "2016-06-30": "3402.00000", "2016-03-31": "3237.00000", "2015-12-31": "3470.00000", "2015-09-30": "3566.00000", "2015-06-30": "3861.00000", "2015-03-31": "3751.00000", "2014-12-31": "3929.00000", "2014-09-30": "3510.00000", "2014-06-30": "3379.00000", "2014-03-31": "3291.00000", "2013-12-31": "2949.00000", "2013-09-30": "2678.00000", "2013-06-30": "2710.00000", "2013-03-31": "2514.00000", "2012-12-31": "2433.00000", "2012-09-30": "2556.00000", "2012-06-30": "3071.00000", "2012-03-31": "3257.00000", "2011-12-31": "3153.00000", "2011-09-30": "2811.00000", "2011-06-30": "3116.00000", "2011-03-31": "2737.00000", "2010-12-31": "2546.00000", "2010-09-30": "1870.00000", "2010-06-30": "2091.00000", "2010-03-31": "2106.00000", "2009-12-31": "2447.00000", "2009-09-30": "1689.00000", "2009-06-30": "2061.00000", "2009-03-31": "2017.00000", "2008-12-31": "1882.00000", "2008-09-30": "1117.00000", "2008-06-30": "1357.00000", "2008-03-31": "1179.00000", "2007-12-31": "1521.00000", "2007-09-30": "601.00000", "2007-06-30": "886.00000", "2007-03-31": "895.00000", "2006-12-31": "607.00000", "2006-09-30": "521.00000", "2006-06-30": "969.00000", "2006-03-31": "999.00000", "2005-12-31": "727.00000", "2005-09-30": "483.00000", "2005-06-30": "859.00000", "2005-03-31": "968.00000"}, "Total Current Assets": {"2020-09-30": "9798.00000", "2020-06-30": "25013.00000", "2020-03-31": "10558.00000", "2019-12-31": "10165.00000", "2019-09-30": "11577.00000", "2019-06-30": "11577.00000", "2019-03-31": "10693.00000", "2018-12-31": "9195.00000", "2018-09-30": "6349.00000", "2018-06-30": "6367.00000", "2018-03-31": "5855.00000", "2017-12-31": "6281.00000", "2017-09-30": "6383.00000", "2017-06-30": "6071.00000", "2017-03-31": "5980.00000", "2016-12-31": "6164.00000", "2016-09-30": "5749.00000", "2016-06-30": "6135.00000", "2016-03-31": "5634.00000", "2015-12-31": "5813.00000", "2015-09-30": "6131.00000", "2015-06-30": "6446.00000", "2015-03-31": "6026.00000", "2014-12-31": "6389.00000", "2014-09-30": "6071.00000", "2014-06-30": "6197.00000", "2014-03-31": "5892.00000", "2013-12-31": "5977.00000", "2013-09-30": "5522.00000", "2013-06-30": "5442.00000", "2013-03-31": "4892.00000", "2012-12-31": "5121.00000", "2012-09-30": "5593.00000", "2012-06-30": "5540.00000", "2012-03-31": "6166.00000", "2011-12-31": "6480.00000", "2011-09-30": "5877.00000", "2011-06-30": "6122.00000", "2011-03-31": "5471.00000", "2010-12-31": "5542.00000", "2010-09-30": "5751.00000", "2010-06-30": "5612.00000", "2010-03-31": "5621.00000", "2009-12-31": "5657.00000", "2009-09-30": "5610.00000", "2009-06-30": "6428.00000", "2009-03-31": "6197.00000", "2008-12-31": "6403.00000", "2008-09-30": "6308.00000", "2008-06-30": "6342.00000", "2008-03-31": "5756.00000", "2007-12-31": "5449.00000", "2007-09-30": "6081.00000", "2007-06-30": "5843.00000", "2007-03-31": "5631.00000", "2006-12-31": "5867.00000", "2006-09-30": "5696.00000", "2006-06-30": "5603.00000", "2006-03-31": "5991.00000", "2005-12-31": "5980.00000", "2005-09-30": "6007.00000", "2005-06-30": "6425.00000", "2005-03-31": "6392.00000"}, "Property, Plant, And Equipment": {"2020-09-30": "64670.00000", "2020-06-30": "63401.00000", "2020-03-31": "62498.00000", "2019-12-31": "61635.00000", "2019-09-30": "61324.00000", "2019-06-30": "60251.00000", "2019-03-31": "59237.00000", "2018-12-31": "58557.00000", "2018-09-30": "56205.00000", "2018-06-30": "55154.00000", "2018-03-31": "54341.00000", "2017-12-31": "53789.00000", "2017-09-30": "52523.00000", "2017-06-30": "51636.00000", "2017-03-31": "51080.00000", "2016-12-31": "50581.00000", "2016-09-30": "49430.00000", "2016-06-30": "48597.00000", "2016-03-31": "48044.00000", "2015-12-31": "46723.00000", "2015-09-30": "45647.00000", "2015-06-30": "45010.00000", "2015-03-31": "44441.00000", "2014-12-31": "43941.00000", "2014-09-30": "43172.00000", "2014-06-30": "42483.00000", "2014-03-31": "41817.00000", "2013-12-31": "41252.00000", "2013-09-30": "39757.00000", "2013-06-30": "39067.00000", "2013-03-31": "38282.00000", "2012-12-31": "37523.00000", "2012-09-30": "35650.00000", "2012-06-30": "34902.00000", "2012-03-31": "34249.00000", "2011-12-31": "33655.00000", "2011-09-30": "32832.00000", "2011-06-30": "32127.00000", "2011-03-31": "31872.00000", "2010-12-31": "31449.00000", "2010-09-30": "30675.00000", "2010-06-30": "29983.00000", "2010-03-31": "29377.00000", "2009-12-31": "28892.00000", "2009-09-30": "28184.00000", "2009-06-30": "27599.00000", "2009-03-31": "26923.00000", "2008-12-31": "26261.00000", "2008-09-30": "25424.00000", "2008-06-30": "24705.00000", "2008-03-31": "24222.00000", "2007-12-31": "23656.00000", "2007-09-30": "23034.00000", "2007-06-30": "22542.00000", "2007-03-31": "22145.00000", "2006-12-31": "21785.00000", "2006-09-30": "21361.00000", "2006-06-30": "20604.00000", "2006-03-31": "20254.00000", "2005-12-31": "19955.00000", "2005-09-30": "19548.00000", "2005-06-30": "19295.00000", "2005-03-31": "19068.00000"}, "Long-Term Investments": {"2020-09-30": "", "2020-06-30": "", "2020-03-31": "", "2019-12-31": "", "2019-09-30": "", "2019-06-30": "", "2019-03-31": "", "2018-12-31": "", "2018-09-30": "", "2018-06-30": "", "2018-03-31": "", "2017-12-31": "", "2017-09-30": "", "2017-06-30": "", "2017-03-31": "", "2016-12-31": "", "2016-09-30": "", "2016-06-30": "", "2016-03-31": "", "2015-12-31": "", "2015-09-30": "", "2015-06-30": "", "2015-03-31": "", "2014-12-31": "", "2014-09-30": "", "2014-06-30": "", "2014-03-31": "", "2013-12-31": "", "2013-09-30": "", "2013-06-30": "", "2013-03-31": "", "2012-12-31": "", "2012-09-30": "", "2012-06-30": "", "2012-03-31": "", "2011-12-31": "", "2011-09-30": "", "2011-06-30": "", "2011-03-31": "", "2010-12-31": "", "2010-09-30": "", "2010-06-30": "", "2010-03-31": "", "2009-12-31": "", "2009-09-30": "", "2009-06-30": "", "2009-03-31": "", "2008-12-31": "", "2008-09-30": "", "2008-06-30": "", "2008-03-31": "", "2007-12-31": "", "2007-09-30": "", "2007-06-30": "", "2007-03-31": "", "2006-12-31": "", "2006-09-30": "", "2006-06-30": "", "2006-03-31": "", "2005-12-31": "", "2005-09-30": "", "2005-06-30": "", "2005-03-31": ""}, "Goodwill And Intangible Assets": {"2020-09-30": "", "2020-06-30": "", "2020-03-31": "", "2019-12-31": "", "2019-09-30": "", "2019-06-30": "", "2019-03-31": "", "2018-12-31": "", "2018-09-30": "", "2018-06-30": "", "2018-03-31": "", "2017-12-31": "", "2017-09-30": "", "2017-06-30": "", "2017-03-31": "", "2016-12-31": "", "2016-09-30": "", "2016-06-30": "", "2016-03-31": "", "2015-12-31": "", "2015-09-30": "", "2015-06-30": "", "2015-03-31": "", "2014-12-31": "", "2014-09-30": "", "2014-06-30": "", "2014-03-31": "", "2013-12-31": "", "2013-09-30": "", "2013-06-30": "", "2013-03-31": "", "2012-12-31": "", "2012-09-30": "", "2012-06-30": "", "2012-03-31": "", "2011-12-31": "", "2011-09-30": "", "2011-06-30": "", "2011-03-31": "", "2010-12-31": "", "2010-09-30": "", "2010-06-30": "", "2010-03-31": "", "2009-12-31": "", "2009-09-30": "", "2009-06-30": "", "2009-03-31": "", "2008-12-31": "", "2008-09-30": "", "2008-06-30": "", "2008-03-31": "", "2007-12-31": "", "2007-09-30": "", "2007-06-30": "", "2007-03-31": "", "2006-12-31": "", "2006-09-30": "", "2006-06-30": "", "2006-03-31": "", "2005-12-31": "", "2005-09-30": "", "2005-06-30": "", "2005-03-31": ""}, "Other Long-Term Assets": {"2020-09-30": "7855.00000", "2020-06-30": "7918.00000", "2020-03-31": "1841.00000", "2019-12-31": "1804.00000", "2019-09-30": "1538.00000", "2019-06-30": "1465.00000", "2019-03-31": "1467.00000", "2018-12-31": "1480.00000", "2018-09-30": "1418.00000", "2018-06-30": "1353.00000", "2018-03-31": "1392.00000", "2017-12-31": "1221.00000", "2017-09-30": "1229.00000", "2017-06-30": "1234.00000", "2017-03-31": "1244.00000", "2016-12-31": "1226.00000", "2016-09-30": "1185.00000", "2016-06-30": "1187.00000", "2016-03-31": "1173.00000", "2015-12-31": "1064.00000", "2015-09-30": "1113.00000", "2015-06-30": "1101.00000", "2015-03-31": "1048.00000", "2014-12-31": "963.00000", "2014-09-30": "932.00000", "2014-06-30": "1096.00000", "2014-03-31": "1104.00000", "2013-12-31": "1036.00000", "2013-09-30": "673.00000", "2013-06-30": "689.00000", "2013-03-31": "675.00000", "2012-12-31": "659.00000", "2012-09-30": "943.00000", "2012-06-30": "648.00000", "2012-03-31": "662.00000", "2011-12-31": "1068.00000", "2011-09-30": "673.00000", "2011-06-30": "606.00000", "2011-03-31": "641.00000", "2010-12-31": "614.00000", "2010-09-30": "1148.00000", "2010-06-30": "1159.00000", "2010-03-31": "1011.00000", "2009-12-31": "379.00000", "2009-09-30": "956.00000", "2009-06-30": "461.00000", "2009-03-31": "494.00000", "2008-12-31": "482.00000", "2008-09-30": "1094.00000", "2008-06-30": "1351.00000", "2008-03-31": "1187.00000", "2007-12-31": "1089.00000", "2007-09-30": "458.00000", "2007-06-30": "488.00000", "2007-03-31": "389.00000", "2006-12-31": "373.00000", "2006-09-30": "707.00000", "2006-06-30": "710.00000", "2006-03-31": "707.00000", "2005-12-31": "842.00000", "2005-09-30": "912.00000", "2005-06-30": "802.00000", "2005-03-31": "938.00000"}, "Total Long-Term Assets": {"2020-09-30": "83896.00000", "2020-06-30": "82089.00000", "2020-03-31": "73921.00000", "2019-12-31": "72745.00000", "2019-09-30": "71701.00000", "2019-06-30": "70148.00000", "2019-03-31": "68856.00000", "2018-12-31": "67800.00000", "2018-09-30": "65036.00000", "2018-06-30": "63522.00000", "2018-03-31": "62299.00000", "2017-12-31": "61731.00000", "2017-09-30": "65143.00000", "2017-06-30": "63984.00000", "2017-03-31": "63184.00000", "2016-12-31": "62434.00000", "2016-09-30": "60816.00000", "2016-06-30": "59792.00000", "2016-03-31": "59016.00000", "2015-12-31": "57421.00000", "2015-09-30": "55858.00000", "2015-06-30": "55185.00000", "2015-03-31": "54521.00000", "2014-12-31": "53738.00000", "2014-09-30": "51813.00000", "2014-06-30": "50828.00000", "2014-03-31": "50095.00000", "2013-12-31": "49628.00000", "2013-09-30": "49692.00000", "2013-06-30": "48882.00000", "2013-03-31": "48170.00000", "2012-12-31": "47328.00000", "2012-09-30": "45275.00000", "2012-06-30": "44575.00000", "2012-03-31": "44022.00000", "2011-12-31": "43270.00000", "2011-09-30": "41640.00000", "2011-06-30": "41196.00000", "2011-03-31": "40788.00000", "2010-12-31": "40483.00000", "2010-09-30": "39502.00000", "2010-06-30": "38606.00000", "2010-03-31": "37919.00000", "2009-12-31": "37288.00000", "2009-09-30": "36941.00000", "2009-06-30": "35769.00000", "2009-03-31": "35138.00000", "2008-12-31": "34457.00000", "2008-09-30": "32570.00000", "2008-06-30": "32270.00000", "2008-03-31": "31690.00000", "2007-12-31": "31183.00000", "2007-09-30": "30000.00000", "2007-06-30": "29590.00000", "2007-03-31": "29154.00000", "2006-12-31": "28936.00000", "2006-09-30": "29133.00000", "2006-06-30": "28377.00000", "2006-03-31": "28083.00000", "2005-12-31": "28094.00000", "2005-09-30": "28153.00000", "2005-06-30": "27992.00000", "2005-03-31": "28045.00000"}, "Total Assets": {"2020-09-30": "95587.00000", "2020-06-30": "109229.00000", "2020-03-31": "86688.00000", "2019-12-31": "85196.00000", "2019-09-30": "85713.00000", "2019-06-30": "84387.00000", "2019-03-31": "82287.00000", "2018-12-31": "76995.00000", "2018-09-30": "71385.00000", "2018-06-30": "69889.00000", "2018-03-31": "68154.00000", "2017-12-31": "68012.00000", "2017-09-30": "71526.00000", "2017-06-30": "70055.00000", "2017-03-31": "69164.00000", "2016-12-31": "68598.00000", "2016-09-30": "66565.00000", "2016-06-30": "65927.00000", "2016-03-31": "64650.00000", "2015-12-31": "63234.00000", "2015-09-30": "61989.00000", "2015-06-30": "61631.00000", "2015-03-31": "60547.00000", "2014-12-31": "60127.00000", "2014-09-30": "57884.00000", "2014-06-30": "57025.00000", "2014-03-31": "55987.00000", "2013-12-31": "55605.00000", "2013-09-30": "55214.00000", "2013-06-30": "54324.00000", "2013-03-31": "53062.00000", "2012-12-31": "52449.00000", "2012-09-30": "50868.00000", "2012-06-30": "50115.00000", "2012-03-31": "50188.00000", "2011-12-31": "49750.00000", "2011-09-30": "47517.00000", "2011-06-30": "47318.00000", "2011-03-31": "46259.00000", "2010-12-31": "46025.00000", "2010-09-30": "45253.00000", "2010-06-30": "44218.00000", "2010-03-31": "43540.00000", "2009-12-31": "42945.00000", "2009-09-30": "42551.00000", "2009-06-30": "42197.00000", "2009-03-31": "41335.00000", "2008-12-31": "40860.00000", "2008-09-30": "38878.00000", "2008-06-30": "38612.00000", "2008-03-31": "37446.00000", "2007-12-31": "36632.00000", "2007-09-30": "36081.00000", "2007-06-30": "35433.00000", "2007-03-31": "34785.00000", "2006-12-31": "34803.00000", "2006-09-30": "34829.00000", "2006-06-30": "33980.00000", "2006-03-31": "34074.00000", "2005-12-31": "34074.00000", "2005-09-30": "34160.00000", "2005-06-30": "34417.00000", "2005-03-31": "34437.00000"}, "Total Current Liabilities": {"2020-09-30": "13321.00000", "2020-06-30": "45795.00000", "2020-03-31": "8253.00000", "2019-12-31": "7631.00000", "2019-09-30": "6472.00000", "2019-06-30": "5711.00000", "2019-03-31": "4808.00000", "2018-12-31": "41695.00000", "2018-09-30": "9489.00000", "2018-06-30": "9786.00000", "2018-03-31": "6920.00000", "2017-12-31": "7129.00000", "2017-09-30": "7473.00000", "2017-06-30": "6948.00000", "2017-03-31": "6538.00000", "2016-12-31": "7564.00000", "2016-09-30": "6270.00000", "2016-06-30": "6651.00000", "2016-03-31": "5974.00000", "2015-12-31": "6363.00000", "2015-09-30": "6108.00000", "2015-06-30": "6302.00000", "2015-03-31": "6153.00000", "2014-12-31": "5920.00000", "2014-09-30": "5726.00000", "2014-06-30": "6649.00000", "2014-03-31": "6147.00000", "2013-12-31": "7493.00000", "2013-09-30": "7644.00000", "2013-06-30": "7382.00000", "2013-03-31": "7048.00000", "2012-12-31": "6256.00000", "2012-09-30": "5436.00000", "2012-06-30": "6357.00000", "2012-03-31": "7275.00000", "2011-12-31": "7749.00000", "2011-09-30": "6818.00000", "2011-06-30": "7022.00000", "2011-03-31": "7772.00000", "2010-12-31": "7185.00000", "2010-09-30": "7184.00000", "2010-06-30": "7619.00000", "2010-03-31": "7780.00000", "2009-12-31": "6813.00000", "2009-09-30": "6949.00000", "2009-06-30": "7432.00000", "2009-03-31": "6950.00000", "2008-12-31": "7626.00000", "2008-09-30": "8497.00000", "2008-06-30": "8061.00000", "2008-03-31": "7664.00000", "2007-12-31": "6707.00000", "2007-09-30": "7491.00000", "2007-06-30": "6950.00000", "2007-03-31": "6956.00000", "2006-12-31": "8250.00000", "2006-09-30": "7554.00000", "2006-06-30": "7075.00000", "2006-03-31": "7073.00000", "2005-12-31": "6932.00000", "2005-09-30": "6415.00000", "2005-06-30": "6571.00000", "2005-03-31": "6732.00000"}, "Long Term Debt": {"2020-09-30": "36311.00000", "2020-06-30": "34920.00000", "2020-03-31": "", "2019-12-31": "", "2019-09-30": "", "2019-06-30": "", "2019-03-31": "", "2018-12-31": "", "2018-09-30": "18407.00000", "2018-06-30": "17612.00000", "2018-03-31": "17407.00000", "2017-12-31": "17753.00000", "2017-09-30": "16619.00000", "2017-06-30": "16616.00000", "2017-03-31": "16813.00000", "2016-12-31": "16220.00000", "2016-09-30": "16528.00000", "2016-06-30": "16525.00000", "2016-03-31": "16522.00000", "2015-12-31": "15925.00000", "2015-09-30": "15545.00000", "2015-06-30": "15544.00000", "2015-03-31": "15051.00000", "2014-12-31": "15050.00000", "2014-09-30": "14555.00000", "2014-06-30": "13966.00000", "2014-03-31": "13965.00000", "2013-12-31": "12717.00000", "2013-09-30": "11918.00000", "2013-06-30": "11917.00000", "2013-03-31": "11518.00000", "2012-12-31": "12517.00000", "2012-09-30": "12915.00000", "2012-06-30": "12166.00000", "2012-03-31": "11767.00000", "2011-12-31": "11766.00000", "2011-09-30": "11626.00000", "2011-06-30": "11689.00000", "2011-03-31": "10615.00000", "2010-12-31": "11329.00000", "2010-09-30": "11255.00000", "2010-06-30": "10815.00000", "2010-03-31": "10612.00000", "2009-12-31": "11208.00000", "2009-09-30": "10767.00000", "2009-06-30": "10964.00000", "2009-03-31": "11305.00000", "2008-12-31": "10534.00000", "2008-09-30": "9126.00000", "2008-06-30": "9130.00000", "2008-03-31": "9215.00000", "2007-12-31": "9753.00000", "2007-09-30": "9349.00000", "2007-06-30": "9444.00000", "2007-03-31": "9245.00000", "2006-12-31": "8633.00000", "2006-09-30": "8797.00000", "2006-06-30": "8961.00000", "2006-03-31": "9385.00000", "2005-12-31": "9542.00000", "2005-09-30": "8925.00000", "2005-06-30": "9058.00000", "2005-03-31": "8919.00000"}, "Other Non-Current Liabilities": {"2020-09-30": "20415.00000", "2020-06-30": "20025.00000", "2020-03-31": "68661.00000", "2019-12-31": "68243.00000", "2019-09-30": "64661.00000", "2019-06-30": "61616.00000", "2019-03-31": "56872.00000", "2018-12-31": "16997.00000", "2018-09-30": "15957.00000", "2018-06-30": "15709.00000", "2018-03-31": "15760.00000", "2017-12-31": "15708.00000", "2017-09-30": "14356.00000", "2017-06-30": "14160.00000", "2017-03-31": "14054.00000", "2016-12-31": "13768.00000", "2016-09-30": "13679.00000", "2016-06-30": "13566.00000", "2016-03-31": "13338.00000", "2015-12-31": "12290.00000", "2015-09-30": "12220.00000", "2015-06-30": "12246.00000", "2015-03-31": "12211.00000", "2014-12-31": "12083.00000", "2014-09-30": "11981.00000", "2014-06-30": "11678.00000", "2014-03-31": "11513.00000", "2013-12-31": "11377.00000", "2013-09-30": "10406.00000", "2013-06-30": "10250.00000", "2013-03-31": "10176.00000", "2012-12-31": "10027.00000", "2012-09-30": "8838.00000", "2012-06-30": "8749.00000", "2012-03-31": "8680.00000", "2011-12-31": "8478.00000", "2011-09-30": "8307.00000", "2011-06-30": "8304.00000", "2011-03-31": "8197.00000", "2010-12-31": "8196.00000", "2010-09-30": "8208.00000", "2010-06-30": "8006.00000", "2010-03-31": "7903.00000", "2009-12-31": "7834.00000", "2009-09-30": "7789.00000", "2009-06-30": "7519.00000", "2009-03-31": "7497.00000", "2008-12-31": "7586.00000", "2008-09-30": "8386.00000", "2008-06-30": "8998.00000", "2008-03-31": "8471.00000", "2007-12-31": "8215.00000", "2007-09-30": "7616.00000", "2007-06-30": "7599.00000", "2007-03-31": "7306.00000", "2006-12-31": "6911.00000", "2006-09-30": "7379.00000", "2006-06-30": "7086.00000", "2006-03-31": "6850.00000", "2005-12-31": "6926.00000", "2005-09-30": "7052.00000", "2005-06-30": "6864.00000", "2005-03-31": "6950.00000"}, "Total Long Term Liabilities": {"2020-09-30": "61202.00000", "2020-06-30": "59633.00000", "2020-03-31": "72676.00000", "2019-12-31": "72177.00000", "2019-09-30": "70250.00000", "2019-06-30": "68082.00000", "2019-03-31": "64350.00000", "2018-12-31": "22397.00000", "2018-09-30": "42200.00000", "2018-06-30": "41042.00000", "2018-03-31": "41251.00000", "2017-12-31": "41411.00000", "2017-09-30": "44767.00000", "2017-06-30": "44216.00000", "2017-03-31": "44021.00000", "2016-12-31": "42842.00000", "2016-09-30": "42689.00000", "2016-06-30": "42278.00000", "2016-03-31": "41812.00000", "2015-12-31": "40043.00000", "2015-09-30": "39061.00000", "2015-06-30": "39058.00000", "2015-03-31": "38439.00000", "2014-12-31": "38207.00000", "2014-09-30": "36127.00000", "2014-06-30": "35096.00000", "2014-03-31": "34908.00000", "2013-12-31": "33518.00000", "2013-09-30": "33310.00000", "2013-06-30": "32820.00000", "2013-03-31": "32190.00000", "2012-12-31": "32867.00000", "2012-09-30": "32047.00000", "2012-06-30": "30704.00000", "2012-03-31": "30101.00000", "2011-12-31": "29648.00000", "2011-09-30": "28488.00000", "2011-06-30": "28255.00000", "2011-03-31": "26821.00000", "2010-12-31": "27306.00000", "2010-09-30": "26794.00000", "2010-06-30": "25476.00000", "2010-03-31": "25139.00000", "2009-12-31": "25547.00000", "2009-09-30": "25188.00000", "2009-06-30": "24567.00000", "2009-03-31": "24523.00000", "2008-12-31": "23605.00000", "2008-09-30": "20990.00000", "2008-06-30": "21402.00000", "2008-03-31": "20837.00000", "2007-12-31": "21120.00000", "2007-09-30": "19940.00000", "2007-06-30": "20035.00000", "2007-03-31": "19600.00000", "2006-12-31": "18490.00000", "2006-09-30": "19263.00000", "2006-06-30": "19189.00000", "2006-03-31": "19392.00000", "2005-12-31": "19672.00000", "2005-09-30": "19258.00000", "2005-06-30": "19496.00000", "2005-03-31": "19598.00000"}, "Total Liabilities": {"2020-09-30": "74523.00000", "2020-06-30": "105428.00000", "2020-03-31": "80929.00000", "2019-12-31": "79808.00000", "2019-09-30": "76722.00000", "2019-06-30": "73793.00000", "2019-03-31": "69158.00000", "2018-12-31": "64092.00000", "2018-09-30": "51689.00000", "2018-06-30": "50828.00000", "2018-03-31": "48171.00000", "2017-12-31": "48540.00000", "2017-09-30": "52240.00000", "2017-06-30": "51164.00000", "2017-03-31": "50559.00000", "2016-12-31": "50406.00000", "2016-09-30": "48959.00000", "2016-06-30": "48929.00000", "2016-03-31": "47786.00000", "2015-12-31": "46406.00000", "2015-09-30": "45169.00000", "2015-06-30": "45360.00000", "2015-03-31": "44592.00000", "2014-12-31": "44127.00000", "2014-09-30": "41853.00000", "2014-06-30": "41745.00000", "2014-03-31": "41055.00000", "2013-12-31": "41011.00000", "2013-09-30": "40954.00000", "2013-06-30": "40202.00000", "2013-03-31": "39238.00000", "2012-12-31": "39123.00000", "2012-09-30": "37483.00000", "2012-06-30": "37061.00000", "2012-03-31": "37376.00000", "2011-12-31": "37397.00000", "2011-09-30": "35306.00000", "2011-06-30": "35277.00000", "2011-03-31": "34593.00000", "2010-12-31": "34491.00000", "2010-09-30": "33978.00000", "2010-06-30": "33095.00000", "2010-03-31": "32919.00000", "2009-12-31": "32360.00000", "2009-09-30": "32137.00000", "2009-06-30": "31999.00000", "2009-03-31": "31473.00000", "2008-12-31": "31231.00000", "2008-09-30": "29487.00000", "2008-06-30": "29463.00000", "2008-03-31": "28501.00000", "2007-12-31": "27827.00000", "2007-09-30": "27431.00000", "2007-06-30": "26985.00000", "2007-03-31": "26556.00000", "2006-12-31": "26740.00000", "2006-09-30": "26817.00000", "2006-06-30": "26264.00000", "2006-03-31": "26465.00000", "2005-12-31": "26604.00000", "2005-09-30": "25673.00000", "2005-06-30": "26067.00000", "2005-03-31": "26330.00000"}, "Common Stock Net": {"2020-09-30": "30222.00000", "2020-06-30": "13045.00000", "2020-03-31": "13035.00000", "2019-12-31": "13038.00000", "2019-09-30": "13027.00000", "2019-06-30": "13014.00000", "2019-03-31": "13000.00000", "2018-12-31": "12910.00000", "2018-09-30": "12833.00000", "2018-06-30": "12765.00000", "2018-03-31": "12701.00000", "2017-12-31": "12632.00000", "2017-09-30": "12560.00000", "2017-06-30": "12442.00000", "2017-03-31": "12292.00000", "2016-12-31": "12198.00000", "2016-09-30": "12083.00000", "2016-06-30": "11616.00000", "2016-03-31": "11440.00000", "2015-12-31": "11282.00000", "2015-09-30": "11183.00000", "2015-06-30": "10717.00000", "2015-03-31": "10583.00000", "2014-12-31": "10421.00000", "2014-09-30": "10350.00000", "2014-06-30": "10176.00000", "2014-03-31": "9869.00000", "2013-12-31": "9550.00000", "2013-09-30": "9212.00000", "2013-06-30": "9032.00000", "2013-03-31": "8879.00000", "2012-12-31": "8428.00000", "2012-09-30": "8362.00000", "2012-06-30": "8204.00000", "2012-03-31": "8011.00000", "2011-12-31": "7602.00000", "2011-09-30": "7318.00000", "2011-06-30": "7171.00000", "2011-03-31": "6983.00000", "2010-12-31": "6878.00000", "2010-09-30": "6712.00000", "2010-06-30": "6646.00000", "2010-03-31": "6307.00000", "2009-12-31": "6280.00000", "2009-09-30": "6265.00000", "2009-06-30": "6219.00000", "2009-03-31": "6123.00000", "2008-12-31": "5984.00000", "2008-09-30": "5883.00000", "2008-06-30": "6211.00000", "2008-03-31": "6162.00000", "2007-12-31": "6110.00000", "2007-09-30": "6044.00000", "2007-06-30": "5999.00000", "2007-03-31": "5926.00000", "2006-12-31": "5877.00000", "2006-09-30": "5853.00000", "2006-06-30": "5834.00000", "2006-03-31": "5844.00000", "2005-12-31": "5827.00000", "2005-09-30": "6312.00000", "2005-06-30": "6282.00000", "2005-03-31": "6196.00000"}, "Retained Earnings (Accumulated Deficit)": {"2020-09-30": "-9400.00000", "2020-06-30": "-9486.00000", "2020-03-31": "-7518.00000", "2019-12-31": "-7892.00000", "2019-09-30": "-4279.00000", "2019-06-30": "-2663.00000", "2019-03-31": "-114.00000", "2018-12-31": "-250.00000", "2018-09-30": "6623.00000", "2018-06-30": "6057.00000", "2018-03-31": "7043.00000", "2017-12-31": "6596.00000", "2017-09-30": "6482.00000", "2017-06-30": "6205.00000", "2017-03-31": "6070.00000", "2016-12-31": "5751.00000", "2016-09-30": "5278.00000", "2016-06-30": "5137.00000", "2016-03-31": "5179.00000", "2015-12-31": "5301.00000", "2015-09-30": "5391.00000", "2015-06-30": "5308.00000", "2015-03-31": "5126.00000", "2014-12-31": "5316.00000", "2014-09-30": "5403.00000", "2014-06-30": "4808.00000", "2014-03-31": "4756.00000", "2013-12-31": "4742.00000", "2013-09-30": "4866.00000", "2013-06-30": "4909.00000", "2013-03-31": "4784.00000", "2012-12-31": "4747.00000", "2012-09-30": "4957.00000", "2012-06-30": "4793.00000", "2012-03-31": "4752.00000", "2011-12-31": "4712.00000", "2011-09-30": "4817.00000", "2011-06-30": "4802.00000", "2011-03-31": "4624.00000", "2010-12-31": "4606.00000", "2010-09-30": "4535.00000", "2010-06-30": "4457.00000", "2010-03-31": "4302.00000", "2009-12-31": "4213.00000", "2009-09-30": "4097.00000", "2009-06-30": "3934.00000", "2009-03-31": "3701.00000", "2008-12-31": "3614.00000", "2008-09-30": "3238.00000", "2008-06-30": "3389.00000", "2008-03-31": "3237.00000", "2007-12-31": "3151.00000", "2007-09-30": "3076.00000", "2007-06-30": "2925.00000", "2007-03-31": "2783.00000", "2006-12-31": "2671.00000", "2006-09-30": "2633.00000", "2006-06-30": "2356.00000", "2006-03-31": "2239.00000", "2005-12-31": "2139.00000", "2005-09-30": "2672.00000", "2005-06-30": "2533.00000", "2005-03-31": "2379.00000"}, "Comprehensive Income": {"2020-09-30": "-10.00000", "2020-06-30": "-10.00000", "2020-03-31": "-10.00000", "2019-12-31": "-10.00000", "2019-09-30": "-9.00000", "2019-06-30": "-9.00000", "2019-03-31": "-9.00000", "2018-12-31": "-9.00000", "2018-09-30": "-12.00000", "2018-06-30": "-13.00000", "2018-03-31": "-13.00000", "2017-12-31": "-8.00000", "2017-09-30": "-8.00000", "2017-06-30": "-8.00000", "2017-03-31": "-9.00000", "2016-12-31": "-9.00000", "2016-09-30": "-7.00000", "2016-06-30": "-7.00000", "2016-03-31": "-7.00000", "2015-12-31": "-7.00000", "2015-09-30": "-6.00000", "2015-06-30": "-6.00000", "2015-03-31": "-6.00000", "2014-12-31": "11.00000", "2014-09-30": "26.00000", "2014-06-30": "44.00000", "2014-03-31": "55.00000", "2013-12-31": "50.00000", "2013-09-30": "-70.00000", "2013-06-30": "-71.00000", "2013-03-31": "-91.00000", "2012-12-31": "-101.00000", "2012-09-30": "-186.00000", "2012-06-30": "-195.00000", "2012-03-31": "-203.00000", "2011-12-31": "-213.00000", "2011-09-30": "-176.00000", "2011-06-30": "-184.00000", "2011-03-31": "-193.00000", "2010-12-31": "-202.00000", "2010-09-30": "-224.00000", "2010-06-30": "-232.00000", "2010-03-31": "-240.00000", "2009-12-31": "-160.00000", "2009-09-30": "-200.00000", "2009-06-30": "-207.00000", "2009-03-31": "-214.00000", "2008-12-31": "-221.00000", "2008-09-30": "18.00000", "2008-06-30": "15.00000", "2008-03-31": "12.00000", "2007-12-31": "10.00000", "2007-09-30": "-4.00000", "2007-06-30": "-10.00000", "2007-03-31": "-14.00000", "2006-12-31": "-19.00000", "2006-09-30": "-8.00000", "2006-06-30": "-8.00000", "2006-03-31": "-8.00000", "2005-12-31": "-8.00000", "2005-09-30": "-5.00000", "2005-06-30": "-5.00000", "2005-03-31": "-5.00000"}, "Other Share Holders Equity": {"2020-09-30": "", "2020-06-30": "", "2020-03-31": "", "2019-12-31": "", "2019-09-30": "", "2019-06-30": "", "2019-03-31": "", "2018-12-31": "", "2018-09-30": "", "2018-06-30": "", "2018-03-31": "", "2017-12-31": "", "2017-09-30": "", "2017-06-30": "", "2017-03-31": "", "2016-12-31": "", "2016-09-30": "", "2016-06-30": "", "2016-03-31": "", "2015-12-31": "", "2015-09-30": "", "2015-06-30": "", "2015-03-31": "", "2014-12-31": "", "2014-09-30": "", "2014-06-30": "", "2014-03-31": "", "2013-12-31": "", "2013-09-30": "", "2013-06-30": "", "2013-03-31": "", "2012-12-31": "", "2012-09-30": "", "2012-06-30": "", "2012-03-31": "", "2011-12-31": "", "2011-09-30": "", "2011-06-30": "", "2011-03-31": "", "2010-12-31": "", "2010-09-30": "", "2010-06-30": "", "2010-03-31": "", "2009-12-31": "", "2009-09-30": "", "2009-06-30": "", "2009-03-31": "", "2008-12-31": "", "2008-09-30": "", "2008-06-30": "", "2008-03-31": "", "2007-12-31": "", "2007-09-30": "", "2007-06-30": "", "2007-03-31": "", "2006-12-31": "", "2006-09-30": "", "2006-06-30": "", "2006-03-31": "", "2005-12-31": "", "2005-09-30": "", "2005-06-30": "", "2005-03-31": ""}, "Share Holder Equity": {"2020-09-30": "21064.00000", "2020-06-30": "3801.00000", "2020-03-31": "5759.00000", "2019-12-31": "5388.00000", "2019-09-30": "8991.00000", "2019-06-30": "10594.00000", "2019-03-31": "13129.00000", "2018-12-31": "12903.00000", "2018-09-30": "19696.00000", "2018-06-30": "19061.00000", "2018-03-31": "19983.00000", "2017-12-31": "19472.00000", "2017-09-30": "19286.00000", "2017-06-30": "18891.00000", "2017-03-31": "18605.00000", "2016-12-31": "18192.00000", "2016-09-30": "17606.00000", "2016-06-30": "16998.00000", "2016-03-31": "16864.00000", "2015-12-31": "16828.00000", "2015-09-30": "16820.00000", "2015-06-30": "16271.00000", "2015-03-31": "15955.00000", "2014-12-31": "16000.00000", "2014-09-30": "16031.00000", "2014-06-30": "15280.00000", "2014-03-31": "14932.00000", "2013-12-31": "14594.00000", "2013-09-30": "14260.00000", "2013-06-30": "14122.00000", "2013-03-31": "13824.00000", "2012-12-31": "13326.00000", "2012-09-30": "13385.00000", "2012-06-30": "13054.00000", "2012-03-31": "12812.00000", "2011-12-31": "12353.00000", "2011-09-30": "12211.00000", "2011-06-30": "12041.00000", "2011-03-31": "11666.00000", "2010-12-31": "11534.00000", "2010-09-30": "11275.00000", "2010-06-30": "11123.00000", "2010-03-31": "10621.00000", "2009-12-31": "10585.00000", "2009-09-30": "10414.00000", "2009-06-30": "10198.00000", "2009-03-31": "9862.00000", "2008-12-31": "9629.00000", "2008-09-30": "9391.00000", "2008-06-30": "9149.00000", "2008-03-31": "8945.00000", "2007-12-31": "8805.00000", "2007-09-30": "8650.00000", "2007-06-30": "8448.00000", "2007-03-31": "8229.00000", "2006-12-31": "8063.00000", "2006-09-30": "8012.00000", "2006-06-30": "7716.00000", "2006-03-31": "7609.00000", "2005-12-31": "7470.00000", "2005-09-30": "8487.00000", "2005-06-30": "8350.00000", "2005-03-31": "8107.00000"}, "Total Liabilities And Share Holders Equity": {"2020-09-30": "95587.00000", "2020-06-30": "109229.00000", "2020-03-31": "86688.00000", "2019-12-31": "85196.00000", "2019-09-30": "85713.00000", "2019-06-30": "84387.00000", "2019-03-31": "82287.00000", "2018-12-31": "76995.00000", "2018-09-30": "71385.00000", "2018-06-30": "69889.00000", "2018-03-31": "68154.00000", "2017-12-31": "68012.00000", "2017-09-30": "71526.00000", "2017-06-30": "70055.00000", "2017-03-31": "69164.00000", "2016-12-31": "68598.00000", "2016-09-30": "66565.00000", "2016-06-30": "65927.00000", "2016-03-31": "64650.00000", "2015-12-31": "63234.00000", "2015-09-30": "61989.00000", "2015-06-30": "61631.00000", "2015-03-31": "60547.00000", "2014-12-31": "60127.00000", "2014-09-30": "57884.00000", "2014-06-30": "57025.00000", "2014-03-31": "55987.00000", "2013-12-31": "55605.00000", "2013-09-30": "55214.00000", "2013-06-30": "54324.00000", "2013-03-31": "53062.00000", "2012-12-31": "52449.00000", "2012-09-30": "50868.00000", "2012-06-30": "50115.00000", "2012-03-31": "50188.00000", "2011-12-31": "49750.00000", "2011-09-30": "47517.00000", "2011-06-30": "47318.00000", "2011-03-31": "46259.00000", "2010-12-31": "46025.00000", "2010-09-30": "45253.00000", "2010-06-30": "44218.00000", "2010-03-31": "43540.00000", "2009-12-31": "42945.00000", "2009-09-30": "42551.00000", "2009-06-30": "42197.00000", "2009-03-31": "41335.00000", "2008-12-31": "40860.00000", "2008-09-30": "38878.00000", "2008-06-30": "38612.00000", "2008-03-31": "37446.00000", "2007-12-31": "36632.00000", "2007-09-30": "36081.00000", "2007-06-30": "35433.00000", "2007-03-31": "34785.00000", "2006-12-31": "34803.00000", "2006-09-30": "34829.00000", "2006-06-30": "33980.00000", "2006-03-31": "34074.00000", "2005-12-31": "34074.00000", "2005-09-30": "34160.00000", "2005-06-30": "34417.00000", "2005-03-31": "34437.00000"}}, "cash flow statement": {"Net Income/Loss": {"2019-12-31": "-7642.00000", "2018-12-31": "-6837.00000", "2017-12-31": "1660.00000", "2016-12-31": "1407.00000", "2015-12-31": "888.00000", "2014-12-31": "1450.00000", "2013-12-31": "828.00000", "2012-12-31": "830.00000", "2011-12-31": "858.00000", "2010-12-31": "1113.00000", "2009-12-31": "1234.00000", "2008-12-31": "1352.00000", "2007-12-31": "1020.00000", "2006-12-31": "991.00000", "2005-12-31": "917.00000"}, "Total Depreciation And Amortization - Cash Flow": {"2019-12-31": "3234.00000", "2018-12-31": "3036.00000", "2017-12-31": "2854.00000", "2016-12-31": "2755.00000", "2015-12-31": "2612.00000", "2014-12-31": "2433.00000", "2013-12-31": "2077.00000", "2012-12-31": "2272.00000", "2011-12-31": "2215.00000", "2010-12-31": "1905.00000", "2009-12-31": "1752.00000", "2008-12-31": "1863.00000", "2007-12-31": "1959.00000", "2006-12-31": "1803.00000", "2005-12-31": "1698.00000"}, "Other Non-Cash Items": {"2019-12-31": "-2131.00000", "2018-12-31": "-2374.00000", "2017-12-31": "1519.00000", "2016-12-31": "1425.00000", "2015-12-31": "993.00000", "2014-12-31": "639.00000", "2013-12-31": "1170.00000", "2012-12-31": "894.00000", "2011-12-31": "457.00000", "2010-12-31": "682.00000", "2009-12-31": "15.00000", "2008-12-31": "520.00000", "2007-12-31": "-9.00000", "2006-12-31": "-343.00000", "2005-12-31": "-622.00000"}, "Total Non-Cash Items": {"2019-12-31": "1103.00000", "2018-12-31": "662.00000", "2017-12-31": "4373.00000", "2016-12-31": "4180.00000", "2015-12-31": "3605.00000", "2014-12-31": "3072.00000", "2013-12-31": "3247.00000", "2012-12-31": "3166.00000", "2011-12-31": "2672.00000", "2010-12-31": "2587.00000", "2009-12-31": "1767.00000", "2008-12-31": "2383.00000", "2007-12-31": "1950.00000", "2006-12-31": "1460.00000", "2005-12-31": "1076.00000"}, "Change In Accounts Receivable": {"2019-12-31": "-104.00000", "2018-12-31": "-121.00000", "2017-12-31": "67.00000", "2016-12-31": "-473.00000", "2015-12-31": "-177.00000", "2014-12-31": "13.00000", "2013-12-31": "-152.00000", "2012-12-31": "-40.00000", "2011-12-31": "-288.00000", "2010-12-31": "-44.00000", "2009-12-31": "156.00000", "2008-12-31": "-87.00000", "2007-12-31": "-6.00000", "2006-12-31": "130.00000", "2005-12-31": "-245.00000"}, "Change In Inventories": {"2019-12-31": "-80.00000", "2018-12-31": "-73.00000", "2017-12-31": "-18.00000", "2016-12-31": "-24.00000", "2015-12-31": "37.00000", "2014-12-31": "-22.00000", "2013-12-31": "-10.00000", "2012-12-31": "-24.00000", "2011-12-31": "-63.00000", "2010-12-31": "-43.00000", "2009-12-31": "109.00000", "2008-12-31": "-59.00000", "2007-12-31": "-41.00000", "2006-12-31": "32.00000", "2005-12-31": "-60.00000"}, "Change In Accounts Payable": {"2019-12-31": "516.00000", "2018-12-31": "409.00000", "2017-12-31": "173.00000", "2016-12-31": "180.00000", "2015-12-31": "-55.00000", "2014-12-31": "-61.00000", "2013-12-31": "113.00000", "2012-12-31": "-4.00000", "2011-12-31": "65.00000", "2010-12-31": "48.00000", "2009-12-31": "-40.00000", "2008-12-31": "-140.00000", "2007-12-31": "-178.00000", "2006-12-31": "17.00000", "2005-12-31": "257.00000"}, "Change In Assets/Liabilities": {"2019-12-31": "11000.00000", "2018-12-31": "10735.00000", "2017-12-31": "-438.00000", "2016-12-31": "-1235.00000", "2015-12-31": "-887.00000", "2014-12-31": "-1424.00000", "2013-12-31": "-591.00000", "2012-12-31": "796.00000", "2011-12-31": "272.00000", "2010-12-31": "-634.00000", "2009-12-31": "-527.00000", "2008-12-31": "-621.00000", "2007-12-31": "-195.00000", "2006-12-31": "-26.00000", "2005-12-31": "589.00000"}, "Total Change In Assets/Liabilities": {"2019-12-31": "11355.00000", "2018-12-31": "10927.00000", "2017-12-31": "-56.00000", "2016-12-31": "-1557.00000", "2015-12-31": "-1039.00000", "2014-12-31": "-1118.00000", "2013-12-31": "-1003.00000", "2012-12-31": "596.00000", "2011-12-31": "-117.00000", "2010-12-31": "-751.00000", "2009-12-31": "-131.00000", "2008-12-31": "-966.00000", "2007-12-31": "-364.00000", "2006-12-31": "277.00000", "2005-12-31": "334.00000"}, "Cash Flow From Operating Activities": {"2019-12-31": "4816.00000", "2018-12-31": "4752.00000", "2017-12-31": "5977.00000", "2016-12-31": "4409.00000", "2015-12-31": "3780.00000", "2014-12-31": "3690.00000", "2013-12-31": "3427.00000", "2012-12-31": "4882.00000", "2011-12-31": "3739.00000", "2010-12-31": "3206.00000", "2009-12-31": "3039.00000", "2008-12-31": "2763.00000", "2007-12-31": "2560.00000", "2006-12-31": "2714.00000", "2005-12-31": "2409.00000"}, "Net Change In Property, Plant, And Equipment": {"2019-12-31": "-6313.00000", "2018-12-31": "-6514.00000", "2017-12-31": "-5641.00000", "2016-12-31": "-5709.00000", "2015-12-31": "-5173.00000", "2014-12-31": "-4833.00000", "2013-12-31": "-5207.00000", "2012-12-31": "-4624.00000", "2011-12-31": "-4038.00000", "2010-12-31": "-3802.00000", "2009-12-31": "-3958.00000", "2008-12-31": "-3628.00000", "2007-12-31": "-2769.00000", "2006-12-31": "-2385.00000", "2005-12-31": "-1765.00000"}, "Net Change In Intangible Assets": {"2019-12-31": "", "2018-12-31": "", "2017-12-31": "", "2016-12-31": "", "2015-12-31": "", "2014-12-31": "", "2013-12-31": "", "2012-12-31": "", "2011-12-31": "", "2010-12-31": "", "2009-12-31": "", "2008-12-31": "", "2007-12-31": "", "2006-12-31": "", "2005-12-31": ""}, "Net Acquisitions/Divestitures": {"2019-12-31": "", "2018-12-31": "", "2017-12-31": "", "2016-12-31": "", "2015-12-31": "", "2014-12-31": "", "2013-12-31": "", "2012-12-31": "", "2011-12-31": "", "2010-12-31": "", "2009-12-31": "", "2008-12-31": "", "2007-12-31": "", "2006-12-31": "", "2005-12-31": ""}, "Net Change In Short-term Investments": {"2019-12-31": "", "2018-12-31": "", "2017-12-31": "", "2016-12-31": "", "2015-12-31": "", "2014-12-31": "", "2013-12-31": "", "2012-12-31": "", "2011-12-31": "", "2010-12-31": "", "2009-12-31": "", "2008-12-31": "", "2007-12-31": "", "2006-12-31": "", "2005-12-31": ""}, "Net Change In Long-Term Investments": {"2019-12-31": "-76.00000", "2018-12-31": "-73.00000", "2017-12-31": "-32.00000", "2016-12-31": "-57.00000", "2015-12-31": "-124.00000", "2014-12-31": "2.00000", "2013-12-31": "15.00000", "2012-12-31": "-56.00000", "2011-12-31": "-35.00000", "2010-12-31": "-51.00000", "2009-12-31": "-63.00000", "2008-12-31": "-49.00000", "2007-12-31": "-103.00000", "2006-12-31": "-157.00000", "2005-12-31": "-90.00000"}, "Net Change In Investments - Total": {"2019-12-31": "-76.00000", "2018-12-31": "-73.00000", "2017-12-31": "-32.00000", "2016-12-31": "-57.00000", "2015-12-31": "-124.00000", "2014-12-31": "2.00000", "2013-12-31": "15.00000", "2012-12-31": "-56.00000", "2011-12-31": "-35.00000", "2010-12-31": "-51.00000", "2009-12-31": "-63.00000", "2008-12-31": "-49.00000", "2007-12-31": "-103.00000", "2006-12-31": "-157.00000", "2005-12-31": "-90.00000"}, "Investing Activities - Other": {"2019-12-31": "11.00000", "2018-12-31": "23.00000", "2017-12-31": "23.00000", "2016-12-31": "13.00000", "2015-12-31": "86.00000", "2014-12-31": "117.00000", "2013-12-31": "85.00000", "2012-12-31": "154.00000", "2011-12-31": "87.00000", "2010-12-31": "-4.00000", "2009-12-31": "685.00000", "2008-12-31": "25.00000", "2007-12-31": "206.00000", "2006-12-31": "115.00000", "2005-12-31": "457.00000"}, "Cash Flow From Investing Activities": {"2019-12-31": "-6378.00000", "2018-12-31": "-6564.00000", "2017-12-31": "-5650.00000", "2016-12-31": "-5753.00000", "2015-12-31": "-5211.00000", "2014-12-31": "-4714.00000", "2013-12-31": "-5107.00000", "2012-12-31": "-4526.00000", "2011-12-31": "-3986.00000", "2010-12-31": "-3857.00000", "2009-12-31": "-3336.00000", "2008-12-31": "-3652.00000", "2007-12-31": "-2666.00000", "2006-12-31": "-2427.00000", "2005-12-31": "-1398.00000"}, "Net Long-Term Debt": {"2019-12-31": "1387.00000", "2018-12-31": "-2.00000", "2017-12-31": "1268.00000", "2016-12-31": "823.00000", "2015-12-31": "1123.00000", "2014-12-31": "1419.00000", "2013-12-31": "671.00000", "2012-12-31": "664.00000", "2011-12-31": "-312.00000", "2010-12-31": "846.00000", "2009-12-31": "451.00000", "2008-12-31": "1377.00000", "2007-12-31": "554.00000", "2006-12-31": "-606.00000", "2005-12-31": "1176.00000"}, "Net Current Debt": {"2019-12-31": "", "2018-12-31": "2853.00000", "2017-12-31": "-590.00000", "2016-12-31": "491.00000", "2015-12-31": "383.00000", "2014-12-31": "-543.00000", "2013-12-31": "682.00000", "2012-12-31": "-1151.00000", "2011-12-31": "782.00000", "2010-12-31": "16.00000", "2009-12-31": "542.00000", "2008-12-31": "-244.00000", "2007-12-31": "-259.00000", "2006-12-31": "498.00000", "2005-12-31": "-40.00000"}, "Debt Issuance/Retirement Net - Total": {"2019-12-31": "1387.00000", "2018-12-31": "2851.00000", "2017-12-31": "678.00000", "2016-12-31": "1314.00000", "2015-12-31": "1506.00000", "2014-12-31": "876.00000", "2013-12-31": "1353.00000", "2012-12-31": "-487.00000", "2011-12-31": "470.00000", "2010-12-31": "862.00000", "2009-12-31": "993.00000", "2008-12-31": "1133.00000", "2007-12-31": "295.00000", "2006-12-31": "-108.00000", "2005-12-31": "1136.00000"}, "Net Common Equity Issued/Repurchased": {"2019-12-31": "85.00000", "2018-12-31": "200.00000", "2017-12-31": "395.00000", "2016-12-31": "822.00000", "2015-12-31": "780.00000", "2014-12-31": "802.00000", "2013-12-31": "1045.00000", "2012-12-31": "751.00000", "2011-12-31": "662.00000", "2010-12-31": "303.00000", "2009-12-31": "219.00000", "2008-12-31": "225.00000", "2007-12-31": "175.00000", "2006-12-31": "17.00000", "2005-12-31": "-1945.00000"}, "Net Total Equity Issued/Repurchased": {"2019-12-31": "85.00000", "2018-12-31": "200.00000", "2017-12-31": "395.00000", "2016-12-31": "822.00000", "2015-12-31": "780.00000", "2014-12-31": "802.00000", "2013-12-31": "1045.00000", "2012-12-31": "751.00000", "2011-12-31": "662.00000", "2010-12-31": "303.00000", "2009-12-31": "219.00000", "2008-12-31": "225.00000", "2007-12-31": "175.00000", "2006-12-31": "17.00000", "2005-12-31": "-2104.00000"}, "Total Common And Preferred Stock Dividends Paid": {"2019-12-31": "", "2018-12-31": "", "2017-12-31": "-1021.00000", "2016-12-31": "-921.00000", "2015-12-31": "-856.00000", "2014-12-31": "-828.00000", "2013-12-31": "-782.00000", "2012-12-31": "-746.00000", "2011-12-31": "-704.00000", "2010-12-31": "-662.00000", "2009-12-31": "-590.00000", "2008-12-31": "-546.00000", "2007-12-31": "-496.00000", "2006-12-31": "-456.00000", "2005-12-31": "-334.00000"}, "Financial Activities - Other": {"2019-12-31": "-8.00000", "2018-12-31": "-20.00000", "2017-12-31": "-107.00000", "2016-12-31": "-44.00000", "2015-12-31": "-27.00000", "2014-12-31": "29.00000", "2013-12-31": "-41.00000", "2012-12-31": "14.00000", "2011-12-31": "41.00000", "2010-12-31": "-88.00000", "2009-12-31": "-17.00000", "2008-12-31": "-49.00000", "2007-12-31": "21.00000", "2006-12-31": "3.00000", "2005-12-31": "32.00000"}, "Cash Flow From Financial Activities": {"2019-12-31": "1464.00000", "2018-12-31": "3031.00000", "2017-12-31": "-55.00000", "2016-12-31": "1171.00000", "2015-12-31": "1403.00000", "2014-12-31": "879.00000", "2013-12-31": "1575.00000", "2012-12-31": "-468.00000", "2011-12-31": "469.00000", "2010-12-31": "415.00000", "2009-12-31": "605.00000", "2008-12-31": "763.00000", "2007-12-31": "-5.00000", "2006-12-31": "-544.00000", "2005-12-31": "-1270.00000"}, "Net Cash Flow": {"2019-12-31": "-98.00000", "2018-12-31": "1219.00000", "2017-12-31": "272.00000", "2016-12-31": "-173.00000", "2015-12-31": "-28.00000", "2014-12-31": "-145.00000", "2013-12-31": "-105.00000", "2012-12-31": "-112.00000", "2011-12-31": "222.00000", "2010-12-31": "-236.00000", "2009-12-31": "308.00000", "2008-12-31": "-126.00000", "2007-12-31": "-111.00000", "2006-12-31": "-257.00000", "2005-12-31": "-259.00000"}, "Stock-Based Compensation": {"2019-12-31": "", "2018-12-31": "", "2017-12-31": "", "2016-12-31": "", "2015-12-31": "", "2014-12-31": "", "2013-12-31": "", "2012-12-31": "", "2011-12-31": "", "2010-12-31": "", "2009-12-31": "", "2008-12-31": "", "2007-12-31": "", "2006-12-31": "", "2005-12-31": ""}, "Common Stock Dividends Paid": {"2019-12-31": "0.00000", "2018-12-31": "0.00000", "2017-12-31": "-1021.00000", "2016-12-31": "-921.00000", "2015-12-31": "-856.00000", "2014-12-31": "-828.00000", "2013-12-31": "-782.00000", "2012-12-31": "-746.00000", "2011-12-31": "-704.00000", "2010-12-31": "-662.00000", "2009-12-31": "-590.00000", "2008-12-31": "-546.00000", "2007-12-31": "-496.00000", "2006-12-31": "-456.00000", "2005-12-31": "-334.00000"}}, "cash flow statement, quarterly": {"Net Income/Loss": {"2020-09-30": 86, "2020-06-30": -1968, "2020-03-31": "374.00000", "2019-12-31": -3613, "2019-09-30": -1616, "2019-06-30": -2549, "2019-03-31": "136.00000", "2018-12-31": -6869, "2018-09-30": 567, "2018-06-30": -980, "2018-03-31": "445.00000", "2017-12-31": 118, "2017-09-30": 553, "2017-06-30": 410, "2017-03-31": "579.00000", "2016-12-31": 696, "2016-09-30": 391, "2016-06-30": 210, "2016-03-31": "110.00000", "2015-12-31": 138, "2015-09-30": 310, "2015-06-30": 406, "2015-03-31": "34.00000", "2014-12-31": 135, "2014-09-30": 814, "2014-06-30": 271, "2014-03-31": "230.00000", "2013-12-31": 90, "2013-09-30": 164, "2013-06-30": 332, "2013-03-31": "242.00000", "2012-12-31": -9, "2012-09-30": 364, "2012-06-30": 239, "2012-03-31": "236.00000", "2011-12-31": 87, "2011-09-30": 203, "2011-06-30": 366, "2011-03-31": "202.00000", "2010-12-31": 254, "2010-09-30": 261, "2010-06-30": 337, "2010-03-31": "261.00000", "2009-12-31": 277, "2009-09-30": 321, "2009-06-30": 392, "2009-03-31": "244.00000", "2008-12-31": 521, "2008-09-30": 307, "2008-06-30": 297, "2008-03-31": "227.00000", "2007-12-31": 217, "2007-09-30": 278, "2007-06-30": 269, "2007-03-31": "256.00000", "2006-12-31": 152, "2006-09-30": 393, "2006-06-30": 232, "2006-03-31": "214.00000", "2005-12-31": 180, "2005-09-30": 252, "2005-06-30": 267, "2005-03-31": "218.00000"}, "Total Depreciation And Amortization - Cash Flow": {"2020-09-30": 845, "2020-06-30": 874, "2020-03-31": "855.00000", "2019-12-31": 801, "2019-09-30": 840, "2019-06-30": 796, "2019-03-31": "797.00000", "2018-12-31": 779, "2018-09-30": 759, "2018-06-30": 746, "2018-03-31": "752.00000", "2017-12-31": 720, "2017-09-30": 710, "2017-06-30": 712, "2017-03-31": "712.00000", "2016-12-31": 665, "2016-09-30": 694, "2016-06-30": 699, "2016-03-31": "697.00000", "2015-12-31": 677, "2015-09-30": 653, "2015-06-30": 651, "2015-03-31": "631.00000", "2014-12-31": 667, "2014-09-30": 671, "2014-06-30": 557, "2014-03-31": "538.00000", "2013-12-31": 535, "2013-09-30": 523, "2013-06-30": 516, "2013-03-31": "503.00000", "2012-12-31": 465, "2012-09-30": 617, "2012-06-30": 606, "2012-03-31": "584.00000", "2011-12-31": 567, "2011-09-30": 566, "2011-06-30": 591, "2011-03-31": "491.00000", "2010-12-31": 485, "2010-09-30": 382, "2010-06-30": 532, "2010-03-31": "506.00000", "2009-12-31": 297, "2009-09-30": 511, "2009-06-30": 481, "2009-03-31": "463.00000", "2008-12-31": 475, "2008-09-30": 486, "2008-06-30": 465, "2008-03-31": "437.00000", "2007-12-31": 540, "2007-09-30": 505, "2007-06-30": 460, "2007-03-31": "454.00000", "2006-12-31": 460, "2006-09-30": 475, "2006-06-30": 466, "2006-03-31": "402.00000", "2005-12-31": 403, "2005-09-30": 456, "2005-06-30": 454, "2005-03-31": "385.00000"}, "Other Non-Cash Items": {"2020-09-30": 325, "2020-06-30": 2449, "2020-03-31": "272.00000", "2019-12-31": -960, "2019-09-30": -354, "2019-06-30": -831, "2019-03-31": "14.00000", "2018-12-31": -2480, "2018-09-30": 210, "2018-06-30": -280, "2018-03-31": "176.00000", "2017-12-31": 483, "2017-09-30": 386, "2017-06-30": 409, "2017-03-31": "241.00000", "2016-12-31": 348, "2016-09-30": 177, "2016-06-30": 723, "2016-03-31": "177.00000", "2015-12-31": 543, "2015-09-30": 156, "2015-06-30": 263, "2015-03-31": "31.00000", "2014-12-31": 505, "2014-09-30": 195, "2014-06-30": -35, "2014-03-31": "-26.00000", "2013-12-31": 369, "2013-09-30": 365, "2013-06-30": 251, "2013-03-31": "185.00000", "2012-12-31": 349, "2012-09-30": 178, "2012-06-30": 248, "2012-03-31": "119.00000", "2011-12-31": -457, "2011-09-30": 558, "2011-06-30": 277, "2011-03-31": "79.00000", "2010-12-31": 736, "2010-09-30": 6, "2010-06-30": -169, "2010-03-31": "109.00000", "2009-12-31": -276, "2009-09-30": 7, "2009-06-30": 125, "2009-03-31": "159.00000", "2008-12-31": 2, "2008-09-30": 204, "2008-06-30": 167, "2008-03-31": "147.00000", "2007-12-31": 25, "2007-09-30": -135, "2007-06-30": -41, "2007-03-31": "142.00000", "2006-12-31": -156, "2006-09-30": -241, "2006-06-30": 84, "2006-03-31": "-30.00000", "2005-12-31": 49, "2005-09-30": -556, "2005-06-30": -52, "2005-03-31": "-63.00000"}, "Total Non-Cash Items": {"2020-09-30": 1170, "2020-06-30": 3323, "2020-03-31": "1127.00000", "2019-12-31": -159, "2019-09-30": 486, "2019-06-30": -35, "2019-03-31": "811.00000", "2018-12-31": -1701, "2018-09-30": 969, "2018-06-30": 466, "2018-03-31": "928.00000", "2017-12-31": 1203, "2017-09-30": 1096, "2017-06-30": 1121, "2017-03-31": "953.00000", "2016-12-31": 1013, "2016-09-30": 871, "2016-06-30": 1422, "2016-03-31": "874.00000", "2015-12-31": 1220, "2015-09-30": 809, "2015-06-30": 914, "2015-03-31": "662.00000", "2014-12-31": 1172, "2014-09-30": 866, "2014-06-30": 522, "2014-03-31": "512.00000", "2013-12-31": 904, "2013-09-30": 888, "2013-06-30": 767, "2013-03-31": "688.00000", "2012-12-31": 814, "2012-09-30": 795, "2012-06-30": 854, "2012-03-31": "703.00000", "2011-12-31": 110, "2011-09-30": 1124, "2011-06-30": 868, "2011-03-31": "570.00000", "2010-12-31": 1221, "2010-09-30": 388, "2010-06-30": 363, "2010-03-31": "615.00000", "2009-12-31": 21, "2009-09-30": 518, "2009-06-30": 606, "2009-03-31": "622.00000", "2008-12-31": 477, "2008-09-30": 690, "2008-06-30": 632, "2008-03-31": "584.00000", "2007-12-31": 565, "2007-09-30": 370, "2007-06-30": 419, "2007-03-31": "596.00000", "2006-12-31": 304, "2006-09-30": 234, "2006-06-30": 550, "2006-03-31": "372.00000", "2005-12-31": 452, "2005-09-30": -100, "2005-06-30": 402, "2005-03-31": "322.00000"}, "Change In Accounts Receivable": {"2020-09-30": -623, "2020-06-30": -367, "2020-03-31": "-22.00000", "2019-12-31": 160, "2019-09-30": -210, "2019-06-30": -23, "2019-03-31": "-31.00000", "2018-12-31": 80, "2018-09-30": -190, "2018-06-30": -131, "2018-03-31": "120.00000", "2017-12-31": 125, "2017-09-30": -169, "2017-06-30": -262, "2017-03-31": "373.00000", "2016-12-31": -190, "2016-09-30": -208, "2016-06-30": -285, "2016-03-31": "210.00000", "2015-12-31": 145, "2015-09-30": -81, "2015-06-30": -477, "2015-03-31": "236.00000", "2014-12-31": 190, "2014-09-30": -147, "2014-06-30": -351, "2014-03-31": "321.00000", "2013-12-31": 8, "2013-09-30": -160, "2013-06-30": -209, "2013-03-31": "209.00000", "2012-12-31": 286, "2012-09-30": -339, "2012-06-30": -208, "2012-03-31": "221.00000", "2011-12-31": -102, "2011-09-30": -104, "2011-06-30": -117, "2011-03-31": "35.00000", "2010-12-31": 202, "2010-09-30": -199, "2010-06-30": -161, "2010-03-31": "114.00000", "2009-12-31": 136, "2009-09-30": -178, "2009-06-30": -103, "2009-03-31": "301.00000", "2008-12-31": 94, "2008-09-30": -113, "2008-06-30": -157, "2008-03-31": "89.00000", "2007-12-31": 74, "2007-09-30": -222, "2007-06-30": -93, "2007-03-31": "235.00000", "2006-12-31": -109, "2006-09-30": -134, "2006-06-30": 70, "2006-03-31": "303.00000", "2005-12-31": -303, "2005-09-30": 2, "2005-06-30": -113, "2005-03-31": "169.00000"}, "Change In Inventories": {"2020-09-30": 7, "2020-06-30": -22, "2020-03-31": "3.00000", "2019-12-31": -12, "2019-09-30": -27, "2019-06-30": -59, "2019-03-31": "18.00000", "2018-12-31": -49, "2018-09-30": -18, "2018-06-30": -34, "2018-03-31": "28.00000", "2017-12-31": 17, "2017-09-30": 3, "2017-06-30": -36, "2017-03-31": "-2.00000", "2016-12-31": 14, "2016-09-30": -8, "2016-06-30": -16, "2016-03-31": "-14.00000", "2015-12-31": 32, "2015-09-30": -15, "2015-06-30": -38, "2015-03-31": "58.00000", "2014-12-31": 21, "2014-09-30": -36, "2014-06-30": -69, "2014-03-31": "62.00000", "2013-12-31": 46, "2013-09-30": -25, "2013-06-30": -86, "2013-03-31": "55.00000", "2012-12-31": 10, "2012-09-30": -39, "2012-06-30": -45, "2012-03-31": "50.00000", "2011-12-31": -3, "2011-09-30": -61, "2011-06-30": -64, "2011-03-31": "65.00000", "2010-12-31": 22, "2010-09-30": -45, "2010-06-30": -79, "2010-03-31": "59.00000", "2009-12-31": 31, "2009-09-30": -35, "2009-06-30": -53, "2009-03-31": "166.00000", "2008-12-31": 94, "2008-09-30": -96, "2008-06-30": -164, "2008-03-31": "107.00000", "2007-12-31": 51, "2007-09-30": -70, "2007-06-30": -97, "2007-03-31": "75.00000", "2006-12-31": 40, "2006-09-30": -68, "2006-06-30": -86, "2006-03-31": "146.00000", "2005-12-31": 37, "2005-09-30": -89, "2005-06-30": -98, "2005-03-31": "90.00000"}, "Change In Accounts Payable": {"2020-09-30": -257, "2020-06-30": 477, "2020-03-31": "245.00000", "2019-12-31": 145, "2019-09-30": 212, "2019-06-30": 339, "2019-03-31": "-180.00000", "2018-12-31": 164, "2018-09-30": 206, "2018-06-30": 15, "2018-03-31": "24.00000", "2017-12-31": 97, "2017-09-30": 57, "2017-06-30": 32, "2017-03-31": "-13.00000", "2016-12-31": -9, "2016-09-30": 10, "2016-06-30": 244, "2016-03-31": "-65.00000", "2015-12-31": -150, "2015-09-30": 17, "2015-06-30": 124, "2015-03-31": "-46.00000", "2014-12-31": -4, "2014-09-30": 44, "2014-06-30": -132, "2014-03-31": "31.00000", "2013-12-31": 29, "2013-09-30": 56, "2013-06-30": 84, "2013-03-31": "-56.00000", "2012-12-31": 51, "2012-09-30": 70, "2012-06-30": 88, "2012-03-31": "-213.00000", "2011-12-31": -28, "2011-09-30": -69, "2011-06-30": -20, "2011-03-31": "182.00000", "2010-12-31": 31, "2010-09-30": 10, "2010-06-30": -80, "2010-03-31": "87.00000", "2009-12-31": 119, "2009-09-30": -16, "2009-06-30": -27, "2009-03-31": "-116.00000", "2008-12-31": -40, "2008-09-30": -221, "2008-06-30": -23, "2008-03-31": "144.00000", "2007-12-31": 144, "2007-09-30": -108, "2007-06-30": -128, "2007-03-31": "-86.00000", "2006-12-31": 192, "2006-09-30": 57, "2006-06-30": -108, "2006-03-31": "-124.00000", "2005-12-31": 337, "2005-09-30": 141, "2005-06-30": -106, "2005-03-31": "-115.00000"}, "Change In Assets/Liabilities": {"2020-09-30": -22893, "2020-06-30": 243, "2020-03-31": "-122.00000", "2019-12-31": 4213, "2019-09-30": 2462, "2019-06-30": 2858, "2019-03-31": "1467.00000", "2018-12-31": 8914, "2018-09-30": -51, "2018-06-30": 1905, "2018-03-31": "-33.00000", "2017-12-31": -345, "2017-09-30": 373, "2017-06-30": -150, "2017-03-31": "-316.00000", "2016-12-31": -542, "2016-09-30": 103, "2016-06-30": -771, "2016-03-31": "-25.00000", "2015-12-31": -627, "2015-09-30": -91, "2015-06-30": -250, "2015-03-31": "81.00000", "2014-12-31": -788, "2014-09-30": -419, "2014-06-30": 196, "2014-03-31": "-413.00000", "2013-12-31": -334, "2013-09-30": 302, "2013-06-30": -184, "2013-03-31": "-375.00000", "2012-12-31": 419, "2012-09-30": 418, "2012-06-30": 127, "2012-03-31": "-168.00000", "2011-12-31": 372, "2011-09-30": 286, "2011-06-30": -342, "2011-03-31": "-44.00000", "2010-12-31": -568, "2010-09-30": 535, "2010-06-30": 235, "2010-03-31": "-836.00000", "2009-12-31": -30, "2009-09-30": -55, "2009-06-30": 96, "2009-03-31": "-538.00000", "2008-12-31": -336, "2008-09-30": -779, "2008-06-30": 568, "2008-03-31": "-74.00000", "2007-12-31": -377, "2007-09-30": 308, "2007-06-30": 25, "2007-03-31": "-151.00000", "2006-12-31": 3, "2006-09-30": -43, "2006-06-30": 75, "2006-03-31": "-61.00000", "2005-12-31": -160, "2005-09-30": 423, "2005-06-30": 299, "2005-03-31": "27.00000"}, "Total Change In Assets/Liabilities": {"2020-09-30": -23766, "2020-06-30": 331, "2020-03-31": "104.00000", "2019-12-31": 4521, "2019-09-30": 2440, "2019-06-30": 3097, "2019-03-31": "1297.00000", "2018-12-31": 9086, "2018-09-30": -53, "2018-06-30": 1755, "2018-03-31": "139.00000", "2017-12-31": -81, "2017-09-30": 332, "2017-06-30": -349, "2017-03-31": "42.00000", "2016-12-31": -669, "2016-09-30": -87, "2016-06-30": -832, "2016-03-31": "31.00000", "2015-12-31": -599, "2015-09-30": -134, "2015-06-30": -638, "2015-03-31": "332.00000", "2014-12-31": -602, "2014-09-30": -122, "2014-06-30": -367, "2014-03-31": "-27.00000", "2013-12-31": -481, "2013-09-30": 205, "2013-06-30": -609, "2013-03-31": "-118.00000", "2012-12-31": 565, "2012-09-30": 26, "2012-06-30": 86, "2012-03-31": "-81.00000", "2011-12-31": 207, "2011-09-30": -85, "2011-06-30": -511, "2011-03-31": "272.00000", "2010-12-31": -643, "2010-09-30": 95, "2010-06-30": 304, "2010-03-31": "-507.00000", "2009-12-31": -231, "2009-09-30": 213, "2009-06-30": -135, "2009-03-31": "22.00000", "2008-12-31": -424, "2008-09-30": -1053, "2008-06-30": 282, "2008-03-31": "229.00000", "2007-12-31": -286, "2007-09-30": 203, "2007-06-30": -412, "2007-03-31": "131.00000", "2006-12-31": 38, "2006-09-30": 103, "2006-06-30": -378, "2006-03-31": "514.00000", "2005-12-31": -310, "2005-09-30": 338, "2005-06-30": -67, "2005-03-31": "373.00000"}, "Cash Flow From Operating Activities": {"2020-09-30": -22510, "2020-06-30": 1686, "2020-03-31": "1605.00000", "2019-12-31": 749, "2019-09-30": 1310, "2019-06-30": 513, "2019-03-31": "2244.00000", "2018-12-31": 516, "2018-09-30": 1483, "2018-06-30": 1241, "2018-03-31": "1512.00000", "2017-12-31": 1240, "2017-09-30": 1981, "2017-06-30": 1182, "2017-03-31": "1574.00000", "2016-12-31": 1126, "2016-09-30": 1468, "2016-06-30": 727, "2016-03-31": "1088.00000", "2015-12-31": 838, "2015-09-30": 1083, "2015-06-30": 779, "2015-03-31": "1080.00000", "2014-12-31": 733, "2014-09-30": 1677, "2014-06-30": 509, "2014-03-31": "771.00000", "2013-12-31": 594, "2013-09-30": 1374, "2013-06-30": 590, "2013-03-31": "869.00000", "2012-12-31": 1430, "2012-09-30": 1278, "2012-06-30": 1243, "2012-03-31": "931.00000", "2011-12-31": 507, "2011-09-30": 1327, "2011-06-30": 817, "2011-03-31": "1088.00000", "2010-12-31": 886, "2010-09-30": 947, "2010-06-30": 978, "2010-03-31": "395.00000", "2009-12-31": 232, "2009-09-30": 1053, "2009-06-30": 864, "2009-03-31": "890.00000", "2008-12-31": 571, "2008-09-30": -56, "2008-06-30": 1210, "2008-03-31": "1038.00000", "2007-12-31": 482, "2007-09-30": 842, "2007-06-30": 260, "2007-03-31": "976.00000", "2006-12-31": 474, "2006-09-30": 700, "2006-06-30": 411, "2006-03-31": "1129.00000", "2005-12-31": 292, "2005-09-30": 534, "2005-06-30": 631, "2005-03-31": "952.00000"}, "Net Change In Property, Plant, And Equipment": {"2020-09-30": -2076, "2020-06-30": -1758, "2020-03-31": "-1641.00000", "2019-12-31": -2121, "2019-09-30": -1782, "2019-06-30": -1186, "2019-03-31": "-1224.00000", "2018-12-31": -1922, "2018-09-30": -1695, "2018-06-30": -1427, "2018-03-31": "-1470.00000", "2017-12-31": -1703, "2017-09-30": -1464, "2017-06-30": -1258, "2017-03-31": "-1216.00000", "2016-12-31": -1581, "2016-09-30": -1477, "2016-06-30": -1422, "2016-03-31": "-1229.00000", "2015-12-31": -1511, "2015-09-30": -1252, "2015-06-30": -1219, "2015-03-31": "-1191.00000", "2014-12-31": -1269, "2014-09-30": -1244, "2014-06-30": -1123, "2014-03-31": "-1197.00000", "2013-12-31": -1326, "2013-09-30": -1360, "2013-06-30": -1272, "2013-03-31": "-1249.00000", "2012-12-31": -1263, "2012-09-30": -1142, "2012-06-30": -1125, "2012-03-31": "-1094.00000", "2011-12-31": -1070, "2011-09-30": -1071, "2011-06-30": -952, "2011-03-31": "-945.00000", "2010-12-31": -1008, "2010-09-30": -1008, "2010-06-30": -931, "2010-03-31": "-855.00000", "2009-12-31": -936, "2009-09-30": -945, "2009-06-30": -998, "2009-03-31": "-1079.00000", "2008-12-31": -937, "2008-09-30": -991, "2008-06-30": -853, "2008-03-31": "-847.00000", "2007-12-31": -749, "2007-09-30": -708, "2007-06-30": -643, "2007-03-31": "-669.00000", "2006-12-31": -667, "2006-09-30": -547, "2006-06-30": -598, "2006-03-31": "-573.00000", "2005-12-31": -466, "2005-09-30": -513, "2005-06-30": -448, "2005-03-31": "-338.00000"}, "Net Change In Intangible Assets": {"2020-09-30": 0, "2020-06-30": 0, "2020-03-31": "", "2019-12-31": 0, "2019-09-30": 0, "2019-06-30": 0, "2019-03-31": "", "2018-12-31": 0, "2018-09-30": 0, "2018-06-30": 0, "2018-03-31": "", "2017-12-31": 0, "2017-09-30": 0, "2017-06-30": 0, "2017-03-31": "", "2016-12-31": 0, "2016-09-30": 0, "2016-06-30": 0, "2016-03-31": "", "2015-12-31": 0, "2015-09-30": 0, "2015-06-30": 0, "2015-03-31": "", "2014-12-31": 0, "2014-09-30": 0, "2014-06-30": 0, "2014-03-31": "", "2013-12-31": 0, "2013-09-30": 0, "2013-06-30": 0, "2013-03-31": "", "2012-12-31": 0, "2012-09-30": 0, "2012-06-30": 0, "2012-03-31": "", "2011-12-31": 0, "2011-09-30": 0, "2011-06-30": 0, "2011-03-31": "", "2010-12-31": 0, "2010-09-30": 0, "2010-06-30": 0, "2010-03-31": "", "2009-12-31": 0, "2009-09-30": 0, "2009-06-30": 0, "2009-03-31": "", "2008-12-31": 0, "2008-09-30": 0, "2008-06-30": 0, "2008-03-31": "", "2007-12-31": 0, "2007-09-30": 0, "2007-06-30": 0, "2007-03-31": "", "2006-12-31": 0, "2006-09-30": 0, "2006-06-30": 0, "2006-03-31": "", "2005-12-31": 0, "2005-09-30": 0, "2005-06-30": 0, "2005-03-31": ""}, "Net Acquisitions/Divestitures": {"2020-09-30": 0, "2020-06-30": 0, "2020-03-31": "", "2019-12-31": 0, "2019-09-30": 0, "2019-06-30": 0, "2019-03-31": "", "2018-12-31": 0, "2018-09-30": 0, "2018-06-30": 0, "2018-03-31": "", "2017-12-31": 0, "2017-09-30": 0, "2017-06-30": 0, "2017-03-31": "", "2016-12-31": 0, "2016-09-30": 0, "2016-06-30": 0, "2016-03-31": "", "2015-12-31": 0, "2015-09-30": 0, "2015-06-30": 0, "2015-03-31": "", "2014-12-31": 0, "2014-09-30": 0, "2014-06-30": 0, "2014-03-31": "", "2013-12-31": 0, "2013-09-30": 0, "2013-06-30": 0, "2013-03-31": "", "2012-12-31": 0, "2012-09-30": 0, "2012-06-30": 0, "2012-03-31": "", "2011-12-31": 0, "2011-09-30": 0, "2011-06-30": 0, "2011-03-31": "", "2010-12-31": 0, "2010-09-30": 0, "2010-06-30": 0, "2010-03-31": "", "2009-12-31": 0, "2009-09-30": 0, "2009-06-30": 0, "2009-03-31": "", "2008-12-31": 0, "2008-09-30": 0, "2008-06-30": 0, "2008-03-31": "", "2007-12-31": 0, "2007-09-30": 0, "2007-06-30": 0, "2007-03-31": "", "2006-12-31": 0, "2006-09-30": 0, "2006-06-30": 0, "2006-03-31": "", "2005-12-31": 0, "2005-09-30": 0, "2005-06-30": 0, "2005-03-31": ""}, "Net Change In Short-term Investments": {"2020-09-30": 0, "2020-06-30": 0, "2020-03-31": "", "2019-12-31": 0, "2019-09-30": 0, "2019-06-30": 0, "2019-03-31": "", "2018-12-31": 0, "2018-09-30": 0, "2018-06-30": 0, "2018-03-31": "", "2017-12-31": 0, "2017-09-30": 0, "2017-06-30": 0, "2017-03-31": "", "2016-12-31": 0, "2016-09-30": 0, "2016-06-30": 0, "2016-03-31": "", "2015-12-31": 0, "2015-09-30": 0, "2015-06-30": 0, "2015-03-31": "", "2014-12-31": 0, "2014-09-30": 0, "2014-06-30": 0, "2014-03-31": "", "2013-12-31": 0, "2013-09-30": 0, "2013-06-30": 0, "2013-03-31": "", "2012-12-31": 0, "2012-09-30": 0, "2012-06-30": 0, "2012-03-31": "", "2011-12-31": 0, "2011-09-30": 0, "2011-06-30": 0, "2011-03-31": "", "2010-12-31": 0, "2010-09-30": 0, "2010-06-30": 0, "2010-03-31": "", "2009-12-31": 0, "2009-09-30": 0, "2009-06-30": 0, "2009-03-31": "", "2008-12-31": 0, "2008-09-30": 0, "2008-06-30": 0, "2008-03-31": "", "2007-12-31": 0, "2007-09-30": 0, "2007-06-30": 0, "2007-03-31": "", "2006-12-31": 0, "2006-09-30": 0, "2006-06-30": 0, "2006-03-31": "", "2005-12-31": 0, "2005-09-30": 0, "2005-06-30": 0, "2005-03-31": ""}, "Net Change In Long-Term Investments": {"2020-09-30": -9, "2020-06-30": -31, "2020-03-31": "-19.00000", "2019-12-31": -10, "2019-09-30": -36, "2019-06-30": -4, "2019-03-31": "-26.00000", "2018-12-31": -29, "2018-09-30": -31, "2018-06-30": -2, "2018-03-31": "-11.00000", "2017-12-31": -4, "2017-09-30": -5, "2017-06-30": 0, "2017-03-31": "-23.00000", "2016-12-31": -26, "2016-09-30": 10, "2016-06-30": -17, "2016-03-31": "-24.00000", "2015-12-31": -23, "2015-09-30": -1, "2015-06-30": -12, "2015-03-31": "-88.00000", "2014-12-31": 8, "2014-09-30": -10, "2014-06-30": 10, "2014-03-31": "-6.00000", "2013-12-31": 13, "2013-09-30": -7, "2013-06-30": 10, "2013-03-31": "-1.00000", "2012-12-31": 5, "2012-09-30": -11, "2012-06-30": -31, "2012-03-31": "-19.00000", "2011-12-31": -5, "2011-09-30": -68, "2011-06-30": 47, "2011-03-31": "-9.00000", "2010-12-31": -12, "2010-09-30": -28, "2010-06-30": -5, "2010-03-31": "-6.00000", "2009-12-31": -21, "2009-09-30": -11, "2009-06-30": -6, "2009-03-31": "-25.00000", "2008-12-31": -9, "2008-09-30": -11, "2008-06-30": -76, "2008-03-31": "47.00000", "2007-12-31": -1, "2007-09-30": -44, "2007-06-30": -40, "2007-03-31": "-18.00000", "2006-12-31": -59, "2006-09-30": -56, "2006-06-30": 0, "2006-03-31": "-42.00000", "2005-12-31": -26, "2005-09-30": -34, "2005-06-30": -32, "2005-03-31": "2.00000"}, "Net Change In Investments - Total": {"2020-09-30": -9, "2020-06-30": -31, "2020-03-31": "-19.00000", "2019-12-31": -10, "2019-09-30": -36, "2019-06-30": -4, "2019-03-31": "-26.00000", "2018-12-31": -29, "2018-09-30": -31, "2018-06-30": -2, "2018-03-31": "-11.00000", "2017-12-31": -4, "2017-09-30": -5, "2017-06-30": 0, "2017-03-31": "-23.00000", "2016-12-31": -26, "2016-09-30": 10, "2016-06-30": -17, "2016-03-31": "-24.00000", "2015-12-31": -23, "2015-09-30": -1, "2015-06-30": -12, "2015-03-31": "-88.00000", "2014-12-31": 8, "2014-09-30": -10, "2014-06-30": 10, "2014-03-31": "-6.00000", "2013-12-31": 13, "2013-09-30": -7, "2013-06-30": 10, "2013-03-31": "-1.00000", "2012-12-31": 5, "2012-09-30": -11, "2012-06-30": -31, "2012-03-31": "-19.00000", "2011-12-31": -5, "2011-09-30": -68, "2011-06-30": 47, "2011-03-31": "-9.00000", "2010-12-31": -12, "2010-09-30": -28, "2010-06-30": -5, "2010-03-31": "-6.00000", "2009-12-31": -21, "2009-09-30": -11, "2009-06-30": -6, "2009-03-31": "-25.00000", "2008-12-31": -9, "2008-09-30": -11, "2008-06-30": -76, "2008-03-31": "47.00000", "2007-12-31": -1, "2007-09-30": -44, "2007-06-30": -40, "2007-03-31": "-18.00000", "2006-12-31": -59, "2006-09-30": -56, "2006-06-30": 0, "2006-03-31": "-42.00000", "2005-12-31": -26, "2005-09-30": -34, "2005-06-30": -32, "2005-03-31": "2.00000"}, "Investing Activities - Other": {"2020-09-30": 2, "2020-06-30": 3, "2020-03-31": "5.00000", "2019-12-31": 3, "2019-09-30": 2, "2019-06-30": 3, "2019-03-31": "3.00000", "2018-12-31": 4, "2018-09-30": 4, "2018-06-30": 9, "2018-03-31": "6.00000", "2017-12-31": 7, "2017-09-30": 8, "2017-06-30": 4, "2017-03-31": "4.00000", "2016-12-31": -63, "2016-09-30": 70, "2016-06-30": 3, "2016-03-31": "3.00000", "2015-12-31": 57, "2015-09-30": 5, "2015-06-30": 17, "2015-03-31": "7.00000", "2014-12-31": 8, "2014-09-30": 86, "2014-06-30": 9, "2014-03-31": "14.00000", "2013-12-31": 19, "2013-09-30": 25, "2013-06-30": -2, "2013-03-31": "43.00000", "2012-12-31": 91, "2012-09-30": 0, "2012-06-30": 43, "2012-03-31": "20.00000", "2011-12-31": 19, "2011-09-30": -86, "2011-06-30": 83, "2011-03-31": "71.00000", "2010-12-31": -40, "2010-09-30": -18, "2010-06-30": 41, "2010-03-31": "13.00000", "2009-12-31": -61, "2009-09-30": 719, "2009-06-30": 9, "2009-03-31": "18.00000", "2008-12-31": 69, "2008-09-30": -37, "2008-06-30": -9, "2008-03-31": "2.00000", "2007-12-31": 238, "2007-09-30": -19, "2007-06-30": -2, "2007-03-31": "-11.00000", "2006-12-31": 57, "2006-09-30": 10, "2006-06-30": -15, "2006-03-31": "63.00000", "2005-12-31": -63, "2005-09-30": 157, "2005-06-30": 217, "2005-03-31": "146.00000"}, "Cash Flow From Investing Activities": {"2020-09-30": -2083, "2020-06-30": -1786, "2020-03-31": "-1655.00000", "2019-12-31": -2128, "2019-09-30": -1816, "2019-06-30": -1187, "2019-03-31": "-1247.00000", "2018-12-31": -1947, "2018-09-30": -1722, "2018-06-30": -1420, "2018-03-31": "-1475.00000", "2017-12-31": -1700, "2017-09-30": -1461, "2017-06-30": -1254, "2017-03-31": "-1235.00000", "2016-12-31": -1670, "2016-09-30": -1397, "2016-06-30": -1436, "2016-03-31": "-1250.00000", "2015-12-31": -1477, "2015-09-30": -1248, "2015-06-30": -1214, "2015-03-31": "-1272.00000", "2014-12-31": -1253, "2014-09-30": -1168, "2014-06-30": -1104, "2014-03-31": "-1189.00000", "2013-12-31": -1294, "2013-09-30": -1342, "2013-06-30": -1264, "2013-03-31": "-1207.00000", "2012-12-31": -1167, "2012-09-30": -1153, "2012-06-30": -1113, "2012-03-31": "-1093.00000", "2011-12-31": -1056, "2011-09-30": -1225, "2011-06-30": -822, "2011-03-31": "-883.00000", "2010-12-31": -1060, "2010-09-30": -1054, "2010-06-30": -895, "2010-03-31": "-848.00000", "2009-12-31": -1018, "2009-09-30": -237, "2009-06-30": -995, "2009-03-31": "-1086.00000", "2008-12-31": -877, "2008-09-30": -1039, "2008-06-30": -938, "2008-03-31": "-798.00000", "2007-12-31": -512, "2007-09-30": -771, "2007-06-30": -685, "2007-03-31": "-698.00000", "2006-12-31": -669, "2006-09-30": -593, "2006-06-30": -613, "2006-03-31": "-552.00000", "2005-12-31": -555, "2005-09-30": -390, "2005-06-30": -263, "2005-03-31": "-190.00000"}, "Net Long-Term Debt": {"2020-09-30": -2773, "2020-06-30": 13513, "2020-03-31": "497.00000", "2019-12-31": 1, "2019-09-30": -114, "2019-06-30": 1261, "2019-03-31": "239.00000", "2018-12-31": -395, "2018-09-30": 793, "2018-06-30": 0, "2018-03-31": "-400.00000", "2017-12-31": 879, "2017-09-30": 0, "2017-06-30": -201, "2017-03-31": "590.00000", "2016-12-31": 229, "2016-09-30": 0, "2016-06-30": 0, "2016-03-31": "594.00000", "2015-12-31": 637, "2015-09-30": 0, "2015-06-30": 486, "2015-03-31": "", "2014-12-31": 489, "2014-09-30": 583, "2014-06-30": -1, "2014-03-31": "348.00000", "2013-12-31": 391, "2013-09-30": -1, "2013-06-30": 281, "2013-03-31": "", "2012-12-31": -113, "2012-09-30": 633, "2012-06-30": 246, "2012-03-31": "-102.00000", "2011-12-31": 143, "2011-09-30": -62, "2011-06-30": 204, "2011-03-31": "-597.00000", "2010-12-31": 388, "2010-09-30": 345, "2010-06-30": 206, "2010-03-31": "-93.00000", "2009-12-31": 440, "2009-09-30": -99, "2009-06-30": -85, "2009-03-31": "195.00000", "2008-12-31": 1398, "2008-09-30": 0, "2008-06-30": -236, "2008-03-31": "215.00000", "2007-12-31": 332, "2007-09-30": -165, "2007-06-30": -145, "2007-03-31": "532.00000", "2006-12-31": -168, "2006-09-30": -167, "2006-06-30": -141, "2006-03-31": "-130.00000", "2005-12-31": 698, "2005-09-30": -336, "2005-06-30": -84, "2005-03-31": "898.00000"}, "Net Current Debt": {"2020-09-30": 3940, "2020-06-30": 0, "2020-03-31": "", "2019-12-31": 0, "2019-09-30": 0, "2019-06-30": 0, "2019-03-31": "", "2018-12-31": 3035, "2018-09-30": -700, "2018-06-30": 482, "2018-03-31": "36.00000", "2017-12-31": 62, "2017-09-30": -313, "2017-06-30": 416, "2017-03-31": "-755.00000", "2016-12-31": 369, "2016-09-30": -385, "2016-06-30": 834, "2016-03-31": "-327.00000", "2015-12-31": 138, "2015-09-30": -136, "2015-06-30": 158, "2015-03-31": "223.00000", "2014-12-31": 206, "2014-09-30": -1026, "2014-06-30": 522, "2014-03-31": "-245.00000", "2013-12-31": 220, "2013-09-30": 1, "2013-06-30": 463, "2013-03-31": "-2.00000", "2012-12-31": 96, "2012-09-30": -681, "2012-06-30": -321, "2012-03-31": "-245.00000", "2011-12-31": 511, "2011-09-30": -69, "2011-06-30": -75, "2011-03-31": "415.00000", "2010-12-31": -225, "2010-09-30": 18, "2010-06-30": -195, "2010-03-31": "418.00000", "2009-12-31": 333, "2009-09-30": -243, "2009-06-30": 356, "2009-03-31": "96.00000", "2008-12-31": -1051, "2008-09-30": 1171, "2008-06-30": 84, "2008-03-31": "-448.00000", "2007-12-31": -650, "2007-09-30": 582, "2007-06-30": 534, "2007-03-31": "-725.00000", "2006-12-31": 477, "2006-09-30": 68, "2006-06-30": 213, "2006-03-31": "-260.00000", "2005-12-31": 260, "2005-09-30": 0, "2005-06-30": 0, "2005-03-31": "-300.00000"}, "Debt Issuance/Retirement Net - Total": {"2020-09-30": 1167, "2020-06-30": 13513, "2020-03-31": "497.00000", "2019-12-31": 1, "2019-09-30": -114, "2019-06-30": 1261, "2019-03-31": "239.00000", "2018-12-31": 2640, "2018-09-30": 93, "2018-06-30": 482, "2018-03-31": "-364.00000", "2017-12-31": 941, "2017-09-30": -313, "2017-06-30": 215, "2017-03-31": "-165.00000", "2016-12-31": 598, "2016-09-30": -385, "2016-06-30": 834, "2016-03-31": "267.00000", "2015-12-31": 775, "2015-09-30": -136, "2015-06-30": 644, "2015-03-31": "223.00000", "2014-12-31": 695, "2014-09-30": -443, "2014-06-30": 521, "2014-03-31": "103.00000", "2013-12-31": 611, "2013-09-30": 0, "2013-06-30": 744, "2013-03-31": "-2.00000", "2012-12-31": -17, "2012-09-30": -48, "2012-06-30": -75, "2012-03-31": "-347.00000", "2011-12-31": 654, "2011-09-30": -131, "2011-06-30": 129, "2011-03-31": "-182.00000", "2010-12-31": 163, "2010-09-30": 363, "2010-06-30": 11, "2010-03-31": "325.00000", "2009-12-31": 773, "2009-09-30": -342, "2009-06-30": 271, "2009-03-31": "291.00000", "2008-12-31": 347, "2008-09-30": 1171, "2008-06-30": -152, "2008-03-31": "-233.00000", "2007-12-31": -318, "2007-09-30": 417, "2007-06-30": 389, "2007-03-31": "-193.00000", "2006-12-31": 309, "2006-09-30": -99, "2006-06-30": 72, "2006-03-31": "-390.00000", "2005-12-31": 958, "2005-09-30": -336, "2005-06-30": -84, "2005-03-31": "598.00000"}, "Net Common Equity Issued/Repurchased": {"2020-09-30": 8886, "2020-06-30": 0, "2020-03-31": "", "2019-12-31": 0, "2019-09-30": 0, "2019-06-30": 0, "2019-03-31": "85.00000", "2018-12-31": 63, "2018-09-30": 55, "2018-06-30": 47, "2018-03-31": "35.00000", "2017-12-31": 50, "2017-09-30": 98, "2017-06-30": 101, "2017-03-31": "146.00000", "2016-12-31": 95, "2016-09-30": 438, "2016-06-30": 143, "2016-03-31": "146.00000", "2015-12-31": 91, "2015-09-30": 437, "2015-06-30": 101, "2015-03-31": "151.00000", "2014-12-31": 59, "2014-09-30": 154, "2014-06-30": 287, "2014-03-31": "302.00000", "2013-12-31": 321, "2013-09-30": 162, "2013-06-30": 136, "2013-03-31": "426.00000", "2012-12-31": 49, "2012-09-30": 141, "2012-06-30": 174, "2012-03-31": "387.00000", "2011-12-31": 271, "2011-09-30": 134, "2011-06-30": 175, "2011-03-31": "82.00000", "2010-12-31": 162, "2010-09-30": 52, "2010-06-30": 79, "2010-03-31": "10.00000", "2009-12-31": 8, "2009-09-30": 29, "2009-06-30": 86, "2009-03-31": "96.00000", "2008-12-31": 75, "2008-09-30": 68, "2008-06-30": 43, "2008-03-31": "39.00000", "2007-12-31": 55, "2007-09-30": 31, "2007-06-30": 63, "2007-03-31": "26.00000", "2006-12-31": 23, "2006-09-30": 31, "2006-06-30": -45, "2006-03-31": "8.00000", "2005-12-31": -1089, "2005-09-30": 19, "2005-06-30": 70, "2005-03-31": "-945.00000"}, "Net Total Equity Issued/Repurchased": {"2020-09-30": 8886, "2020-06-30": 0, "2020-03-31": "", "2019-12-31": 0, "2019-09-30": 0, "2019-06-30": 0, "2019-03-31": "85.00000", "2018-12-31": 63, "2018-09-30": 55, "2018-06-30": 47, "2018-03-31": "35.00000", "2017-12-31": 50, "2017-09-30": 98, "2017-06-30": 101, "2017-03-31": "146.00000", "2016-12-31": 95, "2016-09-30": 438, "2016-06-30": 143, "2016-03-31": "146.00000", "2015-12-31": 91, "2015-09-30": 437, "2015-06-30": 101, "2015-03-31": "151.00000", "2014-12-31": 59, "2014-09-30": 154, "2014-06-30": 287, "2014-03-31": "302.00000", "2013-12-31": 321, "2013-09-30": 162, "2013-06-30": 136, "2013-03-31": "426.00000", "2012-12-31": 49, "2012-09-30": 141, "2012-06-30": 174, "2012-03-31": "387.00000", "2011-12-31": 271, "2011-09-30": 134, "2011-06-30": 175, "2011-03-31": "82.00000", "2010-12-31": 162, "2010-09-30": 52, "2010-06-30": 79, "2010-03-31": "10.00000", "2009-12-31": 8, "2009-09-30": 29, "2009-06-30": 86, "2009-03-31": "96.00000", "2008-12-31": 75, "2008-09-30": 68, "2008-06-30": 43, "2008-03-31": "39.00000", "2007-12-31": 55, "2007-09-30": 31, "2007-06-30": 63, "2007-03-31": "26.00000", "2006-12-31": 23, "2006-09-30": 31, "2006-06-30": -45, "2006-03-31": "8.00000", "2005-12-31": -1090, "2005-09-30": -17, "2005-06-30": -50, "2005-03-31": "-947.00000"}, "Total Common And Preferred Stock Dividends Paid": {"2020-09-30": 0, "2020-06-30": 0, "2020-03-31": "", "2019-12-31": 0, "2019-09-30": 0, "2019-06-30": 0, "2019-03-31": "", "2018-12-31": 0, "2018-09-30": 0, "2018-06-30": 0, "2018-03-31": "", "2017-12-31": -267, "2017-09-30": -266, "2017-06-30": -245, "2017-03-31": "-243.00000", "2016-12-31": -243, "2016-09-30": -238, "2016-06-30": -221, "2016-03-31": "-219.00000", "2015-12-31": -218, "2015-09-30": -214, "2015-06-30": -213, "2015-03-31": "-211.00000", "2014-12-31": -211, "2014-09-30": -209, "2014-06-30": -206, "2014-03-31": "-202.00000", "2013-12-31": -199, "2013-09-30": -197, "2013-06-30": -195, "2013-03-31": "-191.00000", "2012-12-31": -190, "2012-09-30": -188, "2012-06-30": -186, "2012-03-31": "-182.00000", "2011-12-31": -179, "2011-09-30": -176, "2011-06-30": -175, "2011-03-31": "-174.00000", "2010-12-31": -170, "2010-09-30": -172, "2010-06-30": -163, "2010-03-31": "-157.00000", "2009-12-31": -155, "2009-09-30": -149, "2009-06-30": -148, "2009-03-31": "-138.00000", "2008-12-31": -140, "2008-09-30": -139, "2008-06-30": -138, "2008-03-31": "-129.00000", "2007-12-31": -129, "2007-09-30": -125, "2007-06-30": -119, "2007-03-31": "-123.00000", "2006-12-31": -114, "2006-09-30": -114, "2006-06-30": -114, "2006-03-31": "-114.00000", "2005-12-31": -111, "2005-09-30": -112, "2005-06-30": -107, "2005-03-31": "-4.00000"}, "Financial Activities - Other": {"2020-09-30": -162, "2020-06-30": 1, "2020-03-31": "-57.00000", "2019-12-31": -22, "2019-09-30": 131, "2019-06-30": -93, "2019-03-31": "-24.00000", "2018-12-31": -34, "2018-09-30": 4, "2018-06-30": 23, "2018-03-31": "-13.00000", "2017-12-31": -6, "2017-09-30": -26, "2017-06-30": 15, "2017-03-31": "-90.00000", "2016-12-31": -27, "2016-09-30": -4, "2016-06-30": 0, "2016-03-31": "-13.00000", "2015-12-31": -40, "2015-09-30": -17, "2015-06-30": 7, "2015-03-31": "23.00000", "2014-12-31": -11, "2014-09-30": -4, "2014-06-30": 17, "2014-03-31": "27.00000", "2013-12-31": -18, "2013-09-30": 3, "2013-06-30": -8, "2013-03-31": "-18.00000", "2012-12-31": 0, "2012-09-30": -26, "2012-06-30": -8, "2012-03-31": "48.00000", "2011-12-31": 39, "2011-09-30": -2, "2011-06-30": -14, "2011-03-31": "18.00000", "2010-12-31": -37, "2010-09-30": -54, "2010-06-30": -3, "2010-03-31": "6.00000", "2009-12-31": -13, "2009-09-30": 8, "2009-06-30": -11, "2009-03-31": "-1.00000", "2008-12-31": -8, "2008-09-30": -51, "2008-06-30": 19, "2008-03-31": "-9.00000", "2007-12-31": -17, "2007-09-30": 24, "2007-06-30": -12, "2007-03-31": "26.00000", "2006-12-31": 11, "2006-09-30": 76, "2006-06-30": -193, "2006-03-31": "109.00000", "2005-12-31": -14, "2005-09-30": 60, "2005-06-30": -14, "2005-03-31": ""}, "Cash Flow From Financial Activities": {"2020-09-30": 9891, "2020-06-30": 13514, "2020-03-31": "440.00000", "2019-12-31": -21, "2019-09-30": 17, "2019-06-30": 1168, "2019-03-31": "300.00000", "2018-12-31": 2669, "2018-09-30": 152, "2018-06-30": 552, "2018-03-31": "-342.00000", "2017-12-31": 718, "2017-09-30": -507, "2017-06-30": 86, "2017-03-31": "-352.00000", "2016-12-31": 423, "2016-09-30": -189, "2016-06-30": 756, "2016-03-31": "181.00000", "2015-12-31": 608, "2015-09-30": 70, "2015-06-30": 539, "2015-03-31": "186.00000", "2014-12-31": 532, "2014-09-30": -502, "2014-06-30": 619, "2014-03-31": "230.00000", "2013-12-31": 715, "2013-09-30": -32, "2013-06-30": 677, "2013-03-31": "215.00000", "2012-12-31": -158, "2012-09-30": -121, "2012-06-30": -95, "2012-03-31": "-94.00000", "2011-12-31": 785, "2011-09-30": -175, "2011-06-30": 115, "2011-03-31": "-256.00000", "2010-12-31": 118, "2010-09-30": 189, "2010-06-30": -76, "2010-03-31": "184.00000", "2009-12-31": 613, "2009-09-30": -454, "2009-06-30": 198, "2009-03-31": "248.00000", "2008-12-31": 274, "2008-09-30": 1049, "2008-06-30": -228, "2008-03-31": "-332.00000", "2007-12-31": -409, "2007-09-30": 347, "2007-06-30": 321, "2007-03-31": "-264.00000", "2006-12-31": 229, "2006-09-30": -106, "2006-06-30": -280, "2006-03-31": "-387.00000", "2005-12-31": -257, "2005-09-30": -405, "2005-06-30": -255, "2005-03-31": "-353.00000"}, "Net Cash Flow": {"2020-09-30": -14702, "2020-06-30": 13414, "2020-03-31": "390.00000", "2019-12-31": -1400, "2019-09-30": -489, "2019-06-30": 494, "2019-03-31": "1297.00000", "2018-12-31": 1238, "2018-09-30": -87, "2018-06-30": 373, "2018-03-31": "-305.00000", "2017-12-31": 258, "2017-09-30": 13, "2017-06-30": 14, "2017-03-31": "-13.00000", "2016-12-31": -121, "2016-09-30": -118, "2016-06-30": 47, "2016-03-31": "19.00000", "2015-12-31": -31, "2015-09-30": -95, "2015-06-30": 104, "2015-03-31": "-6.00000", "2014-12-31": 12, "2014-09-30": 7, "2014-06-30": 24, "2014-03-31": "-188.00000", "2013-12-31": 15, "2013-09-30": 0, "2013-06-30": 3, "2013-03-31": "-123.00000", "2012-12-31": 105, "2012-09-30": 4, "2012-06-30": 35, "2012-03-31": "-256.00000", "2011-12-31": 236, "2011-09-30": -73, "2011-06-30": 110, "2011-03-31": "-51.00000", "2010-12-31": -56, "2010-09-30": 82, "2010-06-30": 7, "2010-03-31": "-269.00000", "2009-12-31": -173, "2009-09-30": 362, "2009-06-30": 67, "2009-03-31": "52.00000", "2008-12-31": -32, "2008-09-30": -46, "2008-06-30": 44, "2008-03-31": "-92.00000", "2007-12-31": -439, "2007-09-30": 418, "2007-06-30": -104, "2007-03-31": "14.00000", "2006-12-31": 34, "2006-09-30": 1, "2006-06-30": -482, "2006-03-31": "190.00000", "2005-12-31": -520, "2005-09-30": -261, "2005-06-30": 113, "2005-03-31": "409.00000"}, "Stock-Based Compensation": {"2020-09-30": 0, "2020-06-30": 0, "2020-03-31": "", "2019-12-31": 0, "2019-09-30": 0, "2019-06-30": 0, "2019-03-31": "", "2018-12-31": 0, "2018-09-30": 0, "2018-06-30": 0, "2018-03-31": "", "2017-12-31": 0, "2017-09-30": 0, "2017-06-30": 0, "2017-03-31": "", "2016-12-31": 0, "2016-09-30": 0, "2016-06-30": 0, "2016-03-31": "", "2015-12-31": 0, "2015-09-30": 0, "2015-06-30": 0, "2015-03-31": "", "2014-12-31": 0, "2014-09-30": 0, "2014-06-30": 0, "2014-03-31": "", "2013-12-31": 0, "2013-09-30": 0, "2013-06-30": 0, "2013-03-31": "", "2012-12-31": 0, "2012-09-30": 0, "2012-06-30": 0, "2012-03-31": "", "2011-12-31": 0, "2011-09-30": 0, "2011-06-30": 0, "2011-03-31": "", "2010-12-31": 0, "2010-09-30": 0, "2010-06-30": 0, "2010-03-31": "", "2009-12-31": 0, "2009-09-30": 0, "2009-06-30": 0, "2009-03-31": "", "2008-12-31": 0, "2008-09-30": 0, "2008-06-30": 0, "2008-03-31": "", "2007-12-31": 0, "2007-09-30": 0, "2007-06-30": 0, "2007-03-31": "", "2006-12-31": 0, "2006-09-30": 0, "2006-06-30": 0, "2006-03-31": "", "2005-12-31": 0, "2005-09-30": 0, "2005-06-30": 0, "2005-03-31": ""}, "Common Stock Dividends Paid": {"2020-09-30": 0, "2020-06-30": 0, "2020-03-31": "", "2019-12-31": 0, "2019-09-30": 0, "2019-06-30": 0, "2019-03-31": "", "2018-12-31": 0, "2018-09-30": 0, "2018-06-30": 0, "2018-03-31": "", "2017-12-31": -267, "2017-09-30": -266, "2017-06-30": -245, "2017-03-31": "-243.00000", "2016-12-31": -243, "2016-09-30": -238, "2016-06-30": -221, "2016-03-31": "-219.00000", "2015-12-31": -218, "2015-09-30": -214, "2015-06-30": -213, "2015-03-31": "-211.00000", "2014-12-31": -211, "2014-09-30": -209, "2014-06-30": -206, "2014-03-31": "-202.00000", "2013-12-31": -199, "2013-09-30": -197, "2013-06-30": -195, "2013-03-31": "-191.00000", "2012-12-31": -190, "2012-09-30": -188, "2012-06-30": -186, "2012-03-31": "-182.00000", "2011-12-31": -179, "2011-09-30": -176, "2011-06-30": -175, "2011-03-31": "-174.00000", "2010-12-31": -170, "2010-09-30": -172, "2010-06-30": -163, "2010-03-31": "-157.00000", "2009-12-31": -155, "2009-09-30": -149, "2009-06-30": -148, "2009-03-31": "-138.00000", "2008-12-31": -140, "2008-09-30": -139, "2008-06-30": -138, "2008-03-31": "-129.00000", "2007-12-31": -129, "2007-09-30": -125, "2007-06-30": -119, "2007-03-31": "-123.00000", "2006-12-31": -114, "2006-09-30": -114, "2006-06-30": -114, "2006-03-31": "-114.00000", "2005-12-31": -111, "2005-09-30": -112, "2005-06-30": -111, "2005-03-31": ""}}, "financial ratios": {"Current Ratio": {"2019-12-31": "1.33210", "2018-12-31": "0.22050", "2017-12-31": "0.88100", "2016-12-31": "0.81490", "2015-12-31": "0.91360", "2014-12-31": "1.07920", "2013-12-31": "0.79770", "2012-12-31": "0.81860", "2011-12-31": "0.83620", "2010-12-31": "0.77130", "2009-12-31": "0.83030", "2008-12-31": "0.83960", "2007-12-31": "0.81240", "2006-12-31": "0.71120", "2005-12-31": "0.86270"}, "Long-term Debt / Capital": {"2019-12-31": "", "2018-12-31": "", "2017-12-31": "0.47690", "2016-12-31": "0.47130", "2015-12-31": "0.48620", "2014-12-31": "0.48470", "2013-12-31": "0.46560", "2012-12-31": "0.48430", "2011-12-31": "0.48780", "2010-12-31": "0.49550", "2009-12-31": "0.51430", "2008-12-31": "0.52240", "2007-12-31": "0.52550", "2006-12-31": "0.51710", "2005-12-31": "0.56090"}, "Debt/Equity Ratio": {"2019-12-31": "", "2018-12-31": "1.70460", "2017-12-31": "0.98240", "2016-12-31": "1.01340", "2015-12-31": "1.01640", "2014-12-31": "0.98020", "2013-12-31": "1.01270", "2012-12-31": "1.00620", "2011-12-31": "1.12410", "2010-12-31": "1.16130", "2009-12-31": "1.20630", "2008-12-31": "1.22450", "2007-12-31": "1.20680", "2006-12-31": "1.27780", "2005-12-31": "1.39360"}, "Gross Margin": {"2019-12-31": "77.64610", "2018-12-31": "73.15470", "2017-12-31": "70.49900", "2016-12-31": "69.54600", "2015-12-31": "65.76960", "2014-12-31": "61.56230", "2013-12-31": "61.63610", "2012-12-31": "66.60240", "2011-12-31": "64.34210", "2010-12-31": "62.50990", "2009-12-31": "62.66890", "2008-12-31": "55.46210", "2007-12-31": "58.66130", "2006-12-31": "59.97290", "2005-12-31": "60.68530"}, "Operating Margin": {"2019-12-31": "-58.92930", "2018-12-31": "-57.87930", "2017-12-31": "16.95360", "2016-12-31": "11.77400", "2015-12-31": "8.95860", "2014-12-31": "14.33590", "2013-12-31": "11.29630", "2012-12-31": "11.25670", "2011-12-31": "12.98480", "2010-12-31": "16.67510", "2009-12-31": "17.15800", "2008-12-31": "15.45670", "2007-12-31": "15.97040", "2006-12-31": "16.81160", "2005-12-31": "16.83330"}, "EBIT Margin": {"2019-12-31": "-58.92930", "2018-12-31": "-57.87930", "2017-12-31": "16.95360", "2016-12-31": "11.77400", "2015-12-31": "8.95860", "2014-12-31": "14.33590", "2013-12-31": "11.29630", "2012-12-31": "11.25670", "2011-12-31": "12.98480", "2010-12-31": "16.67510", "2009-12-31": "17.15800", "2008-12-31": "15.45670", "2007-12-31": "15.97040", "2006-12-31": "16.81160", "2005-12-31": "16.83330"}, "EBITDA Margin": {"2019-12-31": "-40.04900", "2018-12-31": "-39.76370", "2017-12-31": "33.60960", "2016-12-31": "27.36900", "2015-12-31": "24.47570", "2014-12-31": "28.57230", "2013-12-31": "24.61210", "2012-12-31": "26.36300", "2011-12-31": "27.79490", "2010-12-31": "30.43860", "2009-12-31": "30.23360", "2008-12-31": "28.19250", "2007-12-31": "30.76980", "2006-12-31": "31.19070", "2005-12-31": "31.34240"}, "Pre-Tax Profit Margin": {"2019-12-31": "-64.46380", "2018-12-31": "-60.43920", "2017-12-31": "12.67000", "2016-12-31": "8.27580", "2015-12-31": "5.11500", "2014-12-31": "10.50320", "2013-12-31": "7.02650", "2012-12-31": "7.09440", "2011-12-31": "8.67880", "2010-12-31": "11.99340", "2009-12-31": "12.64270", "2008-12-31": "11.09520", "2007-12-31": "11.77760", "2006-12-31": "12.32160", "2005-12-31": "12.37290"}, "Net Profit Margin": {"2019-12-31": "-44.69610", "2018-12-31": "-40.87950", "2017-12-31": "9.60610", "2016-12-31": "7.88520", "2015-12-31": "5.19220", "2014-12-31": "8.40260", "2013-12-31": "5.21860", "2012-12-31": "5.42550", "2011-12-31": "5.64320", "2010-12-31": "7.94020", "2009-12-31": "9.10520", "2008-12-31": "9.14680", "2007-12-31": "7.59990", "2006-12-31": "7.90330", "2005-12-31": "7.83560"}, "Asset Turnover": {"2019-12-31": "0.20110", "2018-12-31": "0.21770", "2017-12-31": "0.25190", "2016-12-31": "0.25750", "2015-12-31": "0.26620", "2014-12-31": "0.28420", "2013-12-31": "0.28050", "2012-12-31": "0.28680", "2011-12-31": "0.30060", "2010-12-31": "0.30070", "2009-12-31": "0.31200", "2008-12-31": "0.35800", "2007-12-31": "0.36140", "2006-12-31": "0.36030", "2005-12-31": "0.34350"}, "Inventory Turnover Ratio": {"2019-12-31": "5.91810", "2018-12-31": "8.12090", "2017-12-31": "10.50940", "2016-12-31": "11.61990", "2015-12-31": "13.12530", "2014-12-31": "13.80040", "2013-12-31": "13.18060", "2012-12-31": "11.31310", "2011-12-31": "12.69760", "2010-12-31": "14.53500", "2009-12-31": "15.92990", "2008-12-31": "15.40190", "2007-12-31": "14.74930", "2006-12-31": "15.20910", "2005-12-31": "12.64010"}, "Receiveable Turnover": {"2019-12-31": "4.38760", "2018-12-31": "4.34510", "2017-12-31": "8.14400", "2016-12-31": "7.98280", "2015-12-31": "10.88110", "2014-12-31": "11.13360", "2013-12-31": "7.88970", "2012-12-31": "9.94050", "2011-12-31": "7.42600", "2010-12-31": "7.75410", "2009-12-31": "7.71830", "2008-12-31": "7.81830", "2007-12-31": "7.97410", "2006-12-31": "5.35170", "2005-12-31": "4.79040"}, "Days Sales In Receivables": {"2019-12-31": "83.18990", "2018-12-31": "84.00290", "2017-12-31": "44.81820", "2016-12-31": "45.72310", "2015-12-31": "33.54450", "2014-12-31": "32.78380", "2013-12-31": "46.26270", "2012-12-31": "36.71840", "2011-12-31": "49.15150", "2010-12-31": "47.07210", "2009-12-31": "47.29010", "2008-12-31": "46.68550", "2007-12-31": "45.77320", "2006-12-31": "68.20280", "2005-12-31": "76.19370"}, "ROE - Return On Equity": {"2019-12-31": "-141.83370", "2018-12-31": "-52.98770", "2017-12-31": "8.52510", "2016-12-31": "7.73420", "2015-12-31": "5.27690", "2014-12-31": "9.06250", "2013-12-31": "5.67360", "2012-12-31": "6.22840", "2011-12-31": "6.94570", "2010-12-31": "9.64970", "2009-12-31": "11.65800", "2008-12-31": "12.44160", "2007-12-31": "11.92560", "2006-12-31": "12.68720", "2005-12-31": "12.52430"}, "Return On Tangible Equity": {"2019-12-31": "-141.83370", "2018-12-31": "-52.98770", "2017-12-31": "8.52510", "2016-12-31": "7.73420", "2015-12-31": "5.27690", "2014-12-31": "9.06250", "2013-12-31": "5.67360", "2012-12-31": "6.22840", "2011-12-31": "6.94570", "2010-12-31": "9.64970", "2009-12-31": "11.65800", "2008-12-31": "12.44160", "2007-12-31": "11.58430", "2006-12-31": "12.29070", "2005-12-31": "12.10170"}, "ROA - Return On Assets": {"2019-12-31": "-8.96990", "2018-12-31": "-8.87980", "2017-12-31": "2.44070", "2016-12-31": "2.05110", "2015-12-31": "1.40430", "2014-12-31": "2.41160", "2013-12-31": "1.48910", "2012-12-31": "1.58250", "2011-12-31": "1.72460", "2010-12-31": "2.41830", "2009-12-31": "2.87340", "2008-12-31": "2.93200", "2007-12-31": "2.78450", "2006-12-31": "2.84750", "2005-12-31": "2.65300"}, "ROI - Return On Investment": {"2019-12-31": "-141.83370", "2018-12-31": "-52.98770", "2017-12-31": "4.45940", "2016-12-31": "4.08870", "2015-12-31": "2.71120", "2014-12-31": "4.66990", "2013-12-31": "3.03170", "2012-12-31": "3.21170", "2011-12-31": "3.55740", "2010-12-31": "4.86810", "2009-12-31": "5.66240", "2008-12-31": "5.94160", "2007-12-31": "5.49630", "2006-12-31": "5.93560", "2005-12-31": "5.31390"}, "Book Value Per Share": {"2019-12-31": "10.18070", "2018-12-31": "24.79730", "2017-12-31": "37.82760", "2016-12-31": "35.88930", "2015-12-31": "34.20150", "2014-12-31": "33.61960", "2013-12-31": "31.95740", "2012-12-31": "30.93900", "2011-12-31": "29.96430", "2010-12-31": "29.18320", "2009-12-31": "28.51010", "2008-12-31": "26.57400", "2007-12-31": "24.80420", "2006-12-31": "23.06900", "2005-12-31": "21.74020"}, "Operating Cash Flow Per Share": {"2019-12-31": -0.0703, "2018-12-31": -2.4596, "2017-12-31": 2.8507, "2016-12-31": 1.0386, "2015-12-31": -0.0893, "2014-12-31": 0.15, "2013-12-31": -3.786, "2012-12-31": 2.1861, "2011-12-31": 1.1224, "2010-12-31": 0.3055, "2009-12-31": 0.1552, "2008-12-31": 0.4658, "2007-12-31": -0.5244, "2006-12-31": 1.4035, "2005-12-31": 6.373}, "Free Cash Flow Per Share": {"2019-12-31": 0.5729, "2018-12-31": -4.0631, "2017-12-31": 3.2498, "2016-12-31": 0.2656, "2015-12-31": -0.4285, "2014-12-31": 1.5681, "2013-12-31": -4.6071, "2012-12-31": 1.3509, "2011-12-31": 0.7766, "2010-12-31": 0.8604, "2009-12-31": 0.0354, "2008-12-31": -1.8241, "2007-12-31": -1.5348, "2006-12-31": -0.761, "2005-12-31": 1.7037}}, "financial ratios, quarterly": {"Current Ratio": {"2020-09-30": "0.73550", "2020-06-30": "0.54620", "2020-03-31": "1.27930", "2019-12-31": "1.33210", "2019-09-30": "1.78880", "2019-06-30": "2.02710", "2019-03-31": "2.22400", "2018-12-31": "0.22050", "2018-09-30": "0.66910", "2018-06-30": "0.65060", "2018-03-31": "0.84610", "2017-12-31": "0.88100", "2017-09-30": "0.85410", "2017-06-30": "0.87380", "2017-03-31": "0.91470", "2016-12-31": "0.81490", "2016-09-30": "0.91690", "2016-06-30": "0.92240", "2016-03-31": "0.94310", "2015-12-31": "0.91360", "2015-09-30": "1.00380", "2015-06-30": "1.02290", "2015-03-31": "0.97940", "2014-12-31": "1.07920", "2014-09-30": "1.06030", "2014-06-30": "0.93200", "2014-03-31": "0.95850", "2013-12-31": "0.79770", "2013-09-30": "0.72240", "2013-06-30": "0.73720", "2013-03-31": "0.69410", "2012-12-31": "0.81860", "2012-09-30": "1.02890", "2012-06-30": "0.87150", "2012-03-31": "0.84760", "2011-12-31": "0.83620", "2011-09-30": "0.86200", "2011-06-30": "0.87180", "2011-03-31": "0.70390", "2010-12-31": "0.77130", "2010-09-30": "0.80050", "2010-06-30": "0.73660", "2010-03-31": "0.72250", "2009-12-31": "0.83030", "2009-09-30": "0.80730", "2009-06-30": "0.86490", "2009-03-31": "0.89170", "2008-12-31": "0.83960", "2008-09-30": "0.74240", "2008-06-30": "0.78680", "2008-03-31": "0.75100", "2007-12-31": "0.81240", "2007-09-30": "0.81180", "2007-06-30": "0.84070", "2007-03-31": "0.80950", "2006-12-31": "0.71120", "2006-09-30": "0.75400", "2006-06-30": "0.79190", "2006-03-31": "0.84700", "2005-12-31": "0.86270", "2005-09-30": "0.93640", "2005-06-30": "0.97780", "2005-03-31": "0.94950"}, "Long-term Debt / Capital": {"2020-09-30": "0.63290", "2020-06-30": "0.90180", "2020-03-31": "", "2019-12-31": "", "2019-09-30": "", "2019-06-30": "", "2019-03-31": "", "2018-12-31": "", "2018-09-30": "0.48310", "2018-06-30": "0.48020", "2018-03-31": "0.46560", "2017-12-31": "0.47690", "2017-09-30": "0.46290", "2017-06-30": "0.46800", "2017-03-31": "0.47470", "2016-12-31": "0.47130", "2016-09-30": "0.48420", "2016-06-30": "0.49290", "2016-03-31": "0.49490", "2015-12-31": "0.48620", "2015-09-30": "0.48030", "2015-06-30": "0.48860", "2015-03-31": "0.48540", "2014-12-31": "0.48470", "2014-09-30": "0.47590", "2014-06-30": "0.47750", "2014-03-31": "0.48330", "2013-12-31": "0.46560", "2013-09-30": "0.45530", "2013-06-30": "0.45770", "2013-03-31": "0.45450", "2012-12-31": "0.48430", "2012-09-30": "0.49110", "2012-06-30": "0.48240", "2012-03-31": "0.47870", "2011-12-31": "0.48780", "2011-09-30": "0.48770", "2011-06-30": "0.49260", "2011-03-31": "0.47640", "2010-12-31": "0.49550", "2010-09-30": "0.49960", "2010-06-30": "0.49300", "2010-03-31": "0.49980", "2009-12-31": "0.51430", "2009-09-30": "0.50830", "2009-06-30": "0.51810", "2009-03-31": "0.53410", "2008-12-31": "0.52240", "2008-09-30": "0.49280", "2008-06-30": "0.49950", "2008-03-31": "0.50740", "2007-12-31": "0.52550", "2007-09-30": "0.51940", "2007-06-30": "0.52780", "2007-03-31": "0.52910", "2006-12-31": "0.51710", "2006-09-30": "0.52340", "2006-06-30": "0.53730", "2006-03-31": "0.55230", "2005-12-31": "0.56090", "2005-09-30": "0.51260", "2005-06-30": "0.52030", "2005-03-31": "0.52380"}, "Debt/Equity Ratio": {"2020-09-30": "1.83930", "2020-06-30": "9.38440", "2020-03-31": "", "2019-12-31": "", "2019-09-30": "", "2019-06-30": "", "2019-03-31": "", "2018-12-31": "1.70460", "2018-09-30": "0.98240", "2018-06-30": "1.01020", "2018-03-31": "0.93920", "2017-12-31": "0.98240", "2017-09-30": "0.94310", "2017-06-30": "0.97910", "2017-03-31": "0.98230", "2016-12-31": "1.01340", "2016-09-30": "1.01290", "2016-06-30": "1.07150", "2016-03-31": "1.03030", "2015-12-31": "1.01640", "2015-09-30": "0.97660", "2015-06-30": "1.01780", "2015-03-31": "0.99700", "2014-12-31": "0.98020", "2014-09-30": "0.93450", "2014-06-30": "1.00900", "2014-03-31": "0.99750", "2013-12-31": "1.01270", "2013-09-30": "0.99290", "2013-06-30": "1.00250", "2013-03-31": "0.96980", "2012-12-31": "1.00620", "2012-09-30": "1.00280", "2012-06-30": "1.03170", "2012-03-31": "1.05670", "2011-12-31": "1.12410", "2011-09-30": "1.08350", "2011-06-30": "1.10970", "2011-03-31": "1.13440", "2010-12-31": "1.16130", "2010-09-30": "1.17340", "2010-06-30": "1.15630", "2010-03-31": "1.23290", "2009-12-31": "1.20630", "2009-09-30": "1.15140", "2009-06-30": "1.20970", "2009-03-31": "1.22330", "2008-12-31": "1.22450", "2008-09-30": "1.21680", "2008-06-30": "1.12010", "2008-03-31": "1.16280", "2007-12-31": "1.20680", "2007-09-30": "1.26440", "2007-06-30": "1.24420", "2007-03-31": "1.22980", "2006-12-31": "1.27780", "2006-09-30": "1.24710", "2006-06-30": "1.30790", "2006-03-31": "1.31690", "2005-12-31": "1.39360", "2005-09-30": "1.11290", "2005-06-30": "1.17150", "2005-03-31": "1.21660"}, "Gross Margin": {"2020-09-30": "75.33800", "2020-06-30": "80.30000", "2020-03-31": "80.74780", "2019-12-31": "82.96440", "2019-09-30": "74.32310", "2019-06-30": "76.03350", "2019-03-31": "76.61430", "2018-12-31": "74.95110", "2018-09-30": "69.75580", "2018-06-30": "75.38970", "2018-03-31": "72.68250", "2017-12-31": "73.29270", "2017-09-30": "65.81800", "2017-06-30": "70.72940", "2017-03-31": "72.53980", "2016-12-31": "72.75620", "2016-09-30": "64.80250", "2016-06-30": "70.47250", "2016-03-31": "70.50830", "2015-12-31": "67.31460", "2015-09-30": "61.95600", "2015-06-30": "66.91960", "2015-03-31": "67.32500", "2014-12-31": "64.39180", "2014-09-30": "61.20670", "2014-06-30": "60.80470", "2014-03-31": "59.65050", "2013-12-31": "61.98740", "2013-09-30": "57.46110", "2013-06-30": "63.77120", "2013-03-31": "63.80720", "2012-12-31": "65.37860", "2012-09-30": "64.76360", "2012-06-30": "69.55190", "2012-03-31": "66.98710", "2011-12-31": "63.85320", "2011-09-30": "63.88600", "2011-06-30": "68.40390", "2011-03-31": "61.18990", "2010-12-31": "61.88900", "2010-09-30": "63.45000", "2010-06-30": "65.65590", "2010-03-31": "59.28060", "2009-12-31": "61.57110", "2009-09-30": "65.03860", "2009-06-30": "66.46840", "2009-03-31": "58.02970", "2008-12-31": "58.93490", "2008-09-30": "55.55250", "2008-06-30": "55.72950", "2008-03-31": "51.72780", "2007-12-31": "57.95020", "2007-09-30": "60.99420", "2007-06-30": "59.83680", "2007-03-31": "55.98930", "2006-12-31": "59.91890", "2006-09-30": "62.68940", "2006-06-30": "61.91580", "2006-03-31": "55.43200", "2005-12-31": "54.90350", "2005-09-30": "61.91160", "2005-06-30": "66.61330", "2005-03-31": "61.93330"}, "Operating Margin": {"2020-09-30": "8.15240", "2020-06-30": "6.22100", "2020-03-31": "15.21130", "2019-12-31": "-91.56650", "2019-09-30": "-51.89530", "2019-06-30": "-92.31550", "2019-03-31": "4.71200", "2018-12-31": "-233.12130", "2018-09-30": "15.88680", "2018-06-30": "-34.60090", "2018-03-31": "14.76820", "2017-12-31": "10.17070", "2017-09-30": "19.61480", "2017-06-30": "17.29410", "2017-03-31": "20.31400", "2016-12-31": "20.02970", "2016-09-30": "13.30560", "2016-06-30": "9.61860", "2016-03-31": "2.39050", "2015-12-31": "4.91960", "2015-09-30": "11.97800", "2015-06-30": "16.29120", "2015-03-31": "1.82100", "2014-12-31": "8.89040", "2014-09-30": "21.56310", "2014-06-30": "13.10730", "2014-03-31": "12.43900", "2013-12-31": "8.37740", "2013-09-30": "6.97010", "2013-06-30": "16.84320", "2013-03-31": "13.67100", "2012-12-31": "3.26370", "2012-09-30": "15.44270", "2012-06-30": "12.99750", "2012-03-31": "13.37550", "2011-12-31": "9.38400", "2011-09-30": "10.57000", "2011-06-30": "18.78390", "2011-03-31": "13.45570", "2010-12-31": "13.58740", "2010-09-30": "14.31830", "2010-06-30": "21.50370", "2010-03-31": "17.78420", "2009-12-31": "14.77820", "2009-09-30": "18.76350", "2009-06-30": "20.53850", "2009-03-31": "14.95190", "2008-12-31": "14.96020", "2008-09-30": "17.39250", "2008-06-30": "16.32200", "2008-03-31": "13.20650", "2007-12-31": "13.11860", "2007-09-30": "17.74930", "2007-06-30": "17.41450", "2007-03-31": "15.76280", "2006-12-31": "13.69310", "2006-09-30": "23.20080", "2006-06-30": "15.41270", "2006-03-31": "14.89840", "2005-12-31": "11.09330", "2005-09-30": "18.36660", "2005-06-30": "21.61730", "2005-03-31": "18.77110"}, "EBIT Margin": {"2020-09-30": "8.15240", "2020-06-30": "6.22100", "2020-03-31": "15.21130", "2019-12-31": "-91.56650", "2019-09-30": "-51.89530", "2019-06-30": "-92.31550", "2019-03-31": "4.71200", "2018-12-31": "-233.12130", "2018-09-30": "15.88680", "2018-06-30": "-34.60090", "2018-03-31": "14.76820", "2017-12-31": "10.17070", "2017-09-30": "19.61480", "2017-06-30": "17.29410", "2017-03-31": "20.31400", "2016-12-31": "20.02970", "2016-09-30": "13.30560", "2016-06-30": "9.61860", "2016-03-31": "2.39050", "2015-12-31": "4.91960", "2015-09-30": "11.97800", "2015-06-30": "16.29120", "2015-03-31": "1.82100", "2014-12-31": "8.89040", "2014-09-30": "21.56310", "2014-06-30": "13.10730", "2014-03-31": "12.43900", "2013-12-31": "8.37740", "2013-09-30": "6.97010", "2013-06-30": "16.84320", "2013-03-31": "13.67100", "2012-12-31": "3.26370", "2012-09-30": "15.44270", "2012-06-30": "12.99750", "2012-03-31": "13.37550", "2011-12-31": "9.38400", "2011-09-30": "10.57000", "2011-06-30": "18.78390", "2011-03-31": "13.45570", "2010-12-31": "13.58740", "2010-09-30": "14.31830", "2010-06-30": "21.50370", "2010-03-31": "17.78420", "2009-12-31": "14.77820", "2009-09-30": "18.76350", "2009-06-30": "20.53850", "2009-03-31": "14.95190", "2008-12-31": "14.96020", "2008-09-30": "17.39250", "2008-06-30": "16.32200", "2008-03-31": "13.20650", "2007-12-31": "13.11860", "2007-09-30": "17.74930", "2007-06-30": "17.41450", "2007-03-31": "15.76280", "2006-12-31": "13.69310", "2006-09-30": "23.20080", "2006-06-30": "15.41270", "2006-03-31": "14.89840", "2005-12-31": "11.09330", "2005-09-30": "18.36660", "2005-06-30": "21.61730", "2005-03-31": "18.77110"}, "EBITDA Margin": {"2020-09-30": "", "2020-06-30": "", "2020-03-31": "", "2019-12-31": "", "2019-09-30": "", "2019-06-30": "", "2019-03-31": "", "2018-12-31": "", "2018-09-30": "", "2018-06-30": "", "2018-03-31": "", "2017-12-31": "", "2017-09-30": "", "2017-06-30": "", "2017-03-31": "", "2016-12-31": "", "2016-09-30": "", "2016-06-30": "", "2016-03-31": "", "2015-12-31": "", "2015-09-30": "", "2015-06-30": "", "2015-03-31": "", "2014-12-31": "", "2014-09-30": "", "2014-06-30": "", "2014-03-31": "", "2013-12-31": "", "2013-09-30": "", "2013-06-30": "", "2013-03-31": "", "2012-12-31": "", "2012-09-30": "", "2012-06-30": "", "2012-03-31": "", "2011-12-31": "", "2011-09-30": "", "2011-06-30": "", "2011-03-31": "", "2010-12-31": "", "2010-09-30": "", "2010-06-30": "", "2010-03-31": "", "2009-12-31": "", "2009-09-30": "", "2009-06-30": "", "2009-03-31": "", "2008-12-31": "", "2008-09-30": "", "2008-06-30": "", "2008-03-31": "", "2007-12-31": "", "2007-09-30": "", "2007-06-30": "", "2007-03-31": "", "2006-12-31": "", "2006-09-30": "", "2006-06-30": "", "2006-03-31": "", "2005-12-31": "", "2005-09-30": "", "2005-06-30": "", "2005-03-31": ""}, "Pre-Tax Profit Margin": {"2020-09-30": "-0.47110", "2020-06-30": "-31.52440", "2020-03-31": "7.84950", "2019-12-31": "-107.12630", "2019-09-30": "-52.91070", "2019-06-30": "-93.02560", "2019-03-31": "1.29640", "2018-12-31": "-235.66540", "2018-09-30": "13.28460", "2018-06-30": "-37.15160", "2018-03-31": "12.22880", "2017-12-31": "5.51220", "2017-09-30": "15.78480", "2017-06-30": "12.80000", "2017-03-31": "16.12000", "2016-12-31": "18.16250", "2016-09-30": "9.58420", "2016-06-30": "5.32500", "2016-03-31": "-1.93760", "2015-12-31": "0.64790", "2015-09-30": "8.28570", "2015-06-30": "12.23620", "2015-03-31": "-1.51320", "2014-12-31": "3.94610", "2014-09-30": "18.80950", "2014-06-30": "9.48890", "2014-03-31": "8.24980", "2013-12-31": "2.89310", "2013-09-30": "3.35330", "2013-06-30": "12.84430", "2013-03-31": "9.69500", "2012-12-31": "-1.64490", "2012-09-30": "11.67000", "2012-06-30": "9.07320", "2012-03-31": "9.33810", "2011-12-31": "4.66580", "2011-09-30": "6.52850", "2011-06-30": "14.71230", "2011-03-31": "9.06310", "2010-12-31": "8.89260", "2010-09-30": "10.47540", "2010-06-30": "16.21290", "2010-03-31": "12.83450", "2009-12-31": "10.20060", "2009-09-30": "14.12670", "2009-06-30": "16.18660", "2009-03-31": "10.46340", "2008-12-31": "10.40350", "2008-09-30": "12.79260", "2008-06-30": "12.21350", "2008-03-31": "9.02760", "2007-12-31": "9.31190", "2007-09-30": "13.08330", "2007-06-30": "13.08440", "2007-03-31": "11.77000", "2006-12-31": "7.36120", "2006-09-30": "18.97100", "2006-06-30": "12.26380", "2006-03-31": "10.73700", "2005-12-31": "7.69020", "2005-09-30": "13.48070", "2005-06-30": "16.93360", "2005-03-31": "13.48820"}, "Net Profit Margin": {"2020-09-30": "1.70010", "2020-06-30": "-43.50320", "2020-03-31": "8.61590", "2019-12-31": "-76.32300", "2019-09-30": "-36.52980", "2019-06-30": "-64.74770", "2019-03-31": "3.39070", "2018-12-31": "-168.12620", "2018-09-30": "12.87380", "2018-06-30": "-23.24040", "2018-03-31": "10.89740", "2017-12-31": "2.78050", "2017-09-30": "12.17620", "2017-06-30": "9.55290", "2017-03-31": "13.49580", "2016-12-31": "14.68280", "2016-09-30": "8.06650", "2016-06-30": "4.94120", "2016-03-31": "2.69250", "2015-12-31": "3.21570", "2015-09-30": "6.74730", "2015-06-30": "9.53280", "2015-03-31": "0.79510", "2014-12-31": "3.04090", "2014-09-30": "16.42030", "2014-06-30": "6.75610", "2014-03-31": "5.83400", "2013-12-31": "2.16350", "2013-09-30": "3.85630", "2013-06-30": "8.68640", "2013-03-31": "6.50870", "2012-12-31": "-0.33940", "2012-09-30": "9.07950", "2012-06-30": "6.54050", "2012-03-31": "6.39930", "2011-12-31": "2.17560", "2011-09-30": "5.18130", "2011-06-30": "9.82630", "2011-03-31": "5.53240", "2010-12-31": "6.90420", "2010-09-30": "7.34420", "2010-06-30": "10.30320", "2010-03-31": "7.42450", "2009-12-31": "7.71400", "2009-09-30": "9.83000", "2009-06-30": "12.14780", "2009-03-31": "7.02420", "2008-12-31": "14.19160", "2008-09-30": "8.27440", "2008-06-30": "8.18890", "2008-03-31": "6.00050", "2007-12-31": "5.94440", "2007-09-30": "8.47820", "2007-06-30": "8.44050", "2007-03-31": "7.62810", "2006-12-31": "4.74110", "2006-09-30": "12.40530", "2006-06-30": "7.68980", "2006-03-31": "6.79800", "2005-12-31": "4.82320", "2005-09-30": "8.98720", "2005-06-30": "10.68860", "2005-03-31": "8.16790"}, "Asset Turnover": {"2020-09-30": "0.05110", "2020-06-30": "0.04150", "2020-03-31": "0.04970", "2019-12-31": "0.05570", "2019-09-30": "0.05170", "2019-06-30": "0.04670", "2019-03-31": "0.04870", "2018-12-31": "0.05310", "2018-09-30": "0.06140", "2018-06-30": "0.06060", "2018-03-31": "0.05950", "2017-12-31": "0.06030", "2017-09-30": "0.06320", "2017-06-30": "0.06070", "2017-03-31": "0.06170", "2016-12-31": "0.06870", "2016-09-30": "0.07230", "2016-06-30": "0.06320", "2016-03-31": "0.06150", "2015-12-31": "0.06590", "2015-09-30": "0.07340", "2015-06-30": "0.06840", "2015-03-31": "0.06440", "2014-12-31": "0.07160", "2014-09-30": "0.08530", "2014-06-30": "0.06930", "2014-03-31": "0.06950", "2013-12-31": "0.07150", "2013-09-30": "0.07560", "2013-06-30": "0.06950", "2013-03-31": "0.06920", "2012-12-31": "0.07300", "2012-09-30": "0.07820", "2012-06-30": "0.07170", "2012-03-31": "0.07250", "2011-12-31": "0.07670", "2011-09-30": "0.08120", "2011-06-30": "0.07790", "2011-03-31": "0.07780", "2010-12-31": "0.07870", "2010-09-30": "0.07760", "2010-06-30": "0.07310", "2010-03-31": "0.07980", "2009-12-31": "0.08240", "2009-09-30": "0.07600", "2009-06-30": "0.07570", "2009-03-31": "0.08300", "2008-12-31": "0.08920", "2008-09-30": "0.09450", "2008-06-30": "0.09270", "2008-03-31": "0.09970", "2007-12-31": "0.09320", "2007-09-30": "0.09090", "2007-06-30": "0.08990", "2007-03-31": "0.09650", "2006-12-31": "0.09210", "2006-09-30": "0.09100", "2006-06-30": "0.08880", "2006-03-31": "0.09240", "2005-12-31": "0.10950", "2005-09-30": "0.08210", "2005-06-30": "0.07260", "2005-03-31": "0.07750"}, "Inventory Turnover Ratio": {"2020-09-30": "1.86380", "2020-06-30": "1.36750", "2020-03-31": "1.28730", "2019-12-31": "1.24880", "2019-09-30": "1.79210", "2019-06-30": "1.55430", "2019-03-31": "1.75000", "2018-12-31": "1.84840", "2018-09-30": "2.62380", "2018-06-30": "2.13960", "2018-03-31": "2.44590", "2017-12-31": "2.27650", "2017-09-30": "3.10040", "2017-06-30": "2.48300", "2017-03-31": "2.52040", "2016-12-31": "2.77320", "2016-09-30": "3.54930", "2016-06-30": "2.62470", "2016-03-31": "2.58720", "2015-12-31": "3.10250", "2015-09-30": "3.67520", "2015-06-30": "3.05920", "2015-03-31": "3.04780", "2014-12-31": "3.22270", "2014-09-30": "3.85510", "2014-06-30": "3.36010", "2014-03-31": "4.00510", "2013-12-31": "3.32820", "2013-09-30": "3.55200", "2013-06-30": "2.88000", "2013-03-31": "3.41650", "2012-12-31": "2.98650", "2012-09-30": "3.08590", "2012-06-30": "2.63610", "2012-03-31": "3.24860", "2011-12-31": "3.28330", "2011-09-30": "3.34290", "2011-06-30": "3.26970", "2011-03-31": "4.78080", "2010-12-31": "3.86550", "2010-09-30": "3.38790", "2010-06-30": "3.32340", "2010-03-31": "5.54900", "2009-12-31": "4.33120", "2009-09-30": "3.27830", "2009-06-30": "3.44370", "2009-03-31": "5.60310", "2008-12-31": "3.53660", "2008-09-30": "3.23370", "2008-06-30": "3.70090", "2008-03-31": "6.82580", "2007-12-31": "3.87060", "2007-09-30": "3.03080", "2007-06-30": "3.63640", "2007-03-31": "5.79220", "2006-12-31": "3.89390", "2006-09-30": "3.17740", "2006-06-30": "3.77960", "2006-03-31": "6.43580", "2005-12-31": "4.62360", "2005-09-30": "2.66330", "2005-06-30": "2.67310", "2005-03-31": "4.74770"}, "Receiveable Turnover": {"2020-09-30": "1.71300", "2020-06-30": "1.12290", "2020-03-31": "1.09510", "2019-12-31": "1.21490", "2019-09-30": "1.09730", "2019-06-30": "1.01410", "2019-03-31": "0.99930", "2018-12-31": "1.05990", "2018-09-30": "1.99230", "2018-06-30": "1.92810", "2018-03-31": "2.16440", "2017-12-31": "1.94870", "2017-09-30": "1.89390", "2017-06-30": "2.06210", "2017-03-31": "1.97960", "2016-12-31": "2.12970", "2016-09-30": "2.49740", "2016-06-30": "2.26580", "2016-03-31": "2.53440", "2015-12-31": "2.69360", "2015-09-30": "2.75260", "2015-06-30": "2.64720", "2015-03-31": "2.75740", "2014-12-31": "2.80650", "2014-09-30": "3.03750", "2014-06-30": "2.05190", "2014-03-31": "2.15930", "2013-12-31": "2.01060", "2013-09-30": "2.36950", "2013-06-30": "2.25970", "2013-03-31": "2.60980", "2012-12-31": "2.53140", "2012-09-30": "2.12730", "2012-06-30": "2.60170", "2012-03-31": "1.91930", "2011-12-31": "1.89420", "2011-09-30": "1.95050", "2011-06-30": "1.90580", "2011-03-31": "2.03110", "2010-12-31": "2.02860", "2010-09-30": "3.55210", "2010-06-30": "3.82030", "2010-03-31": "2.11890", "2009-12-31": "2.03860", "2009-09-30": "1.94060", "2009-06-30": "1.93340", "2009-03-31": "2.23520", "2008-12-31": "1.94710", "2008-09-30": "1.45220", "2008-06-30": "1.44920", "2008-03-31": "1.57840", "2007-12-31": "2.05720", "2007-09-30": "1.35270", "2007-06-30": "1.34130", "2007-03-31": "1.55510", "2006-12-31": "1.36830", "2006-09-30": "1.45120", "2006-06-30": "1.40390", "2006-03-31": "1.48420", "2005-12-31": "1.52760", "2005-09-30": "1.32260", "2005-06-30": "1.23110", "2005-03-31": "1.39300"}, "Days Sales In Receivables": {"2020-09-30": "52.53990", "2020-06-30": "80.15220", "2020-03-31": "82.18300", "2019-12-31": "74.07970", "2019-09-30": "82.01940", "2019-06-30": "88.74460", "2019-03-31": "90.06730", "2018-12-31": "84.91440", "2018-09-30": "45.17460", "2018-06-30": "46.67930", "2018-03-31": "41.58280", "2017-12-31": "46.18540", "2017-09-30": "47.52050", "2017-06-30": "43.64470", "2017-03-31": "45.46390", "2016-12-31": "42.25970", "2016-09-30": "36.03740", "2016-06-30": "39.72180", "2016-03-31": "35.51080", "2015-12-31": "33.41250", "2015-09-30": "32.69670", "2015-06-30": "33.99810", "2015-03-31": "32.63910", "2014-12-31": "32.06820", "2014-09-30": "29.62950", "2014-06-30": "43.86130", "2014-03-31": "41.68080", "2013-12-31": "44.76230", "2013-09-30": "37.98320", "2013-06-30": "39.82790", "2013-03-31": "34.48530", "2012-12-31": "35.55350", "2012-09-30": "42.30630", "2012-06-30": "34.59230", "2012-03-31": "46.89100", "2011-12-31": "47.51250", "2011-09-30": "46.14250", "2011-06-30": "47.22310", "2011-03-31": "44.31190", "2010-12-31": "44.36620", "2010-09-30": "25.33730", "2010-06-30": "23.55820", "2010-03-31": "42.47480", "2009-12-31": "44.14810", "2009-09-30": "46.37710", "2009-06-30": "46.54980", "2009-03-31": "40.26520", "2008-12-31": "46.22290", "2008-09-30": "61.97610", "2008-06-30": "62.10450", "2008-03-31": "57.01850", "2007-12-31": "43.74820", "2007-09-30": "66.53250", "2007-06-30": "67.09760", "2007-03-31": "57.87250", "2006-12-31": "65.77360", "2006-09-30": "62.01700", "2006-06-30": "64.10670", "2006-03-31": "60.63850", "2005-12-31": "58.91480", "2005-09-30": "68.04570", "2005-06-30": "73.10250", "2005-03-31": "64.60850"}, "ROE - Return On Equity": {"2020-09-30": "0.40830", "2020-06-30": "-51.77590", "2020-03-31": "6.49420", "2019-12-31": "-67.05640", "2019-09-30": "-17.97350", "2019-06-30": "-24.06080", "2019-03-31": "1.03590", "2018-12-31": "-53.23570", "2018-09-30": "2.87880", "2018-06-30": "-5.14140", "2018-03-31": "2.22690", "2017-12-31": "0.60600", "2017-09-30": "2.86740", "2017-06-30": "2.17030", "2017-03-31": "3.11210", "2016-12-31": "3.82590", "2016-09-30": "2.22080", "2016-06-30": "1.23540", "2016-03-31": "0.65230", "2015-12-31": "0.82010", "2015-09-30": "1.84300", "2015-06-30": "2.49520", "2015-03-31": "0.21310", "2014-12-31": "0.84380", "2014-09-30": "5.07770", "2014-06-30": "1.77360", "2014-03-31": "1.54030", "2013-12-31": "0.61670", "2013-09-30": "1.15010", "2013-06-30": "2.35090", "2013-03-31": "1.75060", "2012-12-31": "-0.06750", "2012-09-30": "2.71950", "2012-06-30": "1.83090", "2012-03-31": "1.84200", "2011-12-31": "0.70430", "2011-09-30": "1.66240", "2011-06-30": "3.03960", "2011-03-31": "1.73150", "2010-12-31": "2.20220", "2010-09-30": "2.31490", "2010-06-30": "3.02980", "2010-03-31": "2.45740", "2009-12-31": "2.61690", "2009-09-30": "3.08240", "2009-06-30": "3.84390", "2009-03-31": "2.47410", "2008-12-31": "3.81140", "2008-09-30": "3.35920", "2008-06-30": "3.33820", "2008-03-31": "2.61130", "2007-12-31": "2.53710", "2007-09-30": "3.31030", "2007-06-30": "3.28210", "2007-03-31": "3.20920", "2006-12-31": "1.94600", "2006-09-30": "5.06440", "2006-06-30": "3.10830", "2006-03-31": "2.90880", "2005-12-31": "2.49380", "2005-09-30": "2.90220", "2005-06-30": "3.31100", "2005-03-31": "2.78740"}, "Return On Tangible Equity": {"2020-09-30": "0.40830", "2020-06-30": "-51.77590", "2020-03-31": "6.49420", "2019-12-31": "-67.05640", "2019-09-30": "-17.97350", "2019-06-30": "-24.06080", "2019-03-31": "1.03590", "2018-12-31": "-53.23570", "2018-09-30": "2.87880", "2018-06-30": "-5.14140", "2018-03-31": "2.22690", "2017-12-31": "0.60600", "2017-09-30": "2.86740", "2017-06-30": "2.17030", "2017-03-31": "3.11210", "2016-12-31": "3.82590", "2016-09-30": "2.22080", "2016-06-30": "1.23540", "2016-03-31": "0.65230", "2015-12-31": "0.82010", "2015-09-30": "1.84300", "2015-06-30": "2.49520", "2015-03-31": "0.21310", "2014-12-31": "0.84380", "2014-09-30": "5.07770", "2014-06-30": "1.77360", "2014-03-31": "1.54030", "2013-12-31": "0.61670", "2013-09-30": "1.15010", "2013-06-30": "2.35090", "2013-03-31": "1.75060", "2012-12-31": "-0.06750", "2012-09-30": "2.71950", "2012-06-30": "1.83090", "2012-03-31": "1.84200", "2011-12-31": "0.70430", "2011-09-30": "1.66240", "2011-06-30": "3.03960", "2011-03-31": "1.73150", "2010-12-31": "2.20220", "2010-09-30": "2.31490", "2010-06-30": "3.02980", "2010-03-31": "2.45740", "2009-12-31": "2.61690", "2009-09-30": "3.08240", "2009-06-30": "3.84390", "2009-03-31": "2.47410", "2008-12-31": "3.81140", "2008-09-30": "3.26910", "2008-06-30": "3.24630", "2008-03-31": "2.53770", "2007-12-31": "2.46450", "2007-09-30": "3.21390", "2007-06-30": "3.18420", "2007-03-31": "3.11090", "2006-12-31": "1.88520", "2006-09-30": "4.90510", "2006-06-30": "3.00670", "2006-03-31": "2.81250", "2005-12-31": "2.40960", "2005-09-30": "2.81610", "2005-06-30": "3.19760", "2005-03-31": "2.68900"}, "ROA - Return On Assets": {"2020-09-30": "0.09000", "2020-06-30": "-1.80170", "2020-03-31": "0.43140", "2019-12-31": "-4.24080", "2019-09-30": "-1.88540", "2019-06-30": "-3.02060", "2019-03-31": "0.16530", "2018-12-31": "-8.92140", "2018-09-30": "0.79430", "2018-06-30": "-1.40220", "2018-03-31": "0.65290", "2017-12-31": "0.17350", "2017-09-30": "0.77310", "2017-06-30": "0.58530", "2017-03-31": "0.83710", "2016-12-31": "1.01460", "2016-09-30": "0.58740", "2016-06-30": "0.31850", "2016-03-31": "0.17010", "2015-12-31": "0.21820", "2015-09-30": "0.50010", "2015-06-30": "0.65880", "2015-03-31": "0.05620", "2014-12-31": "0.22450", "2014-09-30": "1.40630", "2014-06-30": "0.47520", "2014-03-31": "0.41080", "2013-12-31": "0.16190", "2013-09-30": "0.29700", "2013-06-30": "0.61110", "2013-03-31": "0.45610", "2012-12-31": "-0.01720", "2012-09-30": "0.71560", "2012-06-30": "0.47690", "2012-03-31": "0.47020", "2011-12-31": "0.17490", "2011-09-30": "0.42720", "2011-06-30": "0.77350", "2011-03-31": "0.43670", "2010-12-31": "0.55190", "2010-09-30": "0.57680", "2010-06-30": "0.76210", "2010-03-31": "0.59940", "2009-12-31": "0.64500", "2009-09-30": "0.75440", "2009-06-30": "0.92900", "2009-03-31": "0.59030", "2008-12-31": "0.89820", "2008-09-30": "0.78960", "2008-06-30": "0.76920", "2008-03-31": "0.60620", "2007-12-31": "0.59240", "2007-09-30": "0.77050", "2007-06-30": "0.75920", "2007-03-31": "0.73590", "2006-12-31": "0.43670", "2006-09-30": "1.12840", "2006-06-30": "0.68280", "2006-03-31": "0.62800", "2005-12-31": "0.52830", "2005-09-30": "0.69960", "2005-06-30": "0.77580", "2005-03-31": "0.63300"}, "ROI - Return On Investment": {"2020-09-30": "0.14990", "2020-06-30": "-5.08250", "2020-03-31": "6.49420", "2019-12-31": "-67.05640", "2019-09-30": "-17.97350", "2019-06-30": "-24.06080", "2019-03-31": "1.03590", "2018-12-31": "-53.23570", "2018-09-30": "1.48810", "2018-06-30": "-2.67230", "2018-03-31": "1.19020", "2017-12-31": "0.31700", "2017-09-30": "1.54020", "2017-06-30": "1.15470", "2017-03-31": "1.63480", "2016-12-31": "2.02260", "2016-09-30": "1.14550", "2016-06-30": "0.62640", "2016-03-31": "0.32950", "2015-12-31": "0.42130", "2015-09-30": "0.95780", "2015-06-30": "1.27610", "2015-03-31": "0.10970", "2014-12-31": "0.43480", "2014-09-30": "2.66130", "2014-06-30": "0.92660", "2014-03-31": "0.79590", "2013-12-31": "0.32950", "2013-09-30": "0.62650", "2013-06-30": "1.27500", "2013-03-31": "0.95490", "2012-12-31": "-0.03480", "2012-09-30": "1.38400", "2012-06-30": "0.94770", "2012-03-31": "0.96020", "2011-12-31": "0.36070", "2011-09-30": "0.85160", "2011-06-30": "1.54240", "2011-03-31": "0.90660", "2010-12-31": "1.11100", "2010-09-30": "1.15850", "2010-06-30": "1.53610", "2010-03-31": "1.22920", "2009-12-31": "1.27110", "2009-09-30": "1.51550", "2009-06-30": "1.85240", "2009-03-31": "1.15270", "2008-12-31": "1.82020", "2008-09-30": "1.65790", "2008-06-30": "1.62480", "2008-03-31": "1.25000", "2007-12-31": "1.16930", "2007-09-30": "1.54450", "2007-06-30": "1.50350", "2007-03-31": "1.46500", "2006-12-31": "0.91040", "2006-09-30": "2.33800", "2006-06-30": "1.39110", "2006-03-31": "1.25930", "2005-12-31": "1.05810", "2005-09-30": "1.37260", "2005-06-30": "1.53380", "2005-03-31": "1.28040"}, "Book Value Per Share": {"2020-09-30": "10.61390", "2020-06-30": "7.17450", "2020-03-31": "10.87040", "2019-12-31": "10.18070", "2019-09-30": "16.98880", "2019-06-30": "20.01800", "2019-03-31": "24.80870", "2018-12-31": "24.79730", "2018-09-30": "38.08910", "2018-06-30": "36.86110", "2018-03-31": "38.72640", "2017-12-31": "37.82760", "2017-09-30": "37.53800", "2017-06-30": "36.88060", "2017-03-31": "36.43680", "2016-12-31": "35.88930", "2016-09-30": "34.85070", "2016-06-30": "34.12270", "2016-03-31": "34.02700", "2015-12-31": "34.20150", "2015-09-30": "34.31410", "2015-06-30": "33.78710", "2015-03-31": "33.27490", "2014-12-31": "33.61960", "2014-09-30": "33.78260", "2014-06-30": "32.44500", "2014-03-31": "32.16280", "2013-12-31": "31.95740", "2013-09-30": "31.78850", "2013-06-30": "31.75500", "2013-03-31": "31.31080", "2012-12-31": "30.93900", "2012-09-30": "31.17450", "2012-06-30": "30.64350", "2012-03-31": "30.37620", "2011-12-31": "29.96430", "2011-09-30": "30.13800", "2011-06-30": "29.97830", "2011-03-31": "29.35180", "2010-12-31": "29.18320", "2010-09-30": "28.79720", "2010-06-30": "28.51300", "2010-03-31": "28.57380", "2009-12-31": "28.51010", "2009-09-30": "28.02870", "2009-06-30": "27.59830", "2009-03-31": "26.87050", "2008-12-31": "26.57400", "2008-09-30": "26.12130", "2008-06-30": "23.92090", "2008-03-31": "23.46050", "2007-12-31": "24.80420", "2007-09-30": "24.46040", "2007-06-30": "24.08530", "2007-03-31": "23.43700", "2006-12-31": "23.06900", "2006-09-30": "22.97770", "2006-06-30": "22.19640", "2006-03-31": "21.93010", "2005-12-31": "21.74020", "2005-09-30": "22.65190", "2005-06-30": "22.39550", "2005-03-31": "21.91650"}, "Operating Cash Flow Per Share": {"2020-09-30": -15.202, "2020-06-30": 3.7443, "2020-03-31": "2.47690", "2019-12-31": 1.4331, "2019-09-30": 2.4764, "2019-06-30": 0.9536, "2019-03-31": "4.25810", "2018-12-31": 0.9981, "2018-09-30": 2.8581, "2018-06-30": 2.4051, "2018-03-31": "2.93020", "2017-12-31": 2.4709, "2017-09-30": 3.8079, "2017-06-30": 2.2921, "2017-03-31": "3.08020", "2016-12-31": 2.2736, "2016-09-30": 2.8822, "2016-06-30": 1.4466, "2016-03-31": "2.19800", "2015-12-31": 1.7454, "2015-09-30": 2.1675, "2015-06-30": 1.6036, "2015-03-31": "2.24530", "2014-12-31": 1.6127, "2014-09-30": 3.5092, "2014-06-30": 1.0531, "2014-03-31": "1.67610", "2013-12-31": 1.3633, "2013-09-30": 3.0443, "2013-06-30": 1.2958, "2013-03-31": "1.99770", "2012-12-31": 3.4405, "2012-09-30": 2.9313, "2012-06-30": 2.8773, "2012-03-31": "2.23800", "2011-12-31": 1.301, "2011-09-30": 3.2375, "2011-06-30": 2.0219, "2011-03-31": "2.74060", "2010-12-31": 2.2602, "2010-09-30": 2.3979, "2010-06-30": 2.5051, "2010-03-31": "1.01540", "2009-12-31": 0.6386, "2009-09-30": 2.4811, "2009-06-30": 2.3217, "2009-03-31": "2.43170", "2008-12-31": 1.595, "2008-09-30": -0.174, "2008-06-30": 3.3812, "2008-03-31": "2.91570", "2007-12-31": 1.3654, "2007-09-30": 2.3753, "2007-06-30": 0.7308, "2007-03-31": "2.78060", "2006-12-31": 1.3212, "2006-09-30": 2.0044, "2006-06-30": 1.383, "2006-03-31": "3.06790", "2005-12-31": 1.0135, "2005-09-30": 1.3315, "2005-06-30": 1.7117, "2005-03-31": "2.31630"}, "Free Cash Flow Per Share": {"2020-09-30": -11.3351, "2020-06-30": -0.1486, "2020-03-31": "-0.05560", "2019-12-31": -2.5989, "2019-09-30": -0.8923, "2019-06-30": -1.2795, "2019-03-31": "1.93550", "2018-12-31": -2.7195, "2018-09-30": -0.4095, "2018-06-30": -0.3605, "2018-03-31": "0.08140", "2017-12-31": -0.8935, "2017-09-30": 0.9988, "2017-06-30": -0.1509, "2017-03-31": "0.70060", "2016-12-31": -0.9149, "2016-09-30": -0.0012, "2016-06-30": -1.3939, "2016-03-31": "-0.28480", "2015-12-31": -1.388, "2015-09-30": -0.3316, "2015-06-30": -0.91, "2015-03-31": "-0.23080", "2014-12-31": -1.1513, "2014-09-30": 0.9369, "2014-06-30": -1.2914, "2014-03-31": "-0.92610", "2013-12-31": -1.6555, "2013-09-30": 0.0528, "2013-06-30": -1.5237, "2013-03-31": "-0.87360", "2012-12-31": 0.395, "2012-09-30": 0.318, "2012-06-30": 0.2859, "2012-03-31": "-0.39180", "2011-12-31": -1.3973, "2011-09-30": 0.6335, "2011-06-30": -0.3402, "2011-03-31": "0.36020", "2010-12-31": -0.3112, "2010-09-30": -0.1502, "2010-06-30": 0.1235, "2010-03-31": "-1.18250", "2009-12-31": -1.8267, "2009-09-30": 0.3212, "2009-06-30": -0.3589, "2009-03-31": "-0.51640", "2008-12-31": -1.0223, "2008-09-30": -2.9289, "2008-06-30": 0.9985, "2008-03-31": "0.53650", "2007-12-31": -0.7564, "2007-09-30": 0.3802, "2007-06-30": -1.0905, "2007-03-31": "0.87460", "2006-12-31": -0.5616, "2006-09-30": 0.4378, "2006-06-30": -0.4444, "2006-03-31": "1.51090", "2005-12-31": -0.3672, "2005-09-30": 0.0429, "2005-06-30": 0.5341, "2005-03-31": "1.49390"}}, "revenue": {"Pacific Gas & Electric Annual Revenue (Millions of US $)": {"2019": "$17,129", "2018": "$16,759", "2017": "$17,135", "2016": "$17,666", "2015": "$16,833", "2014": "$17,090", "2013": "$15,598", "2012": "$15,040", "2011": "$14,956", "2010": "$13,841", "2009": "$13,399", "2008": "$14,628", "2007": "$13,237", "2006": "$12,539", "2005": "$11,703"}, "Pacific Gas & Electric Quarterly Revenue (Millions of US $)": {"2020-09-30": "$4,882", "2020-06-30": "$4,533", "2020-03-31": "$4,306", "2019-12-31": "$4,743", "2019-09-30": "$4,432", "2019-06-30": "$3,943", "2019-03-31": "$4,011", "2018-12-31": "$4,088", "2018-09-30": "$4,381", "2018-06-30": "$4,234", "2018-03-31": "$4,056", "2017-12-31": "$4,100", "2017-09-30": "$4,517", "2017-06-30": "$4,250", "2017-03-31": "$4,268", "2016-12-31": "$4,713", "2016-09-30": "$4,810", "2016-06-30": "$4,169", "2016-03-31": "$3,974", "2015-12-31": "$4,167", "2015-09-30": "$4,550", "2015-06-30": "$4,217", "2015-03-31": "$3,899", "2014-12-31": "$4,308", "2014-09-30": "$4,939", "2014-06-30": "$3,952", "2014-03-31": "$3,891", "2013-12-31": "$3,975", "2013-09-30": "$4,175", "2013-06-30": "$3,776", "2013-03-31": "$3,672", "2012-12-31": "$3,830", "2012-09-30": "$3,976", "2012-06-30": "$3,593", "2012-03-31": "$3,641", "2011-12-31": "$3,815", "2011-09-30": "$3,860", "2011-06-30": "$3,684", "2011-03-31": "$3,597", "2010-12-31": "$3,621", "2010-09-30": "$3,513", "2010-06-30": "$3,232", "2010-03-31": "$3,475", "2009-12-31": "$3,539", "2009-09-30": "$3,235", "2009-06-30": "$3,194", "2009-03-31": "$3,431", "2008-12-31": "$3,643", "2008-09-30": "$3,674", "2008-06-30": "$3,578", "2008-03-31": "$3,733", "2007-12-31": "$3,415", "2007-09-30": "$3,279", "2007-06-30": "$3,187", "2007-03-31": "$3,356", "2006-12-31": "$3,206", "2006-09-30": "$3,168", "2006-06-30": "$3,017", "2006-03-31": "$3,148", "2005-12-31": "$3,732", "2005-09-30": "$2,804", "2005-06-30": "$2,498", "2005-03-31": "$2,669"}}, "gross-profit": {"Pacific Gas & Electric Annual Gross Profit (Millions of US $)": {"2019": "$13,300", "2018": "$12,260", "2017": "$12,080", "2016": "$12,286", "2015": "$11,071", "2014": "$10,521", "2013": "$9,614", "2012": "$10,017", "2011": "$9,623", "2010": "$8,652", "2009": "$8,397", "2008": "$8,113", "2007": "$7,765", "2006": "$7,520", "2005": "$7,102"}, "Pacific Gas & Electric Quarterly Gross Profit (Millions of US $)": {"2020-09-30": "$3,678", "2020-06-30": "$3,640", "2020-03-31": "$3,477", "2019-12-31": "$3,935", "2019-09-30": "$3,294", "2019-06-30": "$2,998", "2019-03-31": "$3,073", "2018-12-31": "$3,064", "2018-09-30": "$3,056", "2018-06-30": "$3,192", "2018-03-31": "$2,948", "2017-12-31": "$3,005", "2017-09-30": "$2,973", "2017-06-30": "$3,006", "2017-03-31": "$3,096", "2016-12-31": "$3,429", "2016-09-30": "$3,117", "2016-06-30": "$2,938", "2016-03-31": "$2,802", "2015-12-31": "$2,805", "2015-09-30": "$2,819", "2015-06-30": "$2,822", "2015-03-31": "$2,625", "2014-12-31": "$2,774", "2014-09-30": "$3,023", "2014-06-30": "$2,403", "2014-03-31": "$2,321", "2013-12-31": "$2,464", "2013-09-30": "$2,399", "2013-06-30": "$2,408", "2013-03-31": "$2,343", "2012-12-31": "$2,504", "2012-09-30": "$2,575", "2012-06-30": "$2,499", "2012-03-31": "$2,439", "2011-12-31": "$2,436", "2011-09-30": "$2,466", "2011-06-30": "$2,520", "2011-03-31": "$2,201", "2010-12-31": "$2,241", "2010-09-30": "$2,229", "2010-06-30": "$2,122", "2010-03-31": "$2,060", "2009-12-31": "$2,179", "2009-09-30": "$2,104", "2009-06-30": "$2,123", "2009-03-31": "$1,991", "2008-12-31": "$2,147", "2008-09-30": "$2,041", "2008-06-30": "$1,994", "2008-03-31": "$1,931", "2007-12-31": "$1,979", "2007-09-30": "$2,000", "2007-06-30": "$1,907", "2007-03-31": "$1,879", "2006-12-31": "$1,921", "2006-09-30": "$1,986", "2006-06-30": "$1,868", "2006-03-31": "$1,745", "2005-12-31": "$2,049", "2005-09-30": "$1,736", "2005-06-30": "$1,664", "2005-03-31": "$1,653"}}, "operating-income": {"Pacific Gas & Electric Annual Operating Income (Millions of US $)": {"2019": "$-10,094", "2018": "$-9,700", "2017": "$2,905", "2016": "$2,080", "2015": "$1,508", "2014": "$2,450", "2013": "$1,762", "2012": "$1,693", "2011": "$1,942", "2010": "$2,308", "2009": "$2,299", "2008": "$2,261", "2007": "$2,114", "2006": "$2,108", "2005": "$1,970"}, "Pacific Gas & Electric Quarterly Operating Income (Millions of US $)": {"2020-09-30": "$398", "2020-06-30": "$282", "2020-03-31": "$655", "2019-12-31": "$-4,343", "2019-09-30": "$-2,300", "2019-06-30": "$-3,640", "2019-03-31": "$189", "2018-12-31": "$-9,530", "2018-09-30": "$696", "2018-06-30": "$-1,465", "2018-03-31": "$599", "2017-12-31": "$417", "2017-09-30": "$886", "2017-06-30": "$735", "2017-03-31": "$867", "2016-12-31": "$944", "2016-09-30": "$640", "2016-06-30": "$401", "2016-03-31": "$95", "2015-12-31": "$205", "2015-09-30": "$545", "2015-06-30": "$687", "2015-03-31": "$71", "2014-12-31": "$383", "2014-09-30": "$1,065", "2014-06-30": "$518", "2014-03-31": "$484", "2013-12-31": "$333", "2013-09-30": "$291", "2013-06-30": "$636", "2013-03-31": "$502", "2012-12-31": "$125", "2012-09-30": "$614", "2012-06-30": "$467", "2012-03-31": "$487", "2011-12-31": "$358", "2011-09-30": "$408", "2011-06-30": "$692", "2011-03-31": "$484", "2010-12-31": "$492", "2010-09-30": "$503", "2010-06-30": "$695", "2010-03-31": "$618", "2009-12-31": "$523", "2009-09-30": "$607", "2009-06-30": "$656", "2009-03-31": "$513", "2008-12-31": "$545", "2008-09-30": "$639", "2008-06-30": "$584", "2008-03-31": "$493", "2007-12-31": "$448", "2007-09-30": "$582", "2007-06-30": "$555", "2007-03-31": "$529", "2006-12-31": "$439", "2006-09-30": "$735", "2006-06-30": "$465", "2006-03-31": "$469", "2005-12-31": "$414", "2005-09-30": "$515", "2005-06-30": "$540", "2005-03-31": "$501"}}, "ebitda": {"Pacific Gas & Electric Annual EBITDA (Millions of US $)": {"2019": "$-6,860", "2018": "$-6,664", "2017": "$5,759", "2016": "$4,835", "2015": "$4,120", "2014": "$4,883", "2013": "$3,839", "2012": "$3,965", "2011": "$4,157", "2010": "$4,213", "2009": "$4,051", "2008": "$4,124", "2007": "$4,073", "2006": "$3,911", "2005": "$3,668"}, "Pacific Gas & Electric Quarterly EBITDA (Millions of US $)": {"2020-09-30": "$1,243", "2020-06-30": "$1,156", "2020-03-31": "$1,510", "2019-12-31": "$-3,542", "2019-09-30": "$-1,460", "2019-06-30": "$-2,844", "2019-03-31": "$986", "2018-12-31": "$-8,751", "2018-09-30": "$1,455", "2018-06-30": "$-719", "2018-03-31": "$1,351", "2017-12-31": "$1,137", "2017-09-30": "$1,596", "2017-06-30": "$1,447", "2017-03-31": "$1,579", "2016-12-31": "$1,609", "2016-09-30": "$1,334", "2016-06-30": "$1,100", "2016-03-31": "$792", "2015-12-31": "$882", "2015-09-30": "$1,198", "2015-06-30": "$1,338", "2015-03-31": "$702", "2014-12-31": "$1,050", "2014-09-30": "$1,736", "2014-06-30": "$1,075", "2014-03-31": "$1,022", "2013-12-31": "$868", "2013-09-30": "$814", "2013-06-30": "$1,152", "2013-03-31": "$1,005", "2012-12-31": "$590", "2012-09-30": "$1,231", "2012-06-30": "$1,073", "2012-03-31": "$1,071", "2011-12-31": "$925", "2011-09-30": "$974", "2011-06-30": "$1,283", "2011-03-31": "$975", "2010-12-31": "$977", "2010-09-30": "$885", "2010-06-30": "$1,227", "2010-03-31": "$1,124", "2009-12-31": "$820", "2009-09-30": "$1,118", "2009-06-30": "$1,137", "2009-03-31": "$976", "2008-12-31": "$1,020", "2008-09-30": "$1,125", "2008-06-30": "$1,049", "2008-03-31": "$930", "2007-12-31": "$988", "2007-09-30": "$1,087", "2007-06-30": "$1,015", "2007-03-31": "$983", "2006-12-31": "$899", "2006-09-30": "$1,210", "2006-06-30": "$931", "2006-03-31": "$871", "2005-12-31": "$817", "2005-09-30": "$971", "2005-06-30": "$994", "2005-03-31": "$886"}}, "net-income": {"Pacific Gas & Electric Annual Net Income (Millions of US $)": {"2019": "$-7,656", "2018": "$-6,851", "2017": "$1,646", "2016": "$1,393", "2015": "$874", "2014": "$1,436", "2013": "$814", "2012": "$816", "2011": "$844", "2010": "$1,099", "2009": "$1,220", "2008": "$1,338", "2007": "$1,006", "2006": "$991", "2005": "$917"}, "Pacific Gas & Electric Quarterly Net Income (Millions of US $)": {"2020-09-30": "$83", "2020-06-30": "$-1,972", "2020-03-31": "$371", "2019-12-31": "$-3,620", "2019-09-30": "$-1,619", "2019-06-30": "$-2,553", "2019-03-31": "$136", "2018-12-31": "$-6,873", "2018-09-30": "$564", "2018-06-30": "$-984", "2018-03-31": "$442", "2017-12-31": "$114", "2017-09-30": "$550", "2017-06-30": "$406", "2017-03-31": "$576", "2016-12-31": "$692", "2016-09-30": "$388", "2016-06-30": "$206", "2016-03-31": "$107", "2015-12-31": "$134", "2015-09-30": "$307", "2015-06-30": "$402", "2015-03-31": "$31", "2014-12-31": "$131", "2014-09-30": "$811", "2014-06-30": "$267", "2014-03-31": "$227", "2013-12-31": "$86", "2013-09-30": "$161", "2013-06-30": "$328", "2013-03-31": "$239", "2012-12-31": "$-13", "2012-09-30": "$361", "2012-06-30": "$235", "2012-03-31": "$233", "2011-12-31": "$83", "2011-09-30": "$200", "2011-06-30": "$362", "2011-03-31": "$199", "2010-12-31": "$250", "2010-09-30": "$258", "2010-06-30": "$333", "2010-03-31": "$258", "2009-12-31": "$273", "2009-09-30": "$318", "2009-06-30": "$388", "2009-03-31": "$241", "2008-12-31": "$517", "2008-09-30": "$304", "2008-06-30": "$293", "2008-03-31": "$224", "2007-12-31": "$203", "2007-09-30": "$278", "2007-06-30": "$269", "2007-03-31": "$256", "2006-12-31": "$152", "2006-09-30": "$393", "2006-06-30": "$232", "2006-03-31": "$214", "2005-12-31": "$180", "2005-09-30": "$252", "2005-06-30": "$267", "2005-03-31": "$218"}}, "eps-earnings-per-share-diluted": {"Pacific Gas & Electric Annual EPS": {"2019": "$-14.50", "2018": "$-13.25", "2017": "$3.21", "2016": "$2.78", "2015": "$1.79", "2014": "$3.06", "2013": "$1.83", "2012": "$1.92", "2011": "$2.10", "2010": "$2.82", "2009": "$3.20", "2008": "$3.63", "2007": "$2.78", "2006": "$2.76", "2005": "$2.37"}, "Pacific Gas & Electric Quarterly EPS": {"2020-09-30": "$0.04", "2020-06-30": "$-3.73", "2020-03-31": "$0.57", "2019-12-31": "$-6.86", "2019-09-30": "$-3.06", "2019-06-30": "$-4.83", "2019-03-31": "$0.25", "2018-12-31": "$-13.29", "2018-09-30": "$1.09", "2018-06-30": "$-1.91", "2018-03-31": "$0.86", "2017-12-31": "$0.22", "2017-09-30": "$1.07", "2017-06-30": "$0.79", "2017-03-31": "$1.13", "2016-12-31": "$1.38", "2016-09-30": "$0.77", "2016-06-30": "$0.41", "2016-03-31": "$0.22", "2015-12-31": "$0.27", "2015-09-30": "$0.63", "2015-06-30": "$0.83", "2015-03-31": "$0.06", "2014-12-31": "$0.29", "2014-09-30": "$1.71", "2014-06-30": "$0.57", "2014-03-31": "$0.49", "2013-12-31": "$0.18", "2013-09-30": "$0.36", "2013-06-30": "$0.74", "2013-03-31": "$0.55", "2012-12-31": "$-0.03", "2012-09-30": "$0.84", "2012-06-30": "$0.55", "2012-03-31": "$0.56", "2011-12-31": "$0.19", "2011-09-30": "$0.50", "2011-06-30": "$0.91", "2011-03-31": "$0.50", "2010-12-31": "$0.63", "2010-09-30": "$0.66", "2010-06-30": "$0.86", "2010-03-31": "$0.67", "2009-12-31": "$0.70", "2009-09-30": "$0.83", "2009-06-30": "$1.02", "2009-03-31": "$0.65", "2008-12-31": "$1.38", "2008-09-30": "$0.83", "2008-06-30": "$0.80", "2008-03-31": "$0.62", "2007-12-31": "$0.56", "2007-09-30": "$0.77", "2007-06-30": "$0.74", "2007-03-31": "$0.71", "2006-12-31": "$0.42", "2006-09-30": "$1.09", "2006-06-30": "$0.65", "2006-03-31": "$0.60", "2005-12-31": "$0.48", "2005-09-30": "$0.65", "2005-06-30": "$0.70", "2005-03-31": "$0.54"}}, "shares-outstanding": {"Pacific Gas & Electric Annual Shares Outstanding (Millions of Shares)": {"2019": "528", "2018": "517", "2017": "513", "2016": "501", "2015": "487", "2014": "470", "2013": "445", "2012": "425", "2011": "402", "2010": "392", "2009": "386", "2008": "358", "2007": "353", "2006": "349", "2005": "378"}, "Pacific Gas & Electric Quarterly Shares Outstanding (Millions of Shares)": {"2020-09-30": "2,140", "2020-06-30": "529", "2020-03-31": "648", "2019-12-31": "528", "2019-09-30": "529", "2019-06-30": "529", "2019-03-31": "527", "2018-12-31": "517", "2018-09-30": "517", "2018-06-30": "516", "2018-03-31": "516", "2017-12-31": "513", "2017-09-30": "516", "2017-06-30": "513", "2017-03-31": "511", "2016-12-31": "501", "2016-09-30": "503", "2016-06-30": "498", "2016-03-31": "495", "2015-12-31": "487", "2015-09-30": "489", "2015-06-30": "483", "2015-03-31": "481", "2014-12-31": "470", "2014-09-30": "474", "2014-06-30": "469", "2014-03-31": "460", "2013-12-31": "445", "2013-09-30": "447", "2013-06-30": "443", "2013-03-31": "435", "2012-12-31": "425", "2012-09-30": "429", "2012-06-30": "425", "2012-03-31": "416", "2011-12-31": "402", "2011-09-30": "404", "2011-06-30": "400", "2011-03-31": "397", "2010-12-31": "392", "2010-09-30": "392", "2010-06-30": "390", "2010-03-31": "389", "2009-12-31": "386", "2009-09-30": "388", "2009-06-30": "369", "2009-03-31": "366", "2008-12-31": "358", "2008-09-30": "358", "2008-06-30": "357", "2008-03-31": "356", "2007-12-31": "353", "2007-09-30": "353", "2007-06-30": "352", "2007-03-31": "351", "2006-12-31": "349", "2006-09-30": "347", "2006-06-30": "346", "2006-03-31": "368", "2005-12-31": "378", "2005-09-30": "395", "2005-06-30": "393", "2005-03-31": "411"}}, "total-assets": {"Pacific Gas & Electric Annual Total Assets (Millions of US $)": {"2019": "$85,196", "2018": "$76,995", "2017": "$68,012", "2016": "$68,598", "2015": "$63,234", "2014": "$60,127", "2013": "$55,605", "2012": "$52,449", "2011": "$49,750", "2010": "$46,025", "2009": "$42,945", "2008": "$40,860", "2007": "$36,632", "2006": "$34,803", "2005": "$34,074"}, "Pacific Gas & Electric Quarterly Total Assets (Millions of US $)": {"2020-09-30": "$95,587", "2020-06-30": "$109,229", "2020-03-31": "$86,688", "2019-12-31": "$85,196", "2019-09-30": "$85,713", "2019-06-30": "$84,387", "2019-03-31": "$82,287", "2018-12-31": "$76,995", "2018-09-30": "$71,385", "2018-06-30": "$69,889", "2018-03-31": "$68,154", "2017-12-31": "$68,012", "2017-09-30": "$71,526", "2017-06-30": "$70,055", "2017-03-31": "$69,164", "2016-12-31": "$68,598", "2016-09-30": "$66,565", "2016-06-30": "$65,927", "2016-03-31": "$64,650", "2015-12-31": "$63,234", "2015-09-30": "$61,989", "2015-06-30": "$61,631", "2015-03-31": "$60,547", "2014-12-31": "$60,127", "2014-09-30": "$57,884", "2014-06-30": "$57,025", "2014-03-31": "$55,987", "2013-12-31": "$55,605", "2013-09-30": "$55,214", "2013-06-30": "$54,324", "2013-03-31": "$53,062", "2012-12-31": "$52,449", "2012-09-30": "$50,868", "2012-06-30": "$50,115", "2012-03-31": "$50,188", "2011-12-31": "$49,750", "2011-09-30": "$47,517", "2011-06-30": "$47,318", "2011-03-31": "$46,259", "2010-12-31": "$46,025", "2010-09-30": "$45,253", "2010-06-30": "$44,218", "2010-03-31": "$43,540", "2009-12-31": "$42,945", "2009-09-30": "$42,551", "2009-06-30": "$42,197", "2009-03-31": "$41,335", "2008-12-31": "$40,860", "2008-09-30": "$38,878", "2008-06-30": "$38,612", "2008-03-31": "$37,446", "2007-12-31": "$36,632", "2007-09-30": "$36,081", "2007-06-30": "$35,433", "2007-03-31": "$34,785", "2006-12-31": "$34,803", "2006-09-30": "$34,829", "2006-06-30": "$33,980", "2006-03-31": "$34,074", "2005-12-31": "$34,074", "2005-09-30": "$34,160", "2005-06-30": "$34,417", "2005-03-31": "$34,437"}}, "cash-on-hand": {"Pacific Gas & Electric Annual Cash on Hand (Millions of US $)": {"2019": "$1,570", "2018": "$1,668", "2017": "$449", "2016": "$177", "2015": "$357", "2014": "$449", "2013": "$597", "2012": "$731", "2011": "$893", "2010": "$854", "2009": "$1,160", "2008": "$1,509", "2007": "$1,642", "2006": "$1,871", "2005": "$2,259"}, "Pacific Gas & Electric Quarterly Cash on Hand (Millions of US $)": {"2020-09-30": "$679", "2020-06-30": "$15,381", "2020-03-31": "$1,960", "2019-12-31": "$1,577", "2019-09-30": "$2,970", "2019-06-30": "$3,459", "2019-03-31": "$2,964", "2018-12-31": "$1,668", "2018-09-30": "$430", "2018-06-30": "$517", "2018-03-31": "$144", "2017-12-31": "$449", "2017-09-30": "$198", "2017-06-30": "$185", "2017-03-31": "$171", "2016-12-31": "$177", "2016-09-30": "$239", "2016-06-30": "$424", "2016-03-31": "$376", "2015-12-31": "$357", "2015-09-30": "$441", "2015-06-30": "$536", "2015-03-31": "$443", "2014-12-31": "$449", "2014-09-30": "$438", "2014-06-30": "$431", "2014-03-31": "$407", "2013-12-31": "$597", "2013-09-30": "$582", "2013-06-30": "$586", "2013-03-31": "$582", "2012-12-31": "$731", "2012-09-30": "$714", "2012-06-30": "$673", "2012-03-31": "$642", "2011-12-31": "$893", "2011-09-30": "$670", "2011-06-30": "$717", "2011-03-31": "$671", "2010-12-31": "$854", "2010-09-30": "$920", "2010-06-30": "$848", "2010-03-31": "$887", "2009-12-31": "$1,160", "2009-09-30": "$1,269", "2009-06-30": "$1,623", "2009-03-31": "$1,555", "2008-12-31": "$1,509", "2008-09-30": "$1,576", "2008-06-30": "$1,619", "2008-03-31": "$1,558", "2007-12-31": "$1,642", "2007-09-30": "$2,230", "2007-06-30": "$1,794", "2007-03-31": "$1,896", "2006-12-31": "$1,871", "2006-09-30": "$1,867", "2006-06-30": "$1,919", "2006-03-31": "$2,397", "2005-12-31": "$2,259", "2005-09-30": "$2,760", "2005-06-30": "$3,153", "2005-03-31": "$3,239"}}, "long-term-debt": {"Pacific Gas & Electric Annual Long Term Debt (Millions of US $)": {"2019": "$", "2018": "$", "2017": "$17,753", "2016": "$16,220", "2015": "$15,925", "2014": "$15,050", "2013": "$12,717", "2012": "$12,517", "2011": "$11,766", "2010": "$11,329", "2009": "$11,208", "2008": "$10,534", "2007": "$9,753", "2006": "$8,633", "2005": "$9,542"}, "Pacific Gas & Electric Quarterly Long Term Debt (Millions of US $)": {"2020-09-30": "$36,311", "2020-06-30": "$34,920", "2020-03-31": "", "2019-12-31": "", "2019-09-30": "", "2019-06-30": "", "2019-03-31": "", "2018-12-31": "", "2018-09-30": "$18,407", "2018-06-30": "$17,612", "2018-03-31": "$17,407", "2017-12-31": "$17,753", "2017-09-30": "$16,619", "2017-06-30": "$16,616", "2017-03-31": "$16,813", "2016-12-31": "$16,220", "2016-09-30": "$16,528", "2016-06-30": "$16,525", "2016-03-31": "$16,522", "2015-12-31": "$15,925", "2015-09-30": "$15,545", "2015-06-30": "$15,544", "2015-03-31": "$15,051", "2014-12-31": "$15,050", "2014-09-30": "$14,555", "2014-06-30": "$13,966", "2014-03-31": "$13,965", "2013-12-31": "$12,717", "2013-09-30": "$11,918", "2013-06-30": "$11,917", "2013-03-31": "$11,518", "2012-12-31": "$12,517", "2012-09-30": "$12,915", "2012-06-30": "$12,166", "2012-03-31": "$11,767", "2011-12-31": "$11,766", "2011-09-30": "$11,626", "2011-06-30": "$11,689", "2011-03-31": "$10,615", "2010-12-31": "$11,329", "2010-09-30": "$11,255", "2010-06-30": "$10,815", "2010-03-31": "$10,612", "2009-12-31": "$11,208", "2009-09-30": "$10,767", "2009-06-30": "$10,964", "2009-03-31": "$11,305", "2008-12-31": "$10,534", "2008-09-30": "$9,126", "2008-06-30": "$9,130", "2008-03-31": "$9,215", "2007-12-31": "$9,753", "2007-09-30": "$9,349", "2007-06-30": "$9,444", "2007-03-31": "$9,245", "2006-12-31": "$8,633", "2006-09-30": "$8,797", "2006-06-30": "$8,961", "2006-03-31": "$9,385", "2005-12-31": "$9,542", "2005-09-30": "$8,925", "2005-06-30": "$9,058", "2005-03-31": "$8,919"}}, "total-liabilities": {"Pacific Gas & Electric Annual Total Liabilities (Millions of US $)": {"2019": "$79,808", "2018": "$64,092", "2017": "$48,540", "2016": "$50,406", "2015": "$46,406", "2014": "$44,127", "2013": "$41,011", "2012": "$39,123", "2011": "$37,397", "2010": "$34,491", "2009": "$32,360", "2008": "$31,231", "2007": "$27,827", "2006": "$26,740", "2005": "$26,604"}, "Pacific Gas & Electric Quarterly Total Liabilities (Millions of US $)": {"2020-09-30": "$74,523", "2020-06-30": "$105,428", "2020-03-31": "$80,929", "2019-12-31": "$79,808", "2019-09-30": "$76,722", "2019-06-30": "$73,793", "2019-03-31": "$69,158", "2018-12-31": "$64,092", "2018-09-30": "$51,689", "2018-06-30": "$50,828", "2018-03-31": "$48,171", "2017-12-31": "$48,540", "2017-09-30": "$52,240", "2017-06-30": "$51,164", "2017-03-31": "$50,559", "2016-12-31": "$50,406", "2016-09-30": "$48,959", "2016-06-30": "$48,929", "2016-03-31": "$47,786", "2015-12-31": "$46,406", "2015-09-30": "$45,169", "2015-06-30": "$45,360", "2015-03-31": "$44,592", "2014-12-31": "$44,127", "2014-09-30": "$41,853", "2014-06-30": "$41,745", "2014-03-31": "$41,055", "2013-12-31": "$41,011", "2013-09-30": "$40,954", "2013-06-30": "$40,202", "2013-03-31": "$39,238", "2012-12-31": "$39,123", "2012-09-30": "$37,483", "2012-06-30": "$37,061", "2012-03-31": "$37,376", "2011-12-31": "$37,397", "2011-09-30": "$35,306", "2011-06-30": "$35,277", "2011-03-31": "$34,593", "2010-12-31": "$34,491", "2010-09-30": "$33,978", "2010-06-30": "$33,095", "2010-03-31": "$32,919", "2009-12-31": "$32,360", "2009-09-30": "$32,137", "2009-06-30": "$31,999", "2009-03-31": "$31,473", "2008-12-31": "$31,231", "2008-09-30": "$29,487", "2008-06-30": "$29,463", "2008-03-31": "$28,501", "2007-12-31": "$27,827", "2007-09-30": "$27,431", "2007-06-30": "$26,985", "2007-03-31": "$26,556", "2006-12-31": "$26,740", "2006-09-30": "$26,817", "2006-06-30": "$26,264", "2006-03-31": "$26,465", "2005-12-31": "$26,604", "2005-09-30": "$25,673", "2005-06-30": "$26,067", "2005-03-31": "$26,330"}}, "total-share-holder-equity": {"Pacific Gas & Electric Annual Share Holder Equity (Millions of US $)": {"2019": "$5,388", "2018": "$12,903", "2017": "$19,472", "2016": "$18,192", "2015": "$16,828", "2014": "$16,000", "2013": "$14,594", "2012": "$13,326", "2011": "$12,353", "2010": "$11,534", "2009": "$10,585", "2008": "$9,629", "2007": "$8,805", "2006": "$8,063", "2005": "$7,470"}, "Pacific Gas & Electric Quarterly Share Holder Equity (Millions of US $)": {"2020-09-30": "$21,064", "2020-06-30": "$3,801", "2020-03-31": "$5,759", "2019-12-31": "$5,388", "2019-09-30": "$8,991", "2019-06-30": "$10,594", "2019-03-31": "$13,129", "2018-12-31": "$12,903", "2018-09-30": "$19,696", "2018-06-30": "$19,061", "2018-03-31": "$19,983", "2017-12-31": "$19,472", "2017-09-30": "$19,286", "2017-06-30": "$18,891", "2017-03-31": "$18,605", "2016-12-31": "$18,192", "2016-09-30": "$17,606", "2016-06-30": "$16,998", "2016-03-31": "$16,864", "2015-12-31": "$16,828", "2015-09-30": "$16,820", "2015-06-30": "$16,271", "2015-03-31": "$15,955", "2014-12-31": "$16,000", "2014-09-30": "$16,031", "2014-06-30": "$15,280", "2014-03-31": "$14,932", "2013-12-31": "$14,594", "2013-09-30": "$14,260", "2013-06-30": "$14,122", "2013-03-31": "$13,824", "2012-12-31": "$13,326", "2012-09-30": "$13,385", "2012-06-30": "$13,054", "2012-03-31": "$12,812", "2011-12-31": "$12,353", "2011-09-30": "$12,211", "2011-06-30": "$12,041", "2011-03-31": "$11,666", "2010-12-31": "$11,534", "2010-09-30": "$11,275", "2010-06-30": "$11,123", "2010-03-31": "$10,621", "2009-12-31": "$10,585", "2009-09-30": "$10,414", "2009-06-30": "$10,198", "2009-03-31": "$9,862", "2008-12-31": "$9,629", "2008-09-30": "$9,391", "2008-06-30": "$9,149", "2008-03-31": "$8,945", "2007-12-31": "$8,805", "2007-09-30": "$8,650", "2007-06-30": "$8,448", "2007-03-31": "$8,229", "2006-12-31": "$8,063", "2006-09-30": "$8,012", "2006-06-30": "$7,716", "2006-03-31": "$7,609", "2005-12-31": "$7,470", "2005-09-30": "$8,487", "2005-06-30": "$8,350", "2005-03-31": "$8,107"}}, "profit-margins": {"current": "-27.77%"}, "gross margin": {"2020-09-30": "79.78%", "2020-06-30": "79.64%", "2020-03-31": "78.65%", "2019-12-31": "77.65%", "2019-09-30": "75.45%", "2019-06-30": "74.23%", "2019-03-31": "74.10%", "2018-12-31": "73.15%", "2018-09-30": "72.75%", "2018-06-30": "71.67%", "2018-03-31": "70.51%", "2017-12-31": "70.50%", "2017-09-30": "70.45%", "2017-06-30": "70.11%", "2017-03-31": "70.04%", "2016-12-31": "69.55%", "2016-09-30": "68.12%", "2016-06-30": "67.40%", "2016-03-31": "66.52%", "2015-12-31": "65.77%", "2015-09-30": "65.04%", "2015-06-30": "64.76%", "2015-03-31": "63.31%", "2014-12-31": "61.56%", "2014-09-30": "60.94%", "2014-06-30": "59.94%", "2014-03-31": "60.64%", "2013-12-31": "61.64%", "2013-09-30": "62.47%", "2013-06-30": "64.44%", "2013-03-31": "65.83%", "2012-12-31": "66.60%", "2012-09-30": "66.22%", "2012-06-30": "66.00%", "2012-03-31": "65.74%", "2011-12-31": "64.34%", "2011-09-30": "63.87%", "2011-06-30": "63.76%", "2011-03-31": "62.97%", "2010-12-31": "62.51%", "2010-09-30": "62.43%", "2010-06-30": "62.79%", "2010-03-31": "62.98%", "2009-12-31": "62.67%", "2009-09-30": "61.95%", "2009-06-30": "59.55%", "2009-03-31": "57.05%", "2008-12-31": "55.46%", "2008-09-30": "55.17%", "2008-06-30": "56.44%", "2008-03-31": "57.42%", "2007-12-31": "58.66%", "2007-09-30": "59.16%", "2007-06-30": "59.56%", "2007-03-31": "60.05%", "2006-12-31": "59.97%", "2006-09-30": "58.54%", "2006-06-30": "58.25%", "2006-03-31": "59.05%", "2005-12-31": "60.69%"}, "operating margin": {"2020-09-30": "-16.29%", "2020-06-30": "-31.68%", "2020-03-31": "-55.26%", "2019-12-31": "-58.93%", "2019-09-30": "-92.76%", "2019-06-30": "-74.80%", "2019-03-31": "-60.49%", "2018-12-31": "-57.88%", "2018-09-30": "1.47%", "2018-06-30": "2.58%", "2018-03-31": "15.58%", "2017-12-31": "16.95%", "2017-09-30": "19.34%", "2017-06-30": "17.66%", "2017-03-31": "15.88%", "2016-12-31": "11.77%", "2016-09-30": "7.83%", "2016-06-30": "7.39%", "2016-03-31": "9.06%", "2015-12-31": "8.96%", "2015-09-30": "9.93%", "2015-06-30": "12.71%", "2015-03-31": "11.91%", "2014-12-31": "14.34%", "2014-09-30": "14.32%", "2014-06-30": "10.17%", "2014-03-31": "11.03%", "2013-12-31": "11.30%", "2013-09-30": "10.06%", "2013-06-30": "12.30%", "2013-03-31": "11.33%", "2012-12-31": "11.26%", "2012-09-30": "12.82%", "2012-06-30": "11.54%", "2012-03-31": "12.97%", "2011-12-31": "12.98%", "2011-09-30": "14.06%", "2011-06-30": "15.06%", "2011-03-31": "15.57%", "2010-12-31": "16.68%", "2010-09-30": "17.00%", "2010-06-30": "18.12%", "2010-03-31": "17.88%", "2009-12-31": "17.16%", "2009-09-30": "17.19%", "2009-06-30": "16.88%", "2009-03-31": "15.92%", "2008-12-31": "15.46%", "2008-09-30": "15.03%", "2008-06-30": "15.04%", "2008-03-31": "15.26%", "2007-12-31": "15.97%", "2007-09-30": "16.16%", "2007-06-30": "17.48%", "2007-03-31": "17.01%", "2006-12-31": "16.81%", "2006-09-30": "15.94%", "2006-06-30": "14.67%", "2006-03-31": "15.91%", "2005-12-31": "16.83%"}, "ebitda margin": {"2020-09-30": "1.99%", "2020-06-30": "-12.97%", "2020-03-31": "-36.36%", "2019-12-31": "-40.05%", "2019-09-30": "-73.26%", "2019-06-30": "-55.74%", "2019-03-31": "-42.05%", "2018-12-31": "-39.76%", "2018-09-30": "19.22%", "2018-06-30": "19.90%", "2018-03-31": "32.68%", "2017-12-31": "33.61%", "2017-09-30": "35.11%", "2017-06-30": "33.09%", "2017-03-31": "31.30%", "2016-12-31": "27.37%", "2016-09-30": "24.00%", "2016-06-30": "23.56%", "2016-03-31": "24.90%", "2015-12-31": "24.48%", "2015-09-30": "25.26%", "2015-06-30": "27.79%", "2015-03-31": "26.69%", "2014-12-31": "28.57%", "2014-09-30": "28.05%", "2014-06-30": "23.63%", "2014-03-31": "24.38%", "2013-12-31": "24.61%", "2013-09-30": "23.04%", "2013-06-30": "26.08%", "2013-03-31": "25.87%", "2012-12-31": "26.36%", "2012-09-30": "28.62%", "2012-06-30": "27.12%", "2012-03-31": "28.35%", "2011-12-31": "27.79%", "2011-09-30": "28.51%", "2011-06-30": "28.58%", "2011-03-31": "29.11%", "2010-12-31": "30.44%", "2010-09-30": "29.48%", "2010-06-30": "31.82%", "2010-03-31": "31.24%", "2009-12-31": "30.23%", "2009-09-30": "31.48%", "2009-06-30": "30.54%", "2009-03-31": "29.11%", "2008-12-31": "28.19%", "2008-09-30": "28.42%", "2008-06-30": "28.95%", "2008-03-31": "29.53%", "2007-12-31": "30.77%", "2007-09-30": "30.58%", "2007-06-30": "31.80%", "2007-03-31": "31.56%", "2006-12-31": "31.19%", "2006-09-30": "29.31%", "2006-06-30": "28.27%", "2006-03-31": "29.99%", "2005-12-31": "31.34%"}, "pre tax profit margin": {"2020-09-30": "-33.55%", "2020-06-30": "-47.28%", "2020-03-31": "-61.73%", "2019-12-31": "-64.46%", "2019-09-30": "-94.66%", "2019-06-30": "-77.14%", "2019-03-31": "-63.26%", "2018-12-31": "-60.44%", "2018-09-30": "-1.60%", "2018-06-30": "-0.82%", "2018-03-31": "11.69%", "2017-12-31": "12.67%", "2017-09-30": "15.78%", "2017-06-30": "14.13%", "2017-03-31": "12.40%", "2016-12-31": "8.28%", "2016-09-30": "3.70%", "2016-06-30": "3.26%", "2016-03-31": "4.99%", "2015-12-31": "5.11%", "2015-09-30": "5.91%", "2015-06-30": "8.96%", "2015-03-31": "8.28%", "2014-12-31": "10.50%", "2014-09-30": "10.38%", "2014-06-30": "5.95%", "2014-03-31": "6.71%", "2013-12-31": "7.03%", "2013-09-30": "5.94%", "2013-06-30": "8.14%", "2013-03-31": "7.19%", "2012-12-31": "7.09%", "2012-09-30": "8.71%", "2012-06-30": "7.35%", "2012-03-31": "8.75%", "2011-12-31": "8.68%", "2011-09-30": "9.77%", "2011-06-30": "10.81%", "2011-03-31": "11.03%", "2010-12-31": "11.99%", "2010-09-30": "12.35%", "2010-06-30": "13.26%", "2010-03-31": "13.25%", "2009-12-31": "12.64%", "2009-09-30": "12.68%", "2009-06-30": "12.37%", "2009-03-31": "11.48%", "2008-12-31": "11.10%", "2008-09-30": "10.85%", "2008-06-30": "10.86%", "2008-03-31": "11.03%", "2007-12-31": "11.78%", "2007-09-30": "11.34%", "2007-06-30": "12.77%", "2007-03-31": "12.57%", "2006-12-31": "12.32%", "2006-09-30": "12.22%", "2006-06-30": "10.81%", "2006-03-31": "11.71%", "2005-12-31": "12.37%"}, "net profit margin": {"2020-09-30": "-27.83%", "2020-06-30": "-37.97%", "2020-03-31": "-42.59%", "2019-12-31": "-44.70%", "2019-09-30": "-66.22%", "2019-06-30": "-53.13%", "2019-03-31": "-42.82%", "2018-12-31": "-40.88%", "2018-09-30": "0.81%", "2018-06-30": "0.72%", "2018-03-31": "8.93%", "2017-12-31": "9.61%", "2017-09-30": "12.53%", "2017-06-30": "11.43%", "2017-03-31": "10.37%", "2016-12-31": "7.89%", "2016-09-30": "4.88%", "2016-06-30": "4.47%", "2016-03-31": "5.62%", "2015-12-31": "5.19%", "2015-09-30": "5.13%", "2015-06-30": "7.92%", "2015-03-31": "7.25%", "2014-12-31": "8.40%", "2014-09-30": "8.30%", "2014-06-30": "4.63%", "2014-03-31": "5.07%", "2013-12-31": "5.22%", "2013-09-30": "4.63%", "2013-06-30": "6.00%", "2013-03-31": "5.45%", "2012-12-31": "5.43%", "2012-09-30": "6.07%", "2012-06-30": "5.04%", "2012-03-31": "5.85%", "2011-12-31": "5.64%", "2011-09-30": "6.85%", "2011-06-30": "7.42%", "2011-03-31": "7.45%", "2010-12-31": "7.94%", "2010-09-30": "8.15%", "2010-06-30": "8.77%", "2010-03-31": "9.20%", "2009-12-31": "9.11%", "2009-09-30": "10.84%", "2009-06-30": "10.40%", "2009-03-31": "9.46%", "2008-12-31": "9.15%", "2008-09-30": "7.11%", "2008-06-30": "7.13%", "2008-03-31": "7.15%", "2007-12-31": "7.60%", "2007-09-30": "7.33%", "2007-06-30": "8.28%", "2007-03-31": "8.10%", "2006-12-31": "7.90%", "2006-09-30": "7.80%", "2006-06-30": "6.91%", "2006-03-31": "7.49%", "2005-12-31": "7.84%"}, "pe ratio": {"current": "4.21", "2021-02-05": "0.00", "2020-09-30": "0.00", "2020-06-30": "0.00", "2020-03-31": "0.00", "2019-12-31": "0.00", "2019-09-30": "0.00", "2019-06-30": "0.00", "2019-03-31": "0.00", "2018-12-31": "0.00", "2018-09-30": "176.96", "2018-06-30": "177.33", "2018-03-31": "14.94", "2017-12-31": "13.97", "2017-09-30": "15.65", "2017-06-30": "16.26", "2017-03-31": "17.80", "2016-12-31": "21.52", "2016-09-30": "35.50", "2016-06-30": "40.18", "2016-03-31": "29.22", "2015-12-31": "28.14", "2015-09-30": "27.70", "2015-06-30": "15.93", "2015-03-31": "18.76", "2014-12-31": "16.01", "2014-09-30": "13.80", "2014-06-30": "26.78", "2014-03-31": "21.58", "2013-12-31": "19.26", "2013-09-30": "21.98", "2013-06-30": "18.74", "2013-03-31": "19.86", "2012-12-31": "17.64", "2012-09-30": "16.55", "2012-06-30": "20.63", "2012-03-31": "16.33", "2011-12-31": "15.78", "2011-09-30": "13.31", "2011-06-30": "12.31", "2011-03-31": "13.04", "2010-12-31": "13.13", "2010-09-30": "12.01", "2010-06-30": "10.16", "2010-03-31": "9.86", "2009-12-31": "10.34", "2009-09-30": "7.70", "2009-06-30": "7.24", "2009-03-31": "7.55", "2008-12-31": "7.63", "2008-09-30": "9.41", "2008-06-30": "10.08", "2008-03-31": "9.47", "2007-12-31": "10.61", "2007-09-30": "12.25", "2007-06-30": "10.28", "2007-03-31": "11.20", "2006-12-31": "11.34"}, "price sales": {"2021-02-05": "0.45", "2020-09-30": "0.35", "2020-06-30": "0.27", "2020-03-31": "0.29", "2019-12-31": "0.34", "2019-09-30": "0.32", "2019-06-30": "0.73", "2019-03-31": "0.55", "2018-12-31": "0.73", "2018-09-30": "1.41", "2018-06-30": "1.30", "2018-03-31": "1.34", "2017-12-31": "1.34", "2017-09-30": "1.96", "2017-06-30": "1.85", "2017-03-31": "1.83", "2016-12-31": "1.68", "2016-09-30": "1.72", "2016-06-30": "1.79", "2016-03-31": "1.65", "2015-12-31": "1.45", "2015-09-30": "1.40", "2015-06-30": "1.25", "2015-03-31": "1.36", "2014-12-31": "1.33", "2014-09-30": "1.13", "2014-06-30": "1.23", "2014-03-31": "1.09", "2013-12-31": "1.01", "2013-09-30": "1.01", "2013-06-30": "1.12", "2013-03-31": "1.08", "2012-12-31": "0.95", "2012-09-30": "0.99", "2012-06-30": "1.03", "2012-03-31": "0.96", "2011-12-31": "0.89", "2011-09-30": "0.91", "2011-06-30": "0.91", "2011-03-31": "0.97", "2010-12-31": "1.05", "2010-09-30": "0.99", "2010-06-30": "0.90", "2010-03-31": "0.91", "2009-12-31": "0.93", "2009-09-30": "0.82", "2009-06-30": "0.73", "2009-03-31": "0.69", "2008-12-31": "0.67", "2008-09-30": "0.65", "2008-06-30": "0.70", "2008-03-31": "0.66", "2007-12-31": "0.78", "2007-09-30": "0.87", "2007-06-30": "0.83", "2007-03-31": "0.88", "2006-12-31": "0.88"}, "price book": {"current": "1.12", "2021-02-05": "1.12", "2020-09-30": "0.88", "2020-06-30": "1.24", "2020-03-31": "0.83", "2019-12-31": "1.07", "2019-09-30": "0.59", "2019-06-30": "1.14", "2019-03-31": "0.72", "2018-12-31": "0.96", "2018-09-30": "1.21", "2018-06-30": "1.15", "2018-03-31": "1.13", "2017-12-31": "1.19", "2017-09-30": "1.81", "2017-06-30": "1.79", "2017-03-31": "1.79", "2016-12-31": "1.65", "2016-09-30": "1.70", "2016-06-30": "1.80", "2016-03-31": "1.67", "2015-12-31": "1.47", "2015-09-30": "1.44", "2015-06-30": "1.35", "2015-03-31": "1.47", "2014-12-31": "1.45", "2014-09-30": "1.21", "2014-06-30": "1.33", "2014-03-31": "1.19", "2013-12-31": "1.11", "2013-09-30": "1.12", "2013-06-30": "1.24", "2013-03-31": "1.21", "2012-12-31": "1.09", "2012-09-30": "1.14", "2012-06-30": "1.22", "2012-03-31": "1.17", "2011-12-31": "1.11", "2011-09-30": "1.12", "2011-06-30": "1.11", "2011-03-31": "1.18", "2010-12-31": "1.27", "2010-09-30": "1.21", "2010-06-30": "1.09", "2010-03-31": "1.11", "2009-12-31": "1.16", "2009-09-30": "1.06", "2009-06-30": "1.02", "2009-03-31": "1.03", "2008-12-31": "1.04", "2008-09-30": "1.01", "2008-06-30": "1.16", "2008-03-31": "1.09", "2007-12-31": "1.19", "2007-09-30": "1.33", "2007-06-30": "1.27", "2007-03-31": "1.38", "2006-12-31": "1.36", "2006-09-30": "1.19", "2006-06-30": "1.16", "2006-03-31": "1.15"}, "price fcf": {"2021-02-05": "", "2020-09-30": "$-14.14", "2020-06-30": "$-3.70", "2020-03-31": "$-4.83", "2019-12-31": "$-2.84", "2019-09-30": "$-2.96", "2019-06-30": "$-2.47", "2019-03-31": "$-1.55", "2018-12-31": "$-3.41", "2018-09-30": "$-1.58", "2018-06-30": "$-0.17", "2018-03-31": "$0.04", "2017-12-31": "$0.66", "2017-09-30": "$0.63", "2017-06-30": "$-0.37", "2017-03-31": "$-1.61", "2016-12-31": "$-2.59", "2016-09-30": "$-3.07", "2016-06-30": "$-3.40", "2016-03-31": "$-2.91", "2015-12-31": "$-2.86", "2015-09-30": "$-2.62", "2015-06-30": "$-1.36", "2015-03-31": "$-1.74", "2014-12-31": "$-2.43", "2014-09-30": "$-2.94", "2014-06-30": "$-3.82", "2014-03-31": "$-4.05", "2013-12-31": "$-4.00", "2013-09-30": "$-1.95", "2013-06-30": "$-1.68", "2013-03-31": "$0.13", "2012-12-31": "$0.61", "2012-09-30": "$-1.19", "2012-06-30": "$-0.87", "2012-03-31": "$-1.50", "2011-12-31": "$-0.74", "2011-09-30": "$0.34", "2011-06-30": "$-0.44", "2011-03-31": "$0.02", "2010-12-31": "$-1.52", "2010-09-30": "$-3.04", "2010-06-30": "$-2.56", "2010-03-31": "$-3.05", "2009-12-31": "$-2.38", "2009-09-30": "$-1.58", "2009-06-30": "$-4.83", "2009-03-31": "$-3.47", "2008-12-31": "$-2.42", "2008-09-30": "$-2.15", "2008-06-30": "$1.16", "2008-03-31": "$-0.93", "2007-12-31": "$-0.59", "2007-09-30": "$-0.40", "2007-06-30": "$-0.34", "2007-03-31": "$0.31", "2006-12-31": "$0.94"}, "net worth": {"value": "$23.54B"}, "current ratio": {"current": "0.74", "2020-09-30": "0.74", "2020-06-30": "0.55", "2020-03-31": "1.28", "2019-12-31": "1.33", "2019-09-30": "1.79", "2019-06-30": "2.03", "2019-03-31": "2.22", "2018-12-31": "0.22", "2018-09-30": "0.67", "2018-06-30": "0.65", "2018-03-31": "0.85", "2017-12-31": "0.88", "2017-09-30": "0.85", "2017-06-30": "0.87", "2017-03-31": "0.92", "2016-12-31": "0.82", "2016-09-30": "0.92", "2016-06-30": "0.92", "2016-03-31": "0.94", "2015-12-31": "0.91", "2015-09-30": "1.00", "2015-06-30": "1.02", "2015-03-31": "0.98", "2014-12-31": "1.08", "2014-09-30": "1.06", "2014-06-30": "0.93", "2014-03-31": "0.96", "2013-12-31": "0.80", "2013-09-30": "0.72", "2013-06-30": "0.74", "2013-03-31": "0.69", "2012-12-31": "0.82", "2012-09-30": "1.03", "2012-06-30": "0.87", "2012-03-31": "0.85", "2011-12-31": "0.84", "2011-09-30": "0.86", "2011-06-30": "0.87", "2011-03-31": "0.70", "2010-12-31": "0.77", "2010-09-30": "0.80", "2010-06-30": "0.74", "2010-03-31": "0.72", "2009-12-31": "0.83", "2009-09-30": "0.81", "2009-06-30": "0.87", "2009-03-31": "0.89", "2008-12-31": "0.84", "2008-09-30": "0.74", "2008-06-30": "0.79", "2008-03-31": "0.75", "2007-12-31": "0.81", "2007-09-30": "0.81", "2007-06-30": "0.84", "2007-03-31": "0.81", "2006-12-31": "0.71", "2006-09-30": "0.75", "2006-06-30": "0.79", "2006-03-31": "0.85", "2005-12-31": "0.86", "2005-09-30": "0.94", "2005-06-30": "0.98", "2005-03-31": "0.95"}, "quick ratio": {"2020-09-30": "0.69", "2020-06-30": "0.53", "2020-03-31": "1.20", "2019-12-31": "1.25", "2019-09-30": "1.69", "2019-06-30": "1.92", "2019-03-31": "2.11", "2018-12-31": "0.21", "2018-09-30": "0.62", "2018-06-30": "0.60", "2018-03-31": "0.78", "2017-12-31": "0.81", "2017-09-30": "0.79", "2017-06-30": "0.80", "2017-03-31": "0.84", "2016-12-31": "0.75", "2016-09-30": "0.84", "2016-06-30": "0.85", "2016-03-31": "0.87", "2015-12-31": "0.85", "2015-09-30": "0.93", "2015-06-30": "0.95", "2015-03-31": "0.91", "2014-12-31": "1.00", "2014-09-30": "0.97", "2014-06-30": "0.86", "2014-03-31": "0.90", "2013-12-31": "0.74", "2013-09-30": "0.66", "2013-06-30": "0.67", "2013-03-31": "0.64", "2012-12-31": "0.75", "2012-09-30": "0.95", "2012-06-30": "0.81", "2012-03-31": "0.80", "2011-12-31": "0.78", "2011-09-30": "0.80", "2011-06-30": "0.82", "2011-03-31": "0.67", "2010-12-31": "0.72", "2010-09-30": "0.75", "2010-06-30": "0.69", "2010-03-31": "0.69", "2009-12-31": "0.78", "2009-09-30": "0.76", "2009-06-30": "0.82", "2009-03-31": "0.86", "2008-12-31": "0.78", "2008-09-30": "0.68", "2008-06-30": "0.73", "2008-03-31": "0.72", "2007-12-31": "0.76", "2007-09-30": "0.76", "2007-06-30": "0.79", "2007-03-31": "0.77", "2006-12-31": "0.67", "2006-09-30": "0.71", "2006-06-30": "0.75", "2006-03-31": "0.82", "2005-12-31": "0.81", "2005-09-30": "0.87", "2005-06-30": "0.93", "2005-03-31": "0.92"}, "debt equity ratio": {"current": "1.72", "2020-09-30": "3.54", "2020-06-30": "27.74", "2020-03-31": "14.05", "2019-12-31": "14.81", "2019-09-30": "8.53", "2019-06-30": "6.97", "2019-03-31": "5.27", "2018-12-31": "4.97", "2018-09-30": "2.62", "2018-06-30": "2.67", "2018-03-31": "2.41", "2017-12-31": "2.49", "2017-09-30": "2.71", "2017-06-30": "2.71", "2017-03-31": "2.72", "2016-12-31": "2.77", "2016-09-30": "2.78", "2016-06-30": "2.88", "2016-03-31": "2.83", "2015-12-31": "2.76", "2015-09-30": "2.69", "2015-06-30": "2.79", "2015-03-31": "2.80", "2014-12-31": "2.76", "2014-09-30": "2.61", "2014-06-30": "2.73", "2014-03-31": "2.75", "2013-12-31": "2.81", "2013-09-30": "2.87", "2013-06-30": "2.85", "2013-03-31": "2.84", "2012-12-31": "2.94", "2012-09-30": "2.80", "2012-06-30": "2.84", "2012-03-31": "2.92", "2011-12-31": "3.03", "2011-09-30": "2.89", "2011-06-30": "2.93", "2011-03-31": "2.97", "2010-12-31": "2.99", "2010-09-30": "3.01", "2010-06-30": "2.98", "2010-03-31": "3.10", "2009-12-31": "3.06", "2009-09-30": "3.09", "2009-06-30": "3.14", "2009-03-31": "3.19", "2008-12-31": "3.24", "2008-09-30": "3.14", "2008-06-30": "3.22", "2008-03-31": "3.19", "2007-12-31": "3.16", "2007-09-30": "3.17", "2007-06-30": "3.19", "2007-03-31": "3.23", "2006-12-31": "3.32", "2006-09-30": "3.35", "2006-06-30": "3.40", "2006-03-31": "3.48", "2005-12-31": "3.56", "2005-09-30": "3.03", "2005-06-30": "3.12", "2005-03-31": "3.25"}, "return on equity": {"2020-09-30": "-57.07%", "2020-06-30": "-114.29%", "2020-03-31": "-96.59%", "2019-12-31": "-80.37%", "2019-09-30": "-95.66%", "2019-06-30": "-61.97%", "2019-03-31": "-44.19%", "2018-12-31": "-38.25%", "2018-09-30": "0.70%", "2018-06-30": "0.63%", "2018-03-31": "7.79%", "2017-12-31": "8.63%", "2017-09-30": "11.87%", "2017-06-30": "11.25%", "2017-03-31": "10.43%", "2016-12-31": "8.00%", "2016-09-30": "4.89%", "2016-06-30": "4.47%", "2016-03-31": "5.69%", "2015-12-31": "5.31%", "2015-09-30": "5.36%", "2015-06-30": "8.56%", "2015-03-31": "7.84%", "2014-12-31": "9.23%", "2014-09-30": "9.15%", "2014-06-30": "5.02%", "2014-03-31": "5.54%", "2013-12-31": "5.73%", "2013-09-30": "5.15%", "2013-06-30": "6.70%", "2013-03-31": "6.14%", "2012-12-31": "6.21%", "2012-09-30": "7.07%", "2012-06-30": "5.96%", "2012-03-31": "7.11%", "2011-12-31": "6.99%", "2011-09-30": "8.52%", "2011-06-30": "9.19%", "2011-03-31": "9.12%", "2010-12-31": "9.87%", "2010-09-30": "10.29%", "2010-06-30": "11.06%", "2010-03-31": "11.83%", "2009-12-31": "11.89%", "2009-09-30": "14.60%", "2009-06-30": "14.84%", "2009-03-31": "14.25%", "2008-12-31": "14.42%", "2008-09-30": "11.29%", "2008-06-30": "11.23%", "2008-03-31": "11.18%", "2007-12-31": "11.79%", "2007-09-30": "11.44%", "2007-06-30": "13.07%", "2007-03-31": "12.90%", "2006-12-31": "12.62%", "2006-09-30": "13.23%", "2006-06-30": "11.23%", "2006-03-31": "11.44%", "2005-12-31": "11.32%"}, "return on assets": {"2020-09-30": "-5.46%", "2020-06-30": "-7.46%", "2020-03-31": "-8.68%", "2019-12-31": "-9.07%", "2019-09-30": "-13.25%", "2019-06-30": "-11.08%", "2019-03-31": "-9.53%", "2018-12-31": "-9.57%", "2018-09-30": "0.20%", "2018-06-30": "0.18%", "2018-03-31": "2.18%", "2017-12-31": "2.36%", "2017-09-30": "3.18%", "2017-06-30": "3.01%", "2017-03-31": "2.76%", "2016-12-31": "2.10%", "2016-09-30": "1.28%", "2016-06-30": "1.18%", "2016-03-31": "1.51%", "2015-12-31": "1.41%", "2015-09-30": "1.43%", "2015-06-30": "2.29%", "2015-03-31": "2.11%", "2014-12-31": "2.49%", "2014-09-30": "2.46%", "2014-06-30": "1.32%", "2014-03-31": "1.45%", "2013-12-31": "1.49%", "2013-09-30": "1.33%", "2013-06-30": "1.74%", "2013-03-31": "1.59%", "2012-12-31": "1.60%", "2012-09-30": "1.82%", "2012-06-30": "1.52%", "2012-03-31": "1.80%", "2011-12-31": "1.77%", "2011-09-30": "2.16%", "2011-06-30": "2.31%", "2011-03-31": "2.29%", "2010-12-31": "2.46%", "2010-09-30": "2.55%", "2010-06-30": "2.73%", "2010-03-31": "2.89%", "2009-12-31": "2.89%", "2009-09-30": "3.51%", "2009-06-30": "3.55%", "2009-03-31": "3.39%", "2008-12-31": "3.44%", "2008-09-30": "2.70%", "2008-06-30": "2.68%", "2008-03-31": "2.68%", "2007-12-31": "2.82%", "2007-09-30": "2.71%", "2007-06-30": "3.06%", "2007-03-31": "2.99%", "2006-12-31": "2.88%", "2006-09-30": "2.98%", "2006-06-30": "2.58%", "2006-03-31": "2.67%", "2005-12-31": "2.68%"}, "return on investments": {"2020-09-30": "-12.52%", "2020-06-30": "-58.94%", "2020-03-31": "inf%", "2019-12-31": "inf%", "2019-09-30": "inf%", "2019-06-30": "-128.97%", "2019-03-31": "-54.08%", "2018-12-31": "-34.59%", "2018-09-30": "0.66%", "2018-06-30": "1.19%", "2018-03-31": "7.22%", "2017-12-31": "8.07%", "2017-09-30": "9.72%", "2017-06-30": "9.14%", "2017-03-31": "8.30%", "2016-12-31": "6.14%", "2016-09-30": "4.01%", "2016-06-30": "3.77%", "2016-03-31": "4.70%", "2015-12-31": "4.71%", "2015-09-30": "5.34%", "2015-06-30": "7.09%", "2015-03-31": "6.68%", "2014-12-31": "8.18%", "2014-09-30": "8.27%", "2014-06-30": "5.83%", "2014-03-31": "6.43%", "2013-12-31": "6.72%", "2013-09-30": "6.01%", "2013-06-30": "7.25%", "2013-03-31": "6.65%", "2012-12-31": "6.64%", "2012-09-30": "7.69%", "2012-06-30": "7.04%", "2012-03-31": "8.08%", "2011-12-31": "8.27%", "2011-09-30": "8.96%", "2011-06-30": "9.50%", "2011-03-31": "9.70%", "2010-12-31": "10.42%", "2010-09-30": "10.69%", "2010-06-30": "11.34%", "2010-03-31": "11.26%", "2009-12-31": "10.78%", "2009-09-30": "11.10%", "2009-06-30": "11.62%", "2009-03-31": "11.68%", "2008-12-31": "12.04%", "2008-09-30": "11.77%", "2008-06-30": "11.55%", "2008-03-31": "11.45%", "2007-12-31": "11.76%", "2007-09-30": "12.02%", "2007-06-30": "13.11%", "2007-03-31": "12.82%", "2006-12-31": "12.55%", "2006-09-30": "12.35%", "2006-06-30": "10.94%", "2006-03-31": "11.26%", "2005-12-31": "11.44%"}, "return on tangible equity": {"2020-09-30": "-57.07%", "2020-06-30": "-114.29%", "2020-03-31": "-96.59%", "2019-12-31": "-80.37%", "2019-09-30": "-95.66%", "2019-06-30": "-61.97%", "2019-03-31": "-44.19%", "2018-12-31": "-38.25%", "2018-09-30": "0.70%", "2018-06-30": "0.63%", "2018-03-31": "7.79%", "2017-12-31": "8.63%", "2017-09-30": "11.87%", "2017-06-30": "11.25%", "2017-03-31": "10.43%", "2016-12-31": "8.00%", "2016-09-30": "4.89%", "2016-06-30": "4.47%", "2016-03-31": "5.69%", "2015-12-31": "5.31%", "2015-09-30": "5.36%", "2015-06-30": "8.56%", "2015-03-31": "7.84%", "2014-12-31": "9.23%", "2014-09-30": "9.15%", "2014-06-30": "5.02%", "2014-03-31": "5.54%", "2013-12-31": "5.73%", "2013-09-30": "5.15%", "2013-06-30": "6.70%", "2013-03-31": "6.14%", "2012-12-31": "6.21%", "2012-09-30": "7.07%", "2012-06-30": "5.96%", "2012-03-31": "7.11%", "2011-12-31": "6.99%", "2011-09-30": "8.52%", "2011-06-30": "9.19%", "2011-03-31": "9.12%", "2010-12-31": "9.87%", "2010-09-30": "10.29%", "2010-06-30": "11.06%", "2010-03-31": "11.83%", "2009-12-31": "11.89%", "2009-09-30": "14.60%", "2009-06-30": "14.84%", "2009-03-31": "14.25%", "2008-12-31": "14.42%", "2008-09-30": "11.29%", "2008-06-30": "11.23%", "2008-03-31": "11.18%", "2007-12-31": "11.79%", "2007-09-30": "11.44%", "2007-06-30": "13.07%", "2007-03-31": "12.90%", "2006-12-31": "12.62%", "2006-09-30": "13.23%", "2006-06-30": "11.23%", "2006-03-31": "11.44%", "2005-12-31": "11.32%"}, "dividend yield history": {"last payout": "$0.00", "last yield": "0.00%"}}