{"ticker": "PG", "price": {"title": "Procter & Gamble Historical Annual Stock Price Data", "value": 128.33, "historical": {"2021": {"Average Stock Price": "132.6993", "Year Open": "137.8200", "Year High": "140.1600", "Year Low": "128.2100", "Year Close": "128.3300", "Annual % Change": "-7.77%"}, "2020": {"Average Stock Price": "127.3437", "Year Open": "123.4100", "Year High": "144.4900", "Year Low": "97.7000", "Year Close": "139.1400", "Annual % Change": "11.40%"}, "2019": {"Average Stock Price": "111.2929", "Year Open": "91.2800", "Year High": "126.0900", "Year Low": "90.4400", "Year Close": "124.9000", "Annual % Change": "35.88%"}, "2018": {"Average Stock Price": "82.4163", "Year Open": "90.6500", "Year High": "96.6400", "Year Low": "70.9400", "Year Close": "91.9200", "Annual % Change": "0.04%"}, "2017": {"Average Stock Price": "89.4525", "Year Open": "84.2000", "Year High": "94.4000", "Year Low": "83.4900", "Year Close": "91.8800", "Annual % Change": "9.28%"}, "2016": {"Average Stock Price": "83.7154", "Year Open": "78.3700", "Year High": "90.0000", "Year Low": "74.9800", "Year Close": "84.0800", "Annual % Change": "5.88%"}, "2015": {"Average Stock Price": "79.3788", "Year Open": "90.4400", "Year High": "91.6200", "Year Low": "68.0600", "Year Close": "79.4100", "Annual % Change": "-12.82%"}, "2014": {"Average Stock Price": "82.3862", "Year Open": "80.5400", "Year High": "93.4600", "Year Low": "75.7000", "Year Close": "91.0900", "Annual % Change": "11.89%"}, "2013": {"Average Stock Price": "78.5873", "Year Open": "69.3900", "Year High": "85.4100", "Year Low": "68.5100", "Year Close": "81.4100", "Annual % Change": "19.91%"}, "2012": {"Average Stock Price": "66.1644", "Year Open": "66.8300", "Year High": "70.7600", "Year Low": "59.2700", "Year Close": "67.8900", "Annual % Change": "1.77%"}, "2011": {"Average Stock Price": "63.7317", "Year Open": "64.7700", "Year High": "67.4600", "Year Low": "58.5100", "Year Close": "66.7100", "Annual % Change": "3.70%"}, "2010": {"Average Stock Price": "62.1281", "Year Open": "61.1200", "Year High": "65.2400", "Year Low": "59.3400", "Year Close": "64.3300", "Annual % Change": "6.10%"}, "2009": {"Average Stock Price": "54.4629", "Year Open": "62.8000", "Year High": "63.1900", "Year Low": "44.1800", "Year Close": "60.6300", "Annual % Change": "-1.92%"}, "2008": {"Average Stock Price": "66.1368", "Year Open": "72.3100", "Year High": "73.1500", "Year Low": "57.3700", "Year Close": "61.8200", "Annual % Change": "-15.80%"}, "2007": {"Average Stock Price": "65.9629", "Year Open": "64.5400", "Year High": "74.6700", "Year Low": "61.0300", "Year Close": "73.4200", "Annual % Change": "14.24%"}, "2006": {"Average Stock Price": "59.5172", "Year Open": "58.7800", "Year High": "64.4800", "Year Low": "53.1800", "Year Close": "64.2700", "Annual % Change": "11.04%"}, "2005": {"Average Stock Price": "55.1318", "Year Open": "55.1900", "Year High": "59.6200", "Year Low": "51.5100", "Year Close": "57.8800", "Annual % Change": "5.08%"}, "2004": {"Average Stock Price": "53.4001", "Year Open": "49.4950", "Year High": "56.7300", "Year Low": "49.0500", "Year Close": "55.0800", "Annual % Change": "10.29%"}, "2003": {"Average Stock Price": "45.1912", "Year Open": "43.9050", "Year High": "49.9400", "Year Low": "39.8950", "Year Close": "49.9400", "Annual % Change": "16.22%"}, "2002": {"Average Stock Price": "43.8110", "Year Open": "40.0000", "Year High": "47.2000", "Year Low": "37.2300", "Year Close": "42.9700", "Annual % Change": "8.61%"}, "2001": {"Average Stock Price": "35.0814", "Year Open": "39.2500", "Year High": "40.7300", "Year Low": "28.3200", "Year Close": "39.5650", "Annual % Change": "0.88%"}, "2000": {"Average Stock Price": "35.2386", "Year Open": "53.6000", "Year High": "58.9000", "Year Low": "26.8150", "Year Close": "39.2200", "Annual % Change": "-28.43%"}, "1999": {"Average Stock Price": "48.0262", "Year Open": "45.0000", "Year High": "56.9000", "Year Low": "41.8150", "Year Close": "54.8000", "Annual % Change": "20.03%"}, "1998": {"Average Stock Price": "41.9044", "Year Open": "40.4700", "Year High": "47.0000", "Year Low": "33.4050", "Year Close": "45.6550", "Annual % Change": "14.41%"}, "1997": {"Average Stock Price": "33.8817", "Year Open": "26.6500", "Year High": "41.6900", "Year Low": "26.6500", "Year Close": "39.9050", "Annual % Change": "48.32%"}, "1996": {"Average Stock Price": "22.8236", "Year Open": "20.7800", "Year High": "27.7200", "Year Low": "20.2500", "Year Close": "26.9050", "Annual % Change": "29.66%"}, "1995": {"Average Stock Price": "18.0793", "Year Open": "15.5950", "Year High": "22.2500", "Year Low": "15.2200", "Year Close": "20.7500", "Annual % Change": "33.87%"}, "1994": {"Average Stock Price": "14.4847", "Year Open": "14.3750", "Year High": "16.1250", "Year Low": "13.1250", "Year Close": "15.5000", "Annual % Change": "8.77%"}, "1993": {"Average Stock Price": "12.6984", "Year Open": "13.3125", "Year High": "14.6875", "Year Low": "11.3750", "Year Close": "14.2500", "Annual % Change": "6.28%"}, "1992": {"Average Stock Price": "12.5732", "Year Open": "11.6250", "Year High": "13.9075", "Year Low": "11.2813", "Year Close": "13.4075", "Annual % Change": "14.25%"}, "1991": {"Average Stock Price": "10.3496", "Year Open": "10.6875", "Year High": "11.7350", "Year Low": "9.5938", "Year Close": "11.7350", "Annual % Change": "8.38%"}, "1990": {"Average Stock Price": "9.5240", "Year Open": "8.8125", "Year High": "11.3600", "Year Low": "7.8125", "Year Close": "10.8275", "Annual % Change": "23.30%"}, "1989": {"Average Stock Price": "6.8903", "Year Open": "5.2813", "Year High": "8.7813", "Year Low": "5.2813", "Year Close": "8.7813", "Annual % Change": "61.50%"}, "1988": {"Average Stock Price": "4.9606", "Year Open": "5.4375", "Year High": "5.4613", "Year Low": "4.4844", "Year Close": "5.4375", "Annual % Change": "1.90%"}, "1987": {"Average Stock Price": "5.6652", "Year Open": "4.8513", "Year High": "6.4688", "Year Low": "3.8363", "Year Close": "5.3363", "Annual % Change": "11.78%"}, "1986": {"Average Stock Price": "4.6051", "Year Open": "4.3281", "Year High": "5.1094", "Year Low": "4.0000", "Year Close": "4.7738", "Annual % Change": "9.51%"}, "1985": {"Average Stock Price": "3.6189", "Year Open": "3.5156", "Year High": "4.4450", "Year Low": "3.1719", "Year Close": "4.3594", "Annual % Change": "22.37%"}, "1984": {"Average Stock Price": "3.2979", "Year Open": "3.5625", "Year High": "3.7263", "Year Low": "2.8675", "Year Close": "3.5625", "Annual % Change": "0.21%"}, "1983": {"Average Stock Price": "3.5242", "Year Open": "3.6250", "Year High": "3.9375", "Year Low": "3.1800", "Year Close": "3.5550", "Annual % Change": "-3.80%"}, "1982": {"Average Stock Price": "2.8921", "Year Open": "2.5119", "Year High": "3.8203", "Year Low": "2.4531", "Year Close": "3.6953", "Annual % Change": "47.11%"}, "1981": {"Average Stock Price": "2.2669", "Year Open": "2.1291", "Year High": "2.5119", "Year Low": "2.0353", "Year Close": "2.5119", "Annual % Change": "16.71%"}, "1980": {"Average Stock Price": "2.2735", "Year Open": "2.3203", "Year High": "2.5744", "Year Low": "1.9688", "Year Close": "2.1522", "Annual % Change": "-7.24%"}, "1979": {"Average Stock Price": "2.4586", "Year Open": "2.7541", "Year High": "2.7813", "Year Low": "2.1994", "Year Close": "2.3203", "Annual % Change": "-16.45%"}, "1978": {"Average Stock Price": "2.6318", "Year Open": "2.6522", "Year High": "2.8869", "Year Low": "2.3047", "Year Close": "2.7772", "Annual % Change": "3.50%"}, "1977": {"Average Stock Price": "2.5676", "Year Open": "2.9063", "Year High": "2.9063", "Year Low": "2.2853", "Year Close": "2.6834", "Annual % Change": "-8.28%"}, "1976": {"Average Stock Price": "2.8681", "Year Open": "2.7931", "Year High": "3.1131", "Year Low": "2.5781", "Year Close": "2.9256", "Annual % Change": "5.19%"}, "1975": {"Average Stock Price": "2.8464", "Year Open": "2.5703", "Year High": "3.1250", "Year Low": "2.4844", "Year Close": "2.7813", "Annual % Change": "9.20%"}, "1974": {"Average Stock Price": "2.7665", "Year Open": "2.8594", "Year High": "3.2931", "Year Low": "2.1328", "Year Close": "2.5469", "Annual % Change": "-11.41%"}, "1973": {"Average Stock Price": "3.2105", "Year Open": "3.4766", "Year High": "3.7188", "Year Low": "2.7891", "Year Close": "2.8750", "Annual % Change": "-17.49%"}, "1972": {"Average Stock Price": "2.9684", "Year Open": "2.4375", "Year High": "3.4844", "Year Low": "2.3869", "Year Close": "3.4844", "Annual % Change": "42.04%"}, "1971": {"Average Stock Price": "2.0671", "Year Open": "1.7969", "Year High": "2.5313", "Year Low": "1.7619", "Year Close": "2.4531", "Annual % Change": "35.34%"}}}, "market cap": {"value": "$316.85B"}, "income statement": {"Revenue": {"2020-06-30": "70950.00000", "2019-06-30": "67684.00000", "2018-06-30": "66832.00000", "2017-06-30": "65058.00000", "2016-06-30": "65299.00000", "2015-06-30": "70749.00000", "2014-06-30": "74401.00000", "2013-06-30": "80116.00000", "2012-06-30": "82006.00000", "2011-06-30": "81104.00000", "2010-06-30": "77567.00000", "2009-06-30": "76694.00000", "2008-06-30": "79257.00000", "2007-06-30": "74832.00000", "2006-06-30": "68222.00000", "2005-06-30": "56741.00000"}, "Cost Of Goods Sold": {"2020-06-30": "35250.00000", "2019-06-30": "34768.00000", "2018-06-30": "34432.00000", "2017-06-30": "32638.00000", "2016-06-30": "32909.00000", "2015-06-30": "37056.00000", "2014-06-30": "39030.00000", "2013-06-30": "39991.00000", "2012-06-30": "41411.00000", "2011-06-30": "39859.00000", "2010-06-30": "37042.00000", "2009-06-30": "38690.00000", "2008-06-30": "39261.00000", "2007-06-30": "35659.00000", "2006-06-30": "33125.00000", "2005-06-30": "27872.00000"}, "Gross Profit": {"2020-06-30": "35700.00000", "2019-06-30": "32916.00000", "2018-06-30": "32400.00000", "2017-06-30": "32420.00000", "2016-06-30": "32390.00000", "2015-06-30": "33693.00000", "2014-06-30": "35371.00000", "2013-06-30": "40125.00000", "2012-06-30": "40595.00000", "2011-06-30": "41245.00000", "2010-06-30": "40525.00000", "2009-06-30": "38004.00000", "2008-06-30": "39996.00000", "2007-06-30": "39173.00000", "2006-06-30": "35097.00000", "2005-06-30": "28869.00000"}, "Research And Development Expenses": {"2020-06-30": "", "2019-06-30": "", "2018-06-30": "", "2017-06-30": "", "2016-06-30": "", "2015-06-30": "", "2014-06-30": "", "2013-06-30": "", "2012-06-30": "", "2011-06-30": "", "2010-06-30": "", "2009-06-30": "", "2008-06-30": "", "2007-06-30": "", "2006-06-30": "", "2005-06-30": ""}, "SG&A Expenses": {"2020-06-30": "19994.00000", "2019-06-30": "19084.00000", "2018-06-30": "19037.00000", "2017-06-30": "18654.00000", "2016-06-30": "18949.00000", "2015-06-30": "20616.00000", "2014-06-30": "21461.00000", "2013-06-30": "26000.00000", "2012-06-30": "25984.00000", "2011-06-30": "25750.00000", "2010-06-30": "24793.00000", "2009-06-30": "22630.00000", "2008-06-30": "24017.00000", "2007-06-30": "24170.00000", "2006-06-30": "21848.00000", "2005-06-30": "18400.00000"}, "Other Operating Income Or Expenses": {"2020-06-30": "", "2019-06-30": "-8345.00000", "2018-06-30": "", "2017-06-30": "", "2016-06-30": "", "2015-06-30": "-2028.00000", "2014-06-30": "", "2013-06-30": "-308.00000", "2012-06-30": "-1576.00000", "2011-06-30": "", "2010-06-30": "", "2009-06-30": "", "2008-06-30": "", "2007-06-30": "", "2006-06-30": "", "2005-06-30": ""}, "Operating Expenses": {"2020-06-30": "55244.00000", "2019-06-30": "62197.00000", "2018-06-30": "53469.00000", "2017-06-30": "51292.00000", "2016-06-30": "51858.00000", "2015-06-30": "59700.00000", "2014-06-30": "60491.00000", "2013-06-30": "66299.00000", "2012-06-30": "68971.00000", "2011-06-30": "65609.00000", "2010-06-30": "61835.00000", "2009-06-30": "61320.00000", "2008-06-30": "63278.00000", "2007-06-30": "59829.00000", "2006-06-30": "54973.00000", "2005-06-30": "46272.00000"}, "Operating Income": {"2020-06-30": "15706.00000", "2019-06-30": "5487.00000", "2018-06-30": "13363.00000", "2017-06-30": "13766.00000", "2016-06-30": "13441.00000", "2015-06-30": "11049.00000", "2014-06-30": "13910.00000", "2013-06-30": "13817.00000", "2012-06-30": "13035.00000", "2011-06-30": "15495.00000", "2010-06-30": "15732.00000", "2009-06-30": "15374.00000", "2008-06-30": "15979.00000", "2007-06-30": "15003.00000", "2006-06-30": "13249.00000", "2005-06-30": "10469.00000"}, "Total Non-Operating Income/Expense": {"2020-06-30": "128.00000", "2019-06-30": "582.00000", "2018-06-30": "-37.00000", "2017-06-30": "-509.00000", "2016-06-30": "-72.00000", "2015-06-30": "-37.00000", "2014-06-30": "-401.00000", "2013-06-30": "362.00000", "2012-06-30": "-507.00000", "2011-06-30": "-498.00000", "2010-06-30": "-864.00000", "2009-06-30": "-961.00000", "2008-06-30": "-1094.00000", "2007-06-30": "-739.00000", "2006-06-30": "-836.00000", "2005-06-30": "-488.00000"}, "Pre-Tax Income": {"2020-06-30": "15834.00000", "2019-06-30": "6069.00000", "2018-06-30": "13326.00000", "2017-06-30": "13257.00000", "2016-06-30": "13369.00000", "2015-06-30": "11012.00000", "2014-06-30": "13509.00000", "2013-06-30": "14179.00000", "2012-06-30": "12528.00000", "2011-06-30": "14997.00000", "2010-06-30": "14868.00000", "2009-06-30": "14413.00000", "2008-06-30": "14885.00000", "2007-06-30": "14264.00000", "2006-06-30": "12413.00000", "2005-06-30": "9981.00000"}, "Income Taxes": {"2020-06-30": "2731.00000", "2019-06-30": "2103.00000", "2018-06-30": "3465.00000", "2017-06-30": "3063.00000", "2016-06-30": "3342.00000", "2015-06-30": "2725.00000", "2014-06-30": "2851.00000", "2013-06-30": "3226.00000", "2012-06-30": "3378.00000", "2011-06-30": "3299.00000", "2010-06-30": "4017.00000", "2009-06-30": "3733.00000", "2008-06-30": "3594.00000", "2007-06-30": "4201.00000", "2006-06-30": "3729.00000", "2005-06-30": "3058.00000"}, "Income After Taxes": {"2020-06-30": "13103.00000", "2019-06-30": "3966.00000", "2018-06-30": "9861.00000", "2017-06-30": "10194.00000", "2016-06-30": "10027.00000", "2015-06-30": "8287.00000", "2014-06-30": "10658.00000", "2013-06-30": "10953.00000", "2012-06-30": "9150.00000", "2011-06-30": "11698.00000", "2010-06-30": "10851.00000", "2009-06-30": "10680.00000", "2008-06-30": "11291.00000", "2007-06-30": "10063.00000", "2006-06-30": "8684.00000", "2005-06-30": "6923.00000"}, "Other Income": {"2020-06-30": "", "2019-06-30": "", "2018-06-30": "", "2017-06-30": "", "2016-06-30": "", "2015-06-30": "", "2014-06-30": "", "2013-06-30": "", "2012-06-30": "", "2011-06-30": "", "2010-06-30": "", "2009-06-30": "", "2008-06-30": "", "2007-06-30": "", "2006-06-30": "", "2005-06-30": ""}, "Income From Continuous Operations": {"2020-06-30": "13103.00000", "2019-06-30": "3966.00000", "2018-06-30": "9861.00000", "2017-06-30": "10194.00000", "2016-06-30": "10027.00000", "2015-06-30": "8287.00000", "2014-06-30": "10658.00000", "2013-06-30": "10953.00000", "2012-06-30": "9150.00000", "2011-06-30": "11698.00000", "2010-06-30": "10851.00000", "2009-06-30": "10680.00000", "2008-06-30": "11291.00000", "2007-06-30": "10063.00000", "2006-06-30": "8684.00000", "2005-06-30": "6923.00000"}, "Income From Discontinued Operations": {"2020-06-30": "", "2019-06-30": "", "2018-06-30": "", "2017-06-30": "5217.00000", "2016-06-30": "577.00000", "2015-06-30": "-1143.00000", "2014-06-30": "1127.00000", "2013-06-30": "449.00000", "2012-06-30": "1754.00000", "2011-06-30": "229.00000", "2010-06-30": "1995.00000", "2009-06-30": "2756.00000", "2008-06-30": "784.00000", "2007-06-30": "277.00000", "2006-06-30": "", "2005-06-30": ""}, "Net Income": {"2020-06-30": "12764.00000", "2019-06-30": "3634.00000", "2018-06-30": "9485.00000", "2017-06-30": "15079.00000", "2016-06-30": "10253.00000", "2015-06-30": "6777.00000", "2014-06-30": "11390.00000", "2013-06-30": "11068.00000", "2012-06-30": "10500.00000", "2011-06-30": "11564.00000", "2010-06-30": "12517.00000", "2009-06-30": "13436.00000", "2008-06-30": "12075.00000", "2007-06-30": "10340.00000", "2006-06-30": "8684.00000", "2005-06-30": "6923.00000"}, "EBITDA": {"2020-06-30": "18719.00000", "2019-06-30": "8311.00000", "2018-06-30": "16197.00000", "2017-06-30": "16586.00000", "2016-06-30": "16519.00000", "2015-06-30": "14183.00000", "2014-06-30": "17051.00000", "2013-06-30": "16799.00000", "2012-06-30": "16239.00000", "2011-06-30": "18333.00000", "2010-06-30": "18840.00000", "2009-06-30": "18456.00000", "2008-06-30": "19145.00000", "2007-06-30": "18133.00000", "2006-06-30": "15876.00000", "2005-06-30": "12353.00000"}, "EBIT": {"2020-06-30": "15706.00000", "2019-06-30": "5487.00000", "2018-06-30": "13363.00000", "2017-06-30": "13766.00000", "2016-06-30": "13441.00000", "2015-06-30": "11049.00000", "2014-06-30": "13910.00000", "2013-06-30": "13817.00000", "2012-06-30": "13035.00000", "2011-06-30": "15495.00000", "2010-06-30": "15732.00000", "2009-06-30": "15374.00000", "2008-06-30": "15979.00000", "2007-06-30": "15003.00000", "2006-06-30": "13249.00000", "2005-06-30": "10469.00000"}, "Basic Shares Outstanding": {"2020-06-30": "2487.10000", "2019-06-30": "2503.60000", "2018-06-30": "2529.30000", "2017-06-30": "2598.10000", "2016-06-30": "2698.90000", "2015-06-30": "2711.70000", "2014-06-30": "2719.80000", "2013-06-30": "2742.90000", "2012-06-30": "2751.30000", "2011-06-30": "2804.00000", "2010-06-30": "2900.80000", "2009-06-30": "2952.20000", "2008-06-30": "3080.80000", "2007-06-30": "3159.00000", "2006-06-30": "3054.90000", "2005-06-30": "2515.60000"}, "Shares Outstanding": {"2020-06-30": "2625.80000", "2019-06-30": "2539.50000", "2018-06-30": "2656.70000", "2017-06-30": "2740.40000", "2016-06-30": "2844.40000", "2015-06-30": "2883.60000", "2014-06-30": "2904.70000", "2013-06-30": "2930.60000", "2012-06-30": "2941.20000", "2011-06-30": "3001.90000", "2010-06-30": "3099.30000", "2009-06-30": "3154.10000", "2008-06-30": "3316.80000", "2007-06-30": "3398.60000", "2006-06-30": "3285.90000", "2005-06-30": "2737.10000"}, "Basic EPS": {"2020-06-30": "5.13000", "2019-06-30": "1.45000", "2018-06-30": "3.75000", "2017-06-30": "5.80000", "2016-06-30": "3.80000", "2015-06-30": "2.50000", "2014-06-30": "4.19000", "2013-06-30": "4.04000", "2012-06-30": "3.82000", "2011-06-30": "4.12000", "2010-06-30": "4.32000", "2009-06-30": "4.49000", "2008-06-30": "3.86000", "2007-06-30": "3.22000", "2006-06-30": "2.79000", "2005-06-30": "2.70000"}, "EPS - Earnings Per Share": {"2020-06-30": "4.96000", "2019-06-30": "1.43000", "2018-06-30": "3.67000", "2017-06-30": "5.59000", "2016-06-30": "3.69000", "2015-06-30": "2.44000", "2014-06-30": "4.01000", "2013-06-30": "3.86000", "2012-06-30": "3.66000", "2011-06-30": "3.93000", "2010-06-30": "4.11000", "2009-06-30": "4.26000", "2008-06-30": "3.64000", "2007-06-30": "3.04000", "2006-06-30": "2.64000", "2005-06-30": "2.53000"}}, "income statement, quarterly": {"Revenue": {"2020-12-31": "19745.00000", "2020-09-30": "19318.00000", "2020-06-30": "17698.00000", "2020-03-31": "17214.00000", "2019-12-31": "18240.00000", "2019-09-30": "17798.00000", "2019-06-30": "17094.00000", "2019-03-31": "16462.00000", "2018-12-31": "17438.00000", "2018-09-30": "16690.00000", "2018-06-30": "16503.00000", "2018-03-31": "16281.00000", "2017-12-31": "17395.00000", "2017-09-30": "16653.00000", "2017-06-30": "16079.00000", "2017-03-31": "15605.00000", "2016-12-31": "16856.00000", "2016-09-30": "16518.00000", "2016-06-30": "16102.00000", "2016-03-31": "15755.00000", "2015-12-31": "16915.00000", "2015-09-30": "16527.00000", "2015-06-30": "17790.00000", "2015-03-31": "16930.00000", "2014-12-31": "18495.00000", "2014-09-30": "18771.00000", "2014-06-30": "12831.00000", "2014-03-31": "19641.00000", "2013-12-31": "21099.00000", "2013-09-30": "20830.00000", "2013-06-30": "20297.00000", "2013-03-31": "20598.00000", "2012-12-31": "22175.00000", "2012-09-30": "20739.00000", "2012-06-30": "18538.00000", "2012-03-31": "20194.00000", "2011-12-31": "21744.00000", "2011-09-30": "21530.00000", "2011-06-30": "19742.00000", "2011-03-31": "19893.00000", "2010-12-31": "21347.00000", "2010-09-30": "20122.00000", "2010-06-30": "17555.00000", "2010-03-31": "19178.00000", "2009-12-31": "21027.00000", "2009-09-30": "19807.00000", "2009-06-30": "18084.00000", "2009-03-31": "17864.00000", "2008-12-31": "19763.00000", "2008-09-30": "20983.00000", "2008-06-30": "17994.00000", "2008-03-31": "20026.00000", "2007-12-31": "21038.00000", "2007-09-30": "20199.00000", "2007-06-30": "17628.00000", "2007-03-31": "18694.00000", "2006-12-31": "19725.00000", "2006-09-30": "18785.00000", "2006-06-30": "17842.00000", "2006-03-31": "17250.00000", "2005-12-31": "18337.00000", "2005-09-30": "14793.00000", "2005-06-30": "14258.00000", "2005-03-31": "14287.00000"}, "Cost Of Goods Sold": {"2020-12-31": "9253.00000", "2020-09-30": "9142.00000", "2020-06-30": "8942.00000", "2020-03-31": "8716.00000", "2019-12-31": "8869.00000", "2019-09-30": "8723.00000", "2019-06-30": "8938.00000", "2019-03-31": "8427.00000", "2018-12-31": "8919.00000", "2018-09-30": "8484.00000", "2018-06-30": "9070.00000", "2018-03-31": "8384.00000", "2017-12-31": "8709.00000", "2017-09-30": "8269.00000", "2017-06-30": "8402.00000", "2017-03-31": "7836.00000", "2016-12-31": "8298.00000", "2016-09-30": "8102.00000", "2016-06-30": "8382.00000", "2016-03-31": "7915.00000", "2015-12-31": "8460.00000", "2015-09-30": "8152.00000", "2015-06-30": "9257.00000", "2015-03-31": "8927.00000", "2014-12-31": "9558.00000", "2014-09-30": "9734.00000", "2014-06-30": "7942.00000", "2014-03-31": "10040.00000", "2013-12-31": "10474.00000", "2013-09-30": "10574.00000", "2013-06-30": "10577.00000", "2013-03-31": "10344.00000", "2012-12-31": "10880.00000", "2012-09-30": "10350.00000", "2012-06-30": "9517.00000", "2012-03-31": "10237.00000", "2011-12-31": "10851.00000", "2011-09-30": "10806.00000", "2011-06-30": "10094.00000", "2011-03-31": "9789.00000", "2010-12-31": "10287.00000", "2010-09-30": "9689.00000", "2010-06-30": "8683.00000", "2010-03-31": "9225.00000", "2009-12-31": "9736.00000", "2009-09-30": "9398.00000", "2009-06-30": "9216.00000", "2009-03-31": "9117.00000", "2008-12-31": "9799.00000", "2008-09-30": "10558.00000", "2008-06-30": "10035.00000", "2008-03-31": "9679.00000", "2007-12-31": "10028.00000", "2007-09-30": "9519.00000", "2007-06-30": "8450.00000", "2007-03-31": "9057.00000", "2006-12-31": "9287.00000", "2006-09-30": "8865.00000", "2006-06-30": "8894.00000", "2006-03-31": "8340.00000", "2005-12-31": "8732.00000", "2005-09-30": "7159.00000", "2005-06-30": "7309.00000", "2005-03-31": "7055.00000"}, "Gross Profit": {"2020-12-31": "10492.00000", "2020-09-30": "10176.00000", "2020-06-30": "8756.00000", "2020-03-31": "8498.00000", "2019-12-31": "9371.00000", "2019-09-30": "9075.00000", "2019-06-30": "8156.00000", "2019-03-31": "8035.00000", "2018-12-31": "8519.00000", "2018-09-30": "8206.00000", "2018-06-30": "7433.00000", "2018-03-31": "7897.00000", "2017-12-31": "8686.00000", "2017-09-30": "8384.00000", "2017-06-30": "7677.00000", "2017-03-31": "7769.00000", "2016-12-31": "8558.00000", "2016-09-30": "8416.00000", "2016-06-30": "7720.00000", "2016-03-31": "7840.00000", "2015-12-31": "8455.00000", "2015-09-30": "8375.00000", "2015-06-30": "8533.00000", "2015-03-31": "8003.00000", "2014-12-31": "8937.00000", "2014-09-30": "9037.00000", "2014-06-30": "4889.00000", "2014-03-31": "9601.00000", "2013-12-31": "10625.00000", "2013-09-30": "10256.00000", "2013-06-30": "9720.00000", "2013-03-31": "10254.00000", "2012-12-31": "11295.00000", "2012-09-30": "10389.00000", "2012-06-30": "9021.00000", "2012-03-31": "9957.00000", "2011-12-31": "10893.00000", "2011-09-30": "10724.00000", "2011-06-30": "9648.00000", "2011-03-31": "10104.00000", "2010-12-31": "11060.00000", "2010-09-30": "10433.00000", "2010-06-30": "8872.00000", "2010-03-31": "9953.00000", "2009-12-31": "11291.00000", "2009-09-30": "10409.00000", "2009-06-30": "8868.00000", "2009-03-31": "8747.00000", "2008-12-31": "9964.00000", "2008-09-30": "10425.00000", "2008-06-30": "7959.00000", "2008-03-31": "10347.00000", "2007-12-31": "11010.00000", "2007-09-30": "10680.00000", "2007-06-30": "9178.00000", "2007-03-31": "9637.00000", "2006-12-31": "10438.00000", "2006-09-30": "9920.00000", "2006-06-30": "8948.00000", "2006-03-31": "8910.00000", "2005-12-31": "9605.00000", "2005-09-30": "7634.00000", "2005-06-30": "6949.00000", "2005-03-31": "7232.00000"}, "Research And Development Expenses": {"2020-12-31": "", "2020-09-30": "", "2020-06-30": "", "2020-03-31": "", "2019-12-31": "", "2019-09-30": "", "2019-06-30": "", "2019-03-31": "", "2018-12-31": "", "2018-09-30": "", "2018-06-30": "", "2018-03-31": "", "2017-12-31": "", "2017-09-30": "", "2017-06-30": "", "2017-03-31": "", "2016-12-31": "", "2016-09-30": "", "2016-06-30": "", "2016-03-31": "", "2015-12-31": "", "2015-09-30": "", "2015-06-30": "", "2015-03-31": "", "2014-12-31": "", "2014-09-30": "", "2014-06-30": "", "2014-03-31": "", "2013-12-31": "", "2013-09-30": "", "2013-06-30": "", "2013-03-31": "", "2012-12-31": "", "2012-09-30": "", "2012-06-30": "", "2012-03-31": "", "2011-12-31": "", "2011-09-30": "", "2011-06-30": "", "2011-03-31": "", "2010-12-31": "", "2010-09-30": "", "2010-06-30": "", "2010-03-31": "", "2009-12-31": "", "2009-09-30": "", "2009-06-30": "", "2009-03-31": "", "2008-12-31": "", "2008-09-30": "", "2008-06-30": "", "2008-03-31": "", "2007-12-31": "", "2007-09-30": "", "2007-06-30": "", "2007-03-31": "", "2006-12-31": "", "2006-09-30": "", "2006-06-30": "", "2006-03-31": "", "2005-12-31": "", "2005-09-30": "", "2005-06-30": "", "2005-03-31": ""}, "SG&A Expenses": {"2020-12-31": "5112.00000", "2020-09-30": "4895.00000", "2020-06-30": "5275.00000", "2020-03-31": "5045.00000", "2019-12-31": "4889.00000", "2019-09-30": "4785.00000", "2019-06-30": "5003.00000", "2019-03-31": "4806.00000", "2018-12-31": "4623.00000", "2018-09-30": "4652.00000", "2018-06-30": "4846.00000", "2018-03-31": "4688.00000", "2017-12-31": "4767.00000", "2017-09-30": "4736.00000", "2017-06-30": "4917.00000", "2017-03-31": "4409.00000", "2016-12-31": "4683.00000", "2016-09-30": "4645.00000", "2016-06-30": "5218.00000", "2016-03-31": "4522.00000", "2015-12-31": "4602.00000", "2015-09-30": "4607.00000", "2015-06-30": "5575.00000", "2015-03-31": "4978.00000", "2014-12-31": "5358.00000", "2014-09-30": "5404.00000", "2014-06-30": "2707.00000", "2014-03-31": "6295.00000", "2013-12-31": "6323.00000", "2013-09-30": "6136.00000", "2013-06-30": "6761.00000", "2013-03-31": "6849.00000", "2012-12-31": "6803.00000", "2012-09-30": "6438.00000", "2012-06-30": "6215.00000", "2012-03-31": "6636.00000", "2011-12-31": "6659.00000", "2011-09-30": "6474.00000", "2011-06-30": "6619.00000", "2011-03-31": "6399.00000", "2010-12-31": "6800.00000", "2010-09-30": "5932.00000", "2010-06-30": "6211.00000", "2010-03-31": "5985.00000", "2009-12-31": "6636.00000", "2009-09-30": "5961.00000", "2009-06-30": "5488.00000", "2009-03-31": "5194.00000", "2008-12-31": "5909.00000", "2008-09-30": "6039.00000", "2008-06-30": "5001.00000", "2008-03-31": "6334.00000", "2007-12-31": "6420.00000", "2007-09-30": "6262.00000", "2007-06-30": "6225.00000", "2007-03-31": "5991.00000", "2006-12-31": "6088.00000", "2006-09-30": "5866.00000", "2006-06-30": "5999.00000", "2006-03-31": "5559.00000", "2005-12-31": "5713.00000", "2005-09-30": "4577.00000", "2005-06-30": "4793.00000", "2005-03-31": "4690.00000"}, "Other Operating Income Or Expenses": {"2020-12-31": "", "2020-09-30": "", "2020-06-30": "", "2020-03-31": "", "2019-12-31": "", "2019-09-30": "", "2019-06-30": "", "2019-03-31": "", "2018-12-31": "", "2018-09-30": "", "2018-06-30": "", "2018-03-31": "", "2017-12-31": "", "2017-09-30": "", "2017-06-30": "", "2017-03-31": "", "2016-12-31": "", "2016-09-30": "", "2016-06-30": "", "2016-03-31": "", "2015-12-31": "", "2015-09-30": "", "2015-06-30": "-2028.00000", "2015-03-31": "", "2014-12-31": "", "2014-09-30": "", "2014-06-30": "", "2014-03-31": "", "2013-12-31": "", "2013-09-30": "0.00000", "2013-06-30": "-308.00000", "2013-03-31": "", "2012-12-31": "", "2012-09-30": "", "2012-06-30": "", "2012-03-31": "-22.00000", "2011-12-31": "-1554.00000", "2011-09-30": "", "2011-06-30": "", "2011-03-31": "", "2010-12-31": "0.00000", "2010-09-30": "", "2010-06-30": "", "2010-03-31": "", "2009-12-31": "", "2009-09-30": "", "2009-06-30": "", "2009-03-31": "", "2008-12-31": "", "2008-09-30": "", "2008-06-30": "", "2008-03-31": "", "2007-12-31": "", "2007-09-30": "", "2007-06-30": "", "2007-03-31": "", "2006-12-31": "", "2006-09-30": "", "2006-06-30": "", "2006-03-31": "", "2005-12-31": "", "2005-09-30": "", "2005-06-30": "", "2005-03-31": ""}, "Operating Expenses": {"2020-12-31": "14365.00000", "2020-09-30": "14037.00000", "2020-06-30": "14217.00000", "2020-03-31": "13761.00000", "2019-12-31": "13758.00000", "2019-09-30": "13508.00000", "2019-06-30": "22286.00000", "2019-03-31": "13233.00000", "2018-12-31": "13542.00000", "2018-09-30": "13136.00000", "2018-06-30": "13916.00000", "2018-03-31": "13072.00000", "2017-12-31": "13476.00000", "2017-09-30": "13005.00000", "2017-06-30": "13319.00000", "2017-03-31": "12245.00000", "2016-12-31": "12981.00000", "2016-09-30": "12747.00000", "2016-06-30": "13600.00000", "2016-03-31": "12437.00000", "2015-12-31": "13062.00000", "2015-09-30": "12759.00000", "2015-06-30": "16860.00000", "2015-03-31": "13905.00000", "2014-12-31": "14916.00000", "2014-09-30": "15138.00000", "2014-06-30": "10649.00000", "2014-03-31": "16335.00000", "2013-12-31": "16797.00000", "2013-09-30": "16710.00000", "2013-06-30": "17646.00000", "2013-03-31": "17193.00000", "2012-12-31": "17683.00000", "2012-09-30": "16788.00000", "2012-06-30": "15732.00000", "2012-03-31": "16895.00000", "2011-12-31": "19064.00000", "2011-09-30": "17280.00000", "2011-06-30": "16713.00000", "2011-03-31": "16188.00000", "2010-12-31": "17087.00000", "2010-09-30": "15621.00000", "2010-06-30": "14894.00000", "2010-03-31": "15210.00000", "2009-12-31": "16372.00000", "2009-09-30": "15359.00000", "2009-06-30": "14704.00000", "2009-03-31": "14311.00000", "2008-12-31": "15708.00000", "2008-09-30": "16597.00000", "2008-06-30": "15036.00000", "2008-03-31": "16013.00000", "2007-12-31": "16448.00000", "2007-09-30": "15781.00000", "2007-06-30": "14675.00000", "2007-03-31": "15048.00000", "2006-12-31": "15375.00000", "2006-09-30": "14731.00000", "2006-06-30": "14893.00000", "2006-03-31": "13899.00000", "2005-12-31": "14445.00000", "2005-09-30": "11736.00000", "2005-06-30": "12102.00000", "2005-03-31": "11745.00000"}, "Operating Income": {"2020-12-31": "5380.00000", "2020-09-30": "5281.00000", "2020-06-30": "3481.00000", "2020-03-31": "3453.00000", "2019-12-31": "4482.00000", "2019-09-30": "4290.00000", "2019-06-30": "-5192.00000", "2019-03-31": "3229.00000", "2018-12-31": "3896.00000", "2018-09-30": "3554.00000", "2018-06-30": "2587.00000", "2018-03-31": "3209.00000", "2017-12-31": "3919.00000", "2017-09-30": "3648.00000", "2017-06-30": "2760.00000", "2017-03-31": "3360.00000", "2016-12-31": "3875.00000", "2016-09-30": "3771.00000", "2016-06-30": "2502.00000", "2016-03-31": "3318.00000", "2015-12-31": "3853.00000", "2015-09-30": "3768.00000", "2015-06-30": "930.00000", "2015-03-31": "3025.00000", "2014-12-31": "3579.00000", "2014-09-30": "3633.00000", "2014-06-30": "2182.00000", "2014-03-31": "3306.00000", "2013-12-31": "4302.00000", "2013-09-30": "4120.00000", "2013-06-30": "2651.00000", "2013-03-31": "3405.00000", "2012-12-31": "4492.00000", "2012-09-30": "3951.00000", "2012-06-30": "2806.00000", "2012-03-31": "3299.00000", "2011-12-31": "2680.00000", "2011-09-30": "4250.00000", "2011-06-30": "3029.00000", "2011-03-31": "3705.00000", "2010-12-31": "4260.00000", "2010-09-30": "4501.00000", "2010-06-30": "2661.00000", "2010-03-31": "3968.00000", "2009-12-31": "4655.00000", "2009-09-30": "4448.00000", "2009-06-30": "3380.00000", "2009-03-31": "3553.00000", "2008-12-31": "4055.00000", "2008-09-30": "4386.00000", "2008-06-30": "2958.00000", "2008-03-31": "4013.00000", "2007-12-31": "4590.00000", "2007-09-30": "4418.00000", "2007-06-30": "2953.00000", "2007-03-31": "3646.00000", "2006-12-31": "4350.00000", "2006-09-30": "4054.00000", "2006-06-30": "2949.00000", "2006-03-31": "3351.00000", "2005-12-31": "3892.00000", "2005-09-30": "3057.00000", "2005-06-30": "2156.00000", "2005-03-31": "2542.00000"}, "Total Non-Operating Income/Expense": {"2020-12-31": "-503.00000", "2020-09-30": "16.00000", "2020-06-30": "-20.00000", "2020-03-31": "45.00000", "2019-12-31": "50.00000", "2019-09-30": "53.00000", "2019-06-30": "127.00000", "2019-03-31": "49.00000", "2018-12-31": "20.00000", "2018-09-30": "386.00000", "2018-06-30": "-298.00000", "2018-03-31": "44.00000", "2017-12-31": "114.00000", "2017-09-30": "103.00000", "2017-06-30": "167.00000", "2017-03-31": "-24.00000", "2016-12-31": "-619.00000", "2016-09-30": "-33.00000", "2016-06-30": "184.00000", "2016-03-31": "-92.00000", "2015-12-31": "-50.00000", "2015-09-30": "-114.00000", "2015-06-30": "339.00000", "2015-03-31": "-57.00000", "2014-12-31": "-107.00000", "2014-09-30": "-126.00000", "2014-06-30": "-11.00000", "2014-03-31": "-131.00000", "2013-12-31": "-120.00000", "2013-09-30": "-139.00000", "2013-06-30": "-122.00000", "2013-03-31": "-117.00000", "2012-12-31": "726.00000", "2012-09-30": "-125.00000", "2012-06-30": "-158.00000", "2012-03-31": "-112.00000", "2011-12-31": "-31.00000", "2011-09-30": "-206.00000", "2011-06-30": "-11.00000", "2011-03-31": "-98.00000", "2010-12-31": "-170.00000", "2010-09-30": "-219.00000", "2010-06-30": "-223.00000", "2010-03-31": "-206.00000", "2009-12-31": "-171.00000", "2009-09-30": "-264.00000", "2009-06-30": "-312.00000", "2009-03-31": "-303.00000", "2008-12-31": "-287.00000", "2008-09-30": "-59.00000", "2008-06-30": "-378.00000", "2008-03-31": "-354.00000", "2007-12-31": "-196.00000", "2007-09-30": "-166.00000", "2007-06-30": "-191.00000", "2007-03-31": "-110.00000", "2006-12-31": "-260.00000", "2006-09-30": "-178.00000", "2006-06-30": "-238.00000", "2006-03-31": "-222.00000", "2005-12-31": "-231.00000", "2005-09-30": "-145.00000", "2005-06-30": "-182.00000", "2005-03-31": "-162.00000"}, "Pre-Tax Income": {"2020-12-31": "4877.00000", "2020-09-30": "5297.00000", "2020-06-30": "3461.00000", "2020-03-31": "3498.00000", "2019-12-31": "4532.00000", "2019-09-30": "4343.00000", "2019-06-30": "-5065.00000", "2019-03-31": "3278.00000", "2018-12-31": "3916.00000", "2018-09-30": "3940.00000", "2018-06-30": "2289.00000", "2018-03-31": "3253.00000", "2017-12-31": "4033.00000", "2017-09-30": "3751.00000", "2017-06-30": "2927.00000", "2017-03-31": "3336.00000", "2016-12-31": "3256.00000", "2016-09-30": "3738.00000", "2016-06-30": "2686.00000", "2016-03-31": "3226.00000", "2015-12-31": "3803.00000", "2015-09-30": "3654.00000", "2015-06-30": "1269.00000", "2015-03-31": "2968.00000", "2014-12-31": "3472.00000", "2014-09-30": "3507.00000", "2014-06-30": "2171.00000", "2014-03-31": "3175.00000", "2013-12-31": "4182.00000", "2013-09-30": "3981.00000", "2013-06-30": "2529.00000", "2013-03-31": "3288.00000", "2012-12-31": "5218.00000", "2012-09-30": "3826.00000", "2012-06-30": "2648.00000", "2012-03-31": "3187.00000", "2011-12-31": "2649.00000", "2011-09-30": "4044.00000", "2011-06-30": "3018.00000", "2011-03-31": "3607.00000", "2010-12-31": "4090.00000", "2010-09-30": "4282.00000", "2010-06-30": "2438.00000", "2010-03-31": "3762.00000", "2009-12-31": "4484.00000", "2009-09-30": "4184.00000", "2009-06-30": "3068.00000", "2009-03-31": "3250.00000", "2008-12-31": "3768.00000", "2008-09-30": "4327.00000", "2008-06-30": "2580.00000", "2008-03-31": "3659.00000", "2007-12-31": "4394.00000", "2007-09-30": "4252.00000", "2007-06-30": "2762.00000", "2007-03-31": "3536.00000", "2006-12-31": "4090.00000", "2006-09-30": "3876.00000", "2006-06-30": "2711.00000", "2006-03-31": "3129.00000", "2005-12-31": "3661.00000", "2005-09-30": "2912.00000", "2005-06-30": "1974.00000", "2005-03-31": "2380.00000"}, "Income Taxes": {"2020-12-31": "990.00000", "2020-09-30": "989.00000", "2020-06-30": "675.00000", "2020-03-31": "541.00000", "2019-12-31": "789.00000", "2019-09-30": "726.00000", "2019-06-30": "172.00000", "2019-03-31": "502.00000", "2018-12-31": "700.00000", "2018-09-30": "729.00000", "2018-06-30": "399.00000", "2018-03-31": "713.00000", "2017-12-31": "1472.00000", "2017-09-30": "881.00000", "2017-06-30": "725.00000", "2017-03-31": "780.00000", "2016-12-31": "695.00000", "2016-09-30": "863.00000", "2016-06-30": "678.00000", "2016-03-31": "889.00000", "2015-12-31": "898.00000", "2015-09-30": "877.00000", "2015-06-30": "629.00000", "2015-03-31": "567.00000", "2014-12-31": "798.00000", "2014-09-30": "791.00000", "2014-06-30": "380.00000", "2014-03-31": "644.00000", "2013-12-31": "885.00000", "2013-09-30": "942.00000", "2013-06-30": "636.00000", "2013-03-31": "697.00000", "2012-12-31": "1142.00000", "2012-09-30": "973.00000", "2012-06-30": "602.00000", "2012-03-31": "754.00000", "2011-12-31": "977.00000", "2011-09-30": "1045.00000", "2011-06-30": "622.00000", "2011-03-31": "748.00000", "2010-12-31": "728.00000", "2010-09-30": "1201.00000", "2010-06-30": "348.00000", "2010-03-31": "1177.00000", "2009-12-31": "1335.00000", "2009-09-30": "1157.00000", "2009-06-30": "745.00000", "2009-03-31": "821.00000", "2008-12-31": "955.00000", "2008-09-30": "1212.00000", "2008-06-30": "212.00000", "2008-03-31": "1009.00000", "2007-12-31": "1200.00000", "2007-09-30": "1173.00000", "2007-06-30": "771.00000", "2007-03-31": "1024.00000", "2006-12-31": "1228.00000", "2006-09-30": "1178.00000", "2006-06-30": "813.00000", "2006-03-31": "918.00000", "2005-12-31": "1115.00000", "2005-09-30": "883.00000", "2005-06-30": "582.00000", "2005-03-31": "766.00000"}, "Income After Taxes": {"2020-12-31": "3887.00000", "2020-09-30": "4308.00000", "2020-06-30": "2786.00000", "2020-03-31": "2957.00000", "2019-12-31": "3743.00000", "2019-09-30": "3617.00000", "2019-06-30": "-5237.00000", "2019-03-31": "2776.00000", "2018-12-31": "3216.00000", "2018-09-30": "3211.00000", "2018-06-30": "1890.00000", "2018-03-31": "2540.00000", "2017-12-31": "2561.00000", "2017-09-30": "2870.00000", "2017-06-30": "2202.00000", "2017-03-31": "2556.00000", "2016-12-31": "2561.00000", "2016-09-30": "2875.00000", "2016-06-30": "2008.00000", "2016-03-31": "2337.00000", "2015-12-31": "2905.00000", "2015-09-30": "2777.00000", "2015-06-30": "640.00000", "2015-03-31": "2401.00000", "2014-12-31": "2674.00000", "2014-09-30": "2716.00000", "2014-06-30": "1791.00000", "2014-03-31": "2531.00000", "2013-12-31": "3297.00000", "2013-09-30": "3039.00000", "2013-06-30": "1893.00000", "2013-03-31": "2591.00000", "2012-12-31": "4076.00000", "2012-09-30": "2853.00000", "2012-06-30": "2046.00000", "2012-03-31": "2433.00000", "2011-12-31": "1672.00000", "2011-09-30": "2999.00000", "2011-06-30": "2396.00000", "2011-03-31": "2859.00000", "2010-12-31": "3362.00000", "2010-09-30": "3081.00000", "2010-06-30": "2090.00000", "2010-03-31": "2585.00000", "2009-12-31": "3149.00000", "2009-09-30": "3027.00000", "2009-06-30": "2323.00000", "2009-03-31": "2429.00000", "2008-12-31": "2813.00000", "2008-09-30": "3115.00000", "2008-06-30": "2368.00000", "2008-03-31": "2650.00000", "2007-12-31": "3194.00000", "2007-09-30": "3079.00000", "2007-06-30": "1991.00000", "2007-03-31": "2512.00000", "2006-12-31": "2862.00000", "2006-09-30": "2698.00000", "2006-06-30": "1898.00000", "2006-03-31": "2211.00000", "2005-12-31": "2546.00000", "2005-09-30": "2029.00000", "2005-06-30": "1392.00000", "2005-03-31": "1614.00000"}, "Other Income": {"2020-12-31": "", "2020-09-30": "", "2020-06-30": "", "2020-03-31": "", "2019-12-31": "", "2019-09-30": "", "2019-06-30": "", "2019-03-31": "", "2018-12-31": "", "2018-09-30": "", "2018-06-30": "", "2018-03-31": "", "2017-12-31": "", "2017-09-30": "", "2017-06-30": "", "2017-03-31": "", "2016-12-31": "", "2016-09-30": "", "2016-06-30": "", "2016-03-31": "", "2015-12-31": "", "2015-09-30": "", "2015-06-30": "", "2015-03-31": "", "2014-12-31": "", "2014-09-30": "", "2014-06-30": "", "2014-03-31": "", "2013-12-31": "", "2013-09-30": "", "2013-06-30": "", "2013-03-31": "", "2012-12-31": "", "2012-09-30": "", "2012-06-30": "", "2012-03-31": "", "2011-12-31": "", "2011-09-30": "", "2011-06-30": "", "2011-03-31": "", "2010-12-31": "", "2010-09-30": "", "2010-06-30": "", "2010-03-31": "", "2009-12-31": "", "2009-09-30": "", "2009-06-30": "", "2009-03-31": "", "2008-12-31": "", "2008-09-30": "", "2008-06-30": "", "2008-03-31": "", "2007-12-31": "", "2007-09-30": "", "2007-06-30": "", "2007-03-31": "", "2006-12-31": "", "2006-09-30": "", "2006-06-30": "", "2006-03-31": "", "2005-12-31": "", "2005-09-30": "", "2005-06-30": "", "2005-03-31": ""}, "Income From Continuous Operations": {"2020-12-31": "3887.00000", "2020-09-30": "4308.00000", "2020-06-30": "2786.00000", "2020-03-31": "2957.00000", "2019-12-31": "3743.00000", "2019-09-30": "3617.00000", "2019-06-30": "-5237.00000", "2019-03-31": "2776.00000", "2018-12-31": "3216.00000", "2018-09-30": "3211.00000", "2018-06-30": "1890.00000", "2018-03-31": "2540.00000", "2017-12-31": "2561.00000", "2017-09-30": "2870.00000", "2017-06-30": "2202.00000", "2017-03-31": "2556.00000", "2016-12-31": "2561.00000", "2016-09-30": "2875.00000", "2016-06-30": "2008.00000", "2016-03-31": "2337.00000", "2015-12-31": "2905.00000", "2015-09-30": "2777.00000", "2015-06-30": "640.00000", "2015-03-31": "2401.00000", "2014-12-31": "2674.00000", "2014-09-30": "2716.00000", "2014-06-30": "1791.00000", "2014-03-31": "2531.00000", "2013-12-31": "3297.00000", "2013-09-30": "3039.00000", "2013-06-30": "1893.00000", "2013-03-31": "2591.00000", "2012-12-31": "4076.00000", "2012-09-30": "2853.00000", "2012-06-30": "2046.00000", "2012-03-31": "2433.00000", "2011-12-31": "1672.00000", "2011-09-30": "2999.00000", "2011-06-30": "2396.00000", "2011-03-31": "2859.00000", "2010-12-31": "3362.00000", "2010-09-30": "3081.00000", "2010-06-30": "2090.00000", "2010-03-31": "2585.00000", "2009-12-31": "3149.00000", "2009-09-30": "3027.00000", "2009-06-30": "2323.00000", "2009-03-31": "2429.00000", "2008-12-31": "2813.00000", "2008-09-30": "3115.00000", "2008-06-30": "2368.00000", "2008-03-31": "2650.00000", "2007-12-31": "3194.00000", "2007-09-30": "3079.00000", "2007-06-30": "1991.00000", "2007-03-31": "2512.00000", "2006-12-31": "2862.00000", "2006-09-30": "2698.00000", "2006-06-30": "1898.00000", "2006-03-31": "2211.00000", "2005-12-31": "2546.00000", "2005-09-30": "2029.00000", "2005-06-30": "1392.00000", "2005-03-31": "1614.00000"}, "Income From Discontinued Operations": {"2020-12-31": "", "2020-09-30": "", "2020-06-30": "", "2020-03-31": "", "2019-12-31": "", "2019-09-30": "", "2019-06-30": "", "2019-03-31": "", "2018-12-31": "", "2018-09-30": "", "2018-06-30": "", "2018-03-31": "", "2017-12-31": "", "2017-09-30": "", "2017-06-30": "", "2017-03-31": "", "2016-12-31": "5335.00000", "2016-09-30": "-118.00000", "2016-06-30": "-50.00000", "2016-03-31": "446.00000", "2015-12-31": "323.00000", "2015-09-30": "-142.00000", "2015-06-30": "-102.00000", "2015-03-31": "-213.00000", "2014-12-31": "-276.00000", "2014-09-30": "-696.00000", "2014-06-30": "829.00000", "2014-03-31": "105.00000", "2013-12-31": "175.00000", "2013-09-30": "18.00000", "2013-06-30": "-11.00000", "2013-03-31": "", "2012-12-31": "", "2012-09-30": "", "2012-06-30": "1621.00000", "2012-03-31": "34.00000", "2011-12-31": "41.00000", "2011-09-30": "58.00000", "2011-06-30": "182.00000", "2011-03-31": "47.00000", "2010-12-31": "", "2010-09-30": "", "2010-06-30": "205.00000", "2010-03-31": "", "2009-12-31": "1510.00000", "2009-09-30": "280.00000", "2009-06-30": "148.00000", "2009-03-31": "184.00000", "2008-12-31": "2191.00000", "2008-09-30": "233.00000", "2008-06-30": "648.00000", "2008-03-31": "60.00000", "2007-12-31": "76.00000", "2007-09-30": "", "2007-06-30": "", "2007-03-31": "", "2006-12-31": "", "2006-09-30": "", "2006-06-30": "", "2006-03-31": "", "2005-12-31": "", "2005-09-30": "", "2005-06-30": "", "2005-03-31": ""}, "Net Income": {"2020-12-31": "3788.00000", "2020-09-30": "4211.00000", "2020-06-30": "2730.00000", "2020-03-31": "2853.00000", "2019-12-31": "3653.00000", "2019-09-30": "3528.00000", "2019-06-30": "-5309.00000", "2019-03-31": "2681.00000", "2018-12-31": "3129.00000", "2018-09-30": "3133.00000", "2018-06-30": "1824.00000", "2018-03-31": "2437.00000", "2017-12-31": "2433.00000", "2017-09-30": "2791.00000", "2017-06-30": "2152.00000", "2017-03-31": "2462.00000", "2016-12-31": "7814.00000", "2016-09-30": "2651.00000", "2016-06-30": "1888.00000", "2016-03-31": "2687.00000", "2015-12-31": "3142.00000", "2015-09-30": "2536.00000", "2015-06-30": "521.00000", "2015-03-31": "2153.00000", "2014-12-31": "2302.00000", "2014-09-30": "1930.00000", "2014-06-30": "2508.00000", "2014-03-31": "2552.00000", "2013-12-31": "3361.00000", "2013-09-30": "2969.00000", "2013-06-30": "1875.00000", "2013-03-31": "2512.00000", "2012-12-31": "3992.00000", "2012-09-30": "2757.00000", "2012-06-30": "3375.00000", "2012-03-31": "2411.00000", "2011-12-31": "1690.00000", "2011-09-30": "3024.00000", "2011-06-30": "2277.00000", "2011-03-31": "2873.00000", "2010-12-31": "3333.00000", "2010-09-30": "3081.00000", "2010-06-30": "1966.00000", "2010-03-31": "2585.00000", "2009-12-31": "4659.00000", "2009-09-30": "3307.00000", "2009-06-30": "2471.00000", "2009-03-31": "2613.00000", "2008-12-31": "5004.00000", "2008-09-30": "3348.00000", "2008-06-30": "3016.00000", "2008-03-31": "2710.00000", "2007-12-31": "3270.00000", "2007-09-30": "3079.00000", "2007-06-30": "2268.00000", "2007-03-31": "2512.00000", "2006-12-31": "2862.00000", "2006-09-30": "2698.00000", "2006-06-30": "1898.00000", "2006-03-31": "2211.00000", "2005-12-31": "2546.00000", "2005-09-30": "2029.00000", "2005-06-30": "1392.00000", "2005-03-31": "1614.00000"}, "EBITDA": {"2020-12-31": "6051.00000", "2020-09-30": "5952.00000", "2020-06-30": "4295.00000", "2020-03-31": "4252.00000", "2019-12-31": "5159.00000", "2019-09-30": "5013.00000", "2019-06-30": "-4372.00000", "2019-03-31": "3940.00000", "2018-12-31": "4546.00000", "2018-09-30": "4197.00000", "2018-06-30": "3337.00000", "2018-03-31": "3925.00000", "2017-12-31": "4595.00000", "2017-09-30": "4340.00000", "2017-06-30": "3480.00000", "2017-03-31": "4025.00000", "2016-12-31": "4582.00000", "2016-09-30": "4499.00000", "2016-06-30": "3341.00000", "2016-03-31": "4103.00000", "2015-12-31": "4576.00000", "2015-09-30": "4499.00000", "2015-06-30": "1738.00000", "2015-03-31": "3811.00000", "2014-12-31": "4325.00000", "2014-09-30": "4427.00000", "2014-06-30": "3006.00000", "2014-03-31": "4097.00000", "2013-12-31": "5057.00000", "2013-09-30": "4891.00000", "2013-06-30": "3445.00000", "2013-03-31": "4145.00000", "2012-12-31": "5230.00000", "2012-09-30": "4661.00000", "2012-06-30": "3583.00000", "2012-03-31": "4270.00000", "2011-12-31": "3393.00000", "2011-09-30": "4993.00000", "2011-06-30": "3764.00000", "2011-03-31": "4408.00000", "2010-12-31": "4971.00000", "2010-09-30": "5190.00000", "2010-06-30": "3441.00000", "2010-03-31": "4767.00000", "2009-12-31": "5413.00000", "2009-09-30": "5219.00000", "2009-06-30": "4234.00000", "2009-03-31": "4278.00000", "2008-12-31": "4748.00000", "2008-09-30": "5196.00000", "2008-06-30": "3854.00000", "2008-03-31": "4780.00000", "2007-12-31": "5341.00000", "2007-09-30": "5170.00000", "2007-06-30": "3716.00000", "2007-03-31": "4524.00000", "2006-12-31": "5055.00000", "2006-09-30": "4838.00000", "2006-06-30": "3685.00000", "2006-03-31": "4084.00000", "2005-12-31": "4602.00000", "2005-09-30": "3505.00000", "2005-06-30": "2637.00000", "2005-03-31": "3017.00000"}, "EBIT": {"2020-12-31": "5380.00000", "2020-09-30": "5281.00000", "2020-06-30": "3481.00000", "2020-03-31": "3453.00000", "2019-12-31": "4482.00000", "2019-09-30": "4290.00000", "2019-06-30": "-5192.00000", "2019-03-31": "3229.00000", "2018-12-31": "3896.00000", "2018-09-30": "3554.00000", "2018-06-30": "2587.00000", "2018-03-31": "3209.00000", "2017-12-31": "3919.00000", "2017-09-30": "3648.00000", "2017-06-30": "2760.00000", "2017-03-31": "3360.00000", "2016-12-31": "3875.00000", "2016-09-30": "3771.00000", "2016-06-30": "2502.00000", "2016-03-31": "3318.00000", "2015-12-31": "3853.00000", "2015-09-30": "3768.00000", "2015-06-30": "930.00000", "2015-03-31": "3025.00000", "2014-12-31": "3579.00000", "2014-09-30": "3633.00000", "2014-06-30": "2182.00000", "2014-03-31": "3306.00000", "2013-12-31": "4302.00000", "2013-09-30": "4120.00000", "2013-06-30": "2651.00000", "2013-03-31": "3405.00000", "2012-12-31": "4492.00000", "2012-09-30": "3951.00000", "2012-06-30": "2806.00000", "2012-03-31": "3299.00000", "2011-12-31": "2680.00000", "2011-09-30": "4250.00000", "2011-06-30": "3029.00000", "2011-03-31": "3705.00000", "2010-12-31": "4260.00000", "2010-09-30": "4501.00000", "2010-06-30": "2661.00000", "2010-03-31": "3968.00000", "2009-12-31": "4655.00000", "2009-09-30": "4448.00000", "2009-06-30": "3380.00000", "2009-03-31": "3553.00000", "2008-12-31": "4055.00000", "2008-09-30": "4386.00000", "2008-06-30": "2958.00000", "2008-03-31": "4013.00000", "2007-12-31": "4590.00000", "2007-09-30": "4418.00000", "2007-06-30": "2953.00000", "2007-03-31": "3646.00000", "2006-12-31": "4350.00000", "2006-09-30": "4054.00000", "2006-06-30": "2949.00000", "2006-03-31": "3351.00000", "2005-12-31": "3892.00000", "2005-09-30": "3057.00000", "2005-06-30": "2156.00000", "2005-03-31": "2542.00000"}, "Basic Shares Outstanding": {"2020-12-31": "2475.80000", "2020-09-30": "2486.10000", "2020-06-30": "2487.10000", "2020-03-31": "2476.20000", "2019-12-31": "2487.00000", "2019-09-30": "2504.00000", "2019-06-30": "2503.60000", "2019-03-31": "2509.10000", "2018-12-31": "2499.70000", "2018-09-30": "2495.80000", "2018-06-30": "2529.30000", "2018-03-31": "2522.70000", "2017-12-31": "2533.90000", "2017-09-30": "2550.50000", "2017-06-30": "2598.10000", "2017-03-31": "2563.30000", "2016-12-31": "2596.60000", "2016-09-30": "2674.70000", "2016-06-30": "2698.90000", "2016-03-31": "2688.70000", "2015-12-31": "2718.90000", "2015-09-30": "2720.10000", "2015-06-30": "3064.70600", "2015-03-31": "2711.70000", "2014-12-31": "2705.70000", "2014-09-30": "2710.60000", "2014-06-30": "2719.80000", "2014-03-31": "2713.10000", "2013-12-31": "2719.20000", "2013-09-30": "2735.20000", "2013-06-30": "2840.90900", "2013-03-31": "2741.50000", "2012-12-31": "2735.20000", "2012-09-30": "2748.60000", "2012-06-30": "2751.30000", "2012-03-31": "2745.80000", "2011-12-31": "2756.60000", "2011-09-30": "2755.90000", "2011-06-30": "2804.00000", "2011-03-31": "2802.20000", "2010-12-31": "2800.30000", "2010-09-30": "2828.50000", "2010-06-30": "2900.80000", "2010-03-31": "2898.20000", "2009-12-31": "2917.20000", "2009-09-30": "2921.10000", "2009-06-30": "2952.20000", "2009-03-31": "2919.80000", "2008-12-31": "2958.80000", "2008-09-30": "3012.40000", "2008-06-30": "3080.80000", "2008-03-31": "3067.90000", "2007-12-31": "3094.80000", "2007-09-30": "3117.60000", "2007-06-30": "3159.00000", "2007-03-31": "3156.00000", "2006-12-31": "3161.70000", "2006-09-30": "3175.20000", "2006-06-30": "3054.90000", "2006-03-31": "3269.60000", "2005-12-31": "3307.70000", "2005-09-30": "2433.00000", "2005-06-30": "2515.60000", "2005-03-31": "2433.00000"}, "Shares Outstanding": {"2020-12-31": "2615.40000", "2020-09-30": "2625.30000", "2020-06-30": "2625.80000", "2020-03-31": "2613.30000", "2019-12-31": "2630.10000", "2019-09-30": "2647.50000", "2019-06-30": "2539.50000", "2019-03-31": "2637.70000", "2018-12-31": "2623.00000", "2018-09-30": "2612.10000", "2018-06-30": "2656.70000", "2018-03-31": "2645.60000", "2017-12-31": "2669.60000", "2017-09-30": "2690.60000", "2017-06-30": "2740.40000", "2017-03-31": "2705.50000", "2016-12-31": "2737.60000", "2016-09-30": "2822.90000", "2016-06-30": "2844.40000", "2016-03-31": "2835.00000", "2015-12-31": "2864.60000", "2015-09-30": "2867.50000", "2015-06-30": "2878.50000", "2015-03-31": "2882.50000", "2014-12-31": "2885.20000", "2014-09-30": "2888.00000", "2014-06-30": "2904.70000", "2014-03-31": "2894.10000", "2013-12-31": "2908.50000", "2013-09-30": "2924.30000", "2013-06-30": "2937.10000", "2013-03-31": "2930.70000", "2012-12-31": "2919.10000", "2012-09-30": "2931.70000", "2012-06-30": "2941.20000", "2012-03-31": "2937.80000", "2011-12-31": "2949.70000", "2011-09-30": "2945.80000", "2011-06-30": "3001.90000", "2011-03-31": "2999.30000", "2010-12-31": "3000.20000", "2010-09-30": "3025.60000", "2010-06-30": "3099.30000", "2010-03-31": "3103.90000", "2009-12-31": "3118.50000", "2009-09-30": "3109.60000", "2009-06-30": "3154.10000", "2009-03-31": "3104.60000", "2008-12-31": "3170.80000", "2008-09-30": "3239.50000", "2008-06-30": "3316.80000", "2008-03-31": "3301.20000", "2007-12-31": "3341.50000", "2007-09-30": "3354.20000", "2007-06-30": "3398.60000", "2007-03-31": "3397.30000", "2006-12-31": "3406.50000", "2006-09-30": "3413.30000", "2006-06-30": "3285.90000", "2006-03-31": "3510.50000", "2005-12-31": "3547.00000", "2005-09-30": "2649.70000", "2005-06-30": "2737.10000", "2005-03-31": "2730.30000"}, "Basic EPS": {"2020-12-31": "1.53000", "2020-09-30": "1.69000", "2020-06-30": "1.10000", "2020-03-31": "1.15000", "2019-12-31": "1.47000", "2019-09-30": "1.41000", "2019-06-30": "-2.13000", "2019-03-31": "1.07000", "2018-12-31": "1.25000", "2018-09-30": "1.26000", "2018-06-30": "0.73000", "2018-03-31": "0.97000", "2017-12-31": "0.96000", "2017-09-30": "1.09000", "2017-06-30": "0.84000", "2017-03-31": "0.96000", "2016-12-31": "3.01000", "2016-09-30": "0.99000", "2016-06-30": "0.71000", "2016-03-31": "1.00000", "2015-12-31": "1.16000", "2015-09-30": "0.93000", "2015-06-30": "0.17000", "2015-03-31": "0.77000", "2014-12-31": "0.85000", "2014-09-30": "0.71000", "2014-06-30": "0.92000", "2014-03-31": "0.94000", "2013-12-31": "1.24000", "2013-09-30": "1.09000", "2013-06-30": "0.66000", "2013-03-31": "0.92000", "2012-12-31": "1.46000", "2012-09-30": "1.00000", "2012-06-30": "1.30000", "2012-03-31": "0.85000", "2011-12-31": "0.59000", "2011-09-30": "1.08000", "2011-06-30": "0.87000", "2011-03-31": "1.01000", "2010-12-31": "1.17000", "2010-09-30": "1.07000", "2010-06-30": "0.75000", "2010-03-31": "0.88000", "2009-12-31": "1.58000", "2009-09-30": "1.11000", "2009-06-30": "0.83000", "2009-03-31": "0.88000", "2008-12-31": "1.68000", "2008-09-30": "1.10000", "2008-06-30": "0.98000", "2008-03-31": "0.87000", "2007-12-31": "1.04000", "2007-09-30": "0.97000", "2007-06-30": "0.71000", "2007-03-31": "0.78000", "2006-12-31": "0.89000", "2006-09-30": "0.84000", "2006-06-30": "0.54000", "2006-03-31": "0.67000", "2005-12-31": "0.76000", "2005-09-30": "0.82000", "2005-06-30": "0.55000", "2005-03-31": "0.63000"}, "EPS - Earnings Per Share": {"2020-12-31": "1.47000", "2020-09-30": "1.63000", "2020-06-30": "1.07000", "2020-03-31": "1.12000", "2019-12-31": "1.41000", "2019-09-30": "1.36000", "2019-06-30": "-2.05000", "2019-03-31": "1.04000", "2018-12-31": "1.22000", "2018-09-30": "1.22000", "2018-06-30": "0.73000", "2018-03-31": "0.95000", "2017-12-31": "0.93000", "2017-09-30": "1.06000", "2017-06-30": "0.82000", "2017-03-31": "0.93000", "2016-12-31": "2.88000", "2016-09-30": "0.96000", "2016-06-30": "0.69000", "2016-03-31": "0.97000", "2015-12-31": "1.12000", "2015-09-30": "0.91000", "2015-06-30": "0.18000", "2015-03-31": "0.75000", "2014-12-31": "0.82000", "2014-09-30": "0.69000", "2014-06-30": "0.89000", "2014-03-31": "0.90000", "2013-12-31": "1.18000", "2013-09-30": "1.04000", "2013-06-30": "0.64000", "2013-03-31": "0.88000", "2012-12-31": "1.39000", "2012-09-30": "0.96000", "2012-06-30": "1.24000", "2012-03-31": "0.82000", "2011-12-31": "0.57000", "2011-09-30": "1.03000", "2011-06-30": "0.84000", "2011-03-31": "0.96000", "2010-12-31": "1.11000", "2010-09-30": "1.02000", "2010-06-30": "0.73000", "2010-03-31": "0.83000", "2009-12-31": "1.49000", "2009-09-30": "1.06000", "2009-06-30": "0.81000", "2009-03-31": "0.84000", "2008-12-31": "1.58000", "2008-09-30": "1.03000", "2008-06-30": "0.92000", "2008-03-31": "0.82000", "2007-12-31": "0.98000", "2007-09-30": "0.92000", "2007-06-30": "0.67000", "2007-03-31": "0.74000", "2006-12-31": "0.84000", "2006-09-30": "0.79000", "2006-06-30": "0.52000", "2006-03-31": "0.63000", "2005-12-31": "0.72000", "2005-09-30": "0.77000", "2005-06-30": "0.52000", "2005-03-31": "0.59000"}}, "balance sheet": {"Cash On Hand": {"2020-06-30": "16181.00000", "2019-06-30": "10287.00000", "2018-06-30": "11850.00000", "2017-06-30": "15137.00000", "2016-06-30": "13348.00000", "2015-06-30": "11603.00000", "2014-06-30": "10686.00000", "2013-06-30": "5947.00000", "2012-06-30": "4436.00000", "2011-06-30": "2768.00000", "2010-06-30": "2879.00000", "2009-06-30": "4781.00000", "2008-06-30": "3313.00000", "2007-06-30": "5556.00000", "2006-06-30": "7826.00000", "2005-06-30": "8133.00000"}, "Receivables": {"2020-06-30": "4178.00000", "2019-06-30": "4951.00000", "2018-06-30": "4686.00000", "2017-06-30": "4594.00000", "2016-06-30": "4373.00000", "2015-06-30": "4568.00000", "2014-06-30": "6386.00000", "2013-06-30": "6508.00000", "2012-06-30": "6068.00000", "2011-06-30": "6275.00000", "2010-06-30": "5335.00000", "2009-06-30": "5836.00000", "2008-06-30": "6761.00000", "2007-06-30": "6629.00000", "2006-06-30": "5725.00000", "2005-06-30": "4185.00000"}, "Inventory": {"2020-06-30": "5498.00000", "2019-06-30": "5017.00000", "2018-06-30": "4738.00000", "2017-06-30": "4624.00000", "2016-06-30": "4716.00000", "2015-06-30": "4979.00000", "2014-06-30": "6759.00000", "2013-06-30": "6909.00000", "2012-06-30": "6721.00000", "2011-06-30": "7379.00000", "2010-06-30": "6384.00000", "2009-06-30": "6880.00000", "2008-06-30": "8416.00000", "2007-06-30": "6819.00000", "2006-06-30": "6291.00000", "2005-06-30": "5006.00000"}, "Pre-Paid Expenses": {"2020-06-30": "2130.00000", "2019-06-30": "2218.00000", "2018-06-30": "2046.00000", "2017-06-30": "2139.00000", "2016-06-30": "2653.00000", "2015-06-30": "2708.00000", "2014-06-30": "3845.00000", "2013-06-30": "3678.00000", "2012-06-30": "3684.00000", "2011-06-30": "4408.00000", "2010-06-30": "3194.00000", "2009-06-30": "3199.00000", "2008-06-30": "4013.00000", "2007-06-30": "3300.00000", "2006-06-30": "2876.00000", "2005-06-30": "1924.00000"}, "Other Current Assets": {"2020-06-30": "", "2019-06-30": "", "2018-06-30": "", "2017-06-30": "", "2016-06-30": "7185.00000", "2015-06-30": "4432.00000", "2014-06-30": "2849.00000", "2013-06-30": "", "2012-06-30": "", "2011-06-30": "", "2010-06-30": "", "2009-06-30": "", "2008-06-30": "", "2007-06-30": "", "2006-06-30": "", "2005-06-30": ""}, "Total Current Assets": {"2020-06-30": "27987.00000", "2019-06-30": "22473.00000", "2018-06-30": "23320.00000", "2017-06-30": "26494.00000", "2016-06-30": "33782.00000", "2015-06-30": "29646.00000", "2014-06-30": "31617.00000", "2013-06-30": "23990.00000", "2012-06-30": "21910.00000", "2011-06-30": "21970.00000", "2010-06-30": "18782.00000", "2009-06-30": "21905.00000", "2008-06-30": "24515.00000", "2007-06-30": "24031.00000", "2006-06-30": "24329.00000", "2005-06-30": "20329.00000"}, "Property, Plant, And Equipment": {"2020-06-30": "20692.00000", "2019-06-30": "21271.00000", "2018-06-30": "20600.00000", "2017-06-30": "19893.00000", "2016-06-30": "19385.00000", "2015-06-30": "19655.00000", "2014-06-30": "22304.00000", "2013-06-30": "21666.00000", "2012-06-30": "20377.00000", "2011-06-30": "21293.00000", "2010-06-30": "19244.00000", "2009-06-30": "19462.00000", "2008-06-30": "20640.00000", "2007-06-30": "19540.00000", "2006-06-30": "18770.00000", "2005-06-30": "14332.00000"}, "Long-Term Investments": {"2020-06-30": "", "2019-06-30": "", "2018-06-30": "", "2017-06-30": "", "2016-06-30": "", "2015-06-30": "", "2014-06-30": "", "2013-06-30": "", "2012-06-30": "", "2011-06-30": "", "2010-06-30": "", "2009-06-30": "", "2008-06-30": "", "2007-06-30": "", "2006-06-30": "", "2005-06-30": ""}, "Goodwill And Intangible Assets": {"2020-06-30": "63693.00000", "2019-06-30": "64488.00000", "2018-06-30": "69077.00000", "2017-06-30": "68886.00000", "2016-06-30": "68877.00000", "2015-06-30": "69632.00000", "2014-06-30": "84547.00000", "2013-06-30": "86760.00000", "2012-06-30": "84761.00000", "2011-06-30": "90182.00000", "2010-06-30": "85648.00000", "2009-06-30": "89118.00000", "2008-06-30": "94000.00000", "2007-06-30": "90178.00000", "2006-06-30": "89027.00000", "2005-06-30": "24163.00000"}, "Other Long-Term Assets": {"2020-06-30": "8328.00000", "2019-06-30": "6863.00000", "2018-06-30": "5313.00000", "2017-06-30": "5133.00000", "2016-06-30": "5092.00000", "2015-06-30": "5358.00000", "2014-06-30": "5798.00000", "2013-06-30": "6847.00000", "2012-06-30": "5196.00000", "2011-06-30": "4909.00000", "2010-06-30": "4498.00000", "2009-06-30": "4348.00000", "2008-06-30": "4837.00000", "2007-06-30": "4265.00000", "2006-06-30": "3569.00000", "2005-06-30": "2703.00000"}, "Total Long-Term Assets": {"2020-06-30": "92713.00000", "2019-06-30": "92622.00000", "2018-06-30": "94990.00000", "2017-06-30": "93912.00000", "2016-06-30": "93354.00000", "2015-06-30": "99849.00000", "2014-06-30": "112649.00000", "2013-06-30": "115273.00000", "2012-06-30": "110334.00000", "2011-06-30": "116384.00000", "2010-06-30": "109390.00000", "2009-06-30": "112928.00000", "2008-06-30": "119477.00000", "2007-06-30": "113983.00000", "2006-06-30": "111366.00000", "2005-06-30": "41198.00000"}, "Total Assets": {"2020-06-30": "120700.00000", "2019-06-30": "115095.00000", "2018-06-30": "118310.00000", "2017-06-30": "120406.00000", "2016-06-30": "127136.00000", "2015-06-30": "129495.00000", "2014-06-30": "144266.00000", "2013-06-30": "139263.00000", "2012-06-30": "132244.00000", "2011-06-30": "138354.00000", "2010-06-30": "128172.00000", "2009-06-30": "134833.00000", "2008-06-30": "143992.00000", "2007-06-30": "138014.00000", "2006-06-30": "135695.00000", "2005-06-30": "61527.00000"}, "Total Current Liabilities": {"2020-06-30": "32976.00000", "2019-06-30": "30011.00000", "2018-06-30": "28237.00000", "2017-06-30": "30210.00000", "2016-06-30": "30770.00000", "2015-06-30": "29790.00000", "2014-06-30": "33726.00000", "2013-06-30": "30037.00000", "2012-06-30": "24907.00000", "2011-06-30": "27293.00000", "2010-06-30": "24282.00000", "2009-06-30": "30901.00000", "2008-06-30": "30958.00000", "2007-06-30": "30717.00000", "2006-06-30": "19985.00000", "2005-06-30": "25039.00000"}, "Long Term Debt": {"2020-06-30": "23537.00000", "2019-06-30": "20395.00000", "2018-06-30": "20863.00000", "2017-06-30": "18038.00000", "2016-06-30": "18945.00000", "2015-06-30": "18327.00000", "2014-06-30": "19811.00000", "2013-06-30": "19111.00000", "2012-06-30": "21080.00000", "2011-06-30": "22033.00000", "2010-06-30": "21360.00000", "2009-06-30": "20652.00000", "2008-06-30": "23581.00000", "2007-06-30": "23375.00000", "2006-06-30": "35976.00000", "2005-06-30": "12887.00000"}, "Other Non-Current Liabilities": {"2020-06-30": "11110.00000", "2019-06-30": "10211.00000", "2018-06-30": "10164.00000", "2017-06-30": "8254.00000", "2016-06-30": "10325.00000", "2015-06-30": "8432.00000", "2014-06-30": "10535.00000", "2013-06-30": "10579.00000", "2012-06-30": "12090.00000", "2011-06-30": "9957.00000", "2010-06-30": "10189.00000", "2009-06-30": "9146.00000", "2008-06-30": "8154.00000", "2007-06-30": "5147.00000", "2006-06-30": "4472.00000", "2005-06-30": "3230.00000"}, "Total Long Term Liabilities": {"2020-06-30": "40846.00000", "2019-06-30": "37505.00000", "2018-06-30": "37190.00000", "2017-06-30": "34418.00000", "2016-06-30": "38383.00000", "2015-06-30": "36655.00000", "2014-06-30": "40564.00000", "2013-06-30": "40517.00000", "2012-06-30": "43302.00000", "2011-06-30": "43060.00000", "2010-06-30": "42451.00000", "2009-06-30": "40550.00000", "2008-06-30": "43540.00000", "2007-06-30": "40537.00000", "2006-06-30": "52802.00000", "2005-06-30": "18013.00000"}, "Total Liabilities": {"2020-06-30": "73822.00000", "2019-06-30": "67516.00000", "2018-06-30": "65427.00000", "2017-06-30": "64628.00000", "2016-06-30": "69153.00000", "2015-06-30": "66445.00000", "2014-06-30": "74290.00000", "2013-06-30": "70554.00000", "2012-06-30": "68209.00000", "2011-06-30": "70353.00000", "2010-06-30": "66733.00000", "2009-06-30": "71451.00000", "2008-06-30": "74498.00000", "2007-06-30": "71254.00000", "2006-06-30": "72787.00000", "2005-06-30": "43052.00000"}, "Common Stock Net": {"2020-06-30": "4009.00000", "2019-06-30": "4009.00000", "2018-06-30": "4009.00000", "2017-06-30": "4009.00000", "2016-06-30": "4009.00000", "2015-06-30": "4009.00000", "2014-06-30": "4009.00000", "2013-06-30": "4009.00000", "2012-06-30": "4008.00000", "2011-06-30": "4008.00000", "2010-06-30": "4008.00000", "2009-06-30": "4007.00000", "2008-06-30": "4002.00000", "2007-06-30": "3990.00000", "2006-06-30": "3976.00000", "2005-06-30": "2977.00000"}, "Retained Earnings (Accumulated Deficit)": {"2020-06-30": "100239.00000", "2019-06-30": "94918.00000", "2018-06-30": "98641.00000", "2017-06-30": "96124.00000", "2016-06-30": "87953.00000", "2015-06-30": "84807.00000", "2014-06-30": "84990.00000", "2013-06-30": "80197.00000", "2012-06-30": "75349.00000", "2011-06-30": "70682.00000", "2010-06-30": "64614.00000", "2009-06-30": "57309.00000", "2008-06-30": "48986.00000", "2007-06-30": "41797.00000", "2006-06-30": "35666.00000", "2005-06-30": "31004.00000"}, "Comprehensive Income": {"2020-06-30": "-16165.00000", "2019-06-30": "-14936.00000", "2018-06-30": "-14749.00000", "2017-06-30": "-14632.00000", "2016-06-30": "-15907.00000", "2015-06-30": "-12780.00000", "2014-06-30": "-7662.00000", "2013-06-30": "-7499.00000", "2012-06-30": "-9333.00000", "2011-06-30": "-2054.00000", "2010-06-30": "-7822.00000", "2009-06-30": "-3358.00000", "2008-06-30": "3746.00000", "2007-06-30": "617.00000", "2006-06-30": "-518.00000", "2005-06-30": "-1566.00000"}, "Other Share Holders Equity": {"2020-06-30": "-1080.00000", "2019-06-30": "-1146.00000", "2018-06-30": "-1204.00000", "2017-06-30": "-1249.00000", "2016-06-30": "-1290.00000", "2015-06-30": "-1320.00000", "2014-06-30": "-1340.00000", "2013-06-30": "-1352.00000", "2012-06-30": "-1357.00000", "2011-06-30": "-1357.00000", "2010-06-30": "-1350.00000", "2009-06-30": "-1340.00000", "2008-06-30": "-1325.00000", "2007-06-30": "-1308.00000", "2006-06-30": "-1288.00000", "2005-06-30": "-1259.00000"}, "Share Holder Equity": {"2020-06-30": "46878.00000", "2019-06-30": "47579.00000", "2018-06-30": "52883.00000", "2017-06-30": "55778.00000", "2016-06-30": "57983.00000", "2015-06-30": "63050.00000", "2014-06-30": "69976.00000", "2013-06-30": "68709.00000", "2012-06-30": "64035.00000", "2011-06-30": "68001.00000", "2010-06-30": "61439.00000", "2009-06-30": "63382.00000", "2008-06-30": "69494.00000", "2007-06-30": "66760.00000", "2006-06-30": "62908.00000", "2005-06-30": "18475.00000"}, "Total Liabilities And Share Holders Equity": {"2020-06-30": "120700.00000", "2019-06-30": "115095.00000", "2018-06-30": "118310.00000", "2017-06-30": "120406.00000", "2016-06-30": "127136.00000", "2015-06-30": "129495.00000", "2014-06-30": "144266.00000", "2013-06-30": "139263.00000", "2012-06-30": "132244.00000", "2011-06-30": "138354.00000", "2010-06-30": "128172.00000", "2009-06-30": "134833.00000", "2008-06-30": "143992.00000", "2007-06-30": "138014.00000", "2006-06-30": "135695.00000", "2005-06-30": "61527.00000"}}, "balance sheet, quarterly": {"Cash On Hand": {"2020-12-31": "11941.00000", "2020-09-30": "13392.00000", "2020-06-30": "16181.00000", "2020-03-31": "15393.00000", "2019-12-31": "6279.00000", "2019-09-30": "9304.00000", "2019-06-30": "10287.00000", "2019-03-31": "9823.00000", "2018-12-31": "12117.00000", "2018-09-30": "11253.00000", "2018-06-30": "11850.00000", "2018-03-31": "15534.00000", "2017-12-31": "18758.00000", "2017-09-30": "16007.00000", "2017-06-30": "15137.00000", "2017-03-31": "14327.00000", "2016-12-31": "13454.00000", "2016-09-30": "15941.00000", "2016-06-30": "13348.00000", "2016-03-31": "13819.00000", "2015-12-31": "14277.00000", "2015-09-30": "12606.00000", "2015-06-30": "11603.00000", "2015-03-31": "13160.00000", "2014-12-31": "12251.00000", "2014-09-30": "10846.00000", "2014-06-30": "10686.00000", "2014-03-31": "9752.00000", "2013-12-31": "8503.00000", "2013-09-30": "7702.00000", "2013-06-30": "5947.00000", "2013-03-31": "5876.00000", "2012-12-31": "6643.00000", "2012-09-30": "5302.00000", "2012-06-30": "4436.00000", "2012-03-31": "3991.00000", "2011-12-31": "4414.00000", "2011-09-30": "3582.00000", "2011-06-30": "2768.00000", "2011-03-31": "2946.00000", "2010-12-31": "3249.00000", "2010-09-30": "2603.00000", "2010-06-30": "2879.00000", "2010-03-31": "4899.00000", "2009-12-31": "4130.00000", "2009-09-30": "6294.00000", "2009-06-30": "4781.00000", "2009-03-31": "4434.00000", "2008-12-31": "5653.00000", "2008-09-30": "4502.00000", "2008-06-30": "3313.00000", "2008-03-31": "4078.00000", "2007-12-31": "6045.00000", "2007-09-30": "4997.00000", "2007-06-30": "5556.00000", "2007-03-31": "4230.00000", "2006-12-31": "5508.00000", "2006-09-30": "7758.00000", "2006-06-30": "7826.00000", "2006-03-31": "10199.00000", "2005-12-31": "9812.00000", "2005-09-30": "8059.00000", "2005-06-30": "8133.00000", "2005-03-31": "8778.00000"}, "Receivables": {"2020-12-31": "4819.00000", "2020-09-30": "5043.00000", "2020-06-30": "4178.00000", "2020-03-31": "4640.00000", "2019-12-31": "5196.00000", "2019-09-30": "5143.00000", "2019-06-30": "4951.00000", "2019-03-31": "5198.00000", "2018-12-31": "5055.00000", "2018-09-30": "5035.00000", "2018-06-30": "4686.00000", "2018-03-31": "5149.00000", "2017-12-31": "5182.00000", "2017-09-30": "4942.00000", "2017-06-30": "4594.00000", "2017-03-31": "4358.00000", "2016-12-31": "4729.00000", "2016-09-30": "4713.00000", "2016-06-30": "4373.00000", "2016-03-31": "4591.00000", "2015-12-31": "4721.00000", "2015-09-30": "4724.00000", "2015-06-30": "4568.00000", "2015-03-31": "4990.00000", "2014-12-31": "5802.00000", "2014-09-30": "6197.00000", "2014-06-30": "6386.00000", "2014-03-31": "6353.00000", "2013-12-31": "6911.00000", "2013-09-30": "6555.00000", "2013-06-30": "6508.00000", "2013-03-31": "6669.00000", "2012-12-31": "7183.00000", "2012-09-30": "6993.00000", "2012-06-30": "6068.00000", "2012-03-31": "6200.00000", "2011-12-31": "6905.00000", "2011-09-30": "6584.00000", "2011-06-30": "6275.00000", "2011-03-31": "6264.00000", "2010-12-31": "6551.00000", "2010-09-30": "6082.00000", "2010-06-30": "5335.00000", "2010-03-31": "5860.00000", "2009-12-31": "6544.00000", "2009-09-30": "6239.00000", "2009-06-30": "5836.00000", "2009-03-31": "5744.00000", "2008-12-31": "6956.00000", "2008-09-30": "7111.00000", "2008-06-30": "6761.00000", "2008-03-31": "6934.00000", "2007-12-31": "7688.00000", "2007-09-30": "7432.00000", "2007-06-30": "6629.00000", "2007-03-31": "6757.00000", "2006-12-31": "7523.00000", "2006-09-30": "6640.00000", "2006-06-30": "5725.00000", "2006-03-31": "5404.00000", "2005-12-31": "6056.00000", "2005-09-30": "4690.00000", "2005-06-30": "4185.00000", "2005-03-31": "4396.00000"}, "Inventory": {"2020-12-31": "5957.00000", "2020-09-30": "5707.00000", "2020-06-30": "5498.00000", "2020-03-31": "5330.00000", "2019-12-31": "5521.00000", "2019-09-30": "5465.00000", "2019-06-30": "5017.00000", "2019-03-31": "5358.00000", "2018-12-31": "5281.00000", "2018-09-30": "5182.00000", "2018-06-30": "4738.00000", "2018-03-31": "5207.00000", "2017-12-31": "5131.00000", "2017-09-30": "5023.00000", "2017-06-30": "4624.00000", "2017-03-31": "4754.00000", "2016-12-31": "4787.00000", "2016-09-30": "4999.00000", "2016-06-30": "4716.00000", "2016-03-31": "4957.00000", "2015-12-31": "5125.00000", "2015-09-30": "5239.00000", "2015-06-30": "4979.00000", "2015-03-31": "5893.00000", "2014-12-31": "6477.00000", "2014-09-30": "7100.00000", "2014-06-30": "6759.00000", "2014-03-31": "7227.00000", "2013-12-31": "7379.00000", "2013-09-30": "7394.00000", "2013-06-30": "6909.00000", "2013-03-31": "7240.00000", "2012-12-31": "7219.00000", "2012-09-30": "7332.00000", "2012-06-30": "6721.00000", "2012-03-31": "7239.00000", "2011-12-31": "7444.00000", "2011-09-30": "8001.00000", "2011-06-30": "7379.00000", "2011-03-31": "7619.00000", "2010-12-31": "7423.00000", "2010-09-30": "7277.00000", "2010-06-30": "6384.00000", "2010-03-31": "6750.00000", "2009-12-31": "6864.00000", "2009-09-30": "7050.00000", "2009-06-30": "6880.00000", "2009-03-31": "7615.00000", "2008-12-31": "8383.00000", "2008-09-30": "8847.00000", "2008-06-30": "8416.00000", "2008-03-31": "8427.00000", "2007-12-31": "7690.00000", "2007-09-30": "7668.00000", "2007-06-30": "6819.00000", "2007-03-31": "7091.00000", "2006-12-31": "6883.00000", "2006-09-30": "6790.00000", "2006-06-30": "6291.00000", "2006-03-31": "6732.00000", "2005-12-31": "6437.00000", "2005-09-30": "5161.00000", "2005-06-30": "5006.00000", "2005-03-31": "5270.00000"}, "Pre-Paid Expenses": {"2020-12-31": "1938.00000", "2020-09-30": "1884.00000", "2020-06-30": "2130.00000", "2020-03-31": "1777.00000", "2019-12-31": "1921.00000", "2019-09-30": "2013.00000", "2019-06-30": "2218.00000", "2019-03-31": "1933.00000", "2018-12-31": "1978.00000", "2018-09-30": "1876.00000", "2018-06-30": "2046.00000", "2018-03-31": "2070.00000", "2017-12-31": "2143.00000", "2017-09-30": "2124.00000", "2017-06-30": "2139.00000", "2017-03-31": "2446.00000", "2016-12-31": "2602.00000", "2016-09-30": "2447.00000", "2016-06-30": "2653.00000", "2016-03-31": "2733.00000", "2015-12-31": "1828.00000", "2015-09-30": "2357.00000", "2015-06-30": "2708.00000", "2015-03-31": "3067.00000", "2014-12-31": "3679.00000", "2014-09-30": "3914.00000", "2014-06-30": "3845.00000", "2014-03-31": "3539.00000", "2013-12-31": "3501.00000", "2013-09-30": "3576.00000", "2013-06-30": "3678.00000", "2013-03-31": "3576.00000", "2012-12-31": "3573.00000", "2012-09-30": "3425.00000", "2012-06-30": "3684.00000", "2012-03-31": "3817.00000", "2011-12-31": "3792.00000", "2011-09-30": "3910.00000", "2011-06-30": "4408.00000", "2011-03-31": "3886.00000", "2010-12-31": "3644.00000", "2010-09-30": "3566.00000", "2010-06-30": "3194.00000", "2010-03-31": "2750.00000", "2009-12-31": "3006.00000", "2009-09-30": "2691.00000", "2009-06-30": "3199.00000", "2009-03-31": "2718.00000", "2008-12-31": "2801.00000", "2008-09-30": "3062.00000", "2008-06-30": "4013.00000", "2008-03-31": "4259.00000", "2007-12-31": "3394.00000", "2007-09-30": "3160.00000", "2007-06-30": "3300.00000", "2007-03-31": "2938.00000", "2006-12-31": "3102.00000", "2006-09-30": "2752.00000", "2006-06-30": "2876.00000", "2006-03-31": "2736.00000", "2005-12-31": "2780.00000", "2005-09-30": "1805.00000", "2005-06-30": "1924.00000", "2005-03-31": "1843.00000"}, "Other Current Assets": {"2020-12-31": "", "2020-09-30": "", "2020-06-30": "", "2020-03-31": "", "2019-12-31": "", "2019-09-30": "", "2019-06-30": "", "2019-03-31": "", "2018-12-31": "", "2018-09-30": "", "2018-06-30": "", "2018-03-31": "", "2017-12-31": "", "2017-09-30": "", "2017-06-30": "", "2017-03-31": "", "2016-12-31": "", "2016-09-30": "7071.00000", "2016-06-30": "7185.00000", "2016-03-31": "7028.00000", "2015-12-31": "9223.00000", "2015-09-30": "9360.00000", "2015-06-30": "4432.00000", "2015-03-31": "3632.00000", "2014-12-31": "4153.00000", "2014-09-30": "134.00000", "2014-06-30": "2849.00000", "2014-03-31": "", "2013-12-31": "", "2013-09-30": "", "2013-06-30": "", "2013-03-31": "", "2012-12-31": "", "2012-09-30": "", "2012-06-30": "", "2012-03-31": "642.00000", "2011-12-31": "", "2011-09-30": "", "2011-06-30": "", "2011-03-31": "", "2010-12-31": "", "2010-09-30": "", "2010-06-30": "", "2010-03-31": "", "2009-12-31": "", "2009-09-30": "989.00000", "2009-06-30": "", "2009-03-31": "", "2008-12-31": "", "2008-09-30": "", "2008-06-30": "", "2008-03-31": "", "2007-12-31": "", "2007-09-30": "", "2007-06-30": "", "2007-03-31": "", "2006-12-31": "", "2006-09-30": "", "2006-06-30": "", "2006-03-31": "", "2005-12-31": "", "2005-09-30": "", "2005-06-30": "", "2005-03-31": ""}, "Total Current Assets": {"2020-12-31": "24655.00000", "2020-09-30": "26026.00000", "2020-06-30": "27987.00000", "2020-03-31": "27140.00000", "2019-12-31": "18917.00000", "2019-09-30": "21925.00000", "2019-06-30": "22473.00000", "2019-03-31": "22312.00000", "2018-12-31": "24431.00000", "2018-09-30": "23346.00000", "2018-06-30": "23320.00000", "2018-03-31": "27960.00000", "2017-12-31": "31214.00000", "2017-09-30": "28096.00000", "2017-06-30": "26494.00000", "2017-03-31": "25885.00000", "2016-12-31": "25572.00000", "2016-09-30": "35171.00000", "2016-06-30": "33782.00000", "2016-03-31": "34317.00000", "2015-12-31": "36347.00000", "2015-09-30": "35620.00000", "2015-06-30": "29646.00000", "2015-03-31": "31562.00000", "2014-12-31": "33178.00000", "2014-09-30": "29107.00000", "2014-06-30": "31617.00000", "2014-03-31": "28126.00000", "2013-12-31": "27467.00000", "2013-09-30": "26322.00000", "2013-06-30": "23990.00000", "2013-03-31": "24298.00000", "2012-12-31": "25601.00000", "2012-09-30": "24124.00000", "2012-06-30": "21910.00000", "2012-03-31": "23108.00000", "2011-12-31": "23651.00000", "2011-09-30": "23125.00000", "2011-06-30": "21970.00000", "2011-03-31": "21814.00000", "2010-12-31": "21830.00000", "2010-09-30": "20496.00000", "2010-06-30": "18782.00000", "2010-03-31": "21490.00000", "2009-12-31": "21761.00000", "2009-09-30": "24517.00000", "2009-06-30": "21905.00000", "2009-03-31": "22008.00000", "2008-12-31": "25475.00000", "2008-09-30": "25069.00000", "2008-06-30": "24515.00000", "2008-03-31": "25742.00000", "2007-12-31": "26960.00000", "2007-09-30": "25182.00000", "2007-06-30": "24031.00000", "2007-03-31": "22714.00000", "2006-12-31": "24689.00000", "2006-09-30": "25506.00000", "2006-06-30": "24329.00000", "2006-03-31": "26615.00000", "2005-12-31": "26425.00000", "2005-09-30": "20564.00000", "2005-06-30": "20329.00000", "2005-03-31": "21591.00000"}, "Property, Plant, And Equipment": {"2020-12-31": "21416.00000", "2020-09-30": "20876.00000", "2020-06-30": "20692.00000", "2020-03-31": "20459.00000", "2019-12-31": "21250.00000", "2019-09-30": "20901.00000", "2019-06-30": "21271.00000", "2019-03-31": "20993.00000", "2018-12-31": "20822.00000", "2018-09-30": "20590.00000", "2018-06-30": "20600.00000", "2018-03-31": "20925.00000", "2017-12-31": "20420.00000", "2017-09-30": "20108.00000", "2017-06-30": "19893.00000", "2017-03-31": "19219.00000", "2016-12-31": "18778.00000", "2016-09-30": "19310.00000", "2016-06-30": "19385.00000", "2016-03-31": "19186.00000", "2015-12-31": "18910.00000", "2015-09-30": "19081.00000", "2015-06-30": "19655.00000", "2015-03-31": "20043.00000", "2014-12-31": "20745.00000", "2014-09-30": "21799.00000", "2014-06-30": "22304.00000", "2014-03-31": "22274.00000", "2013-12-31": "22152.00000", "2013-09-30": "21876.00000", "2013-06-30": "21666.00000", "2013-03-31": "21191.00000", "2012-12-31": "21204.00000", "2012-09-30": "20877.00000", "2012-06-30": "20377.00000", "2012-03-31": "20384.00000", "2011-12-31": "20372.00000", "2011-09-30": "20765.00000", "2011-06-30": "21293.00000", "2011-03-31": "20521.00000", "2010-12-31": "19952.00000", "2010-09-30": "19877.00000", "2010-06-30": "19244.00000", "2010-03-31": "19427.00000", "2009-12-31": "19646.00000", "2009-09-30": "19591.00000", "2009-06-30": "19462.00000", "2009-03-31": "18531.00000", "2008-12-31": "18969.00000", "2008-09-30": "19724.00000", "2008-06-30": "20640.00000", "2008-03-31": "20334.00000", "2007-12-31": "19888.00000", "2007-09-30": "19812.00000", "2007-06-30": "19540.00000", "2007-03-31": "19178.00000", "2006-12-31": "19096.00000", "2006-09-30": "18738.00000", "2006-06-30": "18770.00000", "2006-03-31": "18473.00000", "2005-12-31": "18225.00000", "2005-09-30": "14256.00000", "2005-06-30": "14332.00000", "2005-03-31": "14281.00000"}, "Long-Term Investments": {"2020-12-31": "", "2020-09-30": "", "2020-06-30": "", "2020-03-31": "", "2019-12-31": "", "2019-09-30": "", "2019-06-30": "", "2019-03-31": "", "2018-12-31": "", "2018-09-30": "", "2018-06-30": "", "2018-03-31": "", "2017-12-31": "", "2017-09-30": "", "2017-06-30": "", "2017-03-31": "", "2016-12-31": "", "2016-09-30": "", "2016-06-30": "", "2016-03-31": "", "2015-12-31": "", "2015-09-30": "", "2015-06-30": "", "2015-03-31": "", "2014-12-31": "", "2014-09-30": "", "2014-06-30": "", "2014-03-31": "", "2013-12-31": "", "2013-09-30": "", "2013-06-30": "", "2013-03-31": "", "2012-12-31": "", "2012-09-30": "", "2012-06-30": "", "2012-03-31": "", "2011-12-31": "", "2011-09-30": "", "2011-06-30": "", "2011-03-31": "", "2010-12-31": "", "2010-09-30": "", "2010-06-30": "", "2010-03-31": "", "2009-12-31": "", "2009-09-30": "", "2009-06-30": "", "2009-03-31": "", "2008-12-31": "", "2008-09-30": "", "2008-06-30": "", "2008-03-31": "", "2007-12-31": "", "2007-09-30": "", "2007-06-30": "", "2007-03-31": "", "2006-12-31": "", "2006-09-30": "", "2006-06-30": "", "2006-03-31": "", "2005-12-31": "", "2005-09-30": "", "2005-06-30": "", "2005-03-31": ""}, "Goodwill And Intangible Assets": {"2020-12-31": "65245.00000", "2020-09-30": "64383.00000", "2020-06-30": "63693.00000", "2020-03-31": "63451.00000", "2019-12-31": "63978.00000", "2019-09-30": "63607.00000", "2019-06-30": "64488.00000", "2019-03-31": "72589.00000", "2018-12-31": "72879.00000", "2018-09-30": "69144.00000", "2018-06-30": "69077.00000", "2018-03-31": "70304.00000", "2017-12-31": "69848.00000", "2017-09-30": "69451.00000", "2017-06-30": "68886.00000", "2017-03-31": "67835.00000", "2016-12-31": "67643.00000", "2016-09-30": "68887.00000", "2016-06-30": "68877.00000", "2016-03-31": "69308.00000", "2015-12-31": "68652.00000", "2015-09-30": "69327.00000", "2015-06-30": "69632.00000", "2015-03-31": "73764.00000", "2014-12-31": "76442.00000", "2014-09-30": "81571.00000", "2014-06-30": "84547.00000", "2014-03-31": "87532.00000", "2013-12-31": "87888.00000", "2013-09-30": "87589.00000", "2013-06-30": "86760.00000", "2013-03-31": "86806.00000", "2012-12-31": "87834.00000", "2012-09-30": "85495.00000", "2012-06-30": "84761.00000", "2012-03-31": "86262.00000", "2011-12-31": "85632.00000", "2011-09-30": "87937.00000", "2011-06-30": "90182.00000", "2011-03-31": "89628.00000", "2010-12-31": "88011.00000", "2010-09-30": "88540.00000", "2010-06-30": "85648.00000", "2010-03-31": "87739.00000", "2009-12-31": "89603.00000", "2009-09-30": "89697.00000", "2009-06-30": "89118.00000", "2009-03-31": "87445.00000", "2008-12-31": "89317.00000", "2008-09-30": "91238.00000", "2008-06-30": "94000.00000", "2008-03-31": "93950.00000", "2007-12-31": "92384.00000", "2007-09-30": "91568.00000", "2007-06-30": "90178.00000", "2007-03-31": "89934.00000", "2006-12-31": "89805.00000", "2006-09-30": "89291.00000", "2006-06-30": "89027.00000", "2006-03-31": "87857.00000", "2005-12-31": "88493.00000", "2005-09-30": "24228.00000", "2005-06-30": "24163.00000", "2005-03-31": "24902.00000"}, "Other Long-Term Assets": {"2020-12-31": "8796.00000", "2020-09-30": "8614.00000", "2020-06-30": "8328.00000", "2020-03-31": "7510.00000", "2019-12-31": "7578.00000", "2019-09-30": "7625.00000", "2019-06-30": "6863.00000", "2019-03-31": "5779.00000", "2018-12-31": "5555.00000", "2018-09-30": "5360.00000", "2018-06-30": "5313.00000", "2018-03-31": "5180.00000", "2017-12-31": "5162.00000", "2017-09-30": "5196.00000", "2017-06-30": "5133.00000", "2017-03-31": "5152.00000", "2016-12-31": "5040.00000", "2016-09-30": "5675.00000", "2016-06-30": "5092.00000", "2016-03-31": "4697.00000", "2015-12-31": "5234.00000", "2015-09-30": "5237.00000", "2015-06-30": "5358.00000", "2015-03-31": "5568.00000", "2014-12-31": "5898.00000", "2014-09-30": "5706.00000", "2014-06-30": "5798.00000", "2014-03-31": "5265.00000", "2013-12-31": "5420.00000", "2013-09-30": "5338.00000", "2013-06-30": "6847.00000", "2013-03-31": "6836.00000", "2012-12-31": "5264.00000", "2012-09-30": "5392.00000", "2012-06-30": "5196.00000", "2012-03-31": "4851.00000", "2011-12-31": "4656.00000", "2011-09-30": "4790.00000", "2011-06-30": "4909.00000", "2011-03-31": "4575.00000", "2010-12-31": "4480.00000", "2010-09-30": "4779.00000", "2010-06-30": "4498.00000", "2010-03-31": "4330.00000", "2009-12-31": "4283.00000", "2009-09-30": "4576.00000", "2009-06-30": "4348.00000", "2009-03-31": "4411.00000", "2008-12-31": "4502.00000", "2008-09-30": "4648.00000", "2008-06-30": "4837.00000", "2008-03-31": "5379.00000", "2007-12-31": "5169.00000", "2007-09-30": "5141.00000", "2007-06-30": "4265.00000", "2007-03-31": "3869.00000", "2006-12-31": "3710.00000", "2006-09-30": "3514.00000", "2006-06-30": "3569.00000", "2006-03-31": "3277.00000", "2005-12-31": "3379.00000", "2005-09-30": "2858.00000", "2005-06-30": "2703.00000", "2005-03-31": "2302.00000"}, "Total Long-Term Assets": {"2020-12-31": "95457.00000", "2020-09-30": "93873.00000", "2020-06-30": "92713.00000", "2020-03-31": "91420.00000", "2019-12-31": "92806.00000", "2019-09-30": "92133.00000", "2019-06-30": "92622.00000", "2019-03-31": "99361.00000", "2018-12-31": "99256.00000", "2018-09-30": "95094.00000", "2018-06-30": "94990.00000", "2018-03-31": "96409.00000", "2017-12-31": "95430.00000", "2017-09-30": "94755.00000", "2017-06-30": "93912.00000", "2017-03-31": "92206.00000", "2016-12-31": "91461.00000", "2016-09-30": "93872.00000", "2016-06-30": "93354.00000", "2016-03-31": "93191.00000", "2015-12-31": "92796.00000", "2015-09-30": "93645.00000", "2015-06-30": "99849.00000", "2015-03-31": "99375.00000", "2014-12-31": "103085.00000", "2014-09-30": "109076.00000", "2014-06-30": "112649.00000", "2014-03-31": "115071.00000", "2013-12-31": "115460.00000", "2013-09-30": "114803.00000", "2013-06-30": "115273.00000", "2013-03-31": "114833.00000", "2012-12-31": "114302.00000", "2012-09-30": "111764.00000", "2012-06-30": "110334.00000", "2012-03-31": "111497.00000", "2011-12-31": "110660.00000", "2011-09-30": "113492.00000", "2011-06-30": "116384.00000", "2011-03-31": "114724.00000", "2010-12-31": "112443.00000", "2010-09-30": "113196.00000", "2010-06-30": "109390.00000", "2010-03-31": "111496.00000", "2009-12-31": "113532.00000", "2009-09-30": "113864.00000", "2009-06-30": "112928.00000", "2009-03-31": "110387.00000", "2008-12-31": "112788.00000", "2008-09-30": "115610.00000", "2008-06-30": "119477.00000", "2008-03-31": "119663.00000", "2007-12-31": "117441.00000", "2007-09-30": "116521.00000", "2007-06-30": "113983.00000", "2007-03-31": "112981.00000", "2006-12-31": "112611.00000", "2006-09-30": "111543.00000", "2006-06-30": "111366.00000", "2006-03-31": "109607.00000", "2005-12-31": "110097.00000", "2005-09-30": "41342.00000", "2005-06-30": "41198.00000", "2005-03-31": "41485.00000"}, "Total Assets": {"2020-12-31": "120112.00000", "2020-09-30": "119899.00000", "2020-06-30": "120700.00000", "2020-03-31": "118560.00000", "2019-12-31": "111723.00000", "2019-09-30": "114058.00000", "2019-06-30": "115095.00000", "2019-03-31": "121673.00000", "2018-12-31": "123687.00000", "2018-09-30": "118440.00000", "2018-06-30": "118310.00000", "2018-03-31": "124369.00000", "2017-12-31": "126644.00000", "2017-09-30": "122851.00000", "2017-06-30": "120406.00000", "2017-03-31": "118091.00000", "2016-12-31": "117033.00000", "2016-09-30": "129043.00000", "2016-06-30": "127136.00000", "2016-03-31": "127508.00000", "2015-12-31": "129143.00000", "2015-09-30": "129265.00000", "2015-06-30": "129495.00000", "2015-03-31": "130937.00000", "2014-12-31": "136263.00000", "2014-09-30": "138183.00000", "2014-06-30": "144266.00000", "2014-03-31": "143197.00000", "2013-12-31": "142927.00000", "2013-09-30": "141125.00000", "2013-06-30": "139263.00000", "2013-03-31": "139131.00000", "2012-12-31": "139903.00000", "2012-09-30": "135888.00000", "2012-06-30": "132244.00000", "2012-03-31": "134605.00000", "2011-12-31": "134311.00000", "2011-09-30": "136617.00000", "2011-06-30": "138354.00000", "2011-03-31": "136538.00000", "2010-12-31": "134273.00000", "2010-09-30": "133692.00000", "2010-06-30": "128172.00000", "2010-03-31": "132986.00000", "2009-12-31": "135293.00000", "2009-09-30": "138381.00000", "2009-06-30": "134833.00000", "2009-03-31": "132395.00000", "2008-12-31": "138263.00000", "2008-09-30": "140679.00000", "2008-06-30": "143992.00000", "2008-03-31": "145405.00000", "2007-12-31": "144401.00000", "2007-09-30": "141703.00000", "2007-06-30": "138014.00000", "2007-03-31": "135695.00000", "2006-12-31": "137300.00000", "2006-09-30": "137049.00000", "2006-06-30": "135695.00000", "2006-03-31": "136222.00000", "2005-12-31": "136522.00000", "2005-09-30": "61906.00000", "2005-06-30": "61527.00000", "2005-03-31": "63076.00000"}, "Total Current Liabilities": {"2020-12-31": "31744.00000", "2020-09-30": "30008.00000", "2020-06-30": "32976.00000", "2020-03-31": "32896.00000", "2019-12-31": "30164.00000", "2019-09-30": "30253.00000", "2019-06-30": "30011.00000", "2019-03-31": "28370.00000", "2018-12-31": "31247.00000", "2018-09-30": "29220.00000", "2018-06-30": "28237.00000", "2018-03-31": "30711.00000", "2017-12-31": "33107.00000", "2017-09-30": "30724.00000", "2017-06-30": "30210.00000", "2017-03-31": "29082.00000", "2016-12-31": "28891.00000", "2016-09-30": "32401.00000", "2016-06-30": "30770.00000", "2016-03-31": "31357.00000", "2015-12-31": "32053.00000", "2015-09-30": "31567.00000", "2015-06-30": "29790.00000", "2015-03-31": "31881.00000", "2014-12-31": "34152.00000", "2014-09-30": "32071.00000", "2014-06-30": "33726.00000", "2014-03-31": "32118.00000", "2013-12-31": "30727.00000", "2013-09-30": "33217.00000", "2013-06-30": "30037.00000", "2013-03-31": "27412.00000", "2012-12-31": "26230.00000", "2012-09-30": "24898.00000", "2012-06-30": "24907.00000", "2012-03-31": "26904.00000", "2011-12-31": "29792.00000", "2011-09-30": "27968.00000", "2011-06-30": "27293.00000", "2011-03-31": "26175.00000", "2010-12-31": "27241.00000", "2010-09-30": "27640.00000", "2010-06-30": "24282.00000", "2010-03-31": "23272.00000", "2009-12-31": "23676.00000", "2009-09-30": "28674.00000", "2009-06-30": "30901.00000", "2009-03-31": "32829.00000", "2008-12-31": "37141.00000", "2008-09-30": "38241.00000", "2008-06-30": "30958.00000", "2008-03-31": "31263.00000", "2007-12-31": "31479.00000", "2007-09-30": "30874.00000", "2007-06-30": "30717.00000", "2007-03-31": "30921.00000", "2006-12-31": "31294.00000", "2006-09-30": "20590.00000", "2006-06-30": "19985.00000", "2006-03-31": "20043.00000", "2005-12-31": "20505.00000", "2005-09-30": "21054.00000", "2005-06-30": "25039.00000", "2005-03-31": "25322.00000"}, "Long Term Debt": {"2020-12-31": "22514.00000", "2020-09-30": "23948.00000", "2020-06-30": "23537.00000", "2020-03-31": "23310.00000", "2019-12-31": "18985.00000", "2019-09-30": "20161.00000", "2019-06-30": "20395.00000", "2019-03-31": "21359.00000", "2018-12-31": "21514.00000", "2018-09-30": "20779.00000", "2018-06-30": "20863.00000", "2018-03-31": "22437.00000", "2017-12-31": "22186.00000", "2017-09-30": "20188.00000", "2017-06-30": "18038.00000", "2017-03-31": "16633.00000", "2016-12-31": "16460.00000", "2016-09-30": "18910.00000", "2016-06-30": "18945.00000", "2016-03-31": "19134.00000", "2015-12-31": "17595.00000", "2015-09-30": "17394.00000", "2015-06-30": "18327.00000", "2015-03-31": "17364.00000", "2014-12-31": "18124.00000", "2014-09-30": "19004.00000", "2014-06-30": "19811.00000", "2014-03-31": "20837.00000", "2013-12-31": "21517.00000", "2013-09-30": "18480.00000", "2013-06-30": "19111.00000", "2013-03-31": "21125.00000", "2012-12-31": "23607.00000", "2012-09-30": "23563.00000", "2012-06-30": "21080.00000", "2012-03-31": "21341.00000", "2011-12-31": "19270.00000", "2011-09-30": "22372.00000", "2011-06-30": "22033.00000", "2011-03-31": "21699.00000", "2010-12-31": "21317.00000", "2010-09-30": "21464.00000", "2010-06-30": "21360.00000", "2010-03-31": "22938.00000", "2009-12-31": "22309.00000", "2009-09-30": "22439.00000", "2009-06-30": "20652.00000", "2009-03-31": "20452.00000", "2008-12-31": "19815.00000", "2008-09-30": "18307.00000", "2008-06-30": "23581.00000", "2008-03-31": "23673.00000", "2007-12-31": "23528.00000", "2007-09-30": "22172.00000", "2007-06-30": "23375.00000", "2007-03-31": "21257.00000", "2006-12-31": "23650.00000", "2006-09-30": "35727.00000", "2006-06-30": "35976.00000", "2006-03-31": "33916.00000", "2005-12-31": "31394.00000", "2005-09-30": "21046.00000", "2005-06-30": "12887.00000", "2005-03-31": "12936.00000"}, "Other Non-Current Liabilities": {"2020-12-31": "11241.00000", "2020-09-30": "11073.00000", "2020-06-30": "11110.00000", "2020-03-31": "10104.00000", "2019-12-31": "10424.00000", "2019-09-30": "10335.00000", "2019-06-30": "10211.00000", "2019-03-31": "9441.00000", "2018-12-31": "9611.00000", "2018-09-30": "9758.00000", "2018-06-30": "10164.00000", "2018-03-31": "10192.00000", "2017-12-31": "10485.00000", "2017-09-30": "8043.00000", "2017-06-30": "8254.00000", "2017-03-31": "9184.00000", "2016-12-31": "9246.00000", "2016-09-30": "10266.00000", "2016-06-30": "10325.00000", "2016-03-31": "8003.00000", "2015-12-31": "7936.00000", "2015-09-30": "8126.00000", "2015-06-30": "8432.00000", "2015-03-31": "8504.00000", "2014-12-31": "9623.00000", "2014-09-30": "10008.00000", "2014-06-30": "10535.00000", "2014-03-31": "9288.00000", "2013-12-31": "9736.00000", "2013-09-30": "9759.00000", "2013-06-30": "10579.00000", "2013-03-31": "11916.00000", "2012-12-31": "12176.00000", "2012-09-30": "12315.00000", "2012-06-30": "12090.00000", "2012-03-31": "9154.00000", "2011-12-31": "9216.00000", "2011-09-30": "9573.00000", "2011-06-30": "9957.00000", "2011-03-31": "10309.00000", "2010-12-31": "10135.00000", "2010-09-30": "10678.00000", "2010-06-30": "10189.00000", "2010-03-31": "8596.00000", "2009-12-31": "9316.00000", "2009-09-30": "9324.00000", "2009-06-30": "9146.00000", "2009-03-31": "6911.00000", "2008-12-31": "7377.00000", "2008-09-30": "7833.00000", "2008-06-30": "8154.00000", "2008-03-31": "9251.00000", "2007-12-31": "9572.00000", "2007-09-30": "9445.00000", "2007-06-30": "5147.00000", "2007-03-31": "4779.00000", "2006-12-31": "4746.00000", "2006-09-30": "4490.00000", "2006-06-30": "4472.00000", "2006-03-31": "4500.00000", "2005-12-31": "4298.00000", "2005-09-30": "3266.00000", "2005-06-30": "3230.00000", "2005-03-31": "3223.00000"}, "Total Long Term Liabilities": {"2020-12-31": "39828.00000", "2020-09-30": "41315.00000", "2020-06-30": "40846.00000", "2020-03-31": "39723.00000", "2019-12-31": "35651.00000", "2019-09-30": "36821.00000", "2019-06-30": "37505.00000", "2019-03-31": "37751.00000", "2018-12-31": "37997.00000", "2018-09-30": "36716.00000", "2018-06-30": "37190.00000", "2018-03-31": "38712.00000", "2017-12-31": "38816.00000", "2017-09-30": "36712.00000", "2017-06-30": "34418.00000", "2017-03-31": "34461.00000", "2016-12-31": "34398.00000", "2016-09-30": "37691.00000", "2016-06-30": "38383.00000", "2016-03-31": "36298.00000", "2015-12-31": "34788.00000", "2015-09-30": "34744.00000", "2015-06-30": "36655.00000", "2015-03-31": "35676.00000", "2014-12-31": "37299.00000", "2014-09-30": "39283.00000", "2014-06-30": "40564.00000", "2014-03-31": "41038.00000", "2013-12-31": "42062.00000", "2013-09-30": "39092.00000", "2013-06-30": "40517.00000", "2013-03-31": "43766.00000", "2012-12-31": "46350.00000", "2012-09-30": "46042.00000", "2012-06-30": "43302.00000", "2012-03-31": "41792.00000", "2011-12-31": "39619.00000", "2011-09-30": "43015.00000", "2011-06-30": "43060.00000", "2011-03-31": "42931.00000", "2010-12-31": "42319.00000", "2010-09-30": "42851.00000", "2010-06-30": "42451.00000", "2010-03-31": "42941.00000", "2009-12-31": "42670.00000", "2009-09-30": "42680.00000", "2009-06-30": "40550.00000", "2009-03-31": "38791.00000", "2008-12-31": "38710.00000", "2008-09-30": "37876.00000", "2008-06-30": "43540.00000", "2008-03-31": "44553.00000", "2007-12-31": "44679.00000", "2007-09-30": "43270.00000", "2007-06-30": "40537.00000", "2007-03-31": "38308.00000", "2006-12-31": "40642.00000", "2006-09-30": "52646.00000", "2006-06-30": "52802.00000", "2006-03-31": "51155.00000", "2005-12-31": "49603.00000", "2005-09-30": "26319.00000", "2005-06-30": "18013.00000", "2005-03-31": "19024.00000"}, "Total Liabilities": {"2020-12-31": "71572.00000", "2020-09-30": "71323.00000", "2020-06-30": "73822.00000", "2020-03-31": "72619.00000", "2019-12-31": "65815.00000", "2019-09-30": "67074.00000", "2019-06-30": "67516.00000", "2019-03-31": "66121.00000", "2018-12-31": "69244.00000", "2018-09-30": "65936.00000", "2018-06-30": "65427.00000", "2018-03-31": "69423.00000", "2017-12-31": "71923.00000", "2017-09-30": "67436.00000", "2017-06-30": "64628.00000", "2017-03-31": "63543.00000", "2016-12-31": "63289.00000", "2016-09-30": "70092.00000", "2016-06-30": "69153.00000", "2016-03-31": "67655.00000", "2015-12-31": "66841.00000", "2015-09-30": "66311.00000", "2015-06-30": "66445.00000", "2015-03-31": "67557.00000", "2014-12-31": "71451.00000", "2014-09-30": "71354.00000", "2014-06-30": "74290.00000", "2014-03-31": "73156.00000", "2013-12-31": "72789.00000", "2013-09-30": "72309.00000", "2013-06-30": "70554.00000", "2013-03-31": "71178.00000", "2012-12-31": "72580.00000", "2012-09-30": "70940.00000", "2012-06-30": "68209.00000", "2012-03-31": "68696.00000", "2011-12-31": "69411.00000", "2011-09-30": "70983.00000", "2011-06-30": "70353.00000", "2011-03-31": "69106.00000", "2010-12-31": "69560.00000", "2010-09-30": "70491.00000", "2010-06-30": "66733.00000", "2010-03-31": "66213.00000", "2009-12-31": "66346.00000", "2009-09-30": "71354.00000", "2009-06-30": "71451.00000", "2009-03-31": "71620.00000", "2008-12-31": "75851.00000", "2008-09-30": "76117.00000", "2008-06-30": "74498.00000", "2008-03-31": "75816.00000", "2007-12-31": "76158.00000", "2007-09-30": "74144.00000", "2007-06-30": "71254.00000", "2007-03-31": "69229.00000", "2006-12-31": "71936.00000", "2006-09-30": "73236.00000", "2006-06-30": "72787.00000", "2006-03-31": "71198.00000", "2005-12-31": "70108.00000", "2005-09-30": "47373.00000", "2005-06-30": "43052.00000", "2005-03-31": "44346.00000"}, "Common Stock Net": {"2020-12-31": "4009.00000", "2020-09-30": "4009.00000", "2020-06-30": "4009.00000", "2020-03-31": "4009.00000", "2019-12-31": "4009.00000", "2019-09-30": "4009.00000", "2019-06-30": "4009.00000", "2019-03-31": "4009.00000", "2018-12-31": "4009.00000", "2018-09-30": "4009.00000", "2018-06-30": "4009.00000", "2018-03-31": "4009.00000", "2017-12-31": "4009.00000", "2017-09-30": "4009.00000", "2017-06-30": "4009.00000", "2017-03-31": "4009.00000", "2016-12-31": "4009.00000", "2016-09-30": "4009.00000", "2016-06-30": "4009.00000", "2016-03-31": "4009.00000", "2015-12-31": "4009.00000", "2015-09-30": "4009.00000", "2015-06-30": "4009.00000", "2015-03-31": "4009.00000", "2014-12-31": "4009.00000", "2014-09-30": "4009.00000", "2014-06-30": "4009.00000", "2014-03-31": "4009.00000", "2013-12-31": "4009.00000", "2013-09-30": "4009.00000", "2013-06-30": "4009.00000", "2013-03-31": "4009.00000", "2012-12-31": "4009.00000", "2012-09-30": "4009.00000", "2012-06-30": "4008.00000", "2012-03-31": "4008.00000", "2011-12-31": "4008.00000", "2011-09-30": "4008.00000", "2011-06-30": "4008.00000", "2011-03-31": "4008.00000", "2010-12-31": "4008.00000", "2010-09-30": "4008.00000", "2010-06-30": "4008.00000", "2010-03-31": "4007.00000", "2009-12-31": "4007.00000", "2009-09-30": "4007.00000", "2009-06-30": "4007.00000", "2009-03-31": "4007.00000", "2008-12-31": "4007.00000", "2008-09-30": "4006.00000", "2008-06-30": "4002.00000", "2008-03-31": "3999.00000", "2007-12-31": "3998.00000", "2007-09-30": "3994.00000", "2007-06-30": "3990.00000", "2007-03-31": "3987.00000", "2006-12-31": "3984.00000", "2006-09-30": "3981.00000", "2006-06-30": "3976.00000", "2006-03-31": "3973.00000", "2005-12-31": "3966.00000", "2005-09-30": "2977.00000", "2005-06-30": "2977.00000", "2005-03-31": "2494.00000"}, "Retained Earnings (Accumulated Deficit)": {"2020-12-31": "104361.00000", "2020-09-30": "102539.00000", "2020-06-30": "100239.00000", "2020-03-31": "99474.00000", "2019-12-31": "98414.00000", "2019-09-30": "96625.00000", "2019-06-30": "94918.00000", "2019-03-31": "102103.00000", "2018-12-31": "101170.00000", "2018-09-30": "99831.00000", "2018-06-30": "98641.00000", "2018-03-31": "98623.00000", "2017-12-31": "97881.00000", "2017-09-30": "97197.00000", "2017-06-30": "96124.00000", "2017-03-31": "95736.00000", "2016-12-31": "94945.00000", "2016-09-30": "88855.00000", "2016-06-30": "87953.00000", "2016-03-31": "87849.00000", "2015-12-31": "86917.00000", "2015-09-30": "85579.00000", "2015-06-30": "84807.00000", "2015-03-31": "86157.00000", "2014-12-31": "85770.00000", "2014-09-30": "85207.00000", "2014-06-30": "84990.00000", "2014-03-31": "84220.00000", "2013-12-31": "83280.00000", "2013-09-30": "81534.00000", "2013-06-30": "80197.00000", "2013-03-31": "80035.00000", "2012-12-31": "79045.00000", "2012-09-30": "76574.00000", "2012-06-30": "75349.00000", "2012-03-31": "73324.00000", "2011-12-31": "72407.00000", "2011-09-30": "72215.00000", "2011-06-30": "70682.00000", "2011-03-31": "69692.00000", "2010-12-31": "68212.00000", "2010-09-30": "66282.00000", "2010-06-30": "64614.00000", "2010-03-31": "63879.00000", "2009-12-31": "62616.00000", "2009-09-30": "59287.00000", "2009-06-30": "57309.00000", "2009-03-31": "56167.00000", "2008-12-31": "54764.00000", "2008-09-30": "51000.00000", "2008-06-30": "48986.00000", "2008-03-31": "47239.00000", "2007-12-31": "45647.00000", "2007-09-30": "43507.00000", "2007-06-30": "41797.00000", "2007-03-31": "40477.00000", "2006-12-31": "39083.00000", "2006-09-30": "37284.00000", "2006-06-30": "35666.00000", "2006-03-31": "34853.00000", "2005-12-31": "33749.00000", "2005-09-30": "32251.00000", "2005-06-30": "31004.00000", "2005-03-31": "13861.00000"}, "Comprehensive Income": {"2020-12-31": "-15091.00000", "2020-09-30": "-15881.00000", "2020-06-30": "-16165.00000", "2020-03-31": "-15916.00000", "2019-12-31": "-14942.00000", "2019-09-30": "-15298.00000", "2019-06-30": "-14936.00000", "2019-03-31": "-14968.00000", "2018-12-31": "-15156.00000", "2018-09-30": "-15133.00000", "2018-06-30": "-14749.00000", "2018-03-31": "-13891.00000", "2017-12-31": "-14171.00000", "2017-09-30": "-14292.00000", "2017-06-30": "-14632.00000", "2017-03-31": "-15955.00000", "2016-12-31": "-16522.00000", "2016-09-30": "-15943.00000", "2016-06-30": "-15907.00000", "2016-03-31": "-13642.00000", "2015-12-31": "-14334.00000", "2015-09-30": "-13746.00000", "2015-06-30": "-12780.00000", "2015-03-31": "-13851.00000", "2014-12-31": "-11317.00000", "2014-09-30": "-9811.00000", "2014-06-30": "-7662.00000", "2014-03-31": "-6635.00000", "2013-12-31": "-6366.00000", "2013-09-30": "-6731.00000", "2013-06-30": "-7499.00000", "2013-03-31": "-8282.00000", "2012-12-31": "-7694.00000", "2012-09-30": "-8179.00000", "2012-06-30": "-9333.00000", "2012-03-31": "-5063.00000", "2011-12-31": "-6374.00000", "2011-09-30": "-4995.00000", "2011-06-30": "-2054.00000", "2011-03-31": "-3495.00000", "2010-12-31": "-5356.00000", "2010-09-30": "-5007.00000", "2010-06-30": "-7822.00000", "2010-03-31": "-4049.00000", "2009-12-31": "-2236.00000", "2009-09-30": "-1963.00000", "2009-06-30": "-3358.00000", "2009-03-31": "-4323.00000", "2008-12-31": "-2214.00000", "2008-09-30": "146.00000", "2008-06-30": "3746.00000", "2008-03-31": "4146.00000", "2007-12-31": "2466.00000", "2007-09-30": "1651.00000", "2007-06-30": "617.00000", "2007-03-31": "386.00000", "2006-12-31": "98.00000", "2006-09-30": "-553.00000", "2006-06-30": "-518.00000", "2006-03-31": "-1234.00000", "2005-12-31": "-1557.00000", "2005-09-30": "-1485.00000", "2005-06-30": "-1566.00000", "2005-03-31": "-838.00000"}, "Other Share Holders Equity": {"2020-12-31": "-1072.00000", "2020-09-30": "-1046.00000", "2020-06-30": "-1080.00000", "2020-03-31": "-1080.00000", "2019-12-31": "-1112.00000", "2019-09-30": "-1112.00000", "2019-06-30": "-1146.00000", "2019-03-31": "-1145.00000", "2018-12-31": "-1178.00000", "2018-09-30": "-1177.00000", "2018-06-30": "-1204.00000", "2018-03-31": "-1203.00000", "2017-12-31": "-1229.00000", "2017-09-30": "-1229.00000", "2017-06-30": "-1249.00000", "2017-03-31": "-1248.00000", "2016-12-31": "-1272.00000", "2016-09-30": "-1271.00000", "2016-06-30": "-1290.00000", "2016-03-31": "-1289.00000", "2015-12-31": "-1308.00000", "2015-09-30": "-1306.00000", "2015-06-30": "-1320.00000", "2015-03-31": "-1319.00000", "2014-12-31": "-1332.00000", "2014-09-30": "-1331.00000", "2014-06-30": "-1340.00000", "2014-03-31": "-1339.00000", "2013-12-31": "-1348.00000", "2013-09-30": "-1346.00000", "2013-06-30": "-1352.00000", "2013-03-31": "-1351.00000", "2012-12-31": "-1357.00000", "2012-09-30": "-1355.00000", "2012-06-30": "-1357.00000", "2012-03-31": "-1356.00000", "2011-12-31": "-1359.00000", "2011-09-30": "-1357.00000", "2011-06-30": "-1357.00000", "2011-03-31": "-1355.00000", "2010-12-31": "-1355.00000", "2010-09-30": "-1353.00000", "2010-06-30": "-1350.00000", "2010-03-31": "-1348.00000", "2009-12-31": "-1347.00000", "2009-09-30": "-1344.00000", "2009-06-30": "-1340.00000", "2009-03-31": "-1339.00000", "2008-12-31": "-1333.00000", "2008-09-30": "-1331.00000", "2008-06-30": "-1325.00000", "2008-03-31": "-1324.00000", "2007-12-31": "-1318.00000", "2007-09-30": "-1314.00000", "2007-06-30": "-1308.00000", "2007-03-31": "-1304.00000", "2006-12-31": "-1299.00000", "2006-09-30": "-1295.00000", "2006-06-30": "-1288.00000", "2006-03-31": "-1284.00000", "2005-12-31": "-1273.00000", "2005-09-30": "-1269.00000", "2005-06-30": "-1259.00000", "2005-03-31": "-1255.00000"}, "Share Holder Equity": {"2020-12-31": "48540.00000", "2020-09-30": "48576.00000", "2020-06-30": "46878.00000", "2020-03-31": "45941.00000", "2019-12-31": "45908.00000", "2019-09-30": "46984.00000", "2019-06-30": "47579.00000", "2019-03-31": "55552.00000", "2018-12-31": "54443.00000", "2018-09-30": "52504.00000", "2018-06-30": "52883.00000", "2018-03-31": "54946.00000", "2017-12-31": "54721.00000", "2017-09-30": "55415.00000", "2017-06-30": "55778.00000", "2017-03-31": "54548.00000", "2016-12-31": "53744.00000", "2016-09-30": "58951.00000", "2016-06-30": "57983.00000", "2016-03-31": "59853.00000", "2015-12-31": "62302.00000", "2015-09-30": "62954.00000", "2015-06-30": "63050.00000", "2015-03-31": "63380.00000", "2014-12-31": "64812.00000", "2014-09-30": "66829.00000", "2014-06-30": "69976.00000", "2014-03-31": "70041.00000", "2013-12-31": "70138.00000", "2013-09-30": "68816.00000", "2013-06-30": "68709.00000", "2013-03-31": "67953.00000", "2012-12-31": "67323.00000", "2012-09-30": "64948.00000", "2012-06-30": "64035.00000", "2012-03-31": "65909.00000", "2011-12-31": "64900.00000", "2011-09-30": "65634.00000", "2011-06-30": "68001.00000", "2011-03-31": "67432.00000", "2010-12-31": "64713.00000", "2010-09-30": "63201.00000", "2010-06-30": "61439.00000", "2010-03-31": "66773.00000", "2009-12-31": "68947.00000", "2009-09-30": "67027.00000", "2009-06-30": "63382.00000", "2009-03-31": "60775.00000", "2008-12-31": "62412.00000", "2008-09-30": "64562.00000", "2008-06-30": "69494.00000", "2008-03-31": "69589.00000", "2007-12-31": "68243.00000", "2007-09-30": "67559.00000", "2007-06-30": "66760.00000", "2007-03-31": "66466.00000", "2006-12-31": "65364.00000", "2006-09-30": "63813.00000", "2006-06-30": "62908.00000", "2006-03-31": "65024.00000", "2005-12-31": "66414.00000", "2005-09-30": "14533.00000", "2005-06-30": "18475.00000", "2005-03-31": "18730.00000"}, "Total Liabilities And Share Holders Equity": {"2020-12-31": "120112.00000", "2020-09-30": "119899.00000", "2020-06-30": "120700.00000", "2020-03-31": "118560.00000", "2019-12-31": "111723.00000", "2019-09-30": "114058.00000", "2019-06-30": "115095.00000", "2019-03-31": "121673.00000", "2018-12-31": "123687.00000", "2018-09-30": "118440.00000", "2018-06-30": "118310.00000", "2018-03-31": "124369.00000", "2017-12-31": "126644.00000", "2017-09-30": "122851.00000", "2017-06-30": "120406.00000", "2017-03-31": "118091.00000", "2016-12-31": "117033.00000", "2016-09-30": "129043.00000", "2016-06-30": "127136.00000", "2016-03-31": "127508.00000", "2015-12-31": "129143.00000", "2015-09-30": "129265.00000", "2015-06-30": "129495.00000", "2015-03-31": "130937.00000", "2014-12-31": "136263.00000", "2014-09-30": "138183.00000", "2014-06-30": "144266.00000", "2014-03-31": "143197.00000", "2013-12-31": "142927.00000", "2013-09-30": "141125.00000", "2013-06-30": "139263.00000", "2013-03-31": "139131.00000", "2012-12-31": "139903.00000", "2012-09-30": "135888.00000", "2012-06-30": "132244.00000", "2012-03-31": "134605.00000", "2011-12-31": "134311.00000", "2011-09-30": "136617.00000", "2011-06-30": "138354.00000", "2011-03-31": "136538.00000", "2010-12-31": "134273.00000", "2010-09-30": "133692.00000", "2010-06-30": "128172.00000", "2010-03-31": "132986.00000", "2009-12-31": "135293.00000", "2009-09-30": "138381.00000", "2009-06-30": "134833.00000", "2009-03-31": "132395.00000", "2008-12-31": "138263.00000", "2008-09-30": "140679.00000", "2008-06-30": "143992.00000", "2008-03-31": "145405.00000", "2007-12-31": "144401.00000", "2007-09-30": "141703.00000", "2007-06-30": "138014.00000", "2007-03-31": "135695.00000", "2006-12-31": "137300.00000", "2006-09-30": "137049.00000", "2006-06-30": "135695.00000", "2006-03-31": "136222.00000", "2005-12-31": "136522.00000", "2005-09-30": "61906.00000", "2005-06-30": "61527.00000", "2005-03-31": "63076.00000"}}, "cash flow statement": {"Net Income/Loss": {"2020-06-30": "13103.00000", "2019-06-30": "3966.00000", "2018-06-30": "9861.00000", "2017-06-30": "15411.00000", "2016-06-30": "10604.00000", "2015-06-30": "7144.00000", "2014-06-30": "11785.00000", "2013-06-30": "11402.00000", "2012-06-30": "10904.00000", "2011-06-30": "11927.00000", "2010-06-30": "12846.00000", "2009-06-30": "13436.00000", "2008-06-30": "12075.00000", "2007-06-30": "10340.00000", "2006-06-30": "8684.00000", "2005-06-30": "6923.00000"}, "Total Depreciation And Amortization - Cash Flow": {"2020-06-30": "3013.00000", "2019-06-30": "2824.00000", "2018-06-30": "2834.00000", "2017-06-30": "2820.00000", "2016-06-30": "3078.00000", "2015-06-30": "3134.00000", "2014-06-30": "3141.00000", "2013-06-30": "2982.00000", "2012-06-30": "3204.00000", "2011-06-30": "2838.00000", "2010-06-30": "3108.00000", "2009-06-30": "3082.00000", "2008-06-30": "3166.00000", "2007-06-30": "3130.00000", "2006-06-30": "2627.00000", "2005-06-30": "1884.00000"}, "Other Non-Cash Items": {"2020-06-30": "77.00000", "2019-06-30": "8084.00000", "2018-06-30": "-848.00000", "2017-06-30": "-5197.00000", "2016-06-30": "-71.00000", "2015-06-30": "3716.00000", "2014-06-30": "493.00000", "2013-06-30": "-569.00000", "2012-06-30": "-218.00000", "2011-06-30": "339.00000", "2010-06-30": "-2181.00000", "2009-06-30": "-1265.00000", "2008-06-30": "1485.00000", "2007-06-30": "768.00000", "2006-06-30": "473.00000", "2005-06-30": "1088.00000"}, "Total Non-Cash Items": {"2020-06-30": "3090.00000", "2019-06-30": "10908.00000", "2018-06-30": "1986.00000", "2017-06-30": "-2377.00000", "2016-06-30": "3007.00000", "2015-06-30": "6850.00000", "2014-06-30": "3634.00000", "2013-06-30": "2413.00000", "2012-06-30": "2986.00000", "2011-06-30": "3177.00000", "2010-06-30": "927.00000", "2009-06-30": "1817.00000", "2008-06-30": "4651.00000", "2007-06-30": "3898.00000", "2006-06-30": "3100.00000", "2005-06-30": "2972.00000"}, "Change In Accounts Receivable": {"2020-06-30": "634.00000", "2019-06-30": "-276.00000", "2018-06-30": "-177.00000", "2017-06-30": "-322.00000", "2016-06-30": "35.00000", "2015-06-30": "349.00000", "2014-06-30": "87.00000", "2013-06-30": "-415.00000", "2012-06-30": "-427.00000", "2011-06-30": "-426.00000", "2010-06-30": "-14.00000", "2009-06-30": "415.00000", "2008-06-30": "432.00000", "2007-06-30": "-729.00000", "2006-06-30": "-524.00000", "2005-06-30": "-86.00000"}, "Change In Inventories": {"2020-06-30": "-637.00000", "2019-06-30": "-239.00000", "2018-06-30": "-188.00000", "2017-06-30": "71.00000", "2016-06-30": "116.00000", "2015-06-30": "313.00000", "2014-06-30": "8.00000", "2013-06-30": "-225.00000", "2012-06-30": "77.00000", "2011-06-30": "-501.00000", "2010-06-30": "86.00000", "2009-06-30": "721.00000", "2008-06-30": "-1050.00000", "2007-06-30": "-389.00000", "2006-06-30": "383.00000", "2005-06-30": "-644.00000"}, "Change In Accounts Payable": {"2020-06-30": "", "2019-06-30": "", "2018-06-30": "", "2017-06-30": "", "2016-06-30": "", "2015-06-30": "", "2014-06-30": "", "2013-06-30": "", "2012-06-30": "", "2011-06-30": "", "2010-06-30": "", "2009-06-30": "", "2008-06-30": "", "2007-06-30": "", "2006-06-30": "", "2005-06-30": ""}, "Change In Assets/Liabilities": {"2020-06-30": "-710.00000", "2019-06-30": "-973.00000", "2018-06-30": "2000.00000", "2017-06-30": "-43.00000", "2016-06-30": "204.00000", "2015-06-30": "-976.00000", "2014-06-30": "-1557.00000", "2013-06-30": "68.00000", "2012-06-30": "-444.00000", "2011-06-30": "-1221.00000", "2010-06-30": "-356.00000", "2009-06-30": "-758.00000", "2008-06-30": "-1270.00000", "2007-06-30": "-151.00000", "2006-06-30": "-508.00000", "2005-06-30": "-498.00000"}, "Total Change In Assets/Liabilities": {"2020-06-30": "1210.00000", "2019-06-30": "368.00000", "2018-06-30": "3020.00000", "2017-06-30": "-443.00000", "2016-06-30": "1640.00000", "2015-06-30": "614.00000", "2014-06-30": "-1461.00000", "2013-06-30": "681.00000", "2012-06-30": "-816.00000", "2011-06-30": "-1790.00000", "2010-06-30": "2162.00000", "2009-06-30": "-364.00000", "2008-06-30": "-1591.00000", "2007-06-30": "-1547.00000", "2006-06-30": "-419.00000", "2005-06-30": "-1329.00000"}, "Cash Flow From Operating Activities": {"2020-06-30": "17403.00000", "2019-06-30": "15242.00000", "2018-06-30": "14867.00000", "2017-06-30": "12753.00000", "2016-06-30": "15435.00000", "2015-06-30": "14608.00000", "2014-06-30": "13958.00000", "2013-06-30": "14873.00000", "2012-06-30": "13284.00000", "2011-06-30": "13330.00000", "2010-06-30": "16131.00000", "2009-06-30": "14919.00000", "2008-06-30": "15008.00000", "2007-06-30": "13410.00000", "2006-06-30": "11375.00000", "2005-06-30": "8679.00000"}, "Net Change In Property, Plant, And Equipment": {"2020-06-30": "-3043.00000", "2019-06-30": "-2953.00000", "2018-06-30": "-3448.00000", "2017-06-30": "-2813.00000", "2016-06-30": "-2882.00000", "2015-06-30": "762.00000", "2014-06-30": "-3271.00000", "2013-06-30": "-3424.00000", "2012-06-30": "-1071.00000", "2011-06-30": "-3081.00000", "2010-06-30": "1.00000", "2009-06-30": "-2151.00000", "2008-06-30": "-2118.00000", "2007-06-30": "-2664.00000", "2006-06-30": "-1785.00000", "2005-06-30": "-1664.00000"}, "Net Change In Intangible Assets": {"2020-06-30": "", "2019-06-30": "", "2018-06-30": "", "2017-06-30": "", "2016-06-30": "", "2015-06-30": "", "2014-06-30": "", "2013-06-30": "", "2012-06-30": "", "2011-06-30": "", "2010-06-30": "", "2009-06-30": "", "2008-06-30": "", "2007-06-30": "", "2006-06-30": "", "2005-06-30": ""}, "Net Acquisitions/Divestitures": {"2020-06-30": "-58.00000", "2019-06-30": "-3945.00000", "2018-06-30": "-109.00000", "2017-06-30": "-491.00000", "2016-06-30": "-1182.00000", "2015-06-30": "-137.00000", "2014-06-30": "-24.00000", "2013-06-30": "-1145.00000", "2012-06-30": "-134.00000", "2011-06-30": "-474.00000", "2010-06-30": "-425.00000", "2009-06-30": "-368.00000", "2008-06-30": "-381.00000", "2007-06-30": "-492.00000", "2006-06-30": "171.00000", "2005-06-30": "-572.00000"}, "Net Change In Short-term Investments": {"2020-06-30": "6151.00000", "2019-06-30": "3470.00000", "2018-06-30": "19.00000", "2017-06-30": "-3355.00000", "2016-06-30": "-1461.00000", "2015-06-30": "-3647.00000", "2014-06-30": "-544.00000", "2013-06-30": "-1605.00000", "2012-06-30": "", "2011-06-30": "", "2010-06-30": "", "2009-06-30": "", "2008-06-30": "", "2007-06-30": "", "2006-06-30": "", "2005-06-30": ""}, "Net Change In Long-Term Investments": {"2020-06-30": "-5.00000", "2019-06-30": "-62.00000", "2018-06-30": "27.00000", "2017-06-30": "-26.00000", "2016-06-30": "93.00000", "2015-06-30": "1040.00000", "2014-06-30": "-261.00000", "2013-06-30": "-121.00000", "2012-06-30": "112.00000", "2011-06-30": "73.00000", "2010-06-30": "-173.00000", "2009-06-30": "166.00000", "2008-06-30": "-50.00000", "2007-06-30": "673.00000", "2006-06-30": "884.00000", "2005-06-30": "-100.00000"}, "Net Change In Investments - Total": {"2020-06-30": "6146.00000", "2019-06-30": "3408.00000", "2018-06-30": "46.00000", "2017-06-30": "-3381.00000", "2016-06-30": "-1368.00000", "2015-06-30": "-2607.00000", "2014-06-30": "-805.00000", "2013-06-30": "-1726.00000", "2012-06-30": "112.00000", "2011-06-30": "73.00000", "2010-06-30": "-173.00000", "2009-06-30": "166.00000", "2008-06-30": "-50.00000", "2007-06-30": "673.00000", "2006-06-30": "884.00000", "2005-06-30": "-100.00000"}, "Investing Activities - Other": {"2020-06-30": "", "2019-06-30": "", "2018-06-30": "", "2017-06-30": "", "2016-06-30": "-143.00000", "2015-06-30": "-908.00000", "2014-06-30": "", "2013-06-30": "", "2012-06-30": "", "2011-06-30": "", "2010-06-30": "", "2009-06-30": "", "2008-06-30": "", "2007-06-30": "", "2006-06-30": "", "2005-06-30": ""}, "Cash Flow From Investing Activities": {"2020-06-30": "3045.00000", "2019-06-30": "-3490.00000", "2018-06-30": "-3511.00000", "2017-06-30": "-6685.00000", "2016-06-30": "-5575.00000", "2015-06-30": "-2890.00000", "2014-06-30": "-4100.00000", "2013-06-30": "-6295.00000", "2012-06-30": "-1093.00000", "2011-06-30": "-3482.00000", "2010-06-30": "-597.00000", "2009-06-30": "-2353.00000", "2008-06-30": "-2549.00000", "2007-06-30": "-2483.00000", "2006-06-30": "-730.00000", "2005-06-30": "-2336.00000"}, "Net Long-Term Debt": {"2020-06-30": "2504.00000", "2019-06-30": "1398.00000", "2018-06-30": "2199.00000", "2017-06-30": "-1328.00000", "2016-06-30": "1703.00000", "2015-06-30": "-1374.00000", "2014-06-30": "239.00000", "2013-06-30": "-1421.00000", "2012-06-30": "1436.00000", "2011-06-30": "1330.00000", "2010-06-30": "-4716.00000", "2009-06-30": "2339.00000", "2008-06-30": "-4659.00000", "2007-06-30": "-13171.00000", "2006-06-30": "17263.00000", "2005-06-30": "1095.00000"}, "Net Current Debt": {"2020-06-30": "2345.00000", "2019-06-30": "-2215.00000", "2018-06-30": "-3437.00000", "2017-06-30": "2727.00000", "2016-06-30": "-418.00000", "2015-06-30": "-2580.00000", "2014-06-30": "3304.00000", "2013-06-30": "3406.00000", "2012-06-30": "-3412.00000", "2011-06-30": "151.00000", "2010-06-30": "-1798.00000", "2009-06-30": "-2420.00000", "2008-06-30": "2650.00000", "2007-06-30": "9006.00000", "2006-06-30": "-8627.00000", "2005-06-30": "2016.00000"}, "Debt Issuance/Retirement Net - Total": {"2020-06-30": "4849.00000", "2019-06-30": "-817.00000", "2018-06-30": "-1238.00000", "2017-06-30": "1399.00000", "2016-06-30": "1285.00000", "2015-06-30": "-3954.00000", "2014-06-30": "3543.00000", "2013-06-30": "1985.00000", "2012-06-30": "-1976.00000", "2011-06-30": "1481.00000", "2010-06-30": "-6514.00000", "2009-06-30": "-81.00000", "2008-06-30": "-2009.00000", "2007-06-30": "-4165.00000", "2006-06-30": "8636.00000", "2005-06-30": "3111.00000"}, "Net Common Equity Issued/Repurchased": {"2020-06-30": "-7405.00000", "2019-06-30": "-5003.00000", "2018-06-30": "-7004.00000", "2017-06-30": "-5204.00000", "2016-06-30": "-5734.00000", "2015-06-30": "-4604.00000", "2014-06-30": "-6005.00000", "2013-06-30": "-5986.00000", "2012-06-30": "-4024.00000", "2011-06-30": "-7039.00000", "2010-06-30": "-6004.00000", "2009-06-30": "-6370.00000", "2008-06-30": "-10047.00000", "2007-06-30": "-5578.00000", "2006-06-30": "-16830.00000", "2005-06-30": "-5026.00000"}, "Net Total Equity Issued/Repurchased": {"2020-06-30": "-7405.00000", "2019-06-30": "-5003.00000", "2018-06-30": "-7004.00000", "2017-06-30": "-5204.00000", "2016-06-30": "-5734.00000", "2015-06-30": "-4604.00000", "2014-06-30": "-6005.00000", "2013-06-30": "-5986.00000", "2012-06-30": "-4024.00000", "2011-06-30": "-7039.00000", "2010-06-30": "-6004.00000", "2009-06-30": "-6370.00000", "2008-06-30": "-10047.00000", "2007-06-30": "-5578.00000", "2006-06-30": "-16830.00000", "2005-06-30": "-5026.00000"}, "Total Common And Preferred Stock Dividends Paid": {"2020-06-30": "-7789.00000", "2019-06-30": "-7498.00000", "2018-06-30": "-7310.00000", "2017-06-30": "-7236.00000", "2016-06-30": "-7436.00000", "2015-06-30": "-7287.00000", "2014-06-30": "-6911.00000", "2013-06-30": "-6519.00000", "2012-06-30": "-6139.00000", "2011-06-30": "-5767.00000", "2010-06-30": "-5458.00000", "2009-06-30": "-5044.00000", "2008-06-30": "-4655.00000", "2007-06-30": "-4209.00000", "2006-06-30": "-3703.00000", "2005-06-30": "-2731.00000"}, "Financial Activities - Other": {"2020-06-30": "1978.00000", "2019-06-30": "3324.00000", "2018-06-30": "1177.00000", "2017-06-30": "2473.00000", "2016-06-30": "2672.00000", "2015-06-30": "2826.00000", "2014-06-30": "2094.00000", "2013-06-30": "3449.00000", "2012-06-30": "1729.00000", "2011-06-30": "1203.00000", "2010-06-30": "662.00000", "2009-06-30": "681.00000", "2008-06-30": "1867.00000", "2007-06-30": "1499.00000", "2006-06-30": "1319.00000", "2005-06-30": "521.00000"}, "Cash Flow From Financial Activities": {"2020-06-30": "-8367.00000", "2019-06-30": "-9994.00000", "2018-06-30": "-14375.00000", "2017-06-30": "-8568.00000", "2016-06-30": "-9213.00000", "2015-06-30": "-13019.00000", "2014-06-30": "-7279.00000", "2013-06-30": "-7071.00000", "2012-06-30": "-10410.00000", "2011-06-30": "-10122.00000", "2010-06-30": "-17314.00000", "2009-06-30": "-10814.00000", "2008-06-30": "-14844.00000", "2007-06-30": "-12453.00000", "2006-06-30": "-10578.00000", "2005-06-30": "-4125.00000"}, "Net Cash Flow": {"2020-06-30": "11942.00000", "2019-06-30": "1670.00000", "2018-06-30": "-3000.00000", "2017-06-30": "-2529.00000", "2016-06-30": "266.00000", "2015-06-30": "-1712.00000", "2014-06-30": "2618.00000", "2013-06-30": "1511.00000", "2012-06-30": "1668.00000", "2011-06-30": "-111.00000", "2010-06-30": "-1902.00000", "2009-06-30": "1468.00000", "2008-06-30": "-2041.00000", "2007-06-30": "-1339.00000", "2006-06-30": "304.00000", "2005-06-30": "2157.00000"}, "Stock-Based Compensation": {"2020-06-30": "558.00000", "2019-06-30": "515.00000", "2018-06-30": "395.00000", "2017-06-30": "351.00000", "2016-06-30": "335.00000", "2015-06-30": "337.00000", "2014-06-30": "360.00000", "2013-06-30": "346.00000", "2012-06-30": "377.00000", "2011-06-30": "414.00000", "2010-06-30": "453.00000", "2009-06-30": "516.00000", "2008-06-30": "555.00000", "2007-06-30": "668.00000", "2006-06-30": "585.00000", "2005-06-30": "524.00000"}, "Common Stock Dividends Paid": {"2020-06-30": "-7789.00000", "2019-06-30": "-7498.00000", "2018-06-30": "-7310.00000", "2017-06-30": "-7236.00000", "2016-06-30": "-7436.00000", "2015-06-30": "-7287.00000", "2014-06-30": "-6911.00000", "2013-06-30": "-6519.00000", "2012-06-30": "-6139.00000", "2011-06-30": "-5767.00000", "2010-06-30": "-5458.00000", "2009-06-30": "-5044.00000", "2008-06-30": "-4655.00000", "2007-06-30": "-4209.00000", "2006-06-30": "-3703.00000", "2005-06-30": "-2731.00000"}}, "cash flow statement, quarterly": {"Net Income/Loss": {"2020-12-31": 3887, "2020-09-30": "4308.00000", "2020-06-30": 2786, "2020-03-31": 2957, "2019-12-31": 3743, "2019-09-30": "3617.00000", "2019-06-30": -5237, "2019-03-31": 2776, "2018-12-31": 3216, "2018-09-30": "3211.00000", "2018-06-30": 1890, "2018-03-31": 2540, "2017-12-31": 2561, "2017-09-30": "2870.00000", "2017-06-30": 2202, "2017-03-31": 2556, "2016-12-31": 7896, "2016-09-30": "2757.00000", "2016-06-30": 1958, "2016-03-31": 2783, "2015-12-31": 3228, "2015-09-30": "2635.00000", "2015-06-30": 538, "2015-03-31": 2188, "2014-12-31": 2398, "2014-09-30": "2020.00000", "2014-06-30": 2620, "2014-03-31": 2636, "2013-12-31": 3472, "2013-09-30": "3057.00000", "2013-06-30": 1882, "2013-03-31": 2591, "2012-12-31": 4076, "2012-09-30": "2853.00000", "2012-06-30": 3667, "2012-03-31": 2467, "2011-12-31": 1713, "2011-09-30": "3057.00000", "2011-06-30": 2539, "2011-03-31": 2906, "2010-12-31": 3401, "2010-09-30": "3081.00000", "2010-06-30": 2295, "2010-03-31": 2585, "2009-12-31": 4659, "2009-09-30": "3307.00000", "2009-06-30": 2471, "2009-03-31": 2613, "2008-12-31": 5004, "2008-09-30": "3348.00000", "2008-06-30": 3016, "2008-03-31": 2710, "2007-12-31": 3270, "2007-09-30": "3079.00000", "2007-06-30": 2268, "2007-03-31": 2512, "2006-12-31": 2862, "2006-09-30": "2698.00000", "2006-06-30": 1898, "2006-03-31": 2211, "2005-12-31": 2546, "2005-09-30": "2029.00000", "2005-06-30": 1392, "2005-03-31": 5531}, "Total Depreciation And Amortization - Cash Flow": {"2020-12-31": 671, "2020-09-30": "671.00000", "2020-06-30": 814, "2020-03-31": 799, "2019-12-31": 677, "2019-09-30": "723.00000", "2019-06-30": 820, "2019-03-31": 711, "2018-12-31": 650, "2018-09-30": "643.00000", "2018-06-30": 750, "2018-03-31": 716, "2017-12-31": 676, "2017-09-30": "692.00000", "2017-06-30": 720, "2017-03-31": 665, "2016-12-31": 707, "2016-09-30": "728.00000", "2016-06-30": 839, "2016-03-31": 785, "2015-12-31": 723, "2015-09-30": "731.00000", "2015-06-30": 808, "2015-03-31": 786, "2014-12-31": 746, "2014-09-30": "794.00000", "2014-06-30": 824, "2014-03-31": 791, "2013-12-31": 755, "2013-09-30": "771.00000", "2013-06-30": 794, "2013-03-31": 740, "2012-12-31": 738, "2012-09-30": "710.00000", "2012-06-30": 777, "2012-03-31": 971, "2011-12-31": 713, "2011-09-30": "743.00000", "2011-06-30": 735, "2011-03-31": 703, "2010-12-31": 711, "2010-09-30": "689.00000", "2010-06-30": 780, "2010-03-31": 799, "2009-12-31": 758, "2009-09-30": "771.00000", "2009-06-30": 854, "2009-03-31": 725, "2008-12-31": 693, "2008-09-30": "810.00000", "2008-06-30": 896, "2008-03-31": 767, "2007-12-31": 751, "2007-09-30": "752.00000", "2007-06-30": 763, "2007-03-31": 878, "2006-12-31": 705, "2006-09-30": "784.00000", "2006-06-30": 736, "2006-03-31": 733, "2005-12-31": 710, "2005-09-30": "448.00000", "2005-06-30": 481, "2005-03-31": 1403}, "Other Non-Cash Items": {"2020-12-31": 627, "2020-09-30": "270.00000", "2020-06-30": 329, "2020-03-31": 108, "2019-12-31": 118, "2019-09-30": "-478.00000", "2019-06-30": 8179, "2019-03-31": 57, "2018-12-31": 73, "2018-09-30": "-225.00000", "2018-06-30": 916, "2018-03-31": 245, "2017-12-31": -2438, "2017-09-30": "429.00000", "2017-06-30": -103, "2017-03-31": 50, "2016-12-31": -4936, "2016-09-30": "-208.00000", "2016-06-30": -550, "2016-03-31": -166, "2015-12-31": 25, "2015-09-30": "620.00000", "2015-06-30": 1918, "2015-03-31": 202, "2014-12-31": 791, "2014-09-30": "805.00000", "2014-06-30": 153, "2014-03-31": 318, "2013-12-31": -49, "2013-09-30": "71.00000", "2013-06-30": 12, "2013-03-31": 149, "2012-12-31": -774, "2012-09-30": "44.00000", "2012-06-30": -1865, "2012-03-31": 80, "2011-12-31": 1363, "2011-09-30": "204.00000", "2011-06-30": -72, "2011-03-31": 92, "2010-12-31": 182, "2010-09-30": "137.00000", "2010-06-30": -51, "2010-03-31": 309, "2009-12-31": -2310, "2009-09-30": "-129.00000", "2009-06-30": 641, "2009-03-31": -17, "2008-12-31": -1945, "2008-09-30": "56.00000", "2008-06-30": 242, "2008-03-31": 907, "2007-12-31": 138, "2007-09-30": "198.00000", "2007-06-30": -20, "2007-03-31": 298, "2006-12-31": 176, "2006-09-30": "314.00000", "2006-06-30": -43, "2006-03-31": 37, "2005-12-31": 100, "2005-09-30": "379.00000", "2005-06-30": 273, "2005-03-31": 815}, "Total Non-Cash Items": {"2020-12-31": 1298, "2020-09-30": "941.00000", "2020-06-30": 1143, "2020-03-31": 907, "2019-12-31": 795, "2019-09-30": "245.00000", "2019-06-30": 8999, "2019-03-31": 768, "2018-12-31": 723, "2018-09-30": "418.00000", "2018-06-30": 1666, "2018-03-31": 961, "2017-12-31": -1762, "2017-09-30": "1121.00000", "2017-06-30": 617, "2017-03-31": 715, "2016-12-31": -4229, "2016-09-30": "520.00000", "2016-06-30": 289, "2016-03-31": 619, "2015-12-31": 748, "2015-09-30": "1351.00000", "2015-06-30": 2726, "2015-03-31": 988, "2014-12-31": 1537, "2014-09-30": "1599.00000", "2014-06-30": 977, "2014-03-31": 1109, "2013-12-31": 706, "2013-09-30": "842.00000", "2013-06-30": 806, "2013-03-31": 889, "2012-12-31": -36, "2012-09-30": "754.00000", "2012-06-30": -1088, "2012-03-31": 1051, "2011-12-31": 2076, "2011-09-30": "947.00000", "2011-06-30": 663, "2011-03-31": 795, "2010-12-31": 893, "2010-09-30": "826.00000", "2010-06-30": 729, "2010-03-31": 1108, "2009-12-31": -1552, "2009-09-30": "642.00000", "2009-06-30": 1495, "2009-03-31": 708, "2008-12-31": -1252, "2008-09-30": "866.00000", "2008-06-30": 1138, "2008-03-31": 1674, "2007-12-31": 889, "2007-09-30": "950.00000", "2007-06-30": 743, "2007-03-31": 1176, "2006-12-31": 881, "2006-09-30": "1098.00000", "2006-06-30": 693, "2006-03-31": 770, "2005-12-31": 810, "2005-09-30": "827.00000", "2005-06-30": 754, "2005-03-31": 2218}, "Change In Accounts Receivable": {"2020-12-31": 363, "2020-09-30": "-825.00000", "2020-06-30": 499, "2020-03-31": 392, "2019-12-31": 4, "2019-09-30": "-261.00000", "2019-06-30": 273, "2019-03-31": -151, "2018-12-31": 77, "2018-09-30": "-475.00000", "2018-06-30": 273, "2018-03-31": 97, "2017-12-31": -243, "2017-09-30": "-304.00000", "2017-06-30": -163, "2017-03-31": 436, "2016-12-31": -171, "2016-09-30": "-424.00000", "2016-06-30": 164, "2016-03-31": 359, "2015-12-31": -120, "2015-09-30": "-368.00000", "2015-06-30": 41, "2015-03-31": 650, "2014-12-31": -241, "2014-09-30": "-101.00000", "2014-06-30": -63, "2014-03-31": 526, "2013-12-31": -373, "2013-09-30": "-3.00000", "2013-06-30": 89, "2013-03-31": 410, "2012-12-31": -119, "2012-09-30": "-795.00000", "2012-06-30": -80, "2012-03-31": 732, "2011-12-31": -440, "2011-09-30": "-639.00000", "2011-06-30": 69, "2011-03-31": 436, "2010-12-31": -497, "2010-09-30": "-434.00000", "2010-06-30": 324, "2010-03-31": 488, "2009-12-31": -313, "2009-09-30": "-513.00000", "2009-06-30": 166, "2009-03-31": 1024, "2008-12-31": -50, "2008-09-30": "-725.00000", "2008-06-30": 179, "2008-03-31": 956, "2007-12-31": -108, "2007-09-30": "-595.00000", "2007-06-30": 137, "2007-03-31": 802, "2006-12-31": -759, "2006-09-30": "-909.00000", "2006-06-30": -274, "2006-03-31": 707, "2005-12-31": -418, "2005-09-30": "-539.00000", "2005-06-30": 111, "2005-03-31": -197}, "Change In Inventories": {"2020-12-31": -80, "2020-09-30": "-137.00000", "2020-06-30": -104, "2020-03-31": 0, "2019-12-31": 16, "2019-09-30": "-549.00000", "2019-06-30": 362, "2019-03-31": -70, "2018-12-31": -37, "2018-09-30": "-494.00000", "2018-06-30": 269, "2018-03-31": 0, "2017-12-31": -100, "2017-09-30": "-357.00000", "2017-06-30": 216, "2017-03-31": 102, "2016-12-31": 40, "2016-09-30": "-287.00000", "2016-06-30": 210, "2016-03-31": 292, "2015-12-31": 133, "2015-09-30": "-519.00000", "2015-06-30": 503, "2015-03-31": 316, "2014-12-31": 62, "2014-09-30": "-568.00000", "2014-06-30": 363, "2014-03-31": 91, "2013-12-31": 6, "2013-09-30": "-452.00000", "2013-06-30": 267, "2013-03-31": -168, "2012-12-31": 178, "2012-09-30": "-502.00000", "2012-06-30": 364, "2012-03-31": 210, "2011-12-31": 430, "2011-09-30": "-927.00000", "2011-06-30": 316, "2011-03-31": -38, "2010-12-31": -175, "2010-09-30": "-604.00000", "2010-06-30": 113, "2010-03-31": -75, "2009-12-31": 144, "2009-09-30": "-96.00000", "2009-06-30": 1034, "2009-03-31": 512, "2008-12-31": 8, "2008-09-30": "-833.00000", "2008-06-30": 27, "2008-03-31": -488, "2007-12-31": 76, "2007-09-30": "-665.00000", "2007-06-30": 247, "2007-03-31": -150, "2006-12-31": 20, "2006-09-30": "-506.00000", "2006-06-30": 544, "2006-03-31": -234, "2005-12-31": 222, "2005-09-30": "-149.00000", "2005-06-30": 134, "2005-03-31": -778}, "Change In Accounts Payable": {"2020-12-31": 0, "2020-09-30": "", "2020-06-30": 0, "2020-03-31": 0, "2019-12-31": 0, "2019-09-30": "", "2019-06-30": 0, "2019-03-31": 0, "2018-12-31": 0, "2018-09-30": "", "2018-06-30": 0, "2018-03-31": 0, "2017-12-31": 0, "2017-09-30": "", "2017-06-30": 0, "2017-03-31": 0, "2016-12-31": 0, "2016-09-30": "", "2016-06-30": 0, "2016-03-31": 0, "2015-12-31": 0, "2015-09-30": "", "2015-06-30": 0, "2015-03-31": 0, "2014-12-31": 0, "2014-09-30": "", "2014-06-30": 0, "2014-03-31": 0, "2013-12-31": 0, "2013-09-30": "", "2013-06-30": 0, "2013-03-31": 0, "2012-12-31": 0, "2012-09-30": "", "2012-06-30": 0, "2012-03-31": 0, "2011-12-31": 0, "2011-09-30": "", "2011-06-30": 0, "2011-03-31": 0, "2010-12-31": 0, "2010-09-30": "", "2010-06-30": 0, "2010-03-31": 0, "2009-12-31": 0, "2009-09-30": "", "2009-06-30": 0, "2009-03-31": 0, "2008-12-31": 0, "2008-09-30": "", "2008-06-30": 0, "2008-03-31": 0, "2007-12-31": 0, "2007-09-30": "", "2007-06-30": 0, "2007-03-31": 0, "2006-12-31": 0, "2006-09-30": "", "2006-06-30": 0, "2006-03-31": 0, "2005-12-31": 0, "2005-09-30": "", "2005-06-30": 0, "2005-03-31": 0}, "Change In Assets/Liabilities": {"2020-12-31": 16, "2020-09-30": "-30.00000", "2020-06-30": -652, "2020-03-31": -3, "2019-12-31": -20, "2019-09-30": "-35.00000", "2019-06-30": -436, "2019-03-31": -167, "2018-12-31": -286, "2018-09-30": "-84.00000", "2018-06-30": -331, "2018-03-31": -193, "2017-12-31": 2554, "2017-09-30": "-30.00000", "2017-06-30": -262, "2017-03-31": 67, "2016-12-31": 17, "2016-09-30": "135.00000", "2016-06-30": 37, "2016-03-31": -207, "2015-12-31": 233, "2015-09-30": "141.00000", "2015-06-30": -153, "2015-03-31": -659, "2014-12-31": 152, "2014-09-30": "-316.00000", "2014-06-30": -552, "2014-03-31": -146, "2013-12-31": -128, "2013-09-30": "-731.00000", "2013-06-30": -415, "2013-03-31": -73, "2012-12-31": 159, "2012-09-30": "397.00000", "2012-06-30": -575, "2012-03-31": -99, "2011-12-31": 64, "2011-09-30": "166.00000", "2011-06-30": -390, "2011-03-31": -160, "2010-12-31": -690, "2010-09-30": "19.00000", "2010-06-30": -313, "2010-03-31": -355, "2009-12-31": -86, "2009-09-30": "398.00000", "2009-06-30": -501, "2009-03-31": -107, "2008-12-31": -534, "2008-09-30": "384.00000", "2008-06-30": -1149, "2008-03-31": -295, "2007-12-31": -19, "2007-09-30": "193.00000", "2007-06-30": -189, "2007-03-31": 148, "2006-12-31": -212, "2006-09-30": "102.00000", "2006-06-30": -427, "2006-03-31": 15, "2005-12-31": -271, "2005-09-30": "175.00000", "2005-06-30": -277, "2005-03-31": -221}, "Total Change In Assets/Liabilities": {"2020-12-31": 169, "2020-09-30": "-550.00000", "2020-06-30": 928, "2020-03-31": 169, "2019-12-31": -193, "2019-09-30": "306.00000", "2019-06-30": 614, "2019-03-31": -88, "2018-12-31": -38, "2018-09-30": "-120.00000", "2018-06-30": 844, "2018-03-31": -201, "2017-12-31": 2833, "2017-09-30": "-456.00000", "2017-06-30": 755, "2017-03-31": -212, "2016-12-31": -708, "2016-09-30": "-278.00000", "2016-06-30": 1895, "2016-03-31": -77, "2015-12-31": 270, "2015-09-30": "-448.00000", "2015-06-30": 1173, "2015-03-31": 210, "2014-12-31": -596, "2014-09-30": "-173.00000", "2014-06-30": 909, "2014-03-31": 502, "2013-12-31": -877, "2013-09-30": "-1995.00000", "2013-06-30": 1278, "2013-03-31": 373, "2012-12-31": -134, "2012-09-30": "-836.00000", "2012-06-30": 1245, "2012-03-31": 294, "2011-12-31": -476, "2011-09-30": "-1879.00000", "2011-06-30": 576, "2011-03-31": 392, "2010-12-31": -1436, "2010-09-30": "-1322.00000", "2010-06-30": 372, "2010-03-31": 943, "2009-12-31": 240, "2009-09-30": "607.00000", "2009-06-30": 970, "2009-03-31": 1084, "2008-12-31": -1642, "2008-09-30": "-776.00000", "2008-06-30": -378, "2008-03-31": -130, "2007-12-31": -90, "2007-09-30": "-993.00000", "2007-06-30": 150, "2007-03-31": 559, "2006-12-31": -1417, "2006-09-30": "-839.00000", "2006-06-30": 655, "2006-03-31": 523, "2005-12-31": -841, "2005-09-30": "-756.00000", "2005-06-30": -18, "2005-03-31": -1311}, "Cash Flow From Operating Activities": {"2020-12-31": 5424, "2020-09-30": "4739.00000", "2020-06-30": 4806, "2020-03-31": 4064, "2019-12-31": 4364, "2019-09-30": "4169.00000", "2019-06-30": 4151, "2019-03-31": 3517, "2018-12-31": 4007, "2018-09-30": "3567.00000", "2018-06-30": 4199, "2018-03-31": 3353, "2017-12-31": 3684, "2017-09-30": "3631.00000", "2017-06-30": 3688, "2017-03-31": 3040, "2016-12-31": 3000, "2016-09-30": "3025.00000", "2016-06-30": 4139, "2016-03-31": 3278, "2015-12-31": 4480, "2015-09-30": "3538.00000", "2015-06-30": 3988, "2015-03-31": 3552, "2014-12-31": 3435, "2014-09-30": "3633.00000", "2014-06-30": 4506, "2014-03-31": 4109, "2013-12-31": 3299, "2013-09-30": "2044.00000", "2013-06-30": 4392, "2013-03-31": 3862, "2012-12-31": 3849, "2012-09-30": "2770.00000", "2012-06-30": 3973, "2012-03-31": 3816, "2011-12-31": 3328, "2011-09-30": "2167.00000", "2011-06-30": 3878, "2011-03-31": 4076, "2010-12-31": 2924, "2010-09-30": "2452.00000", "2010-06-30": 3372, "2010-03-31": 4910, "2009-12-31": 3294, "2009-09-30": "4555.00000", "2009-06-30": 4996, "2009-03-31": 4283, "2008-12-31": 2196, "2008-09-30": "3444.00000", "2008-06-30": 3813, "2008-03-31": 4115, "2007-12-31": 3850, "2007-09-30": "3230.00000", "2007-06-30": 3557, "2007-03-31": 4450, "2006-12-31": 2450, "2006-09-30": "2953.00000", "2006-06-30": 3190, "2006-03-31": 3439, "2005-12-31": 2575, "2005-09-30": "2171.00000", "2005-06-30": 2090, "2005-03-31": 6589}, "Net Change In Property, Plant, And Equipment": {"2020-12-31": -549, "2020-09-30": "-829.00000", "2020-06-30": -656, "2020-03-31": -718, "2019-12-31": -596, "2019-09-30": "-1073.00000", "2019-06-30": -442, "2019-03-31": -748, "2018-12-31": -692, "2018-09-30": "-1071.00000", "2018-06-30": -884, "2018-03-31": -865, "2017-12-31": -687, "2017-09-30": "-1012.00000", "2017-06-30": -994, "2017-03-31": -670, "2016-12-31": -648, "2016-09-30": "-501.00000", "2016-06-30": -973, "2016-03-31": -766, "2015-12-31": -649, "2015-09-30": "-494.00000", "2015-06-30": -491, "2015-03-31": -753, "2014-12-31": -132, "2014-09-30": "2138.00000", "2014-06-30": -731, "2014-03-31": -892, "2013-12-31": -925, "2013-09-30": "-723.00000", "2013-06-30": -1557, "2013-03-31": -812, "2012-12-31": -316, "2012-09-30": "-739.00000", "2012-06-30": 1302, "2012-03-31": -831, "2011-12-31": -714, "2011-09-30": "-828.00000", "2011-06-30": -1104, "2011-03-31": -743, "2010-12-31": -729, "2010-09-30": "-505.00000", "2010-06-30": -1066, "2010-03-31": -698, "2009-12-31": 2108, "2009-09-30": "-343.00000", "2009-06-30": -1089, "2009-03-31": -658, "2008-12-31": -250, "2008-09-30": "-154.00000", "2008-06-30": -1025, "2008-03-31": -656, "2007-12-31": -171, "2007-09-30": "-266.00000", "2007-06-30": -925, "2007-03-31": -635, "2006-12-31": -635, "2006-09-30": "-469.00000", "2006-06-30": -471, "2006-03-31": -624, "2005-12-31": -315, "2005-09-30": "-375.00000", "2005-06-30": -646, "2005-03-31": -1018}, "Net Change In Intangible Assets": {"2020-12-31": 0, "2020-09-30": "", "2020-06-30": 0, "2020-03-31": 0, "2019-12-31": 0, "2019-09-30": "", "2019-06-30": 0, "2019-03-31": 0, "2018-12-31": 0, "2018-09-30": "", "2018-06-30": 0, "2018-03-31": 0, "2017-12-31": 0, "2017-09-30": "", "2017-06-30": 0, "2017-03-31": 0, "2016-12-31": 0, "2016-09-30": "", "2016-06-30": 0, "2016-03-31": 0, "2015-12-31": 0, "2015-09-30": "", "2015-06-30": 0, "2015-03-31": 0, "2014-12-31": 0, "2014-09-30": "", "2014-06-30": 0, "2014-03-31": 0, "2013-12-31": 0, "2013-09-30": "", "2013-06-30": 0, "2013-03-31": 0, "2012-12-31": 0, "2012-09-30": "", "2012-06-30": 0, "2012-03-31": 0, "2011-12-31": 0, "2011-09-30": "", "2011-06-30": 0, "2011-03-31": 0, "2010-12-31": 0, "2010-09-30": "", "2010-06-30": 0, "2010-03-31": 0, "2009-12-31": 0, "2009-09-30": "", "2009-06-30": 0, "2009-03-31": 0, "2008-12-31": 0, "2008-09-30": "", "2008-06-30": 0, "2008-03-31": 0, "2007-12-31": 0, "2007-09-30": "", "2007-06-30": 0, "2007-03-31": 0, "2006-12-31": 0, "2006-09-30": "", "2006-06-30": 0, "2006-03-31": 0, "2005-12-31": 0, "2005-09-30": "", "2005-06-30": 0, "2005-03-31": 0}, "Net Acquisitions/Divestitures": {"2020-12-31": 0, "2020-09-30": "", "2020-06-30": 0, "2020-03-31": -4, "2019-12-31": -54, "2019-09-30": "", "2019-06-30": -2, "2019-03-31": -95, "2018-12-31": -3611, "2018-09-30": "-237.00000", "2018-06-30": -1, "2018-03-31": -7, "2017-12-31": -101, "2017-09-30": "", "2017-06-30": 874, "2017-03-31": 0, "2016-12-31": -1351, "2016-09-30": "-14.00000", "2016-06-30": -1, "2016-03-31": -995, "2015-12-31": -186, "2015-09-30": "", "2015-06-30": -18, "2015-03-31": -7, "2014-12-31": -97, "2014-09-30": "-15.00000", "2014-06-30": -27, "2014-03-31": 2, "2013-12-31": 0, "2013-09-30": "1.00000", "2013-06-30": 3, "2013-03-31": -25, "2012-12-31": -1135, "2012-09-30": "12.00000", "2012-06-30": -130, "2012-03-31": -6, "2011-12-31": 8, "2011-09-30": "-6.00000", "2011-06-30": 15, "2011-03-31": -54, "2010-12-31": -37, "2010-09-30": "-398.00000", "2010-06-30": -360, "2010-03-31": 5, "2009-12-31": -51, "2009-09-30": "-19.00000", "2009-06-30": -53, "2009-03-31": 8, "2008-12-31": -31, "2008-09-30": "-292.00000", "2008-06-30": -417, "2008-03-31": 12, "2007-12-31": 12, "2007-09-30": "12.00000", "2007-06-30": -325, "2007-03-31": -28, "2006-12-31": -67, "2006-09-30": "-72.00000", "2006-06-30": -45, "2006-03-31": -33, "2005-12-31": 1427, "2005-09-30": "-1178.00000", "2005-06-30": -44, "2005-03-31": -528}, "Net Change In Short-term Investments": {"2020-12-31": 0, "2020-09-30": "", "2020-06-30": 0, "2020-03-31": 0, "2019-12-31": 0, "2019-09-30": "6151.00000", "2019-06-30": 1094, "2019-03-31": 1417, "2018-12-31": 468, "2018-09-30": "491.00000", "2018-06-30": 999, "2018-03-31": 975, "2017-12-31": -401, "2017-09-30": "-1554.00000", "2017-06-30": -820, "2017-03-31": -1150, "2016-12-31": -997, "2016-09-30": "-388.00000", "2016-06-30": -311, "2016-03-31": -1071, "2015-12-31": -3, "2015-09-30": "-76.00000", "2015-06-30": -1006, "2015-03-31": -714, "2014-12-31": -686, "2014-09-30": "-1241.00000", "2014-06-30": -544, "2014-03-31": 0, "2013-12-31": 0, "2013-09-30": "", "2013-06-30": -1605, "2013-03-31": 0, "2012-12-31": 0, "2012-09-30": "", "2012-06-30": 0, "2012-03-31": 0, "2011-12-31": 0, "2011-09-30": "", "2011-06-30": 0, "2011-03-31": 0, "2010-12-31": 0, "2010-09-30": "", "2010-06-30": 0, "2010-03-31": 0, "2009-12-31": 0, "2009-09-30": "", "2009-06-30": 0, "2009-03-31": 0, "2008-12-31": 0, "2008-09-30": "", "2008-06-30": 0, "2008-03-31": 0, "2007-12-31": 0, "2007-09-30": "", "2007-06-30": 0, "2007-03-31": 0, "2006-12-31": 0, "2006-09-30": "", "2006-06-30": 0, "2006-03-31": 0, "2005-12-31": 0, "2005-09-30": "", "2005-06-30": 0, "2005-03-31": 0}, "Net Change In Long-Term Investments": {"2020-12-31": 0, "2020-09-30": "", "2020-06-30": -3, "2020-03-31": -3, "2019-12-31": 0, "2019-09-30": "1.00000", "2019-06-30": -3, "2019-03-31": -1, "2018-12-31": -10, "2018-09-30": "-48.00000", "2018-06-30": -17, "2018-03-31": -6, "2017-12-31": 18, "2017-09-30": "32.00000", "2017-06-30": -52, "2017-03-31": 18, "2016-12-31": 4, "2016-09-30": "4.00000", "2016-06-30": 93, "2016-03-31": 31, "2015-12-31": -55, "2015-09-30": "24.00000", "2015-06-30": 1243, "2015-03-31": 633, "2014-12-31": -396, "2014-09-30": "-440.00000", "2014-06-30": -100, "2014-03-31": -12, "2013-12-31": -25, "2013-09-30": "-124.00000", "2013-06-30": 1539, "2013-03-31": -1481, "2012-12-31": -167, "2012-09-30": "-12.00000", "2012-06-30": 22, "2012-03-31": 19, "2011-12-31": 96, "2011-09-30": "-25.00000", "2011-06-30": -24, "2011-03-31": -31, "2010-12-31": 153, "2010-09-30": "-25.00000", "2010-06-30": -141, "2010-03-31": 17, "2009-12-31": -33, "2009-09-30": "-16.00000", "2009-06-30": 50, "2009-03-31": 64, "2008-12-31": 18, "2008-09-30": "34.00000", "2008-06-30": 138, "2008-03-31": 314, "2007-12-31": -337, "2007-09-30": "-165.00000", "2007-06-30": -52, "2007-03-31": 105, "2006-12-31": 527, "2006-09-30": "93.00000", "2006-06-30": 393, "2006-03-31": 452, "2005-12-31": 56, "2005-09-30": "-17.00000", "2005-06-30": -44, "2005-03-31": -56}, "Net Change In Investments - Total": {"2020-12-31": 0, "2020-09-30": "", "2020-06-30": -3, "2020-03-31": -3, "2019-12-31": 0, "2019-09-30": "6152.00000", "2019-06-30": 1091, "2019-03-31": 1416, "2018-12-31": 458, "2018-09-30": "443.00000", "2018-06-30": 982, "2018-03-31": 969, "2017-12-31": -383, "2017-09-30": "-1522.00000", "2017-06-30": -872, "2017-03-31": -1132, "2016-12-31": -993, "2016-09-30": "-384.00000", "2016-06-30": -218, "2016-03-31": -1040, "2015-12-31": -58, "2015-09-30": "-52.00000", "2015-06-30": 237, "2015-03-31": -81, "2014-12-31": -1082, "2014-09-30": "-1681.00000", "2014-06-30": -644, "2014-03-31": -12, "2013-12-31": -25, "2013-09-30": "-124.00000", "2013-06-30": -66, "2013-03-31": -1481, "2012-12-31": -167, "2012-09-30": "-12.00000", "2012-06-30": 22, "2012-03-31": 19, "2011-12-31": 96, "2011-09-30": "-25.00000", "2011-06-30": -24, "2011-03-31": -31, "2010-12-31": 153, "2010-09-30": "-25.00000", "2010-06-30": -141, "2010-03-31": 17, "2009-12-31": -33, "2009-09-30": "-16.00000", "2009-06-30": 50, "2009-03-31": 64, "2008-12-31": 18, "2008-09-30": "34.00000", "2008-06-30": 138, "2008-03-31": 314, "2007-12-31": -337, "2007-09-30": "-165.00000", "2007-06-30": -52, "2007-03-31": 105, "2006-12-31": 527, "2006-09-30": "93.00000", "2006-06-30": 393, "2006-03-31": 452, "2005-12-31": 56, "2005-09-30": "-17.00000", "2005-06-30": -44, "2005-03-31": -56}, "Investing Activities - Other": {"2020-12-31": 0, "2020-09-30": "", "2020-06-30": 0, "2020-03-31": 0, "2019-12-31": 0, "2019-09-30": "", "2019-06-30": 0, "2019-03-31": 0, "2018-12-31": 0, "2018-09-30": "", "2018-06-30": 0, "2018-03-31": 0, "2017-12-31": 0, "2017-09-30": "", "2017-06-30": -1870, "2017-03-31": 0, "2016-12-31": 3092, "2016-09-30": "-1222.00000", "2016-06-30": 0, "2016-03-31": -143, "2015-12-31": 0, "2015-09-30": "", "2015-06-30": -908, "2015-03-31": 0, "2014-12-31": 0, "2014-09-30": "", "2014-06-30": 0, "2014-03-31": 0, "2013-12-31": 0, "2013-09-30": "", "2013-06-30": 0, "2013-03-31": 0, "2012-12-31": 0, "2012-09-30": "", "2012-06-30": 0, "2012-03-31": 0, "2011-12-31": 0, "2011-09-30": "", "2011-06-30": 0, "2011-03-31": 0, "2010-12-31": 0, "2010-09-30": "", "2010-06-30": 0, "2010-03-31": 0, "2009-12-31": 0, "2009-09-30": "", "2009-06-30": 0, "2009-03-31": 0, "2008-12-31": 0, "2008-09-30": "", "2008-06-30": 0, "2008-03-31": 0, "2007-12-31": 0, "2007-09-30": "", "2007-06-30": 0, "2007-03-31": 0, "2006-12-31": 0, "2006-09-30": "", "2006-06-30": 0, "2006-03-31": 0, "2005-12-31": 0, "2005-09-30": "", "2005-06-30": 0, "2005-03-31": 0}, "Cash Flow From Investing Activities": {"2020-12-31": -549, "2020-09-30": "-829.00000", "2020-06-30": -659, "2020-03-31": -725, "2019-12-31": -650, "2019-09-30": "5079.00000", "2019-06-30": 647, "2019-03-31": 573, "2018-12-31": -3845, "2018-09-30": "-865.00000", "2018-06-30": 97, "2018-03-31": 97, "2017-12-31": -1171, "2017-09-30": "-2534.00000", "2017-06-30": -2862, "2017-03-31": -1802, "2016-12-31": 100, "2016-09-30": "-2121.00000", "2016-06-30": -1192, "2016-03-31": -2944, "2015-12-31": -893, "2015-09-30": "-546.00000", "2015-06-30": -1180, "2015-03-31": -841, "2014-12-31": -1311, "2014-09-30": "442.00000", "2014-06-30": -1402, "2014-03-31": -902, "2013-12-31": -950, "2013-09-30": "-846.00000", "2013-06-30": -1620, "2013-03-31": -2318, "2012-12-31": -1618, "2012-09-30": "-739.00000", "2012-06-30": 1194, "2012-03-31": -818, "2011-12-31": -610, "2011-09-30": "-859.00000", "2011-06-30": -1113, "2011-03-31": -828, "2010-12-31": -613, "2010-09-30": "-928.00000", "2010-06-30": -1567, "2010-03-31": -676, "2009-12-31": 2024, "2009-09-30": "-378.00000", "2009-06-30": -1092, "2009-03-31": -586, "2008-12-31": -263, "2008-09-30": "-412.00000", "2008-06-30": -1304, "2008-03-31": -330, "2007-12-31": -496, "2007-09-30": "-419.00000", "2007-06-30": -1302, "2007-03-31": -558, "2006-12-31": -175, "2006-09-30": "-448.00000", "2006-06-30": -123, "2006-03-31": -205, "2005-12-31": 1168, "2005-09-30": "-1570.00000", "2005-06-30": -734, "2005-03-31": -1602}, "Net Long-Term Debt": {"2020-12-31": -1766, "2020-09-30": "-25.00000", "2020-06-30": -913, "2020-03-31": 4963, "2019-12-31": -1546, "2019-09-30": "", "2019-06-30": 32, "2019-03-31": -24, "2018-12-31": 1390, "2018-09-30": "", "2018-06-30": -1471, "2018-03-31": -121, "2017-12-31": 1818, "2017-09-30": "1973.00000", "2017-06-30": 1051, "2017-03-31": 9, "2016-12-31": -2278, "2016-09-30": "-110.00000", "2016-06-30": -3, "2016-03-31": 2224, "2015-12-31": 19, "2015-09-30": "-537.00000", "2015-06-30": 122, "2015-03-31": -697, "2014-12-31": 1103, "2014-09-30": "-1902.00000", "2014-06-30": -2037, "2014-03-31": -1992, "2013-12-31": 3195, "2013-09-30": "1073.00000", "2013-06-30": 75, "2013-03-31": 14, "2012-12-31": -2484, "2012-09-30": "974.00000", "2012-06-30": -35, "2012-03-31": 1995, "2011-12-31": -1499, "2011-09-30": "975.00000", "2011-06-30": -18, "2011-03-31": -28, "2010-12-31": 1393, "2010-09-30": "-17.00000", "2010-06-30": -1546, "2010-03-31": 504, "2009-12-31": -184, "2009-09-30": "-3490.00000", "2009-06-30": -397, "2009-03-31": 2007, "2008-12-31": 1138, "2008-09-30": "-409.00000", "2008-06-30": -966, "2008-03-31": -2602, "2007-12-31": 589, "2007-09-30": "-1680.00000", "2007-06-30": 1514, "2007-03-31": -2204, "2006-12-31": -11937, "2006-09-30": "-544.00000", "2006-06-30": 4494, "2006-03-31": -41, "2005-12-31": 6056, "2005-09-30": "6754.00000", "2005-06-30": -370, "2005-03-31": 1465}, "Net Current Debt": {"2020-12-31": 150, "2020-09-30": "-3568.00000", "2020-06-30": -675, "2020-03-31": 3088, "2019-12-31": -7, "2019-09-30": "-61.00000", "2019-06-30": -383, "2019-03-31": -3038, "2018-12-31": 1182, "2018-09-30": "24.00000", "2018-06-30": -2178, "2018-03-31": -2783, "2017-12-31": 1476, "2017-09-30": "48.00000", "2017-06-30": -829, "2017-03-31": 841, "2016-12-31": 1196, "2016-09-30": "1519.00000", "2016-06-30": -1953, "2016-03-31": -485, "2015-12-31": 1570, "2015-09-30": "450.00000", "2015-06-30": -2439, "2015-03-31": -493, "2014-12-31": 247, "2014-09-30": "105.00000", "2014-06-30": 1045, "2014-03-31": 2688, "2013-12-31": -2291, "2013-09-30": "1862.00000", "2013-06-30": -746, "2013-03-31": -820, "2012-12-31": 3939, "2012-09-30": "1033.00000", "2012-06-30": -3290, "2012-03-31": -2538, "2011-12-31": 1199, "2011-09-30": "1217.00000", "2011-06-30": 571, "2011-03-31": -1368, "2010-12-31": -1464, "2010-09-30": "2412.00000", "2010-06-30": 1683, "2010-03-31": -579, "2009-12-31": -4816, "2009-09-30": "1914.00000", "2009-06-30": -1976, "2009-03-31": -4540, "2008-12-31": 660, "2008-09-30": "3436.00000", "2008-06-30": 911, "2008-03-31": 285, "2007-12-31": 159, "2007-09-30": "1295.00000", "2007-06-30": -68, "2007-03-31": -799, "2006-12-31": 9879, "2006-09-30": "-6.00000", "2006-06-30": -2618, "2006-03-31": -541, "2005-12-31": -4238, "2005-09-30": "-1230.00000", "2005-06-30": 699, "2005-03-31": 1317}, "Debt Issuance/Retirement Net - Total": {"2020-12-31": -1616, "2020-09-30": "-3593.00000", "2020-06-30": -1588, "2020-03-31": 8051, "2019-12-31": -1553, "2019-09-30": "-61.00000", "2019-06-30": -351, "2019-03-31": -3062, "2018-12-31": 2572, "2018-09-30": "24.00000", "2018-06-30": -3649, "2018-03-31": -2904, "2017-12-31": 3294, "2017-09-30": "2021.00000", "2017-06-30": 222, "2017-03-31": 850, "2016-12-31": -1082, "2016-09-30": "1409.00000", "2016-06-30": -1956, "2016-03-31": 1739, "2015-12-31": 1589, "2015-09-30": "-87.00000", "2015-06-30": -2317, "2015-03-31": -1190, "2014-12-31": 1350, "2014-09-30": "-1797.00000", "2014-06-30": -992, "2014-03-31": 696, "2013-12-31": 904, "2013-09-30": "2935.00000", "2013-06-30": -671, "2013-03-31": -806, "2012-12-31": 1455, "2012-09-30": "2007.00000", "2012-06-30": -3325, "2012-03-31": -543, "2011-12-31": -300, "2011-09-30": "2192.00000", "2011-06-30": 553, "2011-03-31": -1396, "2010-12-31": -71, "2010-09-30": "2395.00000", "2010-06-30": 137, "2010-03-31": -75, "2009-12-31": -5000, "2009-09-30": "-1576.00000", "2009-06-30": -2373, "2009-03-31": -2533, "2008-12-31": 1798, "2008-09-30": "3027.00000", "2008-06-30": -55, "2008-03-31": -2317, "2007-12-31": 748, "2007-09-30": "-385.00000", "2007-06-30": 1446, "2007-03-31": -3003, "2006-12-31": -2058, "2006-09-30": "-550.00000", "2006-06-30": 1876, "2006-03-31": -582, "2005-12-31": 1818, "2005-09-30": "5524.00000", "2005-06-30": 329, "2005-03-31": 2782}, "Net Common Equity Issued/Repurchased": {"2020-12-31": -3008, "2020-09-30": "-2000.00000", "2020-06-30": 0, "2020-03-31": -901, "2019-12-31": -3504, "2019-09-30": "-3000.00000", "2019-06-30": -1750, "2019-03-31": -1250, "2018-12-31": -751, "2018-09-30": "-1252.00000", "2018-06-30": -1370, "2018-03-31": -1381, "2017-12-31": -1751, "2017-09-30": "-2502.00000", "2017-06-30": -700, "2017-03-31": -2001, "2016-12-31": -1501, "2016-09-30": "-1002.00000", "2016-06-30": -500, "2016-03-31": -2731, "2015-12-31": -2001, "2015-09-30": "-502.00000", "2015-06-30": -350, "2015-03-31": -1, "2014-12-31": -1875, "2014-09-30": "-2378.00000", "2014-06-30": -500, "2014-03-31": -1501, "2013-12-31": -1502, "2013-09-30": "-2502.00000", "2013-06-30": -1001, "2013-03-31": -1001, "2012-12-31": -1400, "2012-09-30": "-2584.00000", "2012-06-30": -1, "2012-03-31": -2259, "2011-12-31": -503, "2011-09-30": "-1261.00000", "2011-06-30": -2503, "2011-03-31": -1008, "2010-12-31": -518, "2010-09-30": "-3010.00000", "2010-06-30": -3118, "2010-03-31": -1790, "2009-12-31": -1205, "2009-09-30": "109.00000", "2009-06-30": -588, "2009-03-31": -1090, "2008-12-31": -1186, "2008-09-30": "-3506.00000", "2008-06-30": -3448, "2008-03-31": -2097, "2007-12-31": -2381, "2007-09-30": "-2121.00000", "2007-06-30": -2730, "2007-03-31": -865, "2006-12-31": -1046, "2006-09-30": "-937.00000", "2006-06-30": -7353, "2006-03-31": -955, "2005-12-31": -3109, "2005-09-30": "-5413.00000", "2005-06-30": -1852, "2005-03-31": -3174}, "Net Total Equity Issued/Repurchased": {"2020-12-31": -3008, "2020-09-30": "-2000.00000", "2020-06-30": 0, "2020-03-31": -901, "2019-12-31": -3504, "2019-09-30": "-3000.00000", "2019-06-30": -1750, "2019-03-31": -1250, "2018-12-31": -751, "2018-09-30": "-1252.00000", "2018-06-30": -1370, "2018-03-31": -1381, "2017-12-31": -1751, "2017-09-30": "-2502.00000", "2017-06-30": -700, "2017-03-31": -2001, "2016-12-31": -1501, "2016-09-30": "-1002.00000", "2016-06-30": -500, "2016-03-31": -2731, "2015-12-31": -2001, "2015-09-30": "-502.00000", "2015-06-30": -350, "2015-03-31": -1, "2014-12-31": -1875, "2014-09-30": "-2378.00000", "2014-06-30": -500, "2014-03-31": -1501, "2013-12-31": -1502, "2013-09-30": "-2502.00000", "2013-06-30": -1001, "2013-03-31": -1001, "2012-12-31": -1400, "2012-09-30": "-2584.00000", "2012-06-30": -1, "2012-03-31": -2259, "2011-12-31": -503, "2011-09-30": "-1261.00000", "2011-06-30": -2503, "2011-03-31": -1008, "2010-12-31": -518, "2010-09-30": "-3010.00000", "2010-06-30": -3118, "2010-03-31": -1790, "2009-12-31": -1205, "2009-09-30": "109.00000", "2009-06-30": -588, "2009-03-31": -1090, "2008-12-31": -1186, "2008-09-30": "-3506.00000", "2008-06-30": -3448, "2008-03-31": -2097, "2007-12-31": -2381, "2007-09-30": "-2121.00000", "2007-06-30": -2730, "2007-03-31": -865, "2006-12-31": -1046, "2006-09-30": "-937.00000", "2006-06-30": -7353, "2006-03-31": -955, "2005-12-31": -3109, "2005-09-30": "-5413.00000", "2005-06-30": -1852, "2005-03-31": -3174}, "Total Common And Preferred Stock Dividends Paid": {"2020-12-31": -2025, "2020-09-30": "-2030.00000", "2020-06-30": -2028, "2020-03-31": -1906, "2019-12-31": -1923, "2019-09-30": "-1932.00000", "2019-06-30": -1937, "2019-03-31": -1858, "2018-12-31": -1850, "2018-09-30": "-1853.00000", "2018-06-30": -1861, "2018-03-31": -1813, "2017-12-31": -1813, "2017-09-30": "-1823.00000", "2017-06-30": -1826, "2017-03-31": -1773, "2016-12-31": -1786, "2016-09-30": "-1851.00000", "2016-06-30": -1847, "2016-03-31": -1856, "2015-12-31": -1868, "2015-09-30": "-1865.00000", "2015-06-30": -1871, "2015-03-31": -1802, "2014-12-31": -1808, "2014-09-30": "-1806.00000", "2014-06-30": -1814, "2014-03-31": -1688, "2013-12-31": -1701, "2013-09-30": "-1708.00000", "2013-06-30": -1722, "2013-03-31": -1591, "2012-12-31": -1601, "2012-09-30": "-1605.00000", "2012-06-30": -1618, "2012-03-31": -1508, "2011-12-31": -1510, "2011-09-30": "-1503.00000", "2011-06-30": -1530, "2011-03-31": -1403, "2010-12-31": -1412, "2010-09-30": "-1422.00000", "2010-06-30": -1457, "2010-03-31": -1329, "2009-12-31": -1336, "2009-09-30": "-1336.00000", "2009-06-30": -1336, "2009-03-31": -1215, "2008-12-31": -1239, "2008-09-30": "-1254.00000", "2008-06-30": -1270, "2008-03-31": -1118, "2007-12-31": -1129, "2007-09-30": "-1138.00000", "2007-06-30": -1140, "2007-03-31": -1024, "2006-12-31": -1022, "2006-09-30": "-1023.00000", "2006-06-30": -1058, "2006-03-31": -954, "2005-12-31": -964, "2005-09-30": "-727.00000", "2005-06-30": -733, "2005-03-31": -1998}, "Financial Activities - Other": {"2020-12-31": 208, "2020-09-30": "893.00000", "2020-06-30": 217, "2020-03-31": 701, "2019-12-31": 185, "2019-09-30": "875.00000", "2019-06-30": 734, "2019-03-31": 1104, "2018-12-31": 1061, "2018-09-30": "425.00000", "2018-06-30": 19, "2018-03-31": 460, "2017-12-31": 118, "2017-09-30": "580.00000", "2017-06-30": 75, "2017-03-31": 1324, "2016-12-31": 137, "2016-09-30": "937.00000", "2016-06-30": 648, "2016-03-31": 1017, "2015-12-31": 524, "2015-09-30": "483.00000", "2015-06-30": 162, "2015-03-31": 655, "2014-12-31": 1043, "2014-09-30": "966.00000", "2014-06-30": 550, "2014-03-31": 607, "2013-12-31": 633, "2013-09-30": "304.00000", "2013-06-30": 719, "2013-03-31": 1068, "2012-12-31": 711, "2012-09-30": "951.00000", "2012-06-30": 290, "2012-03-31": 850, "2011-12-31": 436, "2011-09-30": "153.00000", "2011-06-30": 512, "2011-03-31": 228, "2010-12-31": 327, "2010-09-30": "136.00000", "2010-06-30": 662, "2010-03-31": 0, "2009-12-31": 0, "2009-09-30": "", "2009-06-30": 681, "2009-03-31": 0, "2008-12-31": 0, "2008-09-30": "", "2008-06-30": 1867, "2008-03-31": 0, "2007-12-31": 0, "2007-09-30": "", "2007-06-30": 1499, "2007-03-31": 0, "2006-12-31": 0, "2006-09-30": "", "2006-06-30": 1319, "2006-03-31": 0, "2005-12-31": 0, "2005-09-30": "", "2005-06-30": 521, "2005-03-31": 0}, "Cash Flow From Financial Activities": {"2020-12-31": -6441, "2020-09-30": "-6730.00000", "2020-06-30": -3399, "2020-03-31": 5945, "2019-12-31": -6795, "2019-09-30": "-4118.00000", "2019-06-30": -3304, "2019-03-31": -5066, "2018-12-31": 1032, "2018-09-30": "-2656.00000", "2018-06-30": -6861, "2018-03-31": -5638, "2017-12-31": -152, "2017-09-30": "-1724.00000", "2017-06-30": -2229, "2017-03-31": -1600, "2016-12-31": -4232, "2016-09-30": "-507.00000", "2016-06-30": -3655, "2016-03-31": -1831, "2015-12-31": -1756, "2015-09-30": "-1971.00000", "2015-06-30": -4376, "2015-03-31": -2338, "2014-12-31": -1290, "2014-09-30": "-5015.00000", "2014-06-30": -2756, "2014-03-31": -1886, "2013-12-31": -1666, "2013-09-30": "-971.00000", "2013-06-30": -2675, "2013-03-31": -2330, "2012-12-31": -835, "2012-09-30": "-1231.00000", "2012-06-30": -4654, "2012-03-31": -3460, "2011-12-31": -1877, "2011-09-30": "-419.00000", "2011-06-30": -2968, "2011-03-31": -3579, "2010-12-31": -1674, "2010-09-30": "-1901.00000", "2010-06-30": -3776, "2010-03-31": -3194, "2009-12-31": -7541, "2009-09-30": "-2803.00000", "2009-06-30": -3616, "2009-03-31": -4838, "2008-12-31": -627, "2008-09-30": "-1733.00000", "2008-06-30": -2906, "2008-03-31": -5532, "2007-12-31": -2762, "2007-09-30": "-3644.00000", "2007-06-30": -925, "2007-03-31": -4892, "2006-12-31": -4126, "2006-09-30": "-2510.00000", "2006-06-30": -5216, "2006-03-31": -2491, "2005-12-31": -2255, "2005-09-30": "-616.00000", "2005-06-30": -1735, "2005-03-31": -2390}, "Net Cash Flow": {"2020-12-31": -1451, "2020-09-30": "-2789.00000", "2020-06-30": 788, "2020-03-31": 9114, "2019-12-31": -3025, "2019-09-30": "5065.00000", "2019-06-30": 1501, "2019-03-31": -958, "2018-12-31": 1151, "2018-09-30": "-24.00000", "2018-06-30": -2757, "2018-03-31": -2106, "2017-12-31": 2408, "2017-09-30": "-545.00000", "2017-06-30": -1244, "2017-03-31": -234, "2016-12-31": -1405, "2016-09-30": "354.00000", "2016-06-30": -793, "2016-03-31": -1508, "2015-12-31": 1698, "2015-09-30": "869.00000", "2015-06-30": -1528, "2015-03-31": 170, "2014-12-31": 718, "2014-09-30": "-1072.00000", "2014-06-30": 383, "2014-03-31": 1253, "2013-12-31": 807, "2013-09-30": "175.00000", "2013-06-30": 71, "2013-03-31": -767, "2012-12-31": 1341, "2012-09-30": "866.00000", "2012-06-30": 445, "2012-03-31": -423, "2011-12-31": 832, "2011-09-30": "814.00000", "2011-06-30": -178, "2011-03-31": -303, "2010-12-31": 646, "2010-09-30": "-276.00000", "2010-06-30": -2020, "2010-03-31": 769, "2009-12-31": -2164, "2009-09-30": "1513.00000", "2009-06-30": 347, "2009-03-31": -1219, "2008-12-31": 1151, "2008-09-30": "1189.00000", "2008-06-30": -424, "2008-03-31": -1612, "2007-12-31": 723, "2007-09-30": "-728.00000", "2007-06-30": 1360, "2007-03-31": -993, "2006-12-31": -1731, "2006-09-30": "25.00000", "2006-06-30": -1982, "2006-03-31": 859, "2005-12-31": 1506, "2005-09-30": "-79.00000", "2005-06-30": -683, "2005-03-31": 2840}, "Stock-Based Compensation": {"2020-12-31": 165, "2020-09-30": "89.00000", "2020-06-30": 233, "2020-03-31": 123, "2019-12-31": 92, "2019-09-30": "110.00000", "2019-06-30": 216, "2019-03-31": 118, "2018-12-31": 79, "2018-09-30": "102.00000", "2018-06-30": 146, "2018-03-31": 92, "2017-12-31": 73, "2017-09-30": "84.00000", "2017-06-30": 154, "2017-03-31": 93, "2016-12-31": 60, "2016-09-30": "44.00000", "2016-06-30": 119, "2016-03-31": 76, "2015-12-31": 73, "2015-09-30": "67.00000", "2015-06-30": 106, "2015-03-31": 80, "2014-12-31": 70, "2014-09-30": "81.00000", "2014-06-30": 113, "2014-03-31": 94, "2013-12-31": 69, "2013-09-30": "84.00000", "2013-06-30": 96, "2013-03-31": 96, "2012-12-31": 75, "2012-09-30": "79.00000", "2012-06-30": 100, "2012-03-31": 109, "2011-12-31": 88, "2011-09-30": "80.00000", "2011-06-30": 119, "2011-03-31": 115, "2010-12-31": 93, "2010-09-30": "87.00000", "2010-06-30": 120, "2010-03-31": 128, "2009-12-31": 106, "2009-09-30": "99.00000", "2009-06-30": 148, "2009-03-31": 145, "2008-12-31": 97, "2008-09-30": "126.00000", "2008-06-30": 159, "2008-03-31": 154, "2007-12-31": 136, "2007-09-30": "106.00000", "2007-06-30": 186, "2007-03-31": 193, "2006-12-31": 131, "2006-09-30": "158.00000", "2006-06-30": 185, "2006-03-31": 192, "2005-12-31": 113, "2005-09-30": "95.00000", "2005-06-30": 154, "2005-03-31": 370}, "Common Stock Dividends Paid": {"2020-12-31": -2025, "2020-09-30": "-2030.00000", "2020-06-30": -2028, "2020-03-31": -1906, "2019-12-31": -1923, "2019-09-30": "-1932.00000", "2019-06-30": -1937, "2019-03-31": -1858, "2018-12-31": -1850, "2018-09-30": "-1853.00000", "2018-06-30": -1861, "2018-03-31": -1813, "2017-12-31": -1813, "2017-09-30": "-1823.00000", "2017-06-30": -1826, "2017-03-31": -1773, "2016-12-31": -1786, "2016-09-30": "-1851.00000", "2016-06-30": -1847, "2016-03-31": -1856, "2015-12-31": -1868, "2015-09-30": "-1865.00000", "2015-06-30": -1871, "2015-03-31": -1802, "2014-12-31": -1808, "2014-09-30": "-1806.00000", "2014-06-30": -1814, "2014-03-31": -1688, "2013-12-31": -1701, "2013-09-30": "-1708.00000", "2013-06-30": -1722, "2013-03-31": -1591, "2012-12-31": -1601, "2012-09-30": "-1605.00000", "2012-06-30": -1618, "2012-03-31": -1508, "2011-12-31": -1510, "2011-09-30": "-1503.00000", "2011-06-30": -1530, "2011-03-31": -1403, "2010-12-31": -1412, "2010-09-30": "-1422.00000", "2010-06-30": -1457, "2010-03-31": -1329, "2009-12-31": -1336, "2009-09-30": "-1336.00000", "2009-06-30": -1336, "2009-03-31": -1215, "2008-12-31": -1239, "2008-09-30": "-1254.00000", "2008-06-30": -1270, "2008-03-31": -1118, "2007-12-31": -1129, "2007-09-30": "-1138.00000", "2007-06-30": -1140, "2007-03-31": -1024, "2006-12-31": -1022, "2006-09-30": "-1023.00000", "2006-06-30": -1058, "2006-03-31": -954, "2005-12-31": -964, "2005-09-30": "-727.00000", "2005-06-30": -733, "2005-03-31": -1998}}, "financial ratios": {"Current Ratio": {"2020-06-30": "0.84870", "2019-06-30": "0.74880", "2018-06-30": "0.82590", "2017-06-30": "0.87700", "2016-06-30": "1.09790", "2015-06-30": "0.99520", "2014-06-30": "0.93750", "2013-06-30": "0.79870", "2012-06-30": "0.87970", "2011-06-30": "0.80500", "2010-06-30": "0.77350", "2009-06-30": "0.70890", "2008-06-30": "0.79190", "2007-06-30": "0.78230", "2006-06-30": "1.21740", "2005-06-30": "0.81190"}, "Long-term Debt / Capital": {"2020-06-30": "0.33430", "2019-06-30": "0.30000", "2018-06-30": "0.28290", "2017-06-30": "0.24440", "2016-06-30": "0.24630", "2015-06-30": "0.22520", "2014-06-30": "0.22060", "2013-06-30": "0.21760", "2012-06-30": "0.24770", "2011-06-30": "0.24470", "2010-06-30": "0.25800", "2009-06-30": "0.24580", "2008-06-30": "0.25340", "2007-06-30": "0.25930", "2006-06-30": "0.36380", "2005-06-30": "0.41090"}, "Debt/Equity Ratio": {"2020-06-30": "0.74060", "2019-06-30": "0.63250", "2018-06-30": "0.59160", "2017-06-30": "0.56640", "2016-06-30": "0.52770", "2015-06-30": "0.48130", "2014-06-30": "0.50610", "2013-06-30": "0.45910", "2012-06-30": "0.46500", "2011-06-30": "0.47080", "2010-06-30": "0.48560", "2009-06-30": "0.58330", "2008-06-30": "0.52760", "2007-06-30": "0.53050", "2006-06-30": "0.60570", "2005-06-30": "1.31680"}, "Gross Margin": {"2020-06-30": "50.31710", "2019-06-30": "48.63190", "2018-06-30": "48.47980", "2017-06-30": "49.83250", "2016-06-30": "49.60260", "2015-06-30": "47.62330", "2014-06-30": "47.54100", "2013-06-30": "50.08360", "2012-06-30": "49.50250", "2011-06-30": "50.85450", "2010-06-30": "52.24520", "2009-06-30": "49.55280", "2008-06-30": "50.46370", "2007-06-30": "52.34790", "2006-06-30": "51.44530", "2005-06-30": "50.87860"}, "Operating Margin": {"2020-06-30": "22.13670", "2019-06-30": "8.10680", "2018-06-30": "19.99490", "2017-06-30": "21.15960", "2016-06-30": "20.58380", "2015-06-30": "15.61720", "2014-06-30": "18.69600", "2013-06-30": "17.24620", "2012-06-30": "15.89520", "2011-06-30": "19.10510", "2010-06-30": "20.28180", "2009-06-30": "20.04590", "2008-06-30": "20.16100", "2007-06-30": "20.04890", "2006-06-30": "19.42040", "2005-06-30": "18.45050"}, "EBIT Margin": {"2020-06-30": "22.13670", "2019-06-30": "8.10680", "2018-06-30": "19.99490", "2017-06-30": "21.15960", "2016-06-30": "20.58380", "2015-06-30": "15.61720", "2014-06-30": "18.69600", "2013-06-30": "17.24620", "2012-06-30": "15.89520", "2011-06-30": "19.10510", "2010-06-30": "20.28180", "2009-06-30": "20.04590", "2008-06-30": "20.16100", "2007-06-30": "20.04890", "2006-06-30": "19.42040", "2005-06-30": "18.45050"}, "EBITDA Margin": {"2020-06-30": "26.38340", "2019-06-30": "12.27910", "2018-06-30": "24.23540", "2017-06-30": "25.49420", "2016-06-30": "25.29750", "2015-06-30": "20.04690", "2014-06-30": "22.91770", "2013-06-30": "20.96840", "2012-06-30": "19.80220", "2011-06-30": "22.60430", "2010-06-30": "24.28870", "2009-06-30": "24.06450", "2008-06-30": "24.15560", "2007-06-30": "24.23160", "2006-06-30": "23.27110", "2005-06-30": "21.77090"}, "Pre-Tax Profit Margin": {"2020-06-30": "22.31710", "2019-06-30": "8.96670", "2018-06-30": "19.93960", "2017-06-30": "20.37720", "2016-06-30": "20.47350", "2015-06-30": "15.56490", "2014-06-30": "18.15700", "2013-06-30": "17.69810", "2012-06-30": "15.27690", "2011-06-30": "18.49110", "2010-06-30": "19.16790", "2009-06-30": "18.79290", "2008-06-30": "18.78070", "2007-06-30": "19.06140", "2006-06-30": "18.19500", "2005-06-30": "17.59050"}, "Net Profit Margin": {"2020-06-30": "17.99010", "2019-06-30": "5.36910", "2018-06-30": "14.19230", "2017-06-30": "23.17780", "2016-06-30": "15.70160", "2015-06-30": "9.57890", "2014-06-30": "15.30890", "2013-06-30": "13.81500", "2012-06-30": "12.80390", "2011-06-30": "14.25820", "2010-06-30": "16.13700", "2009-06-30": "17.51900", "2008-06-30": "15.23530", "2007-06-30": "13.81760", "2006-06-30": "12.72900", "2005-06-30": "12.20110"}, "Asset Turnover": {"2020-06-30": "0.58780", "2019-06-30": "0.58810", "2018-06-30": "0.56490", "2017-06-30": "0.54030", "2016-06-30": "0.51360", "2015-06-30": "0.54630", "2014-06-30": "0.51570", "2013-06-30": "0.57530", "2012-06-30": "0.62010", "2011-06-30": "0.58620", "2010-06-30": "0.60520", "2009-06-30": "0.56880", "2008-06-30": "0.55040", "2007-06-30": "0.54220", "2006-06-30": "0.50280", "2005-06-30": "0.92220"}, "Inventory Turnover Ratio": {"2020-06-30": "6.41140", "2019-06-30": "6.93000", "2018-06-30": "7.26720", "2017-06-30": "7.05840", "2016-06-30": "6.97820", "2015-06-30": "7.44250", "2014-06-30": "5.77450", "2013-06-30": "5.78820", "2012-06-30": "6.16140", "2011-06-30": "5.40170", "2010-06-30": "5.80230", "2009-06-30": "5.62350", "2008-06-30": "4.66500", "2007-06-30": "5.22940", "2006-06-30": "5.26550", "2005-06-30": "5.56770"}, "Receiveable Turnover": {"2020-06-30": "16.98180", "2019-06-30": "13.67080", "2018-06-30": "14.26210", "2017-06-30": "14.16150", "2016-06-30": "14.93230", "2015-06-30": "15.48800", "2014-06-30": "11.65060", "2013-06-30": "12.31040", "2012-06-30": "13.51450", "2011-06-30": "12.92490", "2010-06-30": "14.53930", "2009-06-30": "13.14150", "2008-06-30": "11.72270", "2007-06-30": "11.28860", "2006-06-30": "11.91650", "2005-06-30": "13.55820"}, "Days Sales In Receivables": {"2020-06-30": "21.49360", "2019-06-30": "26.69930", "2018-06-30": "25.59240", "2017-06-30": "25.77410", "2016-06-30": "24.44360", "2015-06-30": "23.56670", "2014-06-30": "31.32870", "2013-06-30": "29.64980", "2012-06-30": "27.00800", "2011-06-30": "28.24000", "2010-06-30": "25.10440", "2009-06-30": "27.77450", "2008-06-30": "31.13620", "2007-06-30": "32.33360", "2006-06-30": "30.62980", "2005-06-30": "26.92100"}, "ROE - Return On Equity": {"2020-06-30": "28.49660", "2019-06-30": "8.50140", "2018-06-30": "18.99410", "2017-06-30": "18.61170", "2016-06-30": "17.60820", "2015-06-30": "13.37200", "2014-06-30": "15.47670", "2013-06-30": "16.20940", "2012-06-30": "14.56080", "2011-06-30": "17.52060", "2010-06-30": "18.03630", "2009-06-30": "17.20970", "2008-06-30": "16.57320", "2007-06-30": "15.39770", "2006-06-30": "14.13020", "2005-06-30": "40.74270"}, "Return On Tangible Equity": {"2020-06-30": "-77.92450", "2019-06-30": "-23.45500", "2018-06-30": "-60.89290", "2017-06-30": "-77.76930", "2016-06-30": "-92.04150", "2015-06-30": "-125.90400", "2014-06-30": "-73.14530", "2013-06-30": "-60.67810", "2012-06-30": "-44.14750", "2011-06-30": "-52.73880", "2010-06-30": "-44.82220", "2009-06-30": "-41.49830", "2008-06-30": "-46.07440", "2007-06-30": "-42.97120", "2006-06-30": "-33.24780", "2005-06-30": "-121.71240"}, "ROA - Return On Assets": {"2020-06-30": "10.85580", "2019-06-30": "3.44580", "2018-06-30": "8.33490", "2017-06-30": "8.46640", "2016-06-30": "7.88680", "2015-06-30": "6.39950", "2014-06-30": "7.38770", "2013-06-30": "7.86500", "2012-06-30": "6.91900", "2011-06-30": "8.45510", "2010-06-30": "8.46600", "2009-06-30": "7.92090", "2008-06-30": "7.84140", "2007-06-30": "7.29130", "2006-06-30": "6.39960", "2005-06-30": "11.25200"}, "ROI - Return On Investment": {"2020-06-30": "18.60830", "2019-06-30": "5.83460", "2018-06-30": "13.37160", "2017-06-30": "13.81000", "2016-06-30": "13.03430", "2015-06-30": "10.18350", "2014-06-30": "11.87030", "2013-06-30": "12.47210", "2012-06-30": "10.75020", "2011-06-30": "12.99290", "2010-06-30": "13.10520", "2009-06-30": "12.70910", "2008-06-30": "12.13110", "2007-06-30": "11.16440", "2006-06-30": "8.78200", "2005-06-30": "22.07450"}, "Book Value Per Share": {"2020-06-30": "18.90470", "2019-06-30": "18.99590", "2018-06-30": "21.17010", "2017-06-30": "21.84550", "2016-06-30": "21.73280", "2015-06-30": "23.22710", "2014-06-30": "25.81380", "2013-06-30": "25.05520", "2012-06-30": "23.30240", "2011-06-30": "24.58730", "2010-06-30": "21.60680", "2009-06-30": "21.72850", "2008-06-30": "22.91490", "2007-06-30": "21.31610", "2006-06-30": "19.78990", "2005-06-30": "7.47100"}, "Operating Cash Flow Per Share": {"2020-06-30": 0.6257, "2019-06-30": 0.406, "2018-06-30": 0.9423, "2017-06-30": -0.7728, "2016-06-30": 0.3606, "2015-06-30": 0.2606, "2014-06-30": -0.2698, "2013-06-30": 0.5586, "2012-06-30": 0.076, "2011-06-30": -0.7642, "2010-06-30": 0.4747, "2009-06-30": 0.2052, "2008-06-30": 0.5791, "2007-06-30": 0.4839, "2006-06-30": 0.2909, "2005-06-30": 3.1709}, "Free Cash Flow Per Share": {"2020-06-30": 0.6297, "2019-06-30": 0.5409, "2018-06-30": 0.671, "2017-06-30": -0.786, "2016-06-30": -0.9169, "2015-06-30": 1.6509, "2014-06-30": -0.2275, "2013-06-30": -0.2457, "2012-06-30": 0.7382, "2011-06-30": -1.7908, "2010-06-30": 1.1569, "2009-06-30": 0.1618, "2008-06-30": 0.7244, "2007-06-30": 0.2434, "2006-06-30": 0.3556, "2005-06-30": 2.5629}}, "financial ratios, quarterly": {"Current Ratio": {"2020-12-31": "0.77670", "2020-09-30": "0.86730", "2020-06-30": "0.84870", "2020-03-31": "0.82500", "2019-12-31": "0.62710", "2019-09-30": "0.72470", "2019-06-30": "0.74880", "2019-03-31": "0.78650", "2018-12-31": "0.78190", "2018-09-30": "0.79900", "2018-06-30": "0.82590", "2018-03-31": "0.91040", "2017-12-31": "0.94280", "2017-09-30": "0.91450", "2017-06-30": "0.87700", "2017-03-31": "0.89010", "2016-12-31": "0.88510", "2016-09-30": "1.08550", "2016-06-30": "1.09790", "2016-03-31": "1.09440", "2015-12-31": "1.13400", "2015-09-30": "1.12840", "2015-06-30": "0.99520", "2015-03-31": "0.99000", "2014-12-31": "0.97150", "2014-09-30": "0.90760", "2014-06-30": "0.93750", "2014-03-31": "0.87570", "2013-12-31": "0.89390", "2013-09-30": "0.79240", "2013-06-30": "0.79870", "2013-03-31": "0.88640", "2012-12-31": "0.97600", "2012-09-30": "0.96890", "2012-06-30": "0.87970", "2012-03-31": "0.85890", "2011-12-31": "0.79390", "2011-09-30": "0.82680", "2011-06-30": "0.80500", "2011-03-31": "0.83340", "2010-12-31": "0.80140", "2010-09-30": "0.74150", "2010-06-30": "0.77350", "2010-03-31": "0.92340", "2009-12-31": "0.91910", "2009-09-30": "0.85500", "2009-06-30": "0.70890", "2009-03-31": "0.67040", "2008-12-31": "0.68590", "2008-09-30": "0.65560", "2008-06-30": "0.79190", "2008-03-31": "0.82340", "2007-12-31": "0.85640", "2007-09-30": "0.81560", "2007-06-30": "0.78230", "2007-03-31": "0.73460", "2006-12-31": "0.78890", "2006-09-30": "1.23880", "2006-06-30": "1.21740", "2006-03-31": "1.32790", "2005-12-31": "1.28870", "2005-09-30": "0.97670", "2005-06-30": "0.81190", "2005-03-31": "0.85270"}, "Long-term Debt / Capital": {"2020-12-31": "0.31690", "2020-09-30": "0.33020", "2020-06-30": "0.33430", "2020-03-31": "0.33660", "2019-12-31": "0.29260", "2019-09-30": "0.30030", "2019-06-30": "0.30000", "2019-03-31": "0.27770", "2018-12-31": "0.28320", "2018-09-30": "0.28350", "2018-06-30": "0.28290", "2018-03-31": "0.28990", "2017-12-31": "0.28850", "2017-09-30": "0.26700", "2017-06-30": "0.24440", "2017-03-31": "0.23370", "2016-12-31": "0.23450", "2016-09-30": "0.24290", "2016-06-30": "0.24630", "2016-03-31": "0.24220", "2015-12-31": "0.22020", "2015-09-30": "0.21650", "2015-06-30": "0.22520", "2015-03-31": "0.21510", "2014-12-31": "0.21850", "2014-09-30": "0.22140", "2014-06-30": "0.22060", "2014-03-31": "0.22930", "2013-12-31": "0.23480", "2013-09-30": "0.21170", "2013-06-30": "0.21760", "2013-03-31": "0.23720", "2012-12-31": "0.25960", "2012-09-30": "0.26620", "2012-06-30": "0.24770", "2012-03-31": "0.24460", "2011-12-31": "0.22890", "2011-09-30": "0.25420", "2011-06-30": "0.24470", "2011-03-31": "0.24350", "2010-12-31": "0.24780", "2010-09-30": "0.25350", "2010-06-30": "0.25800", "2010-03-31": "0.25570", "2009-12-31": "0.24450", "2009-09-30": "0.25080", "2009-06-30": "0.24580", "2009-03-31": "0.25180", "2008-12-31": "0.24100", "2008-09-30": "0.22090", "2008-06-30": "0.25340", "2008-03-31": "0.25380", "2007-12-31": "0.25640", "2007-09-30": "0.24710", "2007-06-30": "0.25930", "2007-03-31": "0.24230", "2006-12-31": "0.26570", "2006-09-30": "0.35890", "2006-06-30": "0.36380", "2006-03-31": "0.34280", "2005-12-31": "0.32100", "2005-09-30": "0.59150", "2005-06-30": "0.41090", "2005-03-31": "0.40850"}, "Debt/Equity Ratio": {"2020-12-31": "0.64070", "2020-09-30": "0.65170", "2020-06-30": "0.74060", "2020-03-31": "0.78390", "2019-12-31": "0.61290", "2019-09-30": "0.62820", "2019-06-30": "0.63250", "2019-03-31": "0.54490", "2018-12-31": "0.61770", "2018-09-30": "0.59590", "2018-06-30": "0.59160", "2018-03-31": "0.64240", "2017-12-31": "0.68960", "2017-09-30": "0.61740", "2017-06-30": "0.56640", "2017-03-31": "0.55760", "2016-12-31": "0.54830", "2016-09-30": "0.52800", "2016-06-30": "0.52770", "2016-03-31": "0.54830", "2015-12-31": "0.50600", "2015-09-30": "0.48430", "2015-06-30": "0.48130", "2015-03-31": "0.51180", "2014-12-31": "0.53160", "2014-09-30": "0.49730", "2014-06-30": "0.50610", "2014-03-31": "0.51920", "2013-12-31": "0.50770", "2013-09-30": "0.50540", "2013-06-30": "0.45910", "2013-03-31": "0.47420", "2012-12-31": "0.49650", "2012-09-30": "0.49080", "2012-06-30": "0.46500", "2012-03-31": "0.50240", "2011-12-31": "0.51450", "2011-09-30": "0.51570", "2011-06-30": "0.47080", "2011-03-31": "0.46600", "2010-12-31": "0.50180", "2010-09-30": "0.52180", "2010-06-30": "0.48560", "2010-03-31": "0.44890", "2009-12-31": "0.43640", "2009-09-30": "0.52810", "2009-06-30": "0.58330", "2009-03-31": "0.63870", "2008-12-31": "0.66900", "2008-09-30": "0.61100", "2008-06-30": "0.52760", "2008-03-31": "0.53110", "2007-12-31": "0.54360", "2007-09-30": "0.52950", "2007-06-30": "0.53050", "2007-03-31": "0.50290", "2006-12-31": "0.55360", "2006-09-30": "0.59100", "2006-06-30": "0.60570", "2006-03-31": "0.58060", "2005-12-31": "0.54210", "2005-09-30": "2.05020", "2005-06-30": "1.31680", "2005-03-31": "1.28950"}, "Gross Margin": {"2020-12-31": "53.13750", "2020-09-30": "52.67630", "2020-06-30": "49.47450", "2020-03-31": "49.36680", "2019-12-31": "51.37610", "2019-09-30": "50.98890", "2019-06-30": "47.71270", "2019-03-31": "48.80940", "2018-12-31": "48.85310", "2018-09-30": "49.16720", "2018-06-30": "45.04030", "2018-03-31": "48.50440", "2017-12-31": "49.93390", "2017-09-30": "50.34530", "2017-06-30": "47.74550", "2017-03-31": "49.78530", "2016-12-31": "50.77120", "2016-09-30": "50.95050", "2016-06-30": "47.94440", "2016-03-31": "49.76200", "2015-12-31": "49.98520", "2015-09-30": "50.67470", "2015-06-30": "47.96520", "2015-03-31": "47.27110", "2014-12-31": "48.32120", "2014-09-30": "48.14340", "2014-06-30": "38.10300", "2014-03-31": "48.88240", "2013-12-31": "50.35780", "2013-09-30": "49.23670", "2013-06-30": "47.88890", "2013-03-31": "49.78150", "2012-12-31": "50.93570", "2012-09-30": "50.09400", "2012-06-30": "48.66220", "2012-03-31": "49.30670", "2011-12-31": "50.09660", "2011-09-30": "49.80960", "2011-06-30": "48.87040", "2011-03-31": "50.79170", "2010-12-31": "51.81060", "2010-09-30": "51.84870", "2010-06-30": "50.53830", "2010-03-31": "51.89800", "2009-12-31": "53.69760", "2009-09-30": "52.55210", "2009-06-30": "49.03780", "2009-03-31": "48.96440", "2008-12-31": "50.41750", "2008-09-30": "49.68310", "2008-06-30": "44.23140", "2008-03-31": "51.66780", "2007-12-31": "52.33390", "2007-09-30": "52.87390", "2007-06-30": "52.06490", "2007-03-31": "51.55130", "2006-12-31": "52.91760", "2006-09-30": "52.80810", "2006-06-30": "50.15130", "2006-03-31": "51.65220", "2005-12-31": "52.38040", "2005-09-30": "51.60550", "2005-06-30": "48.73760", "2005-03-31": "50.61940"}, "Operating Margin": {"2020-12-31": "27.24740", "2020-09-30": "27.33720", "2020-06-30": "19.66890", "2020-03-31": "20.05930", "2019-12-31": "24.57240", "2019-09-30": "24.10380", "2019-06-30": "-30.37320", "2019-03-31": "19.61490", "2018-12-31": "22.34200", "2018-09-30": "21.29420", "2018-06-30": "15.67590", "2018-03-31": "19.71010", "2017-12-31": "22.52950", "2017-09-30": "21.90600", "2017-06-30": "17.16530", "2017-03-31": "21.53160", "2016-12-31": "22.98890", "2016-09-30": "22.82960", "2016-06-30": "15.53840", "2016-03-31": "21.06000", "2015-12-31": "22.77860", "2015-09-30": "22.79910", "2015-06-30": "5.22770", "2015-03-31": "17.86770", "2014-12-31": "19.35120", "2014-09-30": "19.35430", "2014-06-30": "17.00570", "2014-03-31": "16.83210", "2013-12-31": "20.38960", "2013-09-30": "19.77920", "2013-06-30": "13.06100", "2013-03-31": "16.53070", "2012-12-31": "20.25710", "2012-09-30": "19.05110", "2012-06-30": "15.13650", "2012-03-31": "16.33650", "2011-12-31": "12.32520", "2011-09-30": "19.73990", "2011-06-30": "15.34290", "2011-03-31": "18.62460", "2010-12-31": "19.95600", "2010-09-30": "22.36860", "2010-06-30": "15.15810", "2010-03-31": "20.69040", "2009-12-31": "22.13820", "2009-09-30": "22.45670", "2009-06-30": "18.69060", "2009-03-31": "19.88920", "2008-12-31": "20.51810", "2008-09-30": "20.90260", "2008-06-30": "16.43880", "2008-03-31": "20.03900", "2007-12-31": "21.81770", "2007-09-30": "21.87240", "2007-06-30": "16.75180", "2007-03-31": "19.50360", "2006-12-31": "22.05320", "2006-09-30": "21.58110", "2006-06-30": "16.52840", "2006-03-31": "19.42610", "2005-12-31": "21.22490", "2005-09-30": "20.66520", "2005-06-30": "15.12130", "2005-03-31": "17.79240"}, "EBIT Margin": {"2020-12-31": "27.24740", "2020-09-30": "27.33720", "2020-06-30": "19.66890", "2020-03-31": "20.05930", "2019-12-31": "24.57240", "2019-09-30": "24.10380", "2019-06-30": "-30.37320", "2019-03-31": "19.61490", "2018-12-31": "22.34200", "2018-09-30": "21.29420", "2018-06-30": "15.67590", "2018-03-31": "19.71010", "2017-12-31": "22.52950", "2017-09-30": "21.90600", "2017-06-30": "17.16530", "2017-03-31": "21.53160", "2016-12-31": "22.98890", "2016-09-30": "22.82960", "2016-06-30": "15.53840", "2016-03-31": "21.06000", "2015-12-31": "22.77860", "2015-09-30": "22.79910", "2015-06-30": "5.22770", "2015-03-31": "17.86770", "2014-12-31": "19.35120", "2014-09-30": "19.35430", "2014-06-30": "17.00570", "2014-03-31": "16.83210", "2013-12-31": "20.38960", "2013-09-30": "19.77920", "2013-06-30": "13.06100", "2013-03-31": "16.53070", "2012-12-31": "20.25710", "2012-09-30": "19.05110", "2012-06-30": "15.13650", "2012-03-31": "16.33650", "2011-12-31": "12.32520", "2011-09-30": "19.73990", "2011-06-30": "15.34290", "2011-03-31": "18.62460", "2010-12-31": "19.95600", "2010-09-30": "22.36860", "2010-06-30": "15.15810", "2010-03-31": "20.69040", "2009-12-31": "22.13820", "2009-09-30": "22.45670", "2009-06-30": "18.69060", "2009-03-31": "19.88920", "2008-12-31": "20.51810", "2008-09-30": "20.90260", "2008-06-30": "16.43880", "2008-03-31": "20.03900", "2007-12-31": "21.81770", "2007-09-30": "21.87240", "2007-06-30": "16.75180", "2007-03-31": "19.50360", "2006-12-31": "22.05320", "2006-09-30": "21.58110", "2006-06-30": "16.52840", "2006-03-31": "19.42610", "2005-12-31": "21.22490", "2005-09-30": "20.66520", "2005-06-30": "15.12130", "2005-03-31": "17.79240"}, "EBITDA Margin": {"2020-12-31": "", "2020-09-30": "", "2020-06-30": "", "2020-03-31": "", "2019-12-31": "", "2019-09-30": "", "2019-06-30": "", "2019-03-31": "", "2018-12-31": "", "2018-09-30": "", "2018-06-30": "", "2018-03-31": "", "2017-12-31": "", "2017-09-30": "", "2017-06-30": "", "2017-03-31": "", "2016-12-31": "", "2016-09-30": "", "2016-06-30": "", "2016-03-31": "", "2015-12-31": "", "2015-09-30": "", "2015-06-30": "", "2015-03-31": "", "2014-12-31": "", "2014-09-30": "", "2014-06-30": "", "2014-03-31": "", "2013-12-31": "", "2013-09-30": "", "2013-06-30": "", "2013-03-31": "", "2012-12-31": "", "2012-09-30": "", "2012-06-30": "", "2012-03-31": "", "2011-12-31": "", "2011-09-30": "", "2011-06-30": "", "2011-03-31": "", "2010-12-31": "", "2010-09-30": "", "2010-06-30": "", "2010-03-31": "", "2009-12-31": "", "2009-09-30": "", "2009-06-30": "", "2009-03-31": "", "2008-12-31": "", "2008-09-30": "", "2008-06-30": "", "2008-03-31": "", "2007-12-31": "", "2007-09-30": "", "2007-06-30": "", "2007-03-31": "", "2006-12-31": "", "2006-09-30": "", "2006-06-30": "", "2006-03-31": "", "2005-12-31": "", "2005-09-30": "", "2005-06-30": "", "2005-03-31": ""}, "Pre-Tax Profit Margin": {"2020-12-31": "24.69990", "2020-09-30": "27.42000", "2020-06-30": "19.55590", "2020-03-31": "20.32070", "2019-12-31": "24.84650", "2019-09-30": "24.40160", "2019-06-30": "-29.63030", "2019-03-31": "19.91250", "2018-12-31": "22.45670", "2018-09-30": "23.60700", "2018-06-30": "13.87020", "2018-03-31": "19.98030", "2017-12-31": "23.18480", "2017-09-30": "22.52450", "2017-06-30": "18.20390", "2017-03-31": "21.37780", "2016-12-31": "19.31660", "2016-09-30": "22.62990", "2016-06-30": "16.68120", "2016-03-31": "20.47600", "2015-12-31": "22.48300", "2015-09-30": "22.10930", "2015-06-30": "7.13320", "2015-03-31": "17.53100", "2014-12-31": "18.77260", "2014-09-30": "18.68310", "2014-06-30": "16.92000", "2014-03-31": "16.16520", "2013-12-31": "19.82080", "2013-09-30": "19.11190", "2013-06-30": "12.46000", "2013-03-31": "15.96270", "2012-12-31": "23.53100", "2012-09-30": "18.44830", "2012-06-30": "14.28420", "2012-03-31": "15.78190", "2011-12-31": "12.18270", "2011-09-30": "18.78310", "2011-06-30": "15.28720", "2011-03-31": "18.13200", "2010-12-31": "19.15960", "2010-09-30": "21.28020", "2010-06-30": "13.88780", "2010-03-31": "19.61620", "2009-12-31": "21.32500", "2009-09-30": "21.12380", "2009-06-30": "16.96530", "2009-03-31": "18.19300", "2008-12-31": "19.06590", "2008-09-30": "20.62150", "2008-06-30": "14.33810", "2008-03-31": "18.27130", "2007-12-31": "20.88600", "2007-09-30": "21.05060", "2007-06-30": "15.66830", "2007-03-31": "18.91520", "2006-12-31": "20.73510", "2006-09-30": "20.63350", "2006-06-30": "15.19450", "2006-03-31": "18.13910", "2005-12-31": "19.96510", "2005-09-30": "19.68500", "2005-06-30": "13.84490", "2005-03-31": "16.65850"}, "Net Profit Margin": {"2020-12-31": "19.18460", "2020-09-30": "21.79830", "2020-06-30": "15.42550", "2020-03-31": "16.57370", "2019-12-31": "20.02740", "2019-09-30": "19.82250", "2019-06-30": "-31.05770", "2019-03-31": "16.28600", "2018-12-31": "17.94360", "2018-09-30": "18.77170", "2018-06-30": "11.05250", "2018-03-31": "14.96840", "2017-12-31": "13.98680", "2017-09-30": "16.75970", "2017-06-30": "13.38390", "2017-03-31": "15.77700", "2016-12-31": "46.35740", "2016-09-30": "16.04920", "2016-06-30": "11.72530", "2016-03-31": "17.05490", "2015-12-31": "18.57520", "2015-09-30": "15.34460", "2015-06-30": "2.92860", "2015-03-31": "12.71710", "2014-12-31": "12.44660", "2014-09-30": "10.28180", "2014-06-30": "19.54640", "2014-03-31": "12.99320", "2013-12-31": "15.92970", "2013-09-30": "14.25350", "2013-06-30": "9.23780", "2013-03-31": "12.19540", "2012-12-31": "18.00230", "2012-09-30": "13.29380", "2012-06-30": "18.20590", "2012-03-31": "11.93920", "2011-12-31": "7.77230", "2011-09-30": "14.04550", "2011-06-30": "11.53380", "2011-03-31": "14.44230", "2010-12-31": "15.61340", "2010-09-30": "15.31160", "2010-06-30": "11.19910", "2010-03-31": "13.47900", "2009-12-31": "22.15720", "2009-09-30": "16.69610", "2009-06-30": "13.66400", "2009-03-31": "14.62720", "2008-12-31": "25.32000", "2008-09-30": "15.95580", "2008-06-30": "16.76110", "2008-03-31": "13.53240", "2007-12-31": "15.54330", "2007-09-30": "15.24330", "2007-06-30": "12.86590", "2007-03-31": "13.43750", "2006-12-31": "14.50950", "2006-09-30": "14.36250", "2006-06-30": "10.63780", "2006-03-31": "12.81740", "2005-12-31": "13.88450", "2005-09-30": "13.71600", "2005-06-30": "9.76290", "2005-03-31": "11.29700"}, "Asset Turnover": {"2020-12-31": "0.16440", "2020-09-30": "0.16110", "2020-06-30": "0.14660", "2020-03-31": "0.14520", "2019-12-31": "0.16330", "2019-09-30": "0.15600", "2019-06-30": "0.14850", "2019-03-31": "0.13530", "2018-12-31": "0.14100", "2018-09-30": "0.14090", "2018-06-30": "0.13950", "2018-03-31": "0.13090", "2017-12-31": "0.13740", "2017-09-30": "0.13560", "2017-06-30": "0.13350", "2017-03-31": "0.13210", "2016-12-31": "0.14400", "2016-09-30": "0.12800", "2016-06-30": "0.12670", "2016-03-31": "0.12360", "2015-12-31": "0.13100", "2015-09-30": "0.12790", "2015-06-30": "0.13740", "2015-03-31": "0.12930", "2014-12-31": "0.13570", "2014-09-30": "0.13580", "2014-06-30": "0.08890", "2014-03-31": "0.13720", "2013-12-31": "0.14760", "2013-09-30": "0.14760", "2013-06-30": "0.14570", "2013-03-31": "0.14800", "2012-12-31": "0.15850", "2012-09-30": "0.15260", "2012-06-30": "0.14020", "2012-03-31": "0.15000", "2011-12-31": "0.16190", "2011-09-30": "0.15760", "2011-06-30": "0.14270", "2011-03-31": "0.14570", "2010-12-31": "0.15900", "2010-09-30": "0.15050", "2010-06-30": "0.13700", "2010-03-31": "0.14420", "2009-12-31": "0.15540", "2009-09-30": "0.14310", "2009-06-30": "0.13410", "2009-03-31": "0.13490", "2008-12-31": "0.14290", "2008-09-30": "0.14920", "2008-06-30": "0.12500", "2008-03-31": "0.13770", "2007-12-31": "0.14570", "2007-09-30": "0.14250", "2007-06-30": "0.12770", "2007-03-31": "0.13780", "2006-12-31": "0.14370", "2006-09-30": "0.13710", "2006-06-30": "0.13150", "2006-03-31": "0.12660", "2005-12-31": "0.13430", "2005-09-30": "0.23900", "2005-06-30": "0.23170", "2005-03-31": "0.22650"}, "Inventory Turnover Ratio": {"2020-12-31": "1.55330", "2020-09-30": "1.60190", "2020-06-30": "1.62640", "2020-03-31": "1.63530", "2019-12-31": "1.60640", "2019-09-30": "1.59620", "2019-06-30": "1.78150", "2019-03-31": "1.57280", "2018-12-31": "1.68890", "2018-09-30": "1.63720", "2018-06-30": "1.91430", "2018-03-31": "1.61010", "2017-12-31": "1.69730", "2017-09-30": "1.64620", "2017-06-30": "1.81700", "2017-03-31": "1.64830", "2016-12-31": "1.73340", "2016-09-30": "1.62070", "2016-06-30": "1.77740", "2016-03-31": "1.59670", "2015-12-31": "1.65070", "2015-09-30": "1.55600", "2015-06-30": "1.85920", "2015-03-31": "1.51480", "2014-12-31": "1.47570", "2014-09-30": "1.37100", "2014-06-30": "1.17500", "2014-03-31": "1.38920", "2013-12-31": "1.41940", "2013-09-30": "1.43010", "2013-06-30": "1.53090", "2013-03-31": "1.42870", "2012-12-31": "1.50710", "2012-09-30": "1.41160", "2012-06-30": "1.41600", "2012-03-31": "1.41410", "2011-12-31": "1.45770", "2011-09-30": "1.35060", "2011-06-30": "1.36790", "2011-03-31": "1.28480", "2010-12-31": "1.38580", "2010-09-30": "1.33150", "2010-06-30": "1.36010", "2010-03-31": "1.36670", "2009-12-31": "1.41840", "2009-09-30": "1.33310", "2009-06-30": "1.33950", "2009-03-31": "1.19720", "2008-12-31": "1.16890", "2008-09-30": "1.19340", "2008-06-30": "1.19240", "2008-03-31": "1.14860", "2007-12-31": "1.30400", "2007-09-30": "1.24140", "2007-06-30": "1.23920", "2007-03-31": "1.27730", "2006-12-31": "1.34930", "2006-09-30": "1.30560", "2006-06-30": "1.41380", "2006-03-31": "1.23890", "2005-12-31": "1.35650", "2005-09-30": "1.38710", "2005-06-30": "1.46000", "2005-03-31": "1.33870"}, "Receiveable Turnover": {"2020-12-31": "4.09730", "2020-09-30": "3.83070", "2020-06-30": "4.23600", "2020-03-31": "3.70990", "2019-12-31": "3.51040", "2019-09-30": "3.46060", "2019-06-30": "3.45260", "2019-03-31": "3.16700", "2018-12-31": "3.44970", "2018-09-30": "3.31480", "2018-06-30": "3.52180", "2018-03-31": "3.16200", "2017-12-31": "3.35680", "2017-09-30": "3.36970", "2017-06-30": "3.50000", "2017-03-31": "3.58080", "2016-12-31": "3.56440", "2016-09-30": "3.50480", "2016-06-30": "3.68210", "2016-03-31": "3.43170", "2015-12-31": "3.58290", "2015-09-30": "3.49850", "2015-06-30": "3.89450", "2015-03-31": "3.39280", "2014-12-31": "3.18770", "2014-09-30": "3.02900", "2014-06-30": "2.00920", "2014-03-31": "3.09160", "2013-12-31": "3.05300", "2013-09-30": "3.17770", "2013-06-30": "3.11880", "2013-03-31": "3.08860", "2012-12-31": "3.08720", "2012-09-30": "2.96570", "2012-06-30": "3.05500", "2012-03-31": "3.25710", "2011-12-31": "3.14900", "2011-09-30": "3.27000", "2011-06-30": "3.14610", "2011-03-31": "3.17580", "2010-12-31": "3.25860", "2010-09-30": "3.30850", "2010-06-30": "3.29050", "2010-03-31": "3.27270", "2009-12-31": "3.21320", "2009-09-30": "3.17470", "2009-06-30": "3.09870", "2009-03-31": "3.11000", "2008-12-31": "2.84110", "2008-09-30": "2.95080", "2008-06-30": "2.66140", "2008-03-31": "2.88810", "2007-12-31": "2.73650", "2007-09-30": "2.71780", "2007-06-30": "2.65920", "2007-03-31": "2.76660", "2006-12-31": "2.62200", "2006-09-30": "2.82910", "2006-06-30": "3.11650", "2006-03-31": "3.19210", "2005-12-31": "3.02790", "2005-09-30": "3.15420", "2005-06-30": "3.40690", "2005-03-31": "3.25000"}, "Days Sales In Receivables": {"2020-12-31": "21.96560", "2020-09-30": "23.49470", "2020-06-30": "21.24650", "2020-03-31": "24.25930", "2019-12-31": "25.63820", "2019-09-30": "26.00690", "2019-06-30": "26.06700", "2019-03-31": "28.41820", "2018-12-31": "26.08960", "2018-09-30": "27.15100", "2018-06-30": "25.55540", "2018-03-31": "28.46320", "2017-12-31": "26.81120", "2017-09-30": "26.70870", "2017-06-30": "25.71430", "2017-03-31": "25.13430", "2016-12-31": "25.24980", "2016-09-30": "25.67930", "2016-06-30": "24.44230", "2016-03-31": "26.22600", "2015-12-31": "25.11910", "2015-09-30": "25.72520", "2015-06-30": "23.10960", "2015-03-31": "26.52690", "2014-12-31": "28.23360", "2014-09-30": "29.71230", "2014-06-30": "44.79310", "2014-03-31": "29.11100", "2013-12-31": "29.47960", "2013-09-30": "28.32210", "2013-06-30": "28.85750", "2013-03-31": "29.13920", "2012-12-31": "29.15310", "2012-09-30": "30.34720", "2012-06-30": "29.45950", "2012-03-31": "27.63200", "2011-12-31": "28.58030", "2011-09-30": "27.52250", "2011-06-30": "28.60650", "2011-03-31": "28.33960", "2010-12-31": "27.61930", "2010-09-30": "27.20310", "2010-06-30": "27.35120", "2010-03-31": "27.50030", "2009-12-31": "28.00970", "2009-09-30": "28.34910", "2009-06-30": "29.04450", "2009-03-31": "28.93870", "2008-12-31": "31.67740", "2008-09-30": "30.50040", "2008-06-30": "33.81630", "2008-03-31": "31.16250", "2007-12-31": "32.88910", "2007-09-30": "33.11450", "2007-06-30": "33.84450", "2007-03-31": "32.53080", "2006-12-31": "34.32550", "2006-09-30": "31.81260", "2006-06-30": "28.87850", "2006-03-31": "28.19480", "2005-12-31": "29.72350", "2005-09-30": "28.53380", "2005-06-30": "26.41680", "2005-03-31": "27.69230"}, "ROE - Return On Equity": {"2020-12-31": "8.15650", "2020-09-30": "9.03370", "2020-06-30": "6.05900", "2020-03-31": "6.56510", "2019-12-31": "8.31830", "2019-09-30": "7.85130", "2019-06-30": "-11.22590", "2019-03-31": "5.08250", "2018-12-31": "6.01160", "2018-09-30": "6.22850", "2018-06-30": "3.64050", "2018-03-31": "4.70600", "2017-12-31": "4.76600", "2017-09-30": "5.27340", "2017-06-30": "4.02030", "2017-03-31": "4.77420", "2016-12-31": "4.85770", "2016-09-30": "4.96360", "2016-06-30": "3.52620", "2016-03-31": "3.97380", "2015-12-31": "4.74360", "2015-09-30": "4.48720", "2015-06-30": "1.03270", "2015-03-31": "3.85430", "2014-12-31": "4.19660", "2014-09-30": "4.13220", "2014-06-30": "2.60070", "2014-03-31": "3.67210", "2013-12-31": "4.77740", "2013-09-30": "4.48970", "2013-06-30": "2.80150", "2013-03-31": "3.87820", "2012-12-31": "6.16020", "2012-09-30": "4.47330", "2012-06-30": "3.25590", "2012-03-31": "3.76000", "2011-12-31": "2.62550", "2011-09-30": "4.65590", "2011-06-30": "3.58860", "2011-03-31": "4.31930", "2010-12-31": "5.29780", "2010-09-30": "4.97410", "2010-06-30": "3.47400", "2010-03-31": "3.94720", "2009-12-31": "4.65510", "2009-09-30": "4.60600", "2009-06-30": "3.74330", "2009-03-31": "4.08610", "2008-12-31": "4.60640", "2008-09-30": "4.92800", "2008-06-30": "3.47580", "2008-03-31": "3.88460", "2007-12-31": "4.77740", "2007-09-30": "4.65340", "2007-06-30": "3.04650", "2007-03-31": "3.86150", "2006-12-31": "4.47660", "2006-09-30": "4.32560", "2006-06-30": "3.08830", "2006-03-31": "3.47840", "2005-12-31": "3.92020", "2005-09-30": "15.54080", "2005-06-30": "8.19210", "2005-03-31": "9.36360"}, "Return On Tangible Equity": {"2020-12-31": "-23.26850", "2020-09-30": "-27.25380", "2020-06-30": "-16.56850", "2020-03-31": "-16.88750", "2019-12-31": "-20.71390", "2019-09-30": "-21.75900", "2019-06-30": "30.97170", "2019-03-31": "-16.29400", "2018-12-31": "-17.44410", "2018-09-30": "-19.29690", "2018-06-30": "-11.67100", "2018-03-31": "-16.53860", "2017-12-31": "-16.93000", "2017-09-30": "-20.44740", "2017-06-30": "-16.79890", "2017-03-31": "-19.23690", "2016-12-31": "-18.42580", "2016-09-30": "-28.93520", "2016-06-30": "-18.43220", "2016-03-31": "-24.71710", "2015-12-31": "-45.74800", "2015-09-30": "-43.57450", "2015-06-30": "-9.72350", "2015-03-31": "-23.12210", "2014-12-31": "-22.99230", "2014-09-30": "-18.42360", "2014-06-30": "-12.29150", "2014-03-31": "-14.47030", "2013-12-31": "-18.57470", "2013-09-30": "-16.18810", "2013-06-30": "-10.48700", "2013-03-31": "-13.74320", "2012-12-31": "-19.87230", "2012-09-30": "-13.88520", "2012-06-30": "-9.87170", "2012-03-31": "-11.95400", "2011-12-31": "-8.06480", "2011-09-30": "-13.44660", "2011-06-30": "-10.80200", "2011-03-31": "-12.88070", "2010-12-31": "-14.43040", "2010-09-30": "-12.15910", "2010-06-30": "-8.63320", "2010-03-31": "-12.32950", "2009-12-31": "-15.24500", "2009-09-30": "-13.35250", "2009-06-30": "-9.02630", "2009-03-31": "-9.10760", "2008-12-31": "-10.45530", "2008-09-30": "-11.67720", "2008-06-30": "-9.66290", "2008-03-31": "-10.87800", "2007-12-31": "-13.23060", "2007-09-30": "-12.82440", "2007-06-30": "-8.50200", "2007-03-31": "-10.70390", "2006-12-31": "-11.70980", "2006-09-30": "-10.58950", "2006-06-30": "-7.26670", "2006-03-31": "-9.68340", "2005-12-31": "-11.53130", "2005-09-30": "-20.92830", "2005-06-30": "-24.47260", "2005-03-31": "-26.15040"}, "ROA - Return On Assets": {"2020-12-31": "3.23610", "2020-09-30": "3.59300", "2020-06-30": "2.30820", "2020-03-31": "2.49410", "2019-12-31": "3.35030", "2019-09-30": "3.17120", "2019-06-30": "-4.55020", "2019-03-31": "2.28150", "2018-12-31": "2.60010", "2018-09-30": "2.71110", "2018-06-30": "1.59750", "2018-03-31": "2.04230", "2017-12-31": "2.02220", "2017-09-30": "2.33620", "2017-06-30": "1.82880", "2017-03-31": "2.16440", "2016-12-31": "2.18830", "2016-09-30": "2.22790", "2016-06-30": "1.57940", "2016-03-31": "1.83280", "2015-12-31": "2.24940", "2015-09-30": "2.14830", "2015-06-30": "0.49420", "2015-03-31": "1.83370", "2014-12-31": "1.96240", "2014-09-30": "1.96550", "2014-06-30": "1.24150", "2014-03-31": "1.76750", "2013-12-31": "2.30680", "2013-09-30": "2.15340", "2013-06-30": "1.35930", "2013-03-31": "1.86230", "2012-12-31": "2.91340", "2012-09-30": "2.09950", "2012-06-30": "1.54710", "2012-03-31": "1.80750", "2011-12-31": "1.24490", "2011-09-30": "2.19520", "2011-06-30": "1.73180", "2011-03-31": "2.09390", "2010-12-31": "2.50390", "2010-09-30": "2.30460", "2010-06-30": "1.63060", "2010-03-31": "1.94380", "2009-12-31": "2.32750", "2009-09-30": "2.18740", "2009-06-30": "1.72290", "2009-03-31": "1.83470", "2008-12-31": "2.03450", "2008-09-30": "2.21430", "2008-06-30": "1.64450", "2008-03-31": "1.82250", "2007-12-31": "2.21190", "2007-09-30": "2.17290", "2007-06-30": "1.44260", "2007-03-31": "1.85120", "2006-12-31": "2.08450", "2006-09-30": "1.96860", "2006-06-30": "1.39870", "2006-03-31": "1.62310", "2005-12-31": "1.86490", "2005-09-30": "3.27760", "2005-06-30": "2.26240", "2005-03-31": "2.55880"}, "ROI - Return On Investment": {"2020-12-31": "5.47050", "2020-09-30": "5.94010", "2020-06-30": "3.95650", "2020-03-31": "4.27000", "2019-12-31": "5.76800", "2019-09-30": "5.38680", "2019-06-30": "-7.70440", "2019-03-31": "3.60940", "2018-12-31": "4.23400", "2018-09-30": "4.38160", "2018-06-30": "2.56290", "2018-03-31": "3.28240", "2017-12-31": "3.33000", "2017-09-30": "3.79610", "2017-06-30": "2.98310", "2017-03-31": "3.59080", "2016-12-31": "3.64790", "2016-09-30": "3.69250", "2016-06-30": "2.61020", "2016-03-31": "2.95870", "2015-12-31": "3.63590", "2015-09-30": "3.45620", "2015-06-30": "0.78650", "2015-03-31": "2.97360", "2014-12-31": "3.22420", "2014-09-30": "3.16430", "2014-06-30": "1.99470", "2014-03-31": "2.78510", "2013-12-31": "3.59720", "2013-09-30": "3.48130", "2013-06-30": "2.15550", "2013-03-31": "2.90870", "2012-12-31": "4.48260", "2012-09-30": "3.22330", "2012-06-30": "2.40380", "2012-03-31": "2.78850", "2011-12-31": "1.98650", "2011-09-30": "3.40770", "2011-06-30": "2.66120", "2011-03-31": "3.20760", "2010-12-31": "3.90790", "2010-09-30": "3.63900", "2010-06-30": "2.52420", "2010-03-31": "2.88150", "2009-12-31": "3.45070", "2009-09-30": "3.38340", "2009-06-30": "2.76440", "2009-03-31": "2.99040", "2008-12-31": "3.42100", "2008-09-30": "3.75890", "2008-06-30": "2.54420", "2008-03-31": "2.84150", "2007-12-31": "3.48040", "2007-09-30": "3.43140", "2007-06-30": "2.20890", "2007-03-31": "2.86360", "2006-12-31": "3.21520", "2006-09-30": "2.71050", "2006-06-30": "1.91940", "2006-03-31": "2.23470", "2005-12-31": "2.60310", "2005-09-30": "5.70280", "2005-06-30": "4.43850", "2005-03-31": "5.09690"}, "Book Value Per Share": {"2020-12-31": "19.71170", "2020-09-30": "19.59030", "2020-06-30": "18.90470", "2020-03-31": "18.55720", "2019-12-31": "18.59040", "2019-09-30": "18.84020", "2019-06-30": "18.99590", "2019-03-31": "22.14990", "2018-12-31": "21.76340", "2018-09-30": "21.07400", "2018-06-30": "21.17010", "2018-03-31": "21.85080", "2017-12-31": "21.70600", "2017-09-30": "21.84310", "2017-06-30": "21.84550", "2017-03-31": "21.32450", "2016-12-31": "21.02660", "2016-09-30": "22.02950", "2016-06-30": "21.73280", "2016-03-31": "22.48420", "2015-12-31": "23.03220", "2015-09-30": "23.13640", "2015-06-30": "23.22710", "2015-03-31": "23.36160", "2014-12-31": "24.00000", "2014-09-30": "24.73220", "2014-06-30": "25.81380", "2014-03-31": "25.88360", "2013-12-31": "25.86780", "2013-09-30": "25.31680", "2013-06-30": "25.05520", "2013-03-31": "24.79310", "2012-12-31": "24.64510", "2012-09-30": "23.75390", "2012-06-30": "23.30240", "2012-03-31": "24.05350", "2011-12-31": "23.56230", "2011-09-30": "23.85560", "2011-06-30": "24.58730", "2011-03-31": "24.15790", "2010-12-31": "23.10350", "2010-09-30": "22.57820", "2010-06-30": "21.60680", "2010-03-31": "23.18510", "2009-12-31": "23.73390", "2009-09-30": "22.93870", "2009-06-30": "21.72850", "2009-03-31": "20.85120", "2008-12-31": "21.29520", "2008-09-30": "21.62370", "2008-06-30": "22.91490", "2008-03-31": "22.79370", "2007-12-31": "22.17480", "2007-09-30": "21.75390", "2007-06-30": "21.31610", "2007-03-31": "21.10770", "2006-12-31": "20.71500", "2006-09-30": "20.13850", "2006-06-30": "19.78990", "2006-03-31": "19.81530", "2005-12-31": "20.19220", "2005-09-30": "6.11220", "2005-06-30": "7.47100", "2005-03-31": "7.50850"}, "Operating Cash Flow Per Share": {"2020-12-31": 2.0807, "2020-09-30": "1.80510", "2020-06-30": 1.8074, "2020-03-31": 1.5759, "2019-12-31": 1.6697, "2019-09-30": "1.57470", "2019-06-30": 1.7972, "2019-03-31": 1.3173, "2018-12-31": 1.5219, "2018-09-30": "1.36560", "2018-06-30": 1.5636, "2018-03-31": 1.2923, "2017-12-31": 1.3906, "2017-09-30": "1.34950", "2017-06-30": 1.3031, "2017-03-31": 1.1498, "2016-12-31": 1.1292, "2016-09-30": "1.07160", "2016-06-30": 1.442, "2016-03-31": 1.1855, "2015-12-31": 1.5652, "2015-09-30": "1.23380", "2015-06-30": 1.3906, "2015-03-31": 1.2346, "2014-12-31": 1.1917, "2014-09-30": "1.25800", "2014-06-30": 1.5393, "2014-03-31": 1.429, "2013-12-31": 1.138, "2013-09-30": "0.69900", "2013-06-30": 1.4875, "2013-03-31": 1.3088, "2012-12-31": 1.3227, "2012-09-30": "0.94480", "2012-06-30": 1.3471, "2012-03-31": 1.3065, "2011-12-31": 1.1273, "2011-09-30": "0.73560", "2011-06-30": 1.2891, "2011-03-31": 1.3595, "2010-12-31": 0.9815, "2010-09-30": "0.81040", "2010-06-30": 1.0941, "2010-03-31": 1.5937, "2009-12-31": 1.0521, "2009-09-30": "1.46480", "2009-06-30": 1.5338, "2009-03-31": 1.4175, "2008-12-31": 0.7156, "2008-09-30": "1.06310", "2008-06-30": 1.1336, "2008-03-31": 1.2724, "2007-12-31": 1.1558, "2007-09-30": "0.96300", "2007-06-30": 1.0455, "2007-03-31": 1.3141, "2006-12-31": 0.721, "2006-09-30": "0.86510", "2006-06-30": 1.1302, "2006-03-31": 0.9936, "2005-12-31": 0.5187, "2005-09-30": "0.81930", "2005-06-30": 0.7576, "2005-03-31": 2.4133}, "Free Cash Flow Per Share": {"2020-12-31": 1.8696, "2020-09-30": "1.48940", "2020-06-30": 1.5619, "2020-03-31": 1.2971, "2019-12-31": 1.4404, "2019-09-30": "1.16940", "2019-06-30": 1.5863, "2019-03-31": 1.0374, "2018-12-31": 1.2598, "2018-09-30": "0.95560", "2018-06-30": 1.235, "2018-03-31": 0.9595, "2017-12-31": 1.1303, "2017-09-30": "0.97340", "2017-06-30": 0.949, "2017-03-31": 0.8971, "2016-12-31": 0.887, "2016-09-30": "0.89410", "2016-06-30": 1.1021, "2016-03-31": 0.9111, "2015-12-31": 1.3384, "2015-09-30": "1.06160", "2015-06-30": 1.2206, "2015-03-31": 0.974, "2014-12-31": 1.1467, "2014-09-30": "1.99830", "2014-06-30": 1.2909, "2014-03-31": 1.1179, "2013-12-31": 0.8187, "2013-09-30": "0.45170", "2013-06-30": 0.9589, "2013-03-31": 1.0331, "2012-12-31": 1.2133, "2012-09-30": "0.69280", "2012-06-30": 1.7908, "2012-03-31": 1.0215, "2011-12-31": 0.8856, "2011-09-30": "0.45450", "2011-06-30": 0.922, "2011-03-31": 1.1116, "2010-12-31": 0.7371, "2010-09-30": "0.64350", "2010-06-30": 0.7506, "2010-03-31": 1.3715, "2009-12-31": 1.7284, "2009-09-30": "1.35450", "2009-06-30": 1.1939, "2009-03-31": 1.2029, "2008-12-31": 0.6357, "2008-09-30": "1.01560", "2008-06-30": 0.8262, "2008-03-31": 1.0721, "2007-12-31": 1.1043, "2007-09-30": "0.88370", "2007-06-30": 0.7735, "2007-03-31": 1.1264, "2006-12-31": 0.5343, "2006-09-30": "0.72770", "2006-06-30": 0.9612, "2006-03-31": 0.8138, "2005-12-31": 0.4657, "2005-09-30": "0.67780", "2005-06-30": 0.5225, "2005-03-31": 2.0404}}, "revenue": {"Procter & Gamble Annual Revenue (Millions of US $)": {"2020": "$70,950", "2019": "$67,684", "2018": "$66,832", "2017": "$65,058", "2016": "$65,299", "2015": "$70,749", "2014": "$74,401", "2013": "$80,116", "2012": "$82,006", "2011": "$81,104", "2010": "$77,567", "2009": "$76,694", "2008": "$79,257", "2007": "$74,832", "2006": "$68,222", "2005": "$56,741"}, "Procter & Gamble Quarterly Revenue (Millions of US $)": {"2020-12-31": "$19,745", "2020-09-30": "$19,318", "2020-06-30": "$17,698", "2020-03-31": "$17,214", "2019-12-31": "$18,240", "2019-09-30": "$17,798", "2019-06-30": "$17,094", "2019-03-31": "$16,462", "2018-12-31": "$17,438", "2018-09-30": "$16,690", "2018-06-30": "$16,503", "2018-03-31": "$16,281", "2017-12-31": "$17,395", "2017-09-30": "$16,653", "2017-06-30": "$16,079", "2017-03-31": "$15,605", "2016-12-31": "$16,856", "2016-09-30": "$16,518", "2016-06-30": "$16,102", "2016-03-31": "$15,755", "2015-12-31": "$16,915", "2015-09-30": "$16,527", "2015-06-30": "$17,790", "2015-03-31": "$16,930", "2014-12-31": "$18,495", "2014-09-30": "$18,771", "2014-06-30": "$12,831", "2014-03-31": "$19,641", "2013-12-31": "$21,099", "2013-09-30": "$20,830", "2013-06-30": "$20,297", "2013-03-31": "$20,598", "2012-12-31": "$22,175", "2012-09-30": "$20,739", "2012-06-30": "$18,538", "2012-03-31": "$20,194", "2011-12-31": "$21,744", "2011-09-30": "$21,530", "2011-06-30": "$19,742", "2011-03-31": "$19,893", "2010-12-31": "$21,347", "2010-09-30": "$20,122", "2010-06-30": "$17,555", "2010-03-31": "$19,178", "2009-12-31": "$21,027", "2009-09-30": "$19,807", "2009-06-30": "$18,084", "2009-03-31": "$17,864", "2008-12-31": "$19,763", "2008-09-30": "$20,983", "2008-06-30": "$17,994", "2008-03-31": "$20,026", "2007-12-31": "$21,038", "2007-09-30": "$20,199", "2007-06-30": "$17,628", "2007-03-31": "$18,694", "2006-12-31": "$19,725", "2006-09-30": "$18,785", "2006-06-30": "$17,842", "2006-03-31": "$17,250", "2005-12-31": "$18,337", "2005-09-30": "$14,793", "2005-06-30": "$14,258", "2005-03-31": "$14,287"}}, "gross-profit": {"Procter & Gamble Annual Gross Profit (Millions of US $)": {"2020": "$35,700", "2019": "$32,916", "2018": "$32,400", "2017": "$32,420", "2016": "$32,390", "2015": "$33,693", "2014": "$35,371", "2013": "$40,125", "2012": "$40,595", "2011": "$41,245", "2010": "$40,525", "2009": "$38,004", "2008": "$39,996", "2007": "$39,173", "2006": "$35,097", "2005": "$28,869"}, "Procter & Gamble Quarterly Gross Profit (Millions of US $)": {"2020-12-31": "$10,492", "2020-09-30": "$10,176", "2020-06-30": "$8,756", "2020-03-31": "$8,498", "2019-12-31": "$9,371", "2019-09-30": "$9,075", "2019-06-30": "$8,156", "2019-03-31": "$8,035", "2018-12-31": "$8,519", "2018-09-30": "$8,206", "2018-06-30": "$7,433", "2018-03-31": "$7,897", "2017-12-31": "$8,686", "2017-09-30": "$8,384", "2017-06-30": "$7,677", "2017-03-31": "$7,769", "2016-12-31": "$8,558", "2016-09-30": "$8,416", "2016-06-30": "$7,720", "2016-03-31": "$7,840", "2015-12-31": "$8,455", "2015-09-30": "$8,375", "2015-06-30": "$8,533", "2015-03-31": "$8,003", "2014-12-31": "$8,937", "2014-09-30": "$9,037", "2014-06-30": "$4,889", "2014-03-31": "$9,601", "2013-12-31": "$10,625", "2013-09-30": "$10,256", "2013-06-30": "$9,720", "2013-03-31": "$10,254", "2012-12-31": "$11,295", "2012-09-30": "$10,389", "2012-06-30": "$9,021", "2012-03-31": "$9,957", "2011-12-31": "$10,893", "2011-09-30": "$10,724", "2011-06-30": "$9,648", "2011-03-31": "$10,104", "2010-12-31": "$11,060", "2010-09-30": "$10,433", "2010-06-30": "$8,872", "2010-03-31": "$9,953", "2009-12-31": "$11,291", "2009-09-30": "$10,409", "2009-06-30": "$8,868", "2009-03-31": "$8,747", "2008-12-31": "$9,964", "2008-09-30": "$10,425", "2008-06-30": "$7,959", "2008-03-31": "$10,347", "2007-12-31": "$11,010", "2007-09-30": "$10,680", "2007-06-30": "$9,178", "2007-03-31": "$9,637", "2006-12-31": "$10,438", "2006-09-30": "$9,920", "2006-06-30": "$8,948", "2006-03-31": "$8,910", "2005-12-31": "$9,605", "2005-09-30": "$7,634", "2005-06-30": "$6,949", "2005-03-31": "$7,232"}}, "operating-income": {"Procter & Gamble Annual Operating Income (Millions of US $)": {"2020": "$15,706", "2019": "$5,487", "2018": "$13,363", "2017": "$13,766", "2016": "$13,441", "2015": "$11,049", "2014": "$13,910", "2013": "$13,817", "2012": "$13,035", "2011": "$15,495", "2010": "$15,732", "2009": "$15,374", "2008": "$15,979", "2007": "$15,003", "2006": "$13,249", "2005": "$10,469"}, "Procter & Gamble Quarterly Operating Income (Millions of US $)": {"2020-12-31": "$5,380", "2020-09-30": "$5,281", "2020-06-30": "$3,481", "2020-03-31": "$3,453", "2019-12-31": "$4,482", "2019-09-30": "$4,290", "2019-06-30": "$-5,192", "2019-03-31": "$3,229", "2018-12-31": "$3,896", "2018-09-30": "$3,554", "2018-06-30": "$2,587", "2018-03-31": "$3,209", "2017-12-31": "$3,919", "2017-09-30": "$3,648", "2017-06-30": "$2,760", "2017-03-31": "$3,360", "2016-12-31": "$3,875", "2016-09-30": "$3,771", "2016-06-30": "$2,502", "2016-03-31": "$3,318", "2015-12-31": "$3,853", "2015-09-30": "$3,768", "2015-06-30": "$930", "2015-03-31": "$3,025", "2014-12-31": "$3,579", "2014-09-30": "$3,633", "2014-06-30": "$2,182", "2014-03-31": "$3,306", "2013-12-31": "$4,302", "2013-09-30": "$4,120", "2013-06-30": "$2,651", "2013-03-31": "$3,405", "2012-12-31": "$4,492", "2012-09-30": "$3,951", "2012-06-30": "$2,806", "2012-03-31": "$3,299", "2011-12-31": "$2,680", "2011-09-30": "$4,250", "2011-06-30": "$3,029", "2011-03-31": "$3,705", "2010-12-31": "$4,260", "2010-09-30": "$4,501", "2010-06-30": "$2,661", "2010-03-31": "$3,968", "2009-12-31": "$4,655", "2009-09-30": "$4,448", "2009-06-30": "$3,380", "2009-03-31": "$3,553", "2008-12-31": "$4,055", "2008-09-30": "$4,386", "2008-06-30": "$2,958", "2008-03-31": "$4,013", "2007-12-31": "$4,590", "2007-09-30": "$4,418", "2007-06-30": "$2,953", "2007-03-31": "$3,646", "2006-12-31": "$4,350", "2006-09-30": "$4,054", "2006-06-30": "$2,949", "2006-03-31": "$3,351", "2005-12-31": "$3,892", "2005-09-30": "$3,057", "2005-06-30": "$2,156", "2005-03-31": "$2,542"}}, "ebitda": {"Procter & Gamble Annual EBITDA (Millions of US $)": {"2020": "$18,719", "2019": "$8,311", "2018": "$16,197", "2017": "$16,586", "2016": "$16,519", "2015": "$14,183", "2014": "$17,051", "2013": "$16,799", "2012": "$16,239", "2011": "$18,333", "2010": "$18,840", "2009": "$18,456", "2008": "$19,145", "2007": "$18,133", "2006": "$15,876", "2005": "$12,353"}, "Procter & Gamble Quarterly EBITDA (Millions of US $)": {"2020-12-31": "$6,051", "2020-09-30": "$5,952", "2020-06-30": "$4,295", "2020-03-31": "$4,252", "2019-12-31": "$5,159", "2019-09-30": "$5,013", "2019-06-30": "$-4,372", "2019-03-31": "$3,940", "2018-12-31": "$4,546", "2018-09-30": "$4,197", "2018-06-30": "$3,337", "2018-03-31": "$3,925", "2017-12-31": "$4,595", "2017-09-30": "$4,340", "2017-06-30": "$3,480", "2017-03-31": "$4,025", "2016-12-31": "$4,582", "2016-09-30": "$4,499", "2016-06-30": "$3,341", "2016-03-31": "$4,103", "2015-12-31": "$4,576", "2015-09-30": "$4,499", "2015-06-30": "$1,738", "2015-03-31": "$3,811", "2014-12-31": "$4,325", "2014-09-30": "$4,427", "2014-06-30": "$3,006", "2014-03-31": "$4,097", "2013-12-31": "$5,057", "2013-09-30": "$4,891", "2013-06-30": "$3,445", "2013-03-31": "$4,145", "2012-12-31": "$5,230", "2012-09-30": "$4,661", "2012-06-30": "$3,583", "2012-03-31": "$4,270", "2011-12-31": "$3,393", "2011-09-30": "$4,993", "2011-06-30": "$3,764", "2011-03-31": "$4,408", "2010-12-31": "$4,971", "2010-09-30": "$5,190", "2010-06-30": "$3,441", "2010-03-31": "$4,767", "2009-12-31": "$5,413", "2009-09-30": "$5,219", "2009-06-30": "$4,234", "2009-03-31": "$4,278", "2008-12-31": "$4,748", "2008-09-30": "$5,196", "2008-06-30": "$3,854", "2008-03-31": "$4,780", "2007-12-31": "$5,341", "2007-09-30": "$5,170", "2007-06-30": "$3,716", "2007-03-31": "$4,524", "2006-12-31": "$5,055", "2006-09-30": "$4,838", "2006-06-30": "$3,685", "2006-03-31": "$4,084", "2005-12-31": "$4,602", "2005-09-30": "$3,505", "2005-06-30": "$2,637", "2005-03-31": "$3,017"}}, "net-income": {"Procter & Gamble Annual Net Income (Millions of US $)": {"2020": "$12,764", "2019": "$3,634", "2018": "$9,485", "2017": "$15,079", "2016": "$10,253", "2015": "$6,777", "2014": "$11,390", "2013": "$11,068", "2012": "$10,500", "2011": "$11,564", "2010": "$12,517", "2009": "$13,436", "2008": "$12,075", "2007": "$10,340", "2006": "$8,684", "2005": "$6,923"}, "Procter & Gamble Quarterly Net Income (Millions of US $)": {"2020-12-31": "$3,788", "2020-09-30": "$4,211", "2020-06-30": "$2,730", "2020-03-31": "$2,853", "2019-12-31": "$3,653", "2019-09-30": "$3,528", "2019-06-30": "$-5,309", "2019-03-31": "$2,681", "2018-12-31": "$3,129", "2018-09-30": "$3,133", "2018-06-30": "$1,824", "2018-03-31": "$2,437", "2017-12-31": "$2,433", "2017-09-30": "$2,791", "2017-06-30": "$2,152", "2017-03-31": "$2,462", "2016-12-31": "$7,814", "2016-09-30": "$2,651", "2016-06-30": "$1,888", "2016-03-31": "$2,687", "2015-12-31": "$3,142", "2015-09-30": "$2,536", "2015-06-30": "$521", "2015-03-31": "$2,153", "2014-12-31": "$2,302", "2014-09-30": "$1,930", "2014-06-30": "$2,508", "2014-03-31": "$2,552", "2013-12-31": "$3,361", "2013-09-30": "$2,969", "2013-06-30": "$1,875", "2013-03-31": "$2,512", "2012-12-31": "$3,992", "2012-09-30": "$2,757", "2012-06-30": "$3,375", "2012-03-31": "$2,411", "2011-12-31": "$1,690", "2011-09-30": "$3,024", "2011-06-30": "$2,277", "2011-03-31": "$2,873", "2010-12-31": "$3,333", "2010-09-30": "$3,081", "2010-06-30": "$1,966", "2010-03-31": "$2,585", "2009-12-31": "$4,659", "2009-09-30": "$3,307", "2009-06-30": "$2,471", "2009-03-31": "$2,613", "2008-12-31": "$5,004", "2008-09-30": "$3,348", "2008-06-30": "$3,016", "2008-03-31": "$2,710", "2007-12-31": "$3,270", "2007-09-30": "$3,079", "2007-06-30": "$2,268", "2007-03-31": "$2,512", "2006-12-31": "$2,862", "2006-09-30": "$2,698", "2006-06-30": "$1,898", "2006-03-31": "$2,211", "2005-12-31": "$2,546", "2005-09-30": "$2,029", "2005-06-30": "$1,392", "2005-03-31": "$1,614"}}, "eps-earnings-per-share-diluted": {"Procter & Gamble Annual EPS": {"2020": "$4.96", "2019": "$1.43", "2018": "$3.67", "2017": "$5.59", "2016": "$3.69", "2015": "$2.44", "2014": "$4.01", "2013": "$3.86", "2012": "$3.66", "2011": "$3.93", "2010": "$4.11", "2009": "$4.26", "2008": "$3.64", "2007": "$3.04", "2006": "$2.64", "2005": "$2.53"}, "Procter & Gamble Quarterly EPS": {"2020-12-31": "$1.47", "2020-09-30": "$1.63", "2020-06-30": "$1.07", "2020-03-31": "$1.12", "2019-12-31": "$1.41", "2019-09-30": "$1.36", "2019-06-30": "$-2.05", "2019-03-31": "$1.04", "2018-12-31": "$1.22", "2018-09-30": "$1.22", "2018-06-30": "$0.73", "2018-03-31": "$0.95", "2017-12-31": "$0.93", "2017-09-30": "$1.06", "2017-06-30": "$0.82", "2017-03-31": "$0.93", "2016-12-31": "$2.88", "2016-09-30": "$0.96", "2016-06-30": "$0.69", "2016-03-31": "$0.97", "2015-12-31": "$1.12", "2015-09-30": "$0.91", "2015-06-30": "$0.18", "2015-03-31": "$0.75", "2014-12-31": "$0.82", "2014-09-30": "$0.69", "2014-06-30": "$0.89", "2014-03-31": "$0.90", "2013-12-31": "$1.18", "2013-09-30": "$1.04", "2013-06-30": "$0.64", "2013-03-31": "$0.88", "2012-12-31": "$1.39", "2012-09-30": "$0.96", "2012-06-30": "$1.24", "2012-03-31": "$0.82", "2011-12-31": "$0.57", "2011-09-30": "$1.03", "2011-06-30": "$0.84", "2011-03-31": "$0.96", "2010-12-31": "$1.11", "2010-09-30": "$1.02", "2010-06-30": "$0.73", "2010-03-31": "$0.83", "2009-12-31": "$1.49", "2009-09-30": "$1.06", "2009-06-30": "$0.81", "2009-03-31": "$0.84", "2008-12-31": "$1.58", "2008-09-30": "$1.03", "2008-06-30": "$0.92", "2008-03-31": "$0.82", "2007-12-31": "$0.98", "2007-09-30": "$0.92", "2007-06-30": "$0.67", "2007-03-31": "$0.74", "2006-12-31": "$0.84", "2006-09-30": "$0.79", "2006-06-30": "$0.52", "2006-03-31": "$0.63", "2005-12-31": "$0.72", "2005-09-30": "$0.77", "2005-06-30": "$0.52", "2005-03-31": "$0.59"}}, "shares-outstanding": {"Procter & Gamble Annual Shares Outstanding (Millions of Shares)": {"2020": "2,626", "2019": "2,540", "2018": "2,657", "2017": "2,740", "2016": "2,844", "2015": "2,884", "2014": "2,905", "2013": "2,931", "2012": "2,941", "2011": "3,002", "2010": "3,099", "2009": "3,154", "2008": "3,317", "2007": "3,399", "2006": "3,286", "2005": "2,737"}, "Procter & Gamble Quarterly Shares Outstanding (Millions of Shares)": {"2020-12-31": "2,615", "2020-09-30": "2,625", "2020-06-30": "2,626", "2020-03-31": "2,613", "2019-12-31": "2,630", "2019-09-30": "2,648", "2019-06-30": "2,540", "2019-03-31": "2,638", "2018-12-31": "2,623", "2018-09-30": "2,612", "2018-06-30": "2,657", "2018-03-31": "2,646", "2017-12-31": "2,670", "2017-09-30": "2,691", "2017-06-30": "2,740", "2017-03-31": "2,706", "2016-12-31": "2,738", "2016-09-30": "2,823", "2016-06-30": "2,844", "2016-03-31": "2,835", "2015-12-31": "2,865", "2015-09-30": "2,868", "2015-06-30": "2,879", "2015-03-31": "2,883", "2014-12-31": "2,885", "2014-09-30": "2,888", "2014-06-30": "2,905", "2014-03-31": "2,894", "2013-12-31": "2,909", "2013-09-30": "2,924", "2013-06-30": "2,937", "2013-03-31": "2,931", "2012-12-31": "2,919", "2012-09-30": "2,932", "2012-06-30": "2,941", "2012-03-31": "2,938", "2011-12-31": "2,950", "2011-09-30": "2,946", "2011-06-30": "3,002", "2011-03-31": "2,999", "2010-12-31": "3,000", "2010-09-30": "3,026", "2010-06-30": "3,099", "2010-03-31": "3,104", "2009-12-31": "3,119", "2009-09-30": "3,110", "2009-06-30": "3,154", "2009-03-31": "3,105", "2008-12-31": "3,171", "2008-09-30": "3,240", "2008-06-30": "3,317", "2008-03-31": "3,301", "2007-12-31": "3,342", "2007-09-30": "3,354", "2007-06-30": "3,399", "2007-03-31": "3,397", "2006-12-31": "3,407", "2006-09-30": "3,413", "2006-06-30": "3,286", "2006-03-31": "3,511", "2005-12-31": "3,547", "2005-09-30": "2,650", "2005-06-30": "2,737", "2005-03-31": "2,730"}}, "total-assets": {"Procter & Gamble Annual Total Assets (Millions of US $)": {"2020": "$120,700", "2019": "$115,095", "2018": "$118,310", "2017": "$120,406", "2016": "$127,136", "2015": "$129,495", "2014": "$144,266", "2013": "$139,263", "2012": "$132,244", "2011": "$138,354", "2010": "$128,172", "2009": "$134,833", "2008": "$143,992", "2007": "$138,014", "2006": "$135,695", "2005": "$61,527"}, "Procter & Gamble Quarterly Total Assets (Millions of US $)": {"2020-12-31": "$120,112", "2020-09-30": "$119,899", "2020-06-30": "$120,700", "2020-03-31": "$118,560", "2019-12-31": "$111,723", "2019-09-30": "$114,058", "2019-06-30": "$115,095", "2019-03-31": "$121,673", "2018-12-31": "$123,687", "2018-09-30": "$118,440", "2018-06-30": "$118,310", "2018-03-31": "$124,369", "2017-12-31": "$126,644", "2017-09-30": "$122,851", "2017-06-30": "$120,406", "2017-03-31": "$118,091", "2016-12-31": "$117,033", "2016-09-30": "$129,043", "2016-06-30": "$127,136", "2016-03-31": "$127,508", "2015-12-31": "$129,143", "2015-09-30": "$129,265", "2015-06-30": "$129,495", "2015-03-31": "$130,937", "2014-12-31": "$136,263", "2014-09-30": "$138,183", "2014-06-30": "$144,266", "2014-03-31": "$143,197", "2013-12-31": "$142,927", "2013-09-30": "$141,125", "2013-06-30": "$139,263", "2013-03-31": "$139,131", "2012-12-31": "$139,903", "2012-09-30": "$135,888", "2012-06-30": "$132,244", "2012-03-31": "$134,605", "2011-12-31": "$134,311", "2011-09-30": "$136,617", "2011-06-30": "$138,354", "2011-03-31": "$136,538", "2010-12-31": "$134,273", "2010-09-30": "$133,692", "2010-06-30": "$128,172", "2010-03-31": "$132,986", "2009-12-31": "$135,293", "2009-09-30": "$138,381", "2009-06-30": "$134,833", "2009-03-31": "$132,395", "2008-12-31": "$138,263", "2008-09-30": "$140,679", "2008-06-30": "$143,992", "2008-03-31": "$145,405", "2007-12-31": "$144,401", "2007-09-30": "$141,703", "2007-06-30": "$138,014", "2007-03-31": "$135,695", "2006-12-31": "$137,300", "2006-09-30": "$137,049", "2006-06-30": "$135,695", "2006-03-31": "$136,222", "2005-12-31": "$136,522", "2005-09-30": "$61,906", "2005-06-30": "$61,527", "2005-03-31": "$63,076"}}, "cash-on-hand": {"Procter & Gamble Annual Cash on Hand (Millions of US $)": {"2020": "$16,181", "2019": "$10,287", "2018": "$11,850", "2017": "$15,137", "2016": "$13,348", "2015": "$11,603", "2014": "$10,686", "2013": "$5,947", "2012": "$4,436", "2011": "$2,768", "2010": "$2,879", "2009": "$4,781", "2008": "$3,313", "2007": "$5,556", "2006": "$7,826", "2005": "$8,133"}, "Procter & Gamble Quarterly Cash on Hand (Millions of US $)": {"2020-12-31": "$11,941", "2020-09-30": "$13,392", "2020-06-30": "$16,181", "2020-03-31": "$15,393", "2019-12-31": "$6,279", "2019-09-30": "$9,304", "2019-06-30": "$10,287", "2019-03-31": "$9,823", "2018-12-31": "$12,117", "2018-09-30": "$11,253", "2018-06-30": "$11,850", "2018-03-31": "$15,534", "2017-12-31": "$18,758", "2017-09-30": "$16,007", "2017-06-30": "$15,137", "2017-03-31": "$14,327", "2016-12-31": "$13,454", "2016-09-30": "$15,941", "2016-06-30": "$13,348", "2016-03-31": "$13,819", "2015-12-31": "$14,277", "2015-09-30": "$12,606", "2015-06-30": "$11,603", "2015-03-31": "$13,160", "2014-12-31": "$12,251", "2014-09-30": "$10,846", "2014-06-30": "$10,686", "2014-03-31": "$9,752", "2013-12-31": "$8,503", "2013-09-30": "$7,702", "2013-06-30": "$5,947", "2013-03-31": "$5,876", "2012-12-31": "$6,643", "2012-09-30": "$5,302", "2012-06-30": "$4,436", "2012-03-31": "$3,991", "2011-12-31": "$4,414", "2011-09-30": "$3,582", "2011-06-30": "$2,768", "2011-03-31": "$2,946", "2010-12-31": "$3,249", "2010-09-30": "$2,603", "2010-06-30": "$2,879", "2010-03-31": "$4,899", "2009-12-31": "$4,130", "2009-09-30": "$6,294", "2009-06-30": "$4,781", "2009-03-31": "$4,434", "2008-12-31": "$5,653", "2008-09-30": "$4,502", "2008-06-30": "$3,313", "2008-03-31": "$4,078", "2007-12-31": "$6,045", "2007-09-30": "$4,997", "2007-06-30": "$5,556", "2007-03-31": "$4,230", "2006-12-31": "$5,508", "2006-09-30": "$7,758", "2006-06-30": "$7,826", "2006-03-31": "$10,199", "2005-12-31": "$9,812", "2005-09-30": "$8,059", "2005-06-30": "$8,133", "2005-03-31": "$8,778"}}, "long-term-debt": {"Procter & Gamble Annual Long Term Debt (Millions of US $)": {"2020": "$23,537", "2019": "$20,395", "2018": "$20,863", "2017": "$18,038", "2016": "$18,945", "2015": "$18,327", "2014": "$19,811", "2013": "$19,111", "2012": "$21,080", "2011": "$22,033", "2010": "$21,360", "2009": "$20,652", "2008": "$23,581", "2007": "$23,375", "2006": "$35,976", "2005": "$12,887"}, "Procter & Gamble Quarterly Long Term Debt (Millions of US $)": {"2020-12-31": "$22,514", "2020-09-30": "$23,948", "2020-06-30": "$23,537", "2020-03-31": "$23,310", "2019-12-31": "$18,985", "2019-09-30": "$20,161", "2019-06-30": "$20,395", "2019-03-31": "$21,359", "2018-12-31": "$21,514", "2018-09-30": "$20,779", "2018-06-30": "$20,863", "2018-03-31": "$22,437", "2017-12-31": "$22,186", "2017-09-30": "$20,188", "2017-06-30": "$18,038", "2017-03-31": "$16,633", "2016-12-31": "$16,460", "2016-09-30": "$18,910", "2016-06-30": "$18,945", "2016-03-31": "$19,134", "2015-12-31": "$17,595", "2015-09-30": "$17,394", "2015-06-30": "$18,327", "2015-03-31": "$17,364", "2014-12-31": "$18,124", "2014-09-30": "$19,004", "2014-06-30": "$19,811", "2014-03-31": "$20,837", "2013-12-31": "$21,517", "2013-09-30": "$18,480", "2013-06-30": "$19,111", "2013-03-31": "$21,125", "2012-12-31": "$23,607", "2012-09-30": "$23,563", "2012-06-30": "$21,080", "2012-03-31": "$21,341", "2011-12-31": "$19,270", "2011-09-30": "$22,372", "2011-06-30": "$22,033", "2011-03-31": "$21,699", "2010-12-31": "$21,317", "2010-09-30": "$21,464", "2010-06-30": "$21,360", "2010-03-31": "$22,938", "2009-12-31": "$22,309", "2009-09-30": "$22,439", "2009-06-30": "$20,652", "2009-03-31": "$20,452", "2008-12-31": "$19,815", "2008-09-30": "$18,307", "2008-06-30": "$23,581", "2008-03-31": "$23,673", "2007-12-31": "$23,528", "2007-09-30": "$22,172", "2007-06-30": "$23,375", "2007-03-31": "$21,257", "2006-12-31": "$23,650", "2006-09-30": "$35,727", "2006-06-30": "$35,976", "2006-03-31": "$33,916", "2005-12-31": "$31,394", "2005-09-30": "$21,046", "2005-06-30": "$12,887", "2005-03-31": "$12,936"}}, "total-liabilities": {"Procter & Gamble Annual Total Liabilities (Millions of US $)": {"2020": "$73,822", "2019": "$67,516", "2018": "$65,427", "2017": "$64,628", "2016": "$69,153", "2015": "$66,445", "2014": "$74,290", "2013": "$70,554", "2012": "$68,209", "2011": "$70,353", "2010": "$66,733", "2009": "$71,451", "2008": "$74,498", "2007": "$71,254", "2006": "$72,787", "2005": "$43,052"}, "Procter & Gamble Quarterly Total Liabilities (Millions of US $)": {"2020-12-31": "$71,572", "2020-09-30": "$71,323", "2020-06-30": "$73,822", "2020-03-31": "$72,619", "2019-12-31": "$65,815", "2019-09-30": "$67,074", "2019-06-30": "$67,516", "2019-03-31": "$66,121", "2018-12-31": "$69,244", "2018-09-30": "$65,936", "2018-06-30": "$65,427", "2018-03-31": "$69,423", "2017-12-31": "$71,923", "2017-09-30": "$67,436", "2017-06-30": "$64,628", "2017-03-31": "$63,543", "2016-12-31": "$63,289", "2016-09-30": "$70,092", "2016-06-30": "$69,153", "2016-03-31": "$67,655", "2015-12-31": "$66,841", "2015-09-30": "$66,311", "2015-06-30": "$66,445", "2015-03-31": "$67,557", "2014-12-31": "$71,451", "2014-09-30": "$71,354", "2014-06-30": "$74,290", "2014-03-31": "$73,156", "2013-12-31": "$72,789", "2013-09-30": "$72,309", "2013-06-30": "$70,554", "2013-03-31": "$71,178", "2012-12-31": "$72,580", "2012-09-30": "$70,940", "2012-06-30": "$68,209", "2012-03-31": "$68,696", "2011-12-31": "$69,411", "2011-09-30": "$70,983", "2011-06-30": "$70,353", "2011-03-31": "$69,106", "2010-12-31": "$69,560", "2010-09-30": "$70,491", "2010-06-30": "$66,733", "2010-03-31": "$66,213", "2009-12-31": "$66,346", "2009-09-30": "$71,354", "2009-06-30": "$71,451", "2009-03-31": "$71,620", "2008-12-31": "$75,851", "2008-09-30": "$76,117", "2008-06-30": "$74,498", "2008-03-31": "$75,816", "2007-12-31": "$76,158", "2007-09-30": "$74,144", "2007-06-30": "$71,254", "2007-03-31": "$69,229", "2006-12-31": "$71,936", "2006-09-30": "$73,236", "2006-06-30": "$72,787", "2006-03-31": "$71,198", "2005-12-31": "$70,108", "2005-09-30": "$47,373", "2005-06-30": "$43,052", "2005-03-31": "$44,346"}}, "total-share-holder-equity": {"Procter & Gamble Annual Share Holder Equity (Millions of US $)": {"2020": "$46,878", "2019": "$47,579", "2018": "$52,883", "2017": "$55,778", "2016": "$57,983", "2015": "$63,050", "2014": "$69,976", "2013": "$68,709", "2012": "$64,035", "2011": "$68,001", "2010": "$61,439", "2009": "$63,382", "2008": "$69,494", "2007": "$66,760", "2006": "$62,908", "2005": "$18,475"}, "Procter & Gamble Quarterly Share Holder Equity (Millions of US $)": {"2020-12-31": "$48,540", "2020-09-30": "$48,576", "2020-06-30": "$46,878", "2020-03-31": "$45,941", "2019-12-31": "$45,908", "2019-09-30": "$46,984", "2019-06-30": "$47,579", "2019-03-31": "$55,552", "2018-12-31": "$54,443", "2018-09-30": "$52,504", "2018-06-30": "$52,883", "2018-03-31": "$54,946", "2017-12-31": "$54,721", "2017-09-30": "$55,415", "2017-06-30": "$55,778", "2017-03-31": "$54,548", "2016-12-31": "$53,744", "2016-09-30": "$58,951", "2016-06-30": "$57,983", "2016-03-31": "$59,853", "2015-12-31": "$62,302", "2015-09-30": "$62,954", "2015-06-30": "$63,050", "2015-03-31": "$63,380", "2014-12-31": "$64,812", "2014-09-30": "$66,829", "2014-06-30": "$69,976", "2014-03-31": "$70,041", "2013-12-31": "$70,138", "2013-09-30": "$68,816", "2013-06-30": "$68,709", "2013-03-31": "$67,953", "2012-12-31": "$67,323", "2012-09-30": "$64,948", "2012-06-30": "$64,035", "2012-03-31": "$65,909", "2011-12-31": "$64,900", "2011-09-30": "$65,634", "2011-06-30": "$68,001", "2011-03-31": "$67,432", "2010-12-31": "$64,713", "2010-09-30": "$63,201", "2010-06-30": "$61,439", "2010-03-31": "$66,773", "2009-12-31": "$68,947", "2009-09-30": "$67,027", "2009-06-30": "$63,382", "2009-03-31": "$60,775", "2008-12-31": "$62,412", "2008-09-30": "$64,562", "2008-06-30": "$69,494", "2008-03-31": "$69,589", "2007-12-31": "$68,243", "2007-09-30": "$67,559", "2007-06-30": "$66,760", "2007-03-31": "$66,466", "2006-12-31": "$65,364", "2006-09-30": "$63,813", "2006-06-30": "$62,908", "2006-03-31": "$65,024", "2005-12-31": "$66,414", "2005-09-30": "$14,533", "2005-06-30": "$18,475", "2005-03-31": "$18,730"}}, "profit-margins": {"current": "18.72%"}, "gross margin": {"2020-12-31": "51.26%", "2020-09-30": "50.78%", "2020-06-30": "50.32%", "2020-03-31": "49.90%", "2019-12-31": "49.77%", "2019-09-30": "49.11%", "2019-06-30": "48.63%", "2019-03-31": "47.98%", "2018-12-31": "47.91%", "2018-09-30": "48.19%", "2018-06-30": "48.48%", "2018-03-31": "49.16%", "2017-12-31": "49.47%", "2017-09-30": "49.68%", "2017-06-30": "49.83%", "2017-03-31": "49.88%", "2016-12-31": "49.88%", "2016-09-30": "49.67%", "2016-06-30": "49.60%", "2016-03-31": "49.57%", "2015-12-31": "48.95%", "2015-09-30": "48.53%", "2015-06-30": "47.94%", "2015-03-31": "46.05%", "2014-12-31": "46.55%", "2014-09-30": "47.21%", "2014-06-30": "47.54%", "2014-03-31": "49.11%", "2013-12-31": "49.33%", "2013-09-30": "49.49%", "2013-06-30": "49.71%", "2013-03-31": "49.92%", "2012-12-31": "49.80%", "2012-09-30": "49.57%", "2012-06-30": "49.50%", "2012-03-31": "49.54%", "2011-12-31": "49.90%", "2011-09-30": "50.34%", "2011-06-30": "50.85%", "2011-03-31": "51.28%", "2010-12-31": "51.56%", "2010-09-30": "52.06%", "2010-06-30": "52.25%", "2010-03-31": "51.89%", "2009-12-31": "51.20%", "2009-09-30": "50.30%", "2009-06-30": "49.55%", "2009-03-31": "48.42%", "2008-12-31": "49.13%", "2008-09-30": "49.65%", "2008-06-30": "50.46%", "2008-03-31": "52.24%", "2007-12-31": "52.22%", "2007-09-30": "52.37%", "2007-06-30": "52.35%", "2007-03-31": "51.89%", "2006-12-31": "51.92%", "2006-09-30": "51.77%", "2006-06-30": "51.45%", "2006-03-31": "51.21%", "2005-12-31": "50.94%"}, "operating margin": {"2020-12-31": "23.79%", "2020-09-30": "23.04%", "2020-06-30": "22.14%", "2020-03-31": "10.00%", "2019-12-31": "9.78%", "2019-09-30": "9.05%", "2019-06-30": "8.11%", "2019-03-31": "19.77%", "2018-12-31": "19.80%", "2018-09-30": "19.84%", "2018-06-30": "19.99%", "2018-03-31": "20.38%", "2017-12-31": "20.82%", "2017-09-30": "20.93%", "2017-06-30": "21.16%", "2017-03-31": "20.76%", "2016-12-31": "20.64%", "2016-09-30": "20.59%", "2016-06-30": "20.58%", "2016-03-31": "17.72%", "2015-12-31": "16.98%", "2015-09-30": "16.21%", "2015-06-30": "15.51%", "2015-03-31": "18.53%", "2014-12-31": "18.21%", "2014-09-30": "18.55%", "2014-06-30": "18.70%", "2014-03-31": "17.56%", "2013-12-31": "17.48%", "2013-09-30": "17.48%", "2013-06-30": "17.30%", "2013-03-31": "17.86%", "2012-12-31": "17.82%", "2012-09-30": "15.68%", "2012-06-30": "15.90%", "2012-03-31": "15.93%", "2011-12-31": "16.48%", "2011-09-30": "18.47%", "2011-06-30": "19.11%", "2011-03-31": "19.17%", "2010-12-31": "19.68%", "2010-09-30": "20.27%", "2010-06-30": "20.28%", "2010-03-31": "21.07%", "2009-12-31": "20.89%", "2009-09-30": "20.44%", "2009-06-30": "20.05%", "2009-03-31": "19.52%", "2008-12-31": "19.57%", "2008-09-30": "19.92%", "2008-06-30": "20.16%", "2008-03-31": "20.25%", "2007-12-31": "20.12%", "2007-09-30": "20.15%", "2007-06-30": "20.05%", "2007-03-31": "19.99%", "2006-12-31": "19.98%", "2006-09-30": "19.73%", "2006-06-30": "19.42%", "2006-03-31": "19.27%", "2005-12-31": "18.88%"}, "ebitda margin": {"2020-12-31": "27.78%", "2020-09-30": "27.13%", "2020-06-30": "26.38%", "2020-03-31": "14.29%", "2019-12-31": "14.00%", "2019-09-30": "13.27%", "2019-06-30": "12.28%", "2019-03-31": "23.88%", "2018-12-31": "23.92%", "2018-09-30": "24.01%", "2018-06-30": "24.24%", "2018-03-31": "24.61%", "2017-12-31": "25.01%", "2017-09-30": "25.20%", "2017-06-30": "25.49%", "2017-03-31": "25.27%", "2016-12-31": "25.33%", "2016-09-30": "25.30%", "2016-06-30": "25.30%", "2016-03-31": "22.27%", "2015-12-31": "21.45%", "2015-09-30": "20.61%", "2015-06-30": "19.87%", "2015-03-31": "23.23%", "2014-12-31": "22.74%", "2014-09-30": "22.93%", "2014-06-30": "22.92%", "2014-03-31": "21.36%", "2013-12-31": "21.18%", "2013-09-30": "21.11%", "2013-06-30": "20.86%", "2013-03-31": "21.47%", "2012-12-31": "21.73%", "2012-09-30": "19.59%", "2012-06-30": "19.80%", "2012-03-31": "19.73%", "2011-12-31": "19.97%", "2011-09-30": "21.98%", "2011-06-30": "22.60%", "2011-03-31": "22.82%", "2010-12-31": "23.49%", "2010-09-30": "24.15%", "2010-06-30": "24.29%", "2010-03-31": "25.14%", "2009-12-31": "24.93%", "2009-09-30": "24.47%", "2009-06-30": "24.06%", "2009-03-31": "23.60%", "2008-12-31": "23.59%", "2008-09-30": "23.95%", "2008-06-30": "24.16%", "2008-03-31": "24.09%", "2007-12-31": "24.18%", "2007-09-30": "24.22%", "2007-06-30": "24.23%", "2007-03-31": "24.12%", "2006-12-31": "24.00%", "2006-09-30": "23.83%", "2006-06-30": "23.27%", "2006-03-31": "22.94%", "2005-12-31": "22.31%"}, "pre tax profit margin": {"2020-12-31": "23.16%", "2020-09-30": "23.17%", "2020-06-30": "22.32%", "2020-03-31": "10.39%", "2019-12-31": "10.18%", "2019-09-30": "9.41%", "2019-06-30": "8.97%", "2019-03-31": "20.01%", "2018-12-31": "20.02%", "2018-09-30": "20.21%", "2018-06-30": "19.94%", "2018-03-31": "21.03%", "2017-12-31": "21.37%", "2017-09-30": "20.35%", "2017-06-30": "20.38%", "2017-03-31": "20.00%", "2016-12-31": "19.79%", "2016-09-30": "20.60%", "2016-06-30": "20.47%", "2016-03-31": "17.84%", "2015-12-31": "17.16%", "2015-09-30": "16.29%", "2015-06-30": "15.58%", "2015-03-31": "18.08%", "2014-12-31": "17.67%", "2014-09-30": "18.02%", "2014-06-30": "18.16%", "2014-03-31": "16.94%", "2013-12-31": "16.88%", "2013-09-30": "17.90%", "2013-06-30": "17.73%", "2013-03-31": "18.26%", "2012-12-31": "18.22%", "2012-09-30": "15.16%", "2012-06-30": "15.28%", "2012-03-31": "15.50%", "2011-12-31": "16.06%", "2011-09-30": "17.89%", "2011-06-30": "18.49%", "2011-03-31": "18.27%", "2010-12-31": "18.63%", "2010-09-30": "19.22%", "2010-06-30": "19.17%", "2010-03-31": "19.84%", "2009-12-31": "19.52%", "2009-09-30": "18.90%", "2009-06-30": "18.79%", "2009-03-31": "18.18%", "2008-12-31": "18.20%", "2008-09-30": "18.69%", "2008-06-30": "18.78%", "2008-03-31": "19.10%", "2007-12-31": "19.27%", "2007-09-30": "19.20%", "2007-06-30": "19.06%", "2007-03-31": "18.94%", "2006-12-31": "18.76%", "2006-09-30": "18.52%", "2006-06-30": "18.20%", "2006-03-31": "18.06%", "2005-12-31": "17.72%"}, "net profit margin": {"2020-12-31": "18.36%", "2020-09-30": "18.56%", "2020-06-30": "17.99%", "2020-03-31": "6.72%", "2019-12-31": "6.54%", "2019-09-30": "5.86%", "2019-06-30": "5.37%", "2019-03-31": "16.05%", "2018-12-31": "15.73%", "2018-09-30": "14.70%", "2018-06-30": "14.19%", "2018-03-31": "14.78%", "2017-12-31": "14.97%", "2017-09-30": "23.34%", "2017-06-30": "23.18%", "2017-03-31": "22.76%", "2016-12-31": "23.06%", "2016-09-30": "15.88%", "2016-06-30": "15.70%", "2016-03-31": "13.27%", "2015-12-31": "12.25%", "2015-09-30": "10.77%", "2015-06-30": "9.59%", "2015-03-31": "13.27%", "2014-12-31": "13.32%", "2014-09-30": "14.31%", "2014-06-30": "15.31%", "2014-03-31": "13.14%", "2013-12-31": "12.94%", "2013-09-30": "13.53%", "2013-06-30": "13.29%", "2013-03-31": "15.40%", "2012-12-31": "15.35%", "2012-09-30": "12.60%", "2012-06-30": "12.80%", "2012-03-31": "11.30%", "2011-12-31": "11.90%", "2011-09-30": "13.95%", "2011-06-30": "14.26%", "2011-03-31": "14.26%", "2010-12-31": "14.02%", "2010-09-30": "15.78%", "2010-06-30": "16.14%", "2010-03-31": "16.67%", "2009-12-31": "17.00%", "2009-09-30": "17.74%", "2009-06-30": "17.52%", "2009-03-31": "18.25%", "2008-12-31": "17.87%", "2008-09-30": "15.42%", "2008-06-30": "15.24%", "2008-03-31": "14.36%", "2007-12-31": "14.35%", "2007-09-30": "14.06%", "2007-06-30": "13.82%", "2007-03-31": "13.29%", "2006-12-31": "13.14%", "2006-09-30": "12.95%", "2006-06-30": "12.73%", "2006-03-31": "12.65%", "2005-12-31": "12.29%"}, "pe ratio": {"current": "22.98", "2021-02-11": "33.59", "2020-12-31": "36.21", "2020-09-30": "26.27", "2020-06-30": "23.68", "2020-03-31": "60.65", "2019-12-31": "71.69", "2019-09-30": "79.93", "2019-06-30": "77.22", "2019-03-31": "23.56", "2018-12-31": "21.10", "2018-09-30": "20.38", "2018-06-30": "19.77", "2018-03-31": "19.36", "2017-12-31": "22.38", "2017-09-30": "14.46", "2017-06-30": "13.99", "2017-03-31": "14.65", "2016-12-31": "13.50", "2016-09-30": "21.03", "2016-06-30": "19.96", "2016-03-31": "22.33", "2015-12-31": "22.94", "2015-09-30": "22.92", "2015-06-30": "26.96", "2015-03-31": "21.69", "2014-12-31": "22.85", "2014-09-30": "18.80", "2014-06-30": "15.98", "2014-03-31": "17.34", "2013-12-31": "17.47", "2013-09-30": "15.24", "2013-06-30": "15.73", "2013-03-31": "13.52", "2012-12-31": "11.98", "2012-09-30": "14.91", "2012-06-30": "12.81", "2012-03-31": "15.65", "2011-12-31": "14.77", "2011-09-30": "11.98", "2011-06-30": "11.98", "2011-03-31": "11.91", "2010-12-31": "12.78", "2010-09-30": "10.72", "2010-06-30": "10.53", "2010-03-31": "10.79", "2009-12-31": "10.24", "2009-09-30": "9.50", "2009-06-30": "8.38", "2009-03-31": "7.44", "2008-12-31": "9.75", "2008-09-30": "12.66", "2008-06-30": "11.31", "2008-03-31": "13.91", "2007-12-31": "14.85", "2007-09-30": "14.78", "2007-06-30": "13.34", "2007-03-31": "14.25", "2006-12-31": "15.00"}, "price sales": {"2021-02-11": "4.55", "2020-12-31": "4.90", "2020-09-30": "4.97", "2020-06-30": "4.35", "2020-03-31": "3.98", "2019-12-31": "4.55", "2019-09-30": "4.55", "2019-06-30": "4.04", "2019-03-31": "3.88", "2018-12-31": "3.41", "2018-09-30": "3.08", "2018-06-30": "2.89", "2018-03-31": "2.94", "2017-12-31": "3.44", "2017-09-30": "3.43", "2017-06-30": "3.31", "2017-03-31": "3.41", "2016-12-31": "3.20", "2016-09-30": "3.42", "2016-06-30": "3.22", "2016-03-31": "3.03", "2015-12-31": "2.86", "2015-09-30": "2.52", "2015-06-30": "2.63", "2015-03-31": "2.94", "2014-12-31": "3.13", "2014-09-30": "2.76", "2014-06-30": "2.50", "2014-03-31": "2.32", "2013-12-31": "2.31", "2013-09-30": "2.10", "2013-06-30": "2.13", "2013-03-31": "2.16", "2012-12-31": "1.90", "2012-09-30": "1.94", "2012-06-30": "1.68", "2012-03-31": "1.81", "2011-12-31": "1.80", "2011-09-30": "1.71", "2011-06-30": "1.75", "2011-03-31": "1.74", "2010-12-31": "1.83", "2010-09-30": "1.72", "2010-06-30": "1.73", "2010-03-31": "1.80", "2009-12-31": "1.74", "2009-09-30": "1.69", "2009-06-30": "1.47", "2009-03-31": "1.36", "2008-12-31": "1.75", "2008-09-30": "1.96", "2008-06-30": "1.73", "2008-03-31": "2.00", "2007-12-31": "2.14", "2007-09-30": "2.08", "2007-06-30": "1.84", "2007-03-31": "1.87", "2006-12-31": "1.95"}, "price book": {"current": "6.65", "2021-02-11": "6.51", "2020-12-31": "7.02", "2020-09-30": "7.01", "2020-06-30": "6.21", "2020-03-31": "5.78", "2019-12-31": "6.52", "2019-09-30": "6.36", "2019-06-30": "5.53", "2019-03-31": "4.47", "2018-12-31": "3.99", "2018-09-30": "3.69", "2018-06-30": "3.42", "2018-03-31": "3.33", "2017-12-31": "3.86", "2017-09-30": "3.77", "2017-06-30": "3.58", "2017-03-31": "3.75", "2016-12-31": "3.53", "2016-09-30": "3.57", "2016-06-30": "3.39", "2016-03-31": "3.16", "2015-12-31": "2.95", "2015-09-30": "2.64", "2015-06-30": "2.83", "2015-03-31": "2.92", "2014-12-31": "3.14", "2014-09-30": "2.78", "2014-06-30": "2.48", "2014-03-31": "2.52", "2013-12-31": "2.53", "2013-09-30": "2.38", "2013-06-30": "2.43", "2013-03-31": "2.44", "2012-12-31": "2.14", "2012-09-30": "2.25", "2012-06-30": "2.01", "2012-03-31": "2.12", "2011-12-31": "2.13", "2011-09-30": "1.98", "2011-06-30": "1.92", "2011-03-31": "1.87", "2010-12-31": "2.03", "2010-09-30": "1.92", "2010-06-30": "1.99", "2010-03-31": "1.95", "2009-12-31": "1.81", "2009-09-30": "1.77", "2009-06-30": "1.64", "2009-03-31": "1.56", "2008-12-31": "1.99", "2008-09-30": "2.20", "2008-06-30": "1.80", "2008-03-31": "2.07", "2007-12-31": "2.22", "2007-09-30": "2.15", "2007-06-30": "1.90", "2007-03-31": "1.97", "2006-12-31": "2.03", "2006-09-30": "2.01", "2006-06-30": "1.82", "2006-03-31": "1.88"}, "price fcf": {"2021-02-11": "", "2020-12-31": "$6.22", "2020-09-30": "$5.79", "2020-06-30": "$5.47", "2020-03-31": "$5.49", "2019-12-31": "$5.23", "2019-09-30": "$5.05", "2019-06-30": "$4.84", "2019-03-31": "$4.49", "2018-12-31": "$4.41", "2018-09-30": "$4.28", "2018-06-30": "$4.30", "2018-03-31": "$4.01", "2017-12-31": "$3.95", "2017-09-30": "$3.71", "2017-06-30": "$3.63", "2017-03-31": "$3.78", "2016-12-31": "$3.79", "2016-09-30": "$4.25", "2016-06-30": "$4.41", "2016-03-31": "$4.53", "2015-12-31": "$4.59", "2015-09-30": "$4.40", "2015-06-30": "$5.34", "2015-03-31": "$5.41", "2014-12-31": "$5.55", "2014-09-30": "$5.23", "2014-06-30": "$3.68", "2014-03-31": "$3.35", "2013-12-31": "$3.26", "2013-09-30": "$3.66", "2013-06-30": "$3.90", "2013-03-31": "$4.73", "2012-12-31": "$4.72", "2012-09-30": "$4.39", "2012-06-30": "$4.15", "2012-03-31": "$3.28", "2011-12-31": "$3.37", "2011-09-30": "$3.23", "2011-06-30": "$3.41", "2011-03-31": "$3.24", "2010-12-31": "$3.50", "2010-09-30": "$4.49", "2010-06-30": "$5.21", "2010-03-31": "$5.65", "2009-12-31": "$5.48", "2009-09-30": "$4.39", "2009-06-30": "$4.05", "2009-03-31": "$3.68", "2008-12-31": "$3.55", "2008-09-30": "$4.02", "2008-06-30": "$3.89", "2008-03-31": "$3.83", "2007-12-31": "$3.89", "2007-09-30": "$3.32", "2007-06-30": "$3.16", "2007-03-31": "$3.35", "2006-12-31": "$4.18"}, "net worth": {"value": "$316.85B"}, "current ratio": {"current": "0.78", "2020-12-31": "0.78", "2020-09-30": "0.87", "2020-06-30": "0.85", "2020-03-31": "0.83", "2019-12-31": "0.63", "2019-09-30": "0.73", "2019-06-30": "0.75", "2019-03-31": "0.79", "2018-12-31": "0.78", "2018-09-30": "0.80", "2018-06-30": "0.83", "2018-03-31": "0.91", "2017-12-31": "0.94", "2017-09-30": "0.91", "2017-06-30": "0.88", "2017-03-31": "0.89", "2016-12-31": "0.89", "2016-09-30": "1.09", "2016-06-30": "1.10", "2016-03-31": "1.09", "2015-12-31": "1.13", "2015-09-30": "1.13", "2015-06-30": "1.00", "2015-03-31": "0.99", "2014-12-31": "0.97", "2014-09-30": "0.91", "2014-06-30": "0.94", "2014-03-31": "0.88", "2013-12-31": "0.89", "2013-09-30": "0.79", "2013-06-30": "0.80", "2013-03-31": "0.89", "2012-12-31": "0.98", "2012-09-30": "0.97", "2012-06-30": "0.88", "2012-03-31": "0.86", "2011-12-31": "0.79", "2011-09-30": "0.83", "2011-06-30": "0.81", "2011-03-31": "0.83", "2010-12-31": "0.80", "2010-09-30": "0.74", "2010-06-30": "0.77", "2010-03-31": "0.92", "2009-12-31": "0.92", "2009-09-30": "0.86", "2009-06-30": "0.71", "2009-03-31": "0.67", "2008-12-31": "0.69", "2008-09-30": "0.66", "2008-06-30": "0.79", "2008-03-31": "0.82", "2007-12-31": "0.86", "2007-09-30": "0.82", "2007-06-30": "0.78", "2007-03-31": "0.74", "2006-12-31": "0.79", "2006-09-30": "1.24", "2006-06-30": "1.22", "2006-03-31": "1.33", "2005-12-31": "1.29", "2005-09-30": "0.98", "2005-06-30": "0.81", "2005-03-31": "0.85"}, "quick ratio": {"2020-12-31": "0.59", "2020-09-30": "0.68", "2020-06-30": "0.68", "2020-03-31": "0.66", "2019-12-31": "0.44", "2019-09-30": "0.54", "2019-06-30": "0.58", "2019-03-31": "0.60", "2018-12-31": "0.61", "2018-09-30": "0.62", "2018-06-30": "0.66", "2018-03-31": "0.74", "2017-12-31": "0.79", "2017-09-30": "0.75", "2017-06-30": "0.72", "2017-03-31": "0.73", "2016-12-31": "0.72", "2016-09-30": "0.93", "2016-06-30": "0.95", "2016-03-31": "0.94", "2015-12-31": "0.97", "2015-09-30": "0.96", "2015-06-30": "0.83", "2015-03-31": "0.81", "2014-12-31": "0.78", "2014-09-30": "0.69", "2014-06-30": "0.74", "2014-03-31": "0.65", "2013-12-31": "0.65", "2013-09-30": "0.57", "2013-06-30": "0.57", "2013-03-31": "0.62", "2012-12-31": "0.70", "2012-09-30": "0.67", "2012-06-30": "0.61", "2012-03-31": "0.59", "2011-12-31": "0.54", "2011-09-30": "0.54", "2011-06-30": "0.54", "2011-03-31": "0.54", "2010-12-31": "0.53", "2010-09-30": "0.48", "2010-06-30": "0.51", "2010-03-31": "0.63", "2009-12-31": "0.63", "2009-09-30": "0.61", "2009-06-30": "0.49", "2009-03-31": "0.44", "2008-12-31": "0.46", "2008-09-30": "0.42", "2008-06-30": "0.52", "2008-03-31": "0.55", "2007-12-31": "0.61", "2007-09-30": "0.57", "2007-06-30": "0.56", "2007-03-31": "0.51", "2006-12-31": "0.57", "2006-09-30": "0.91", "2006-06-30": "0.90", "2006-03-31": "0.99", "2005-12-31": "0.98", "2005-09-30": "0.73", "2005-06-30": "0.61", "2005-03-31": "0.65"}, "debt equity ratio": {"current": "0.47", "2020-12-31": "1.47", "2020-09-30": "1.47", "2020-06-30": "1.58", "2020-03-31": "1.58", "2019-12-31": "1.43", "2019-09-30": "1.43", "2019-06-30": "1.42", "2019-03-31": "1.19", "2018-12-31": "1.27", "2018-09-30": "1.26", "2018-06-30": "1.24", "2018-03-31": "1.26", "2017-12-31": "1.31", "2017-09-30": "1.22", "2017-06-30": "1.16", "2017-03-31": "1.17", "2016-12-31": "1.18", "2016-09-30": "1.19", "2016-06-30": "1.19", "2016-03-31": "1.13", "2015-12-31": "1.07", "2015-09-30": "1.05", "2015-06-30": "1.05", "2015-03-31": "1.07", "2014-12-31": "1.10", "2014-09-30": "1.07", "2014-06-30": "1.06", "2014-03-31": "1.04", "2013-12-31": "1.04", "2013-09-30": "1.05", "2013-06-30": "1.03", "2013-03-31": "1.05", "2012-12-31": "1.08", "2012-09-30": "1.09", "2012-06-30": "1.07", "2012-03-31": "1.04", "2011-12-31": "1.07", "2011-09-30": "1.08", "2011-06-30": "1.04", "2011-03-31": "1.03", "2010-12-31": "1.08", "2010-09-30": "1.12", "2010-06-30": "1.09", "2010-03-31": "0.99", "2009-12-31": "0.96", "2009-09-30": "1.07", "2009-06-30": "1.13", "2009-03-31": "1.18", "2008-12-31": "1.22", "2008-09-30": "1.18", "2008-06-30": "1.07", "2008-03-31": "1.09", "2007-12-31": "1.12", "2007-09-30": "1.10", "2007-06-30": "1.07", "2007-03-31": "1.04", "2006-12-31": "1.10", "2006-09-30": "1.15", "2006-06-30": "1.16", "2006-03-31": "1.10", "2005-12-31": "1.06", "2005-09-30": "3.26", "2005-06-30": "2.33", "2005-03-31": "2.37"}, "return on equity": {"2020-12-31": "28.60%", "2020-09-30": "28.72%", "2020-06-30": "27.49%", "2020-03-31": "10.14%", "2019-12-31": "9.29%", "2019-09-30": "7.88%", "2019-06-30": "6.92%", "2019-03-31": "20.00%", "2018-12-31": "19.60%", "2018-09-30": "18.28%", "2018-06-30": "17.41%", "2018-03-31": "17.77%", "2017-12-31": "17.85%", "2017-09-30": "27.74%", "2017-06-30": "27.04%", "2017-03-31": "26.31%", "2016-12-31": "26.10%", "2016-09-30": "17.35%", "2016-06-30": "16.87%", "2016-03-31": "14.32%", "2015-12-31": "13.27%", "2015-09-30": "11.82%", "2015-06-30": "10.70%", "2015-03-31": "13.42%", "2014-12-31": "13.68%", "2014-09-30": "14.95%", "2014-06-30": "16.33%", "2014-03-31": "15.49%", "2013-12-31": "15.55%", "2013-09-30": "16.64%", "2013-06-30": "16.56%", "2013-03-31": "19.13%", "2012-12-31": "19.12%", "2012-09-30": "15.76%", "2012-06-30": "16.12%", "2012-03-31": "14.22%", "2011-12-31": "14.83%", "2011-09-30": "17.32%", "2011-06-30": "17.56%", "2011-03-31": "17.53%", "2010-12-31": "17.12%", "2010-09-30": "18.88%", "2010-06-30": "18.95%", "2010-03-31": "19.57%", "2009-12-31": "20.07%", "2009-09-30": "21.13%", "2009-06-30": "21.40%", "2009-03-31": "21.74%", "2008-12-31": "21.17%", "2008-09-30": "18.16%", "2008-06-30": "17.57%", "2008-03-31": "16.65%", "2007-12-31": "16.55%", "2007-09-30": "16.11%", "2007-06-30": "15.76%", "2007-03-31": "15.42%", "2006-12-31": "15.04%", "2006-09-30": "14.49%", "2006-06-30": "16.63%", "2006-03-31": "19.89%", "2005-12-31": "25.67%"}, "return on assets": {"2020-12-31": "11.34%", "2020-09-30": "11.42%", "2020-06-30": "10.98%", "2020-03-31": "4.11%", "2019-12-31": "3.94%", "2019-09-30": "3.40%", "2019-06-30": "3.04%", "2019-03-31": "8.93%", "2018-12-31": "8.68%", "2018-09-30": "8.06%", "2018-06-30": "7.71%", "2018-03-31": "7.94%", "2017-12-31": "8.06%", "2017-09-30": "12.73%", "2017-06-30": "12.45%", "2017-03-31": "12.06%", "2016-12-31": "12.01%", "2016-09-30": "8.09%", "2016-06-30": "7.99%", "2016-03-31": "6.90%", "2015-12-31": "6.44%", "2015-09-30": "5.71%", "2015-06-30": "5.16%", "2015-03-31": "6.47%", "2014-12-31": "6.61%", "2014-09-30": "7.28%", "2014-06-30": "7.97%", "2014-03-31": "7.60%", "2013-12-31": "7.62%", "2013-09-30": "8.11%", "2013-06-30": "8.04%", "2013-03-31": "9.24%", "2012-12-31": "9.24%", "2012-09-30": "7.62%", "2012-06-30": "7.81%", "2012-03-31": "6.91%", "2011-12-31": "7.23%", "2011-09-30": "8.43%", "2011-06-30": "8.52%", "2011-03-31": "8.45%", "2010-12-31": "8.29%", "2010-09-30": "9.27%", "2010-06-30": "9.36%", "2010-03-31": "9.62%", "2009-12-31": "9.65%", "2009-09-30": "9.85%", "2009-06-30": "9.84%", "2009-03-31": "10.07%", "2008-12-31": "9.91%", "2008-09-30": "8.59%", "2008-06-30": "8.39%", "2008-03-31": "7.96%", "2007-12-31": "7.95%", "2007-09-30": "7.76%", "2007-06-30": "7.55%", "2007-03-31": "7.31%", "2006-12-31": "7.08%", "2006-09-30": "6.86%", "2006-06-30": "7.39%", "2006-03-31": "8.26%", "2005-12-31": "9.39%"}, "return on investments": {"2020-12-31": "24.85%", "2020-09-30": "24.10%", "2020-06-30": "23.12%", "2020-03-31": "10.45%", "2019-12-31": "9.84%", "2019-09-30": "8.64%", "2019-06-30": "7.46%", "2019-03-31": "17.69%", "2018-12-31": "17.64%", "2018-09-30": "17.61%", "2018-06-30": "17.60%", "2018-03-31": "17.83%", "2017-12-31": "18.40%", "2017-09-30": "18.77%", "2017-06-30": "18.79%", "2017-03-31": "18.24%", "2016-12-31": "17.72%", "2016-09-30": "17.14%", "2016-06-30": "17.01%", "2016-03-31": "14.81%", "2015-12-31": "14.36%", "2015-09-30": "13.89%", "2015-06-30": "13.50%", "2015-03-31": "14.64%", "2014-12-31": "14.54%", "2014-09-30": "14.99%", "2014-06-30": "15.47%", "2014-03-31": "16.08%", "2013-12-31": "16.27%", "2013-09-30": "16.52%", "2013-06-30": "16.28%", "2013-03-31": "16.58%", "2012-12-31": "16.54%", "2012-09-30": "14.76%", "2012-06-30": "15.13%", "2012-03-31": "15.18%", "2011-12-31": "15.56%", "2011-09-30": "17.26%", "2011-06-30": "17.72%", "2011-03-31": "17.66%", "2010-12-31": "17.94%", "2010-09-30": "18.12%", "2010-06-30": "17.81%", "2010-03-31": "18.56%", "2009-12-31": "18.54%", "2009-09-30": "18.32%", "2009-06-30": "18.62%", "2009-03-31": "17.62%", "2008-12-31": "17.54%", "2008-09-30": "17.67%", "2008-06-30": "17.38%", "2008-03-31": "17.51%", "2007-12-31": "17.37%", "2007-09-30": "17.24%", "2007-06-30": "16.38%", "2007-03-31": "15.99%", "2006-12-31": "15.22%", "2006-09-30": "14.42%", "2006-06-30": "16.00%", "2006-03-31": "18.89%", "2005-12-31": "23.72%"}, "return on tangible equity": {"2020-12-31": "-81.28%", "2020-09-30": "-78.87%", "2020-06-30": "-73.97%", "2020-03-31": "-27.35%", "2019-12-31": "-26.53%", "2019-09-30": "-23.35%", "2019-06-30": "-21.06%", "2019-03-31": "-63.05%", "2018-12-31": "-63.17%", "2018-09-30": "-62.08%", "2018-06-30": "-62.49%", "2018-03-31": "-68.11%", "2017-12-31": "-70.83%", "2017-09-30": "-112.05%", "2017-06-30": "-120.08%", "2017-03-31": "-123.42%", "2016-12-31": "-136.16%", "2016-09-30": "-113.20%", "2016-06-30": "-124.01%", "2016-03-31": "-123.59%", "2015-12-31": "-112.53%", "2015-09-30": "-85.93%", "2015-06-30": "-63.74%", "2015-03-31": "-69.30%", "2014-12-31": "-63.61%", "2014-09-30": "-64.14%", "2014-06-30": "-66.43%", "2014-03-31": "-59.71%", "2013-12-31": "-58.38%", "2013-09-30": "-59.58%", "2013-06-30": "-57.14%", "2013-03-31": "-62.68%", "2012-12-31": "-61.04%", "2012-09-30": "-49.70%", "2012-06-30": "-49.93%", "2012-03-31": "-43.95%", "2011-12-31": "-45.14%", "2011-09-30": "-51.15%", "2011-06-30": "-49.73%", "2011-03-31": "-47.36%", "2010-12-31": "-46.75%", "2010-09-30": "-53.93%", "2010-06-30": "-56.57%", "2010-03-31": "-57.86%", "2009-12-31": "-54.53%", "2009-09-30": "-52.54%", "2009-06-30": "-50.71%", "2009-03-31": "-53.38%", "2008-12-31": "-54.97%", "2008-09-30": "-49.53%", "2008-06-30": "-49.79%", "2008-03-31": "-47.23%", "2007-12-31": "-46.84%", "2007-09-30": "-44.98%", "2007-06-30": "-42.73%", "2007-03-31": "-40.08%", "2006-12-31": "-39.12%", "2006-09-30": "-38.77%", "2006-06-30": "-43.03%", "2006-03-31": "-54.25%", "2005-12-31": "-69.50%"}, "dividend yield history": {"last payout": "$3.16", "last yield": "2.46%"}}