{"ticker": "PM", "price": {"title": "Philip Morris Historical Annual Stock Price Data", "value": 84.28, "historical": {"2020": {"Average Stock Price": "77.5329", "Year Open": "85.1900", "Year High": "89.6400", "Year Low": "59.9800", "Year Close": "82.7900", "Annual % Change": "-2.70%"}, "2019": {"Average Stock Price": "81.2051", "Year Open": "67.3100", "Year High": "91.9100", "Year Low": "66.4400", "Year Close": "85.0900", "Annual % Change": "27.46%"}, "2018": {"Average Stock Price": "88.5192", "Year Open": "104.3900", "Year High": "110.6000", "Year Low": "65.9700", "Year Close": "66.7600", "Annual % Change": "-36.81%"}, "2017": {"Average Stock Price": "110.5106", "Year Open": "91.2300", "Year High": "122.9000", "Year Low": "90.4000", "Year Close": "105.6500", "Annual % Change": "15.48%"}, "2016": {"Average Stock Price": "96.1309", "Year Open": "87.0000", "Year High": "103.6300", "Year Low": "85.8000", "Year Close": "91.4900", "Annual % Change": "4.07%"}, "2015": {"Average Stock Price": "83.1615", "Year Open": "81.0200", "Year High": "90.1500", "Year Low": "75.3300", "Year Close": "87.9100", "Annual % Change": "7.93%"}, "2014": {"Average Stock Price": "84.3734", "Year Open": "86.0200", "Year High": "91.3400", "Year Low": "75.3900", "Year Close": "81.4500", "Annual % Change": "-6.52%"}, "2013": {"Average Stock Price": "89.4109", "Year Open": "86.7400", "Year High": "96.4400", "Year Low": "82.9500", "Year Close": "87.1300", "Annual % Change": "4.17%"}, "2012": {"Average Stock Price": "86.5186", "Year Open": "78.5900", "Year High": "93.7400", "Year Low": "73.2600", "Year Close": "83.6400", "Annual % Change": "6.57%"}, "2011": {"Average Stock Price": "67.0698", "Year Open": "58.6700", "Year High": "79.1000", "Year Low": "56.0200", "Year Close": "78.4800", "Annual % Change": "34.09%"}, "2010": {"Average Stock Price": "51.9643", "Year Open": "49.3500", "Year High": "60.8200", "Year Low": "43.1700", "Year Close": "58.5300", "Annual % Change": "21.46%"}, "2009": {"Average Stock Price": "43.5544", "Year Open": "44.1200", "Year High": "51.5500", "Year Low": "32.3400", "Year Close": "48.1900", "Annual % Change": "10.76%"}, "2008": {"Average Stock Price": "48.7876", "Year Open": "49.3900", "Year High": "55.9500", "Year Low": "36.6300", "Year Close": "43.5100", "Annual % Change": "0.00%"}}}, "market cap": {"value": "$131.25B"}, "income statement": {"Revenue": {"2020-12-31": "28694.00000", "2019-12-31": "29805.00000", "2018-12-31": "29625.00000", "2017-12-31": "28748.00000", "2016-12-31": "26685.00000", "2015-12-31": "73908.00000", "2014-12-31": "80106.00000", "2013-12-31": "80029.00000", "2012-12-31": "77393.00000", "2011-12-31": "76346.00000", "2010-12-31": "67713.00000", "2009-12-31": "62080.00000", "2008-12-31": "63640.00000", "2007-12-31": "55243.00000", "2006-12-31": "48302.00000", "2005-12-31": "45316.00000"}, "Cost Of Goods Sold": {"2020-12-31": "9569.00000", "2019-12-31": "10513.00000", "2018-12-31": "10758.00000", "2017-12-31": "10432.00000", "2016-12-31": "9391.00000", "2015-12-31": "56479.00000", "2014-12-31": "60775.00000", "2013-12-31": "59222.00000", "2012-12-31": "56389.00000", "2011-12-31": "55927.00000", "2010-12-31": "50218.00000", "2009-12-31": "46067.00000", "2008-12-31": "47263.00000", "2007-12-31": "41144.00000", "2006-12-31": "35679.00000", "2005-12-31": ""}, "Gross Profit": {"2020-12-31": "19125.00000", "2019-12-31": "19292.00000", "2018-12-31": "18867.00000", "2017-12-31": "18316.00000", "2016-12-31": "17294.00000", "2015-12-31": "17429.00000", "2014-12-31": "19331.00000", "2013-12-31": "20807.00000", "2012-12-31": "21004.00000", "2011-12-31": "20419.00000", "2010-12-31": "17495.00000", "2009-12-31": "16013.00000", "2008-12-31": "16377.00000", "2007-12-31": "14099.00000", "2006-12-31": "12623.00000", "2005-12-31": "45316.00000"}, "Research And Development Expenses": {"2020-12-31": "", "2019-12-31": "", "2018-12-31": "", "2017-12-31": "", "2016-12-31": "", "2015-12-31": "", "2014-12-31": "", "2013-12-31": "", "2012-12-31": "", "2011-12-31": "", "2010-12-31": "", "2009-12-31": "", "2008-12-31": "", "2007-12-31": "", "2006-12-31": "", "2005-12-31": ""}, "SG&A Expenses": {"2020-12-31": "7384.00000", "2019-12-31": "8695.00000", "2018-12-31": "7408.00000", "2017-12-31": "6647.00000", "2016-12-31": "6317.00000", "2015-12-31": "6656.00000", "2014-12-31": "7001.00000", "2013-12-31": "6890.00000", "2012-12-31": "6961.00000", "2011-12-31": "6870.00000", "2010-12-31": "6160.00000", "2009-12-31": "5870.00000", "2008-12-31": "6001.00000", "2007-12-31": "5021.00000", "2006-12-31": "4551.00000", "2005-12-31": ""}, "Other Operating Income Or Expenses": {"2020-12-31": "", "2019-12-31": "", "2018-12-31": "", "2017-12-31": "", "2016-12-31": "", "2015-12-31": "-68.00000", "2014-12-31": "-535.00000", "2013-12-31": "-309.00000", "2012-12-31": "-83.00000", "2011-12-31": "-109.00000", "2010-12-31": "-47.00000", "2009-12-31": "-29.00000", "2008-12-31": "-84.00000", "2007-12-31": "-208.00000", "2006-12-31": "-187.00000", "2005-12-31": ""}, "Operating Expenses": {"2020-12-31": "17026.00000", "2019-12-31": "19274.00000", "2018-12-31": "18248.00000", "2017-12-31": "17167.00000", "2016-12-31": "15782.00000", "2015-12-31": "63285.00000", "2014-12-31": "68404.00000", "2013-12-31": "66514.00000", "2012-12-31": "63530.00000", "2011-12-31": "63004.00000", "2010-12-31": "56513.00000", "2009-12-31": "52040.00000", "2008-12-31": "53392.00000", "2007-12-31": "46349.00000", "2006-12-31": "39952.00000", "2005-12-31": ""}, "Operating Income": {"2020-12-31": "11668.00000", "2019-12-31": "10531.00000", "2018-12-31": "11377.00000", "2017-12-31": "11581.00000", "2016-12-31": "10903.00000", "2015-12-31": "10623.00000", "2014-12-31": "11702.00000", "2013-12-31": "13515.00000", "2012-12-31": "13863.00000", "2011-12-31": "13342.00000", "2010-12-31": "11200.00000", "2009-12-31": "10040.00000", "2008-12-31": "10248.00000", "2007-12-31": "8894.00000", "2006-12-31": "8350.00000", "2005-12-31": "45316.00000"}, "Total Non-Operating Income/Expense": {"2020-12-31": "-715.00000", "2019-12-31": "-659.00000", "2018-12-31": "-706.00000", "2017-12-31": "-992.00000", "2016-12-31": "-979.00000", "2015-12-31": "-1008.00000", "2014-12-31": "-1052.00000", "2013-12-31": "-973.00000", "2012-12-31": "-859.00000", "2011-12-31": "-800.00000", "2010-12-31": "-876.00000", "2009-12-31": "-797.00000", "2008-12-31": "-311.00000", "2007-12-31": "-10.00000", "2006-12-31": "-142.00000", "2005-12-31": ""}, "Pre-Tax Income": {"2020-12-31": "10953.00000", "2019-12-31": "9872.00000", "2018-12-31": "10671.00000", "2017-12-31": "10589.00000", "2016-12-31": "9924.00000", "2015-12-31": "9615.00000", "2014-12-31": "10650.00000", "2013-12-31": "12542.00000", "2012-12-31": "13004.00000", "2011-12-31": "12542.00000", "2010-12-31": "10324.00000", "2009-12-31": "9243.00000", "2008-12-31": "9937.00000", "2007-12-31": "8884.00000", "2006-12-31": "8208.00000", "2005-12-31": "45316.00000"}, "Income Taxes": {"2020-12-31": "2377.00000", "2019-12-31": "2293.00000", "2018-12-31": "2445.00000", "2017-12-31": "4307.00000", "2016-12-31": "2768.00000", "2015-12-31": "2688.00000", "2014-12-31": "3097.00000", "2013-12-31": "3670.00000", "2012-12-31": "3833.00000", "2011-12-31": "3653.00000", "2010-12-31": "2826.00000", "2009-12-31": "2691.00000", "2008-12-31": "2787.00000", "2007-12-31": "2570.00000", "2006-12-31": "1825.00000", "2005-12-31": ""}, "Income After Taxes": {"2020-12-31": "8576.00000", "2019-12-31": "7579.00000", "2018-12-31": "8226.00000", "2017-12-31": "6282.00000", "2016-12-31": "7156.00000", "2015-12-31": "6927.00000", "2014-12-31": "7553.00000", "2013-12-31": "8872.00000", "2012-12-31": "9171.00000", "2011-12-31": "8889.00000", "2010-12-31": "7498.00000", "2009-12-31": "6552.00000", "2008-12-31": "7150.00000", "2007-12-31": "6314.00000", "2006-12-31": "6383.00000", "2005-12-31": "45316.00000"}, "Other Income": {"2020-12-31": "", "2019-12-31": "", "2018-12-31": "", "2017-12-31": "", "2016-12-31": "", "2015-12-31": "", "2014-12-31": "", "2013-12-31": "", "2012-12-31": "", "2011-12-31": "", "2010-12-31": "", "2009-12-31": "", "2008-12-31": "", "2007-12-31": "", "2006-12-31": "", "2005-12-31": ""}, "Income From Continuous Operations": {"2020-12-31": "8592.00000", "2019-12-31": "7728.00000", "2018-12-31": "8286.00000", "2017-12-31": "6341.00000", "2016-12-31": "7250.00000", "2015-12-31": "7032.00000", "2014-12-31": "7658.00000", "2013-12-31": "8850.00000", "2012-12-31": "9154.00000", "2011-12-31": "8879.00000", "2010-12-31": "7498.00000", "2009-12-31": "6552.00000", "2008-12-31": "7150.00000", "2007-12-31": "6314.00000", "2006-12-31": "6130.00000", "2005-12-31": "5616.00000"}, "Income From Discontinued Operations": {"2020-12-31": "", "2019-12-31": "", "2018-12-31": "", "2017-12-31": "", "2016-12-31": "", "2015-12-31": "", "2014-12-31": "", "2013-12-31": "", "2012-12-31": "", "2011-12-31": "", "2010-12-31": "", "2009-12-31": "", "2008-12-31": "", "2007-12-31": "", "2006-12-31": "", "2005-12-31": "0.00000"}, "Net Income": {"2020-12-31": "8056.00000", "2019-12-31": "7168.00000", "2018-12-31": "7895.00000", "2017-12-31": "6021.00000", "2016-12-31": "6948.00000", "2015-12-31": "6849.00000", "2014-12-31": "7459.00000", "2013-12-31": "8531.00000", "2012-12-31": "8752.00000", "2011-12-31": "8542.00000", "2010-12-31": "7226.00000", "2009-12-31": "6342.00000", "2008-12-31": "6890.00000", "2007-12-31": "6038.00000", "2006-12-31": "6130.00000", "2005-12-31": "5616.00000"}, "EBITDA": {"2020-12-31": "11668.00000", "2019-12-31": "11495.00000", "2018-12-31": "12366.00000", "2017-12-31": "12456.00000", "2016-12-31": "11646.00000", "2015-12-31": "11377.00000", "2014-12-31": "12591.00000", "2013-12-31": "14397.00000", "2012-12-31": "14761.00000", "2011-12-31": "14335.00000", "2010-12-31": "12132.00000", "2009-12-31": "10893.00000", "2008-12-31": "11090.00000", "2007-12-31": "9642.00000", "2006-12-31": "9008.00000", "2005-12-31": "45316.00000"}, "EBIT": {"2020-12-31": "11668.00000", "2019-12-31": "10531.00000", "2018-12-31": "11377.00000", "2017-12-31": "11581.00000", "2016-12-31": "10903.00000", "2015-12-31": "10623.00000", "2014-12-31": "11702.00000", "2013-12-31": "13515.00000", "2012-12-31": "13863.00000", "2011-12-31": "13342.00000", "2010-12-31": "11200.00000", "2009-12-31": "10040.00000", "2008-12-31": "10248.00000", "2007-12-31": "8894.00000", "2006-12-31": "8350.00000", "2005-12-31": "45316.00000"}, "Basic Shares Outstanding": {"2020-12-31": "1557.00000", "2019-12-31": "1555.00000", "2018-12-31": "1555.00000", "2017-12-31": "1552.00000", "2016-12-31": "1551.00000", "2015-12-31": "1549.00000", "2014-12-31": "1566.00000", "2013-12-31": "1622.00000", "2012-12-31": "1692.00000", "2011-12-31": "1761.00000", "2010-12-31": "1839.00000", "2009-12-31": "1943.00000", "2008-12-31": "2068.00000", "2007-12-31": "2109.00000", "2006-12-31": "2109.00000", "2005-12-31": "2109.00000"}, "Shares Outstanding": {"2020-12-31": "1558.00000", "2019-12-31": "1556.00000", "2018-12-31": "1555.00000", "2017-12-31": "1553.00000", "2016-12-31": "1551.00000", "2015-12-31": "1549.00000", "2014-12-31": "1566.00000", "2013-12-31": "1622.00000", "2012-12-31": "1692.00000", "2011-12-31": "1762.00000", "2010-12-31": "1842.00000", "2009-12-31": "1950.00000", "2008-12-31": "2076.00000", "2007-12-31": "2109.00000", "2006-12-31": "2109.00000", "2005-12-31": "2109.00000"}, "Basic EPS": {"2020-12-31": "5.16000", "2019-12-31": "4.61000", "2018-12-31": "5.08000", "2017-12-31": "3.88000", "2016-12-31": "4.48000", "2015-12-31": "4.42000", "2014-12-31": "4.76000", "2013-12-31": "5.26000", "2012-12-31": "5.17000", "2011-12-31": "4.85000", "2010-12-31": "3.93000", "2009-12-31": "3.25000", "2008-12-31": "3.32000", "2007-12-31": "2.86000", "2006-12-31": "2.91000", "2005-12-31": "2.66000"}, "EPS - Earnings Per Share": {"2020-12-31": "5.16000", "2019-12-31": "4.61000", "2018-12-31": "5.08000", "2017-12-31": "3.88000", "2016-12-31": "4.48000", "2015-12-31": "4.42000", "2014-12-31": "4.76000", "2013-12-31": "5.26000", "2012-12-31": "5.17000", "2011-12-31": "4.85000", "2010-12-31": "3.92000", "2009-12-31": "3.24000", "2008-12-31": "3.31000", "2007-12-31": "2.86000", "2006-12-31": "2.91000", "2005-12-31": "2.66000"}}, "income statement, quarterly": {"Revenue": {"2020-12-31": "7444.00000", "2020-09-30": "7446.00000", "2020-06-30": "6651.00000", "2020-03-31": "7153.00000", "2019-12-31": "7713.00000", "2019-09-30": "7642.00000", "2019-06-30": "7699.00000", "2019-03-31": "6751.00000", "2018-12-31": "7499.00000", "2018-09-30": "7504.00000", "2018-06-30": "7726.00000", "2018-03-31": "6896.00000", "2017-12-31": "8294.00000", "2017-09-30": "7473.00000", "2017-06-30": "6917.00000", "2017-03-31": "6064.00000", "2016-12-31": "-29079.00000", "2016-09-30": "19935.00000", "2016-06-30": "19041.00000", "2016-03-31": "16788.00000", "2015-12-31": "18371.00000", "2015-09-30": "19422.00000", "2015-06-30": "18763.00000", "2015-03-31": "17352.00000", "2014-12-31": "19941.00000", "2014-09-30": "21335.00000", "2014-06-30": "21051.00000", "2014-03-31": "17779.00000", "2013-12-31": "20390.00000", "2013-09-30": "20629.00000", "2013-06-30": "20483.00000", "2013-03-31": "18527.00000", "2012-12-31": "19742.00000", "2012-09-30": "19592.00000", "2012-06-30": "20037.00000", "2012-03-31": "18022.00000", "2011-12-31": "18876.00000", "2011-09-30": "20706.00000", "2011-06-30": "20234.00000", "2011-03-31": "16530.00000", "2010-12-31": "17807.00000", "2010-09-30": "16936.00000", "2010-06-30": "17383.00000", "2010-03-31": "15587.00000", "2009-12-31": "17008.00000", "2009-09-30": "16573.00000", "2009-06-30": "15213.00000", "2009-03-31": "13286.00000", "2008-12-31": "15218.00000", "2008-09-30": "17365.00000", "2008-06-30": "16703.00000", "2008-03-31": "14354.00000", "2007-12-31": "13795.00000", "2007-09-30": "14232.00000", "2007-06-30": "13948.00000", "2007-03-31": "13268.00000"}, "Cost Of Goods Sold": {"2020-12-31": "2572.00000", "2020-09-30": "2416.00000", "2020-06-30": "2179.00000", "2020-03-31": "2402.00000", "2019-12-31": "2778.00000", "2019-09-30": "2605.00000", "2019-06-30": "2665.00000", "2019-03-31": "2465.00000", "2018-12-31": "2781.00000", "2018-09-30": "2618.00000", "2018-06-30": "2744.00000", "2018-03-31": "2615.00000", "2017-12-31": "3001.00000", "2017-09-30": "2735.00000", "2017-06-30": "2519.00000", "2017-03-31": "2177.00000", "2016-12-31": "-33551.00000", "2016-09-30": "15385.00000", "2016-06-30": "14756.00000", "2016-03-31": "12801.00000", "2015-12-31": "14354.00000", "2015-09-30": "14878.00000", "2015-06-30": "14282.00000", "2015-03-31": "12965.00000", "2014-12-31": "15376.00000", "2014-09-30": "16213.00000", "2014-06-30": "15950.00000", "2014-03-31": "13236.00000", "2013-12-31": "15203.00000", "2013-09-30": "15320.00000", "2013-06-30": "15267.00000", "2013-03-31": "13432.00000", "2012-12-31": "14534.00000", "2012-09-30": "14256.00000", "2012-06-30": "14583.00000", "2012-03-31": "13016.00000", "2011-12-31": "13897.00000", "2011-09-30": "15191.00000", "2011-06-30": "14805.00000", "2011-03-31": "12034.00000", "2010-12-31": "13271.00000", "2010-09-30": "12612.00000", "2010-06-30": "12872.00000", "2010-03-31": "11463.00000", "2009-12-31": "12837.00000", "2009-09-30": "12306.00000", "2009-06-30": "11264.00000", "2009-03-31": "9660.00000", "2008-12-31": "11300.00000", "2008-09-30": "12893.00000", "2008-06-30": "12456.00000", "2008-03-31": "10614.00000", "2007-12-31": "10402.00000", "2007-09-30": "10545.00000", "2007-06-30": "10357.00000", "2007-03-31": "9840.00000"}, "Gross Profit": {"2020-12-31": "4872.00000", "2020-09-30": "5030.00000", "2020-06-30": "4472.00000", "2020-03-31": "4751.00000", "2019-12-31": "4935.00000", "2019-09-30": "5037.00000", "2019-06-30": "5034.00000", "2019-03-31": "4286.00000", "2018-12-31": "4718.00000", "2018-09-30": "4886.00000", "2018-06-30": "4982.00000", "2018-03-31": "4281.00000", "2017-12-31": "5293.00000", "2017-09-30": "4738.00000", "2017-06-30": "4398.00000", "2017-03-31": "3887.00000", "2016-12-31": "4472.00000", "2016-09-30": "4550.00000", "2016-06-30": "4285.00000", "2016-03-31": "3987.00000", "2015-12-31": "4017.00000", "2015-09-30": "4544.00000", "2015-06-30": "4481.00000", "2015-03-31": "4387.00000", "2014-12-31": "4565.00000", "2014-09-30": "5122.00000", "2014-06-30": "5101.00000", "2014-03-31": "4543.00000", "2013-12-31": "5187.00000", "2013-09-30": "5309.00000", "2013-06-30": "5216.00000", "2013-03-31": "5095.00000", "2012-12-31": "5208.00000", "2012-09-30": "5336.00000", "2012-06-30": "5454.00000", "2012-03-31": "5006.00000", "2011-12-31": "4979.00000", "2011-09-30": "5515.00000", "2011-06-30": "5429.00000", "2011-03-31": "4496.00000", "2010-12-31": "4536.00000", "2010-09-30": "4324.00000", "2010-06-30": "4511.00000", "2010-03-31": "4124.00000", "2009-12-31": "4171.00000", "2009-09-30": "4267.00000", "2009-06-30": "3949.00000", "2009-03-31": "3626.00000", "2008-12-31": "3918.00000", "2008-09-30": "4472.00000", "2008-06-30": "4247.00000", "2008-03-31": "3740.00000", "2007-12-31": "3393.00000", "2007-09-30": "3687.00000", "2007-06-30": "3591.00000", "2007-03-31": "3428.00000"}, "Research And Development Expenses": {"2020-12-31": "", "2020-09-30": "", "2020-06-30": "", "2020-03-31": "", "2019-12-31": "", "2019-09-30": "", "2019-06-30": "", "2019-03-31": "", "2018-12-31": "", "2018-09-30": "", "2018-06-30": "", "2018-03-31": "", "2017-12-31": "", "2017-09-30": "", "2017-06-30": "", "2017-03-31": "", "2016-12-31": "", "2016-09-30": "", "2016-06-30": "", "2016-03-31": "", "2015-12-31": "", "2015-09-30": "", "2015-06-30": "", "2015-03-31": "", "2014-12-31": "", "2014-09-30": "", "2014-06-30": "", "2014-03-31": "", "2013-12-31": "", "2013-09-30": "", "2013-06-30": "", "2013-03-31": "", "2012-12-31": "", "2012-09-30": "", "2012-06-30": "", "2012-03-31": "", "2011-12-31": "", "2011-09-30": "", "2011-06-30": "", "2011-03-31": "", "2010-12-31": "", "2010-09-30": "", "2010-06-30": "", "2010-03-31": "", "2009-12-31": "", "2009-09-30": "", "2009-06-30": "", "2009-03-31": "", "2008-12-31": "", "2008-09-30": "", "2008-06-30": "", "2008-03-31": "", "2007-12-31": "", "2007-09-30": "", "2007-06-30": "", "2007-03-31": ""}, "SG&A Expenses": {"2020-12-31": "1949.00000", "2020-09-30": "1769.00000", "2020-06-30": "1722.00000", "2020-03-31": "1944.00000", "2019-12-31": "2413.00000", "2019-09-30": "2234.00000", "2019-06-30": "1831.00000", "2019-03-31": "2217.00000", "2018-12-31": "1997.00000", "2018-09-30": "1710.00000", "2018-06-30": "1868.00000", "2018-03-31": "1833.00000", "2017-12-31": "1930.00000", "2017-09-30": "1629.00000", "2017-06-30": "1639.00000", "2017-03-31": "1449.00000", "2016-12-31": "1754.00000", "2016-09-30": "1554.00000", "2016-06-30": "1513.00000", "2016-03-31": "1496.00000", "2015-12-31": "2028.00000", "2015-09-30": "1566.00000", "2015-06-30": "1568.00000", "2015-03-31": "1494.00000", "2014-12-31": "1975.00000", "2014-09-30": "1763.00000", "2014-06-30": "1716.00000", "2014-03-31": "1547.00000", "2013-12-31": "1676.00000", "2013-09-30": "1687.00000", "2013-06-30": "1850.00000", "2013-03-31": "1677.00000", "2012-12-31": "1918.00000", "2012-09-30": "1655.00000", "2012-06-30": "1817.00000", "2012-03-31": "1571.00000", "2011-12-31": "1959.00000", "2011-09-30": "1770.00000", "2011-06-30": "1692.00000", "2011-03-31": "1449.00000", "2010-12-31": "1743.00000", "2010-09-30": "1446.00000", "2010-06-30": "1582.00000", "2010-03-31": "1389.00000", "2009-12-31": "1684.00000", "2009-09-30": "1398.00000", "2009-06-30": "1498.00000", "2009-03-31": "1290.00000", "2008-12-31": "1677.00000", "2008-09-30": "1556.00000", "2008-06-30": "1584.00000", "2008-03-31": "1184.00000", "2007-12-31": "1329.00000", "2007-09-30": "1171.00000", "2007-06-30": "1292.00000", "2007-03-31": "1229.00000"}, "Other Operating Income Or Expenses": {"2020-12-31": "", "2020-09-30": "", "2020-06-30": "", "2020-03-31": "", "2019-12-31": "", "2019-09-30": "", "2019-06-30": "", "2019-03-31": "", "2018-12-31": "", "2018-09-30": "", "2018-06-30": "", "2018-03-31": "", "2017-12-31": "", "2017-09-30": "", "2017-06-30": "", "2017-03-31": "", "2016-12-31": "", "2016-09-30": "", "2016-06-30": "", "2016-03-31": "", "2015-12-31": "", "2015-09-30": "", "2015-06-30": "", "2015-03-31": "", "2014-12-31": "-32.00000", "2014-09-30": "9.00000", "2014-06-30": "-489.00000", "2014-03-31": "-23.00000", "2013-12-31": "-301.00000", "2013-09-30": "0.00000", "2013-06-30": "-5.00000", "2013-03-31": "-3.00000", "2012-12-31": "-33.00000", "2012-09-30": "-34.00000", "2012-06-30": "-8.00000", "2012-03-31": "-8.00000", "2011-12-31": "-49.00000", "2011-09-30": "-43.00000", "2011-06-30": "-1.00000", "2011-03-31": "-16.00000", "2010-12-31": "-27.00000", "2010-09-30": "-20.00000", "2010-06-30": "", "2010-03-31": "", "2009-12-31": "-26.00000", "2009-09-30": "-1.00000", "2009-06-30": "-1.00000", "2009-03-31": "-1.00000", "2008-12-31": "", "2008-09-30": "-13.00000", "2008-06-30": "-48.00000", "2008-03-31": "-23.00000", "2007-12-31": "-55.00000", "2007-09-30": "-15.00000", "2007-06-30": "-76.00000", "2007-03-31": "-62.00000"}, "Operating Expenses": {"2020-12-31": "4539.00000", "2020-09-30": "4203.00000", "2020-06-30": "3920.00000", "2020-03-31": "4364.00000", "2019-12-31": "5207.00000", "2019-09-30": "4854.00000", "2019-06-30": "4512.00000", "2019-03-31": "4701.00000", "2018-12-31": "4797.00000", "2018-09-30": "4348.00000", "2018-06-30": "4633.00000", "2018-03-31": "4470.00000", "2017-12-31": "4954.00000", "2017-09-30": "4385.00000", "2017-06-30": "4180.00000", "2017-03-31": "3648.00000", "2016-12-31": "-31779.00000", "2016-09-30": "16958.00000", "2016-06-30": "16288.00000", "2016-03-31": "14315.00000", "2015-12-31": "16470.00000", "2015-09-30": "16463.00000", "2015-06-30": "15871.00000", "2015-03-31": "14481.00000", "2014-12-31": "17409.00000", "2014-09-30": "17990.00000", "2014-06-30": "18177.00000", "2014-03-31": "14828.00000", "2013-12-31": "17202.00000", "2013-09-30": "17030.00000", "2013-06-30": "17146.00000", "2013-03-31": "15136.00000", "2012-12-31": "16509.00000", "2012-09-30": "15969.00000", "2012-06-30": "16433.00000", "2012-03-31": "14619.00000", "2011-12-31": "15930.00000", "2011-09-30": "17029.00000", "2011-06-30": "16522.00000", "2011-03-31": "13523.00000", "2010-12-31": "15064.00000", "2010-09-30": "14100.00000", "2010-06-30": "14477.00000", "2010-03-31": "12872.00000", "2009-12-31": "14567.00000", "2009-09-30": "13723.00000", "2009-06-30": "12784.00000", "2009-03-31": "10966.00000", "2008-12-31": "12992.00000", "2008-09-30": "14475.00000", "2008-06-30": "14095.00000", "2008-03-31": "11830.00000", "2007-12-31": "11744.00000", "2007-09-30": "11737.00000", "2007-06-30": "11731.00000", "2007-03-31": "11137.00000"}, "Operating Income": {"2020-12-31": "2905.00000", "2020-09-30": "3243.00000", "2020-06-30": "2731.00000", "2020-03-31": "2789.00000", "2019-12-31": "2506.00000", "2019-09-30": "2788.00000", "2019-06-30": "3187.00000", "2019-03-31": "2050.00000", "2018-12-31": "2702.00000", "2018-09-30": "3156.00000", "2018-06-30": "3093.00000", "2018-03-31": "2426.00000", "2017-12-31": "3340.00000", "2017-09-30": "3088.00000", "2017-06-30": "2737.00000", "2017-03-31": "2416.00000", "2016-12-31": "2700.00000", "2016-09-30": "2977.00000", "2016-06-30": "2753.00000", "2016-03-31": "2473.00000", "2015-12-31": "1901.00000", "2015-09-30": "2959.00000", "2015-06-30": "2892.00000", "2015-03-31": "2871.00000", "2014-12-31": "2532.00000", "2014-09-30": "3345.00000", "2014-06-30": "2874.00000", "2014-03-31": "2951.00000", "2013-12-31": "3188.00000", "2013-09-30": "3599.00000", "2013-06-30": "3337.00000", "2013-03-31": "3391.00000", "2012-12-31": "3233.00000", "2012-09-30": "3623.00000", "2012-06-30": "3604.00000", "2012-03-31": "3403.00000", "2011-12-31": "2946.00000", "2011-09-30": "3677.00000", "2011-06-30": "3712.00000", "2011-03-31": "3007.00000", "2010-12-31": "2743.00000", "2010-09-30": "2836.00000", "2010-06-30": "2906.00000", "2010-03-31": "2715.00000", "2009-12-31": "2441.00000", "2009-09-30": "2850.00000", "2009-06-30": "2429.00000", "2009-03-31": "2320.00000", "2008-12-31": "2226.00000", "2008-09-30": "2890.00000", "2008-06-30": "2608.00000", "2008-03-31": "2524.00000", "2007-12-31": "2051.00000", "2007-09-30": "2495.00000", "2007-06-30": "2217.00000", "2007-03-31": "2131.00000"}, "Total Non-Operating Income/Expense": {"2020-12-31": "-193.00000", "2020-09-30": "-186.00000", "2020-06-30": "-184.00000", "2020-03-31": "-152.00000", "2019-12-31": "-164.00000", "2019-09-30": "-152.00000", "2019-06-30": "-170.00000", "2019-03-31": "-173.00000", "2018-12-31": "-147.00000", "2018-09-30": "-152.00000", "2018-06-30": "-174.00000", "2018-03-31": "-233.00000", "2017-12-31": "-281.00000", "2017-09-30": "-243.00000", "2017-06-30": "-229.00000", "2017-03-31": "-239.00000", "2016-12-31": "-289.00000", "2016-09-30": "-220.00000", "2016-06-30": "-223.00000", "2016-03-31": "-247.00000", "2015-12-31": "-227.00000", "2015-09-30": "-247.00000", "2015-06-30": "-259.00000", "2015-03-31": "-275.00000", "2014-12-31": "-263.00000", "2014-09-30": "-267.00000", "2014-06-30": "-254.00000", "2014-03-31": "-268.00000", "2013-12-31": "-252.00000", "2013-09-30": "-239.00000", "2013-06-30": "-246.00000", "2013-03-31": "-236.00000", "2012-12-31": "-226.00000", "2012-09-30": "-211.00000", "2012-06-30": "-209.00000", "2012-03-31": "-213.00000", "2011-12-31": "-187.00000", "2011-09-30": "-192.00000", "2011-06-30": "-208.00000", "2011-03-31": "-213.00000", "2010-12-31": "-216.00000", "2010-09-30": "-214.00000", "2010-06-30": "-223.00000", "2010-03-31": "-223.00000", "2009-12-31": "-225.00000", "2009-09-30": "-221.00000", "2009-06-30": "-193.00000", "2009-03-31": "-158.00000", "2008-12-31": "-106.00000", "2008-09-30": "-69.00000", "2008-06-30": "-61.00000", "2008-03-31": "-75.00000", "2007-12-31": "-13.00000", "2007-09-30": "16.00000", "2007-06-30": "-3.00000", "2007-03-31": "-10.00000"}, "Pre-Tax Income": {"2020-12-31": "2712.00000", "2020-09-30": "3057.00000", "2020-06-30": "2547.00000", "2020-03-31": "2637.00000", "2019-12-31": "2342.00000", "2019-09-30": "2636.00000", "2019-06-30": "3017.00000", "2019-03-31": "1877.00000", "2018-12-31": "2555.00000", "2018-09-30": "3004.00000", "2018-06-30": "2919.00000", "2018-03-31": "2193.00000", "2017-12-31": "3059.00000", "2017-09-30": "2845.00000", "2017-06-30": "2508.00000", "2017-03-31": "2177.00000", "2016-12-31": "2411.00000", "2016-09-30": "2757.00000", "2016-06-30": "2530.00000", "2016-03-31": "2226.00000", "2015-12-31": "1674.00000", "2015-09-30": "2712.00000", "2015-06-30": "2633.00000", "2015-03-31": "2596.00000", "2014-12-31": "2269.00000", "2014-09-30": "3078.00000", "2014-06-30": "2620.00000", "2014-03-31": "2683.00000", "2013-12-31": "2936.00000", "2013-09-30": "3360.00000", "2013-06-30": "3091.00000", "2013-03-31": "3155.00000", "2012-12-31": "3007.00000", "2012-09-30": "3412.00000", "2012-06-30": "3395.00000", "2012-03-31": "3190.00000", "2011-12-31": "2759.00000", "2011-09-30": "3485.00000", "2011-06-30": "3504.00000", "2011-03-31": "2794.00000", "2010-12-31": "2527.00000", "2010-09-30": "2622.00000", "2010-06-30": "2683.00000", "2010-03-31": "2492.00000", "2009-12-31": "2216.00000", "2009-09-30": "2629.00000", "2009-06-30": "2236.00000", "2009-03-31": "2162.00000", "2008-12-31": "2120.00000", "2008-09-30": "2821.00000", "2008-06-30": "2547.00000", "2008-03-31": "2449.00000", "2007-12-31": "2038.00000", "2007-09-30": "2511.00000", "2007-06-30": "2214.00000", "2007-03-31": "2121.00000"}, "Income Taxes": {"2020-12-31": "613.00000", "2020-09-30": "640.00000", "2020-06-30": "528.00000", "2020-03-31": "596.00000", "2019-12-31": "623.00000", "2019-09-30": "635.00000", "2019-06-30": "611.00000", "2019-03-31": "424.00000", "2018-12-31": "551.00000", "2018-09-30": "691.00000", "2018-06-30": "644.00000", "2018-03-31": "559.00000", "2017-12-31": "2265.00000", "2017-09-30": "812.00000", "2017-06-30": "689.00000", "2017-03-31": "541.00000", "2016-12-31": "658.00000", "2016-09-30": "764.00000", "2016-06-30": "716.00000", "2016-03-31": "630.00000", "2015-12-31": "412.00000", "2015-09-30": "748.00000", "2015-06-30": "743.00000", "2015-03-31": "785.00000", "2014-12-31": "651.00000", "2014-09-30": "918.00000", "2014-06-30": "752.00000", "2014-03-31": "776.00000", "2013-12-31": "893.00000", "2013-09-30": "952.00000", "2013-06-30": "892.00000", "2013-03-31": "933.00000", "2012-12-31": "799.00000", "2012-09-30": "1088.00000", "2012-06-30": "988.00000", "2012-03-31": "958.00000", "2011-12-31": "803.00000", "2011-09-30": "1024.00000", "2011-06-30": "1019.00000", "2011-03-31": "807.00000", "2010-12-31": "717.00000", "2010-09-30": "730.00000", "2010-06-30": "641.00000", "2010-03-31": "738.00000", "2009-12-31": "632.00000", "2009-09-30": "775.00000", "2009-06-30": "639.00000", "2009-03-31": "645.00000", "2008-12-31": "605.00000", "2008-09-30": "667.00000", "2008-06-30": "790.00000", "2008-03-31": "725.00000", "2007-12-31": "574.00000", "2007-09-30": "710.00000", "2007-06-30": "668.00000", "2007-03-31": "618.00000"}, "Income After Taxes": {"2020-12-31": "2099.00000", "2020-09-30": "2417.00000", "2020-06-30": "2019.00000", "2020-03-31": "2041.00000", "2019-12-31": "1719.00000", "2019-09-30": "2001.00000", "2019-06-30": "2406.00000", "2019-03-31": "1453.00000", "2018-12-31": "2004.00000", "2018-09-30": "2313.00000", "2018-06-30": "2275.00000", "2018-03-31": "1634.00000", "2017-12-31": "794.00000", "2017-09-30": "2033.00000", "2017-06-30": "1819.00000", "2017-03-31": "1636.00000", "2016-12-31": "1753.00000", "2016-09-30": "1993.00000", "2016-06-30": "1814.00000", "2016-03-31": "1596.00000", "2015-12-31": "1262.00000", "2015-09-30": "1964.00000", "2015-06-30": "1890.00000", "2015-03-31": "1811.00000", "2014-12-31": "1618.00000", "2014-09-30": "2160.00000", "2014-06-30": "1868.00000", "2014-03-31": "1907.00000", "2013-12-31": "2043.00000", "2013-09-30": "2408.00000", "2013-06-30": "2199.00000", "2013-03-31": "2222.00000", "2012-12-31": "2208.00000", "2012-09-30": "2324.00000", "2012-06-30": "2407.00000", "2012-03-31": "2232.00000", "2011-12-31": "1956.00000", "2011-09-30": "2461.00000", "2011-06-30": "2485.00000", "2011-03-31": "1987.00000", "2010-12-31": "1810.00000", "2010-09-30": "1892.00000", "2010-06-30": "2042.00000", "2010-03-31": "1754.00000", "2009-12-31": "1584.00000", "2009-09-30": "1854.00000", "2009-06-30": "1597.00000", "2009-03-31": "1517.00000", "2008-12-31": "1515.00000", "2008-09-30": "2154.00000", "2008-06-30": "1757.00000", "2008-03-31": "1724.00000", "2007-12-31": "1464.00000", "2007-09-30": "1801.00000", "2007-06-30": "1546.00000", "2007-03-31": "1503.00000"}, "Other Income": {"2020-12-31": "", "2020-09-30": "", "2020-06-30": "", "2020-03-31": "", "2019-12-31": "", "2019-09-30": "", "2019-06-30": "", "2019-03-31": "", "2018-12-31": "", "2018-09-30": "", "2018-06-30": "", "2018-03-31": "", "2017-12-31": "", "2017-09-30": "", "2017-06-30": "", "2017-03-31": "", "2016-12-31": "", "2016-09-30": "", "2016-06-30": "", "2016-03-31": "", "2015-12-31": "", "2015-09-30": "", "2015-06-30": "", "2015-03-31": "", "2014-12-31": "", "2014-09-30": "", "2014-06-30": "", "2014-03-31": "", "2013-12-31": "", "2013-09-30": "", "2013-06-30": "", "2013-03-31": "", "2012-12-31": "", "2012-09-30": "", "2012-06-30": "", "2012-03-31": "", "2011-12-31": "", "2011-09-30": "", "2011-06-30": "", "2011-03-31": "", "2010-12-31": "", "2010-09-30": "", "2010-06-30": "", "2010-03-31": "", "2009-12-31": "", "2009-09-30": "", "2009-06-30": "", "2009-03-31": "", "2008-12-31": "", "2008-09-30": "", "2008-06-30": "", "2008-03-31": "", "2007-12-31": "", "2007-09-30": "", "2007-06-30": "", "2007-03-31": ""}, "Income From Continuous Operations": {"2020-12-31": "2119.00000", "2020-09-30": "2437.00000", "2020-06-30": "2049.00000", "2020-03-31": "1987.00000", "2019-12-31": "1782.00000", "2019-09-30": "2046.00000", "2019-06-30": "2436.00000", "2019-03-31": "1464.00000", "2018-12-31": "2003.00000", "2018-09-30": "2341.00000", "2018-06-30": "2295.00000", "2018-03-31": "1647.00000", "2017-12-31": "796.00000", "2017-09-30": "2045.00000", "2017-06-30": "1842.00000", "2017-03-31": "1658.00000", "2016-12-31": "1775.00000", "2016-09-30": "2028.00000", "2016-06-30": "1842.00000", "2016-03-31": "1605.00000", "2015-12-31": "1298.00000", "2015-09-30": "1984.00000", "2015-06-30": "1916.00000", "2015-03-31": "1834.00000", "2014-12-31": "1649.00000", "2014-09-30": "2198.00000", "2014-06-30": "1895.00000", "2014-03-31": "1916.00000", "2013-12-31": "2036.00000", "2013-09-30": "2402.00000", "2013-06-30": "2194.00000", "2013-03-31": "2218.00000", "2012-12-31": "2191.00000", "2012-09-30": "2324.00000", "2012-06-30": "2407.00000", "2012-03-31": "2232.00000", "2011-12-31": "1946.00000", "2011-09-30": "2461.00000", "2011-06-30": "2485.00000", "2011-03-31": "1987.00000", "2010-12-31": "1810.00000", "2010-09-30": "1892.00000", "2010-06-30": "2042.00000", "2010-03-31": "1754.00000", "2009-12-31": "1584.00000", "2009-09-30": "1854.00000", "2009-06-30": "1597.00000", "2009-03-31": "1517.00000", "2008-12-31": "1515.00000", "2008-09-30": "2154.00000", "2008-06-30": "1757.00000", "2008-03-31": "1724.00000", "2007-12-31": "1661.00000", "2007-09-30": "1725.00000", "2007-06-30": "1483.00000", "2007-03-31": "1445.00000"}, "Income From Discontinued Operations": {"2020-12-31": "", "2020-09-30": "", "2020-06-30": "", "2020-03-31": "", "2019-12-31": "", "2019-09-30": "", "2019-06-30": "", "2019-03-31": "", "2018-12-31": "", "2018-09-30": "", "2018-06-30": "", "2018-03-31": "", "2017-12-31": "", "2017-09-30": "", "2017-06-30": "", "2017-03-31": "", "2016-12-31": "", "2016-09-30": "", "2016-06-30": "", "2016-03-31": "", "2015-12-31": "", "2015-09-30": "", "2015-06-30": "", "2015-03-31": "", "2014-12-31": "", "2014-09-30": "", "2014-06-30": "", "2014-03-31": "", "2013-12-31": "", "2013-09-30": "", "2013-06-30": "", "2013-03-31": "", "2012-12-31": "", "2012-09-30": "", "2012-06-30": "", "2012-03-31": "", "2011-12-31": "", "2011-09-30": "", "2011-06-30": "", "2011-03-31": "", "2010-12-31": "", "2010-09-30": "", "2010-06-30": "", "2010-03-31": "", "2009-12-31": "", "2009-09-30": "", "2009-06-30": "", "2009-03-31": "", "2008-12-31": "", "2008-09-30": "", "2008-06-30": "", "2008-03-31": "", "2007-12-31": "", "2007-09-30": "", "2007-06-30": "", "2007-03-31": ""}, "Net Income": {"2020-12-31": "1976.00000", "2020-09-30": "2302.00000", "2020-06-30": "1947.00000", "2020-03-31": "1821.00000", "2019-12-31": "1608.00000", "2019-09-30": "1891.00000", "2019-06-30": "2319.00000", "2019-03-31": "1350.00000", "2018-12-31": "1907.00000", "2018-09-30": "2242.00000", "2018-06-30": "2193.00000", "2018-03-31": "1553.00000", "2017-12-31": "692.00000", "2017-09-30": "1966.00000", "2017-06-30": "1776.00000", "2017-03-31": "1587.00000", "2016-12-31": "1707.00000", "2016-09-30": "1933.00000", "2016-06-30": "1783.00000", "2016-03-31": "1525.00000", "2015-12-31": "1245.00000", "2015-09-30": "1935.00000", "2015-06-30": "1881.00000", "2015-03-31": "1788.00000", "2014-12-31": "1596.00000", "2014-09-30": "2146.00000", "2014-06-30": "1842.00000", "2014-03-31": "1875.00000", "2013-12-31": "1976.00000", "2013-09-30": "2328.00000", "2013-06-30": "2113.00000", "2013-03-31": "2114.00000", "2012-12-31": "2083.00000", "2012-09-30": "2215.00000", "2012-06-30": "2305.00000", "2012-03-31": "2149.00000", "2011-12-31": "1875.00000", "2011-09-30": "2363.00000", "2011-06-30": "2395.00000", "2011-03-31": "1909.00000", "2010-12-31": "1719.00000", "2010-09-30": "1822.00000", "2010-06-30": "1982.00000", "2010-03-31": "1703.00000", "2009-12-31": "1522.00000", "2009-09-30": "1798.00000", "2009-06-30": "1546.00000", "2009-03-31": "1476.00000", "2008-12-31": "1445.00000", "2008-09-30": "2080.00000", "2008-06-30": "1692.00000", "2008-03-31": "1673.00000", "2007-12-31": "1385.00000", "2007-09-30": "1725.00000", "2007-06-30": "1483.00000", "2007-03-31": "1445.00000"}, "EBITDA": {"2020-12-31": "", "2020-09-30": "3482.00000", "2020-06-30": "2960.00000", "2020-03-31": "3030.00000", "2019-12-31": "2761.00000", "2019-09-30": "3025.00000", "2019-06-30": "3419.00000", "2019-03-31": "2290.00000", "2018-12-31": "2957.00000", "2018-09-30": "3402.00000", "2018-06-30": "3339.00000", "2018-03-31": "2668.00000", "2017-12-31": "3583.00000", "2017-09-30": "3313.00000", "2017-06-30": "2947.00000", "2017-03-31": "2613.00000", "2016-12-31": "2895.00000", "2016-09-30": "3165.00000", "2016-06-30": "2938.00000", "2016-03-31": "2648.00000", "2015-12-31": "2094.00000", "2015-09-30": "3143.00000", "2015-06-30": "3077.00000", "2015-03-31": "3063.00000", "2014-12-31": "2761.00000", "2014-09-30": "3578.00000", "2014-06-30": "3090.00000", "2014-03-31": "3162.00000", "2013-12-31": "3411.00000", "2013-09-30": "3817.00000", "2013-06-30": "3556.00000", "2013-03-31": "3613.00000", "2012-12-31": "3466.00000", "2012-09-30": "3839.00000", "2012-06-30": "3826.00000", "2012-03-31": "3630.00000", "2011-12-31": "3196.00000", "2011-09-30": "3932.00000", "2011-06-30": "3961.00000", "2011-03-31": "3246.00000", "2010-12-31": "2998.00000", "2010-09-30": "3066.00000", "2010-06-30": "3130.00000", "2010-03-31": "2938.00000", "2009-12-31": "2687.00000", "2009-09-30": "3062.00000", "2009-06-30": "2631.00000", "2009-03-31": "2513.00000", "2008-12-31": "2443.00000", "2008-09-30": "3111.00000", "2008-06-30": "2811.00000", "2008-03-31": "2725.00000", "2007-12-31": "2269.00000", "2007-09-30": "2687.00000", "2007-06-30": "2392.00000", "2007-03-31": "2294.00000"}, "EBIT": {"2020-12-31": "2905.00000", "2020-09-30": "3243.00000", "2020-06-30": "2731.00000", "2020-03-31": "2789.00000", "2019-12-31": "2506.00000", "2019-09-30": "2788.00000", "2019-06-30": "3187.00000", "2019-03-31": "2050.00000", "2018-12-31": "2702.00000", "2018-09-30": "3156.00000", "2018-06-30": "3093.00000", "2018-03-31": "2426.00000", "2017-12-31": "3340.00000", "2017-09-30": "3088.00000", "2017-06-30": "2737.00000", "2017-03-31": "2416.00000", "2016-12-31": "2700.00000", "2016-09-30": "2977.00000", "2016-06-30": "2753.00000", "2016-03-31": "2473.00000", "2015-12-31": "1901.00000", "2015-09-30": "2959.00000", "2015-06-30": "2892.00000", "2015-03-31": "2871.00000", "2014-12-31": "2532.00000", "2014-09-30": "3345.00000", "2014-06-30": "2874.00000", "2014-03-31": "2951.00000", "2013-12-31": "3188.00000", "2013-09-30": "3599.00000", "2013-06-30": "3337.00000", "2013-03-31": "3391.00000", "2012-12-31": "3233.00000", "2012-09-30": "3623.00000", "2012-06-30": "3604.00000", "2012-03-31": "3403.00000", "2011-12-31": "2946.00000", "2011-09-30": "3677.00000", "2011-06-30": "3712.00000", "2011-03-31": "3007.00000", "2010-12-31": "2743.00000", "2010-09-30": "2836.00000", "2010-06-30": "2906.00000", "2010-03-31": "2715.00000", "2009-12-31": "2441.00000", "2009-09-30": "2850.00000", "2009-06-30": "2429.00000", "2009-03-31": "2320.00000", "2008-12-31": "2226.00000", "2008-09-30": "2890.00000", "2008-06-30": "2608.00000", "2008-03-31": "2524.00000", "2007-12-31": "2051.00000", "2007-09-30": "2495.00000", "2007-06-30": "2217.00000", "2007-03-31": "2131.00000"}, "Basic Shares Outstanding": {"2020-12-31": "1557.00000", "2020-09-30": "1558.00000", "2020-06-30": "1557.00000", "2020-03-31": "1557.00000", "2019-12-31": "1555.00000", "2019-09-30": "1556.00000", "2019-06-30": "1556.00000", "2019-03-31": "1555.00000", "2018-12-31": "1555.00000", "2018-09-30": "1555.00000", "2018-06-30": "1555.00000", "2018-03-31": "1553.00000", "2017-12-31": "1552.00000", "2017-09-30": "1553.00000", "2017-06-30": "1553.00000", "2017-03-31": "1552.00000", "2016-12-31": "1551.00000", "2016-09-30": "1551.00000", "2016-06-30": "1551.00000", "2016-03-31": "1550.00000", "2015-12-31": "1549.00000", "2015-09-30": "1549.00000", "2015-06-30": "1549.00000", "2015-03-31": "1548.00000", "2014-12-31": "1566.00000", "2014-09-30": "1560.00000", "2014-06-30": "1571.00000", "2014-03-31": "1583.00000", "2013-12-31": "1622.00000", "2013-09-30": "1614.00000", "2013-06-30": "1631.00000", "2013-03-31": "1646.00000", "2012-12-31": "1692.00000", "2012-09-30": "1683.00000", "2012-06-30": "1701.00000", "2012-03-31": "1719.00000", "2011-12-31": "1761.00000", "2011-09-30": "1749.00000", "2011-06-30": "1772.00000", "2011-03-31": "1793.00000", "2010-12-31": "1839.00000", "2010-09-30": "1828.00000", "2010-06-30": "1846.00000", "2010-03-31": "1874.00000", "2009-12-31": "1943.00000", "2009-09-30": "1958.00000", "2009-06-30": "1955.00000", "2009-03-31": "1993.00000", "2008-12-31": "2068.00000", "2008-09-30": "2084.00000", "2008-06-30": "2095.00000", "2008-03-31": "2108.00000", "2007-12-31": "2109.00000", "2007-09-30": "2109.00000", "2007-06-30": "2109.00000", "2007-03-31": "2109.00000"}, "Shares Outstanding": {"2020-12-31": "1558.00000", "2020-09-30": "1558.00000", "2020-06-30": "1557.00000", "2020-03-31": "1558.00000", "2019-12-31": "1556.00000", "2019-09-30": "1556.00000", "2019-06-30": "1556.00000", "2019-03-31": "1556.00000", "2018-12-31": "1555.00000", "2018-09-30": "1555.00000", "2018-06-30": "1555.00000", "2018-03-31": "1554.00000", "2017-12-31": "1553.00000", "2017-09-30": "1554.00000", "2017-06-30": "1554.00000", "2017-03-31": "1553.00000", "2016-12-31": "1551.00000", "2016-09-30": "1551.00000", "2016-06-30": "1551.00000", "2016-03-31": "1550.00000", "2015-12-31": "1549.00000", "2015-09-30": "1549.00000", "2015-06-30": "1549.00000", "2015-03-31": "1548.00000", "2014-12-31": "1566.00000", "2014-09-30": "1560.00000", "2014-06-30": "1571.00000", "2014-03-31": "1583.00000", "2013-12-31": "1622.00000", "2013-09-30": "1614.00000", "2013-06-30": "1631.00000", "2013-03-31": "1646.00000", "2012-12-31": "1692.00000", "2012-09-30": "1683.00000", "2012-06-30": "1701.00000", "2012-03-31": "1719.00000", "2011-12-31": "1762.00000", "2011-09-30": "1749.00000", "2011-06-30": "1772.00000", "2011-03-31": "1794.00000", "2010-12-31": "1842.00000", "2010-09-30": "1830.00000", "2010-06-30": "1849.00000", "2010-03-31": "1878.00000", "2009-12-31": "1950.00000", "2009-09-30": "1965.00000", "2009-06-30": "1961.00000", "2009-03-31": "2000.00000", "2008-12-31": "2076.00000", "2008-09-30": "2092.00000", "2008-06-30": "2106.00000", "2008-03-31": "2108.00000", "2007-12-31": "2109.00000", "2007-09-30": "2109.00000", "2007-06-30": "2109.00000", "2007-03-31": "2109.00000"}, "Basic EPS": {"2020-12-31": "1.04000", "2020-09-30": "1.48000", "2020-06-30": "1.25000", "2020-03-31": "1.17000", "2019-12-31": "1.03000", "2019-09-30": "1.22000", "2019-06-30": "1.49000", "2019-03-31": "0.87000", "2018-12-31": "1.23000", "2018-09-30": "1.44000", "2018-06-30": "1.41000", "2018-03-31": "1.00000", "2017-12-31": "0.45000", "2017-09-30": "1.27000", "2017-06-30": "1.14000", "2017-03-31": "1.02000", "2016-12-31": "1.10000", "2016-09-30": "1.25000", "2016-06-30": "1.15000", "2016-03-31": "0.98000", "2015-12-31": "0.80000", "2015-09-30": "1.25000", "2015-06-30": "1.21000", "2015-03-31": "1.16000", "2014-12-31": "1.03000", "2014-09-30": "1.38000", "2014-06-30": "1.17000", "2014-03-31": "1.18000", "2013-12-31": "1.24000", "2013-09-30": "1.44000", "2013-06-30": "1.30000", "2013-03-31": "1.28000", "2012-12-31": "1.24000", "2012-09-30": "1.32000", "2012-06-30": "1.36000", "2012-03-31": "1.25000", "2011-12-31": "1.09000", "2011-09-30": "1.35000", "2011-06-30": "1.35000", "2011-03-31": "1.06000", "2010-12-31": "0.97000", "2010-09-30": "0.99000", "2010-06-30": "1.07000", "2010-03-31": "0.90000", "2009-12-31": "0.79000", "2009-09-30": "0.93000", "2009-06-30": "0.79000", "2009-03-31": "0.74000", "2008-12-31": "0.71000", "2008-09-30": "1.01000", "2008-06-30": "0.81000", "2008-03-31": "0.79000", "2007-12-31": "0.65000", "2007-09-30": "0.82000", "2007-06-30": "0.70000", "2007-03-31": "0.69000"}, "EPS - Earnings Per Share": {"2020-12-31": "1.04000", "2020-09-30": "1.48000", "2020-06-30": "1.25000", "2020-03-31": "1.17000", "2019-12-31": "1.03000", "2019-09-30": "1.22000", "2019-06-30": "1.49000", "2019-03-31": "0.87000", "2018-12-31": "1.23000", "2018-09-30": "1.44000", "2018-06-30": "1.41000", "2018-03-31": "1.00000", "2017-12-31": "0.45000", "2017-09-30": "1.27000", "2017-06-30": "1.14000", "2017-03-31": "1.02000", "2016-12-31": "1.10000", "2016-09-30": "1.25000", "2016-06-30": "1.15000", "2016-03-31": "0.98000", "2015-12-31": "0.80000", "2015-09-30": "1.25000", "2015-06-30": "1.21000", "2015-03-31": "1.16000", "2014-12-31": "1.03000", "2014-09-30": "1.38000", "2014-06-30": "1.17000", "2014-03-31": "1.18000", "2013-12-31": "1.24000", "2013-09-30": "1.44000", "2013-06-30": "1.30000", "2013-03-31": "1.28000", "2012-12-31": "1.24000", "2012-09-30": "1.32000", "2012-06-30": "1.36000", "2012-03-31": "1.25000", "2011-12-31": "1.09000", "2011-09-30": "1.35000", "2011-06-30": "1.35000", "2011-03-31": "1.06000", "2010-12-31": "0.96000", "2010-09-30": "0.99000", "2010-06-30": "1.07000", "2010-03-31": "0.90000", "2009-12-31": "0.78000", "2009-09-30": "0.93000", "2009-06-30": "0.79000", "2009-03-31": "0.74000", "2008-12-31": "0.71000", "2008-09-30": "1.01000", "2008-06-30": "0.80000", "2008-03-31": "0.79000", "2007-12-31": "0.65000", "2007-09-30": "0.82000", "2007-06-30": "0.70000", "2007-03-31": "0.69000"}}, "balance sheet": {"Cash On Hand": {"2020-12-31": "7280.00000", "2019-12-31": "6861.00000", "2018-12-31": "6593.00000", "2017-12-31": "8447.00000", "2016-12-31": "4239.00000", "2015-12-31": "3417.00000", "2014-12-31": "1682.00000", "2013-12-31": "2154.00000", "2012-12-31": "2983.00000", "2011-12-31": "2550.00000", "2010-12-31": "1703.00000", "2009-12-31": "1540.00000", "2008-12-31": "1531.00000", "2007-12-31": "1501.00000", "2006-12-31": "", "2005-12-31": ""}, "Receivables": {"2020-12-31": "", "2019-12-31": "3717.00000", "2018-12-31": "3564.00000", "2017-12-31": "3738.00000", "2016-12-31": "3499.00000", "2015-12-31": "2778.00000", "2014-12-31": "4004.00000", "2013-12-31": "3853.00000", "2012-12-31": "3589.00000", "2011-12-31": "3201.00000", "2010-12-31": "3009.00000", "2009-12-31": "3098.00000", "2008-12-31": "2848.00000", "2007-12-31": "3356.00000", "2006-12-31": "", "2005-12-31": ""}, "Inventory": {"2020-12-31": "", "2019-12-31": "9235.00000", "2018-12-31": "8804.00000", "2017-12-31": "8806.00000", "2016-12-31": "9017.00000", "2015-12-31": "8473.00000", "2014-12-31": "8592.00000", "2013-12-31": "9846.00000", "2012-12-31": "8949.00000", "2011-12-31": "8120.00000", "2010-12-31": "8317.00000", "2009-12-31": "9207.00000", "2008-12-31": "9664.00000", "2007-12-31": "9371.00000", "2006-12-31": "", "2005-12-31": ""}, "Pre-Paid Expenses": {"2020-12-31": "", "2019-12-31": "", "2018-12-31": "", "2017-12-31": "", "2016-12-31": "", "2015-12-31": "", "2014-12-31": "", "2013-12-31": "", "2012-12-31": "", "2011-12-31": "", "2010-12-31": "", "2009-12-31": "", "2008-12-31": "", "2007-12-31": "", "2006-12-31": "", "2005-12-31": ""}, "Other Current Assets": {"2020-12-31": "14212.00000", "2019-12-31": "701.00000", "2018-12-31": "481.00000", "2017-12-31": "603.00000", "2016-12-31": "853.00000", "2015-12-31": "648.00000", "2014-12-31": "673.00000", "2013-12-31": "497.00000", "2012-12-31": "619.00000", "2011-12-31": "591.00000", "2010-12-31": "356.00000", "2009-12-31": "532.00000", "2008-12-31": "574.00000", "2007-12-31": "256.00000", "2006-12-31": "", "2005-12-31": ""}, "Total Current Assets": {"2020-12-31": "21492.00000", "2019-12-31": "20514.00000", "2018-12-31": "19442.00000", "2017-12-31": "21594.00000", "2016-12-31": "17608.00000", "2015-12-31": "15804.00000", "2014-12-31": "15484.00000", "2013-12-31": "16852.00000", "2012-12-31": "16590.00000", "2011-12-31": "14859.00000", "2010-12-31": "13756.00000", "2009-12-31": "14682.00000", "2008-12-31": "14939.00000", "2007-12-31": "14786.00000", "2006-12-31": "", "2005-12-31": ""}, "Property, Plant, And Equipment": {"2020-12-31": "6365.00000", "2019-12-31": "6631.00000", "2018-12-31": "7201.00000", "2017-12-31": "7271.00000", "2016-12-31": "6064.00000", "2015-12-31": "5721.00000", "2014-12-31": "6071.00000", "2013-12-31": "6755.00000", "2012-12-31": "6645.00000", "2011-12-31": "6250.00000", "2010-12-31": "6499.00000", "2009-12-31": "6390.00000", "2008-12-31": "6348.00000", "2007-12-31": "6435.00000", "2006-12-31": "", "2005-12-31": ""}, "Long-Term Investments": {"2020-12-31": "4798.00000", "2019-12-31": "4635.00000", "2018-12-31": "1269.00000", "2017-12-31": "1074.00000", "2016-12-31": "1011.00000", "2015-12-31": "890.00000", "2014-12-31": "1083.00000", "2013-12-31": "1536.00000", "2012-12-31": "24.00000", "2011-12-31": "", "2010-12-31": "", "2009-12-31": "", "2008-12-31": "", "2007-12-31": "", "2006-12-31": "", "2005-12-31": ""}, "Goodwill And Intangible Assets": {"2020-12-31": "7983.00000", "2019-12-31": "7971.00000", "2018-12-31": "9467.00000", "2017-12-31": "10098.00000", "2016-12-31": "9794.00000", "2015-12-31": "10038.00000", "2014-12-31": "11373.00000", "2013-12-31": "12086.00000", "2012-12-31": "13519.00000", "2011-12-31": "13625.00000", "2010-12-31": "14034.00000", "2009-12-31": "12658.00000", "2008-12-31": "11099.00000", "2007-12-31": "9831.00000", "2006-12-31": "", "2005-12-31": ""}, "Other Long-Term Assets": {"2020-12-31": "4177.00000", "2019-12-31": "1971.00000", "2018-12-31": "1445.00000", "2017-12-31": "1924.00000", "2016-12-31": "1515.00000", "2015-12-31": "1143.00000", "2014-12-31": "1176.00000", "2013-12-31": "939.00000", "2012-12-31": "892.00000", "2011-12-31": "754.00000", "2010-12-31": "761.00000", "2009-12-31": "822.00000", "2008-12-31": "586.00000", "2007-12-31": "725.00000", "2006-12-31": "", "2005-12-31": ""}, "Total Long-Term Assets": {"2020-12-31": "23323.00000", "2019-12-31": "22361.00000", "2018-12-31": "20359.00000", "2017-12-31": "21374.00000", "2016-12-31": "19243.00000", "2015-12-31": "18152.00000", "2014-12-31": "19703.00000", "2013-12-31": "21316.00000", "2012-12-31": "21080.00000", "2011-12-31": "20629.00000", "2010-12-31": "21294.00000", "2009-12-31": "19870.00000", "2008-12-31": "18033.00000", "2007-12-31": "16991.00000", "2006-12-31": "", "2005-12-31": ""}, "Total Assets": {"2020-12-31": "44815.00000", "2019-12-31": "42875.00000", "2018-12-31": "39801.00000", "2017-12-31": "42968.00000", "2016-12-31": "36851.00000", "2015-12-31": "33956.00000", "2014-12-31": "35187.00000", "2013-12-31": "38168.00000", "2012-12-31": "37670.00000", "2011-12-31": "35488.00000", "2010-12-31": "35050.00000", "2009-12-31": "34552.00000", "2008-12-31": "32972.00000", "2007-12-31": "31777.00000", "2006-12-31": "0.00000", "2005-12-31": "0.00000"}, "Total Current Liabilities": {"2020-12-31": "19615.00000", "2019-12-31": "18833.00000", "2018-12-31": "17191.00000", "2017-12-31": "15962.00000", "2016-12-31": "16467.00000", "2015-12-31": "15386.00000", "2014-12-31": "15112.00000", "2013-12-31": "17066.00000", "2012-12-31": "17016.00000", "2011-12-31": "14794.00000", "2010-12-31": "12804.00000", "2009-12-31": "11178.00000", "2008-12-31": "10144.00000", "2007-12-31": "8091.00000", "2006-12-31": "", "2005-12-31": ""}, "Long Term Debt": {"2020-12-31": "28168.00000", "2019-12-31": "26656.00000", "2018-12-31": "26975.00000", "2017-12-31": "31334.00000", "2016-12-31": "25851.00000", "2015-12-31": "25250.00000", "2014-12-31": "26929.00000", "2013-12-31": "24023.00000", "2012-12-31": "17639.00000", "2011-12-31": "14828.00000", "2010-12-31": "13370.00000", "2009-12-31": "13672.00000", "2008-12-31": "11377.00000", "2007-12-31": "5578.00000", "2006-12-31": "", "2005-12-31": ""}, "Other Non-Current Liabilities": {"2020-12-31": "6979.00000", "2019-12-31": "6077.00000", "2018-12-31": "5476.00000", "2017-12-31": "5103.00000", "2016-12-31": "3536.00000", "2015-12-31": "3253.00000", "2014-12-31": "2800.00000", "2013-12-31": "1876.00000", "2012-12-31": "2993.00000", "2011-12-31": "2127.00000", "2010-12-31": "1728.00000", "2009-12-31": "1869.00000", "2008-12-31": "2146.00000", "2007-12-31": "1273.00000", "2006-12-31": "", "2005-12-31": ""}, "Total Long Term Liabilities": {"2020-12-31": "35831.00000", "2019-12-31": "33641.00000", "2018-12-31": "33349.00000", "2017-12-31": "37236.00000", "2016-12-31": "31284.00000", "2015-12-31": "30046.00000", "2014-12-31": "31278.00000", "2013-12-31": "27376.00000", "2012-12-31": "23808.00000", "2011-12-31": "20143.00000", "2010-12-31": "18313.00000", "2009-12-31": "17229.00000", "2008-12-31": "14924.00000", "2007-12-31": "8091.00000", "2006-12-31": "", "2005-12-31": ""}, "Total Liabilities": {"2020-12-31": "55446.00000", "2019-12-31": "52474.00000", "2018-12-31": "50540.00000", "2017-12-31": "53198.00000", "2016-12-31": "47751.00000", "2015-12-31": "45432.00000", "2014-12-31": "46390.00000", "2013-12-31": "44442.00000", "2012-12-31": "40824.00000", "2011-12-31": "34937.00000", "2010-12-31": "31117.00000", "2009-12-31": "28407.00000", "2008-12-31": "25068.00000", "2007-12-31": "16182.00000", "2006-12-31": "", "2005-12-31": ""}, "Common Stock Net": {"2020-12-31": "", "2019-12-31": "", "2018-12-31": "", "2017-12-31": "", "2016-12-31": "", "2015-12-31": "", "2014-12-31": "", "2013-12-31": "", "2012-12-31": "", "2011-12-31": "", "2010-12-31": "", "2009-12-31": "", "2008-12-31": "", "2007-12-31": "", "2006-12-31": "", "2005-12-31": ""}, "Retained Earnings (Accumulated Deficit)": {"2020-12-31": "", "2019-12-31": "30987.00000", "2018-12-31": "31014.00000", "2017-12-31": "29859.00000", "2016-12-31": "30397.00000", "2015-12-31": "29842.00000", "2014-12-31": "29249.00000", "2013-12-31": "27843.00000", "2012-12-31": "25076.00000", "2011-12-31": "21757.00000", "2010-12-31": "18133.00000", "2009-12-31": "15358.00000", "2008-12-31": "13354.00000", "2007-12-31": "12642.00000", "2006-12-31": "", "2005-12-31": ""}, "Comprehensive Income": {"2020-12-31": "", "2019-12-31": "-9363.00000", "2018-12-31": "-10111.00000", "2017-12-31": "-8535.00000", "2016-12-31": "-9559.00000", "2015-12-31": "-9402.00000", "2014-12-31": "-6826.00000", "2013-12-31": "-4190.00000", "2012-12-31": "-3604.00000", "2011-12-31": "-2863.00000", "2010-12-31": "-1140.00000", "2009-12-31": "-817.00000", "2008-12-31": "-2281.00000", "2007-12-31": "1688.00000", "2006-12-31": "", "2005-12-31": ""}, "Other Share Holders Equity": {"2020-12-31": "", "2019-12-31": "", "2018-12-31": "", "2017-12-31": "", "2016-12-31": "", "2015-12-31": "", "2014-12-31": "", "2013-12-31": "", "2012-12-31": "", "2011-12-31": "", "2010-12-31": "", "2009-12-31": "", "2008-12-31": "", "2007-12-31": "", "2006-12-31": "", "2005-12-31": ""}, "Share Holder Equity": {"2020-12-31": "-10631.00000", "2019-12-31": "-9599.00000", "2018-12-31": "-10739.00000", "2017-12-31": "-10230.00000", "2016-12-31": "-10900.00000", "2015-12-31": "-11476.00000", "2014-12-31": "-11203.00000", "2013-12-31": "-6274.00000", "2012-12-31": "-3154.00000", "2011-12-31": "551.00000", "2010-12-31": "3933.00000", "2009-12-31": "6145.00000", "2008-12-31": "7904.00000", "2007-12-31": "15595.00000", "2006-12-31": "", "2005-12-31": ""}, "Total Liabilities And Share Holders Equity": {"2020-12-31": "44815.00000", "2019-12-31": "42875.00000", "2018-12-31": "39801.00000", "2017-12-31": "42968.00000", "2016-12-31": "36851.00000", "2015-12-31": "33956.00000", "2014-12-31": "35187.00000", "2013-12-31": "38168.00000", "2012-12-31": "37670.00000", "2011-12-31": "35488.00000", "2010-12-31": "35050.00000", "2009-12-31": "34552.00000", "2008-12-31": "32972.00000", "2007-12-31": "31777.00000", "2006-12-31": "", "2005-12-31": ""}}, "balance sheet, quarterly": {"Cash On Hand": {"2020-12-31": "7280.00000", "2020-09-30": "4821.00000", "2020-06-30": "4200.00000", "2020-03-31": "3746.00000", "2019-12-31": "6861.00000", "2019-09-30": "6507.00000", "2019-06-30": "4008.00000", "2019-03-31": "3081.00000", "2018-12-31": "6593.00000", "2018-09-30": "5880.00000", "2018-06-30": "6587.00000", "2018-03-31": "7200.00000", "2017-12-31": "8447.00000", "2017-09-30": "7667.00000", "2017-06-30": "6197.00000", "2017-03-31": "5076.00000", "2016-12-31": "4239.00000", "2016-09-30": "4884.00000", "2016-06-30": "3814.00000", "2016-03-31": "2944.00000", "2015-12-31": "3417.00000", "2015-09-30": "2393.00000", "2015-06-30": "1838.00000", "2015-03-31": "1524.00000", "2014-12-31": "1682.00000", "2014-09-30": "2043.00000", "2014-06-30": "1541.00000", "2014-03-31": "1823.00000", "2013-12-31": "2154.00000", "2013-09-30": "3382.00000", "2013-06-30": "3586.00000", "2013-03-31": "3981.00000", "2012-12-31": "2983.00000", "2012-09-30": "4817.00000", "2012-06-30": "3846.00000", "2012-03-31": "3576.00000", "2011-12-31": "2550.00000", "2011-09-30": "3391.00000", "2011-06-30": "2178.00000", "2011-03-31": "1322.00000", "2010-12-31": "1703.00000", "2010-09-30": "3507.00000", "2010-06-30": "1584.00000", "2010-03-31": "850.00000", "2009-12-31": "1540.00000", "2009-09-30": "1602.00000", "2009-06-30": "2602.00000", "2009-03-31": "2361.00000", "2008-12-31": "1531.00000", "2008-09-30": "2803.00000", "2008-06-30": "3028.00000", "2008-03-31": "1231.00000", "2007-12-31": "1501.00000", "2007-09-30": "", "2007-06-30": "", "2007-03-31": ""}, "Receivables": {"2020-12-31": "", "2020-09-30": "3712.00000", "2020-06-30": "3944.00000", "2020-03-31": "3334.00000", "2019-12-31": "3717.00000", "2019-09-30": "3729.00000", "2019-06-30": "4074.00000", "2019-03-31": "3535.00000", "2018-12-31": "3564.00000", "2018-09-30": "3522.00000", "2018-06-30": "3772.00000", "2018-03-31": "3894.00000", "2017-12-31": "3738.00000", "2017-09-30": "3985.00000", "2017-06-30": "3648.00000", "2017-03-31": "3090.00000", "2016-12-31": "3499.00000", "2016-09-30": "3100.00000", "2016-06-30": "3085.00000", "2016-03-31": "2989.00000", "2015-12-31": "2778.00000", "2015-09-30": "3322.00000", "2015-06-30": "3619.00000", "2015-03-31": "3741.00000", "2014-12-31": "4004.00000", "2014-09-30": "3785.00000", "2014-06-30": "4081.00000", "2014-03-31": "3408.00000", "2013-12-31": "3853.00000", "2013-09-30": "3659.00000", "2013-06-30": "3964.00000", "2013-03-31": "3591.00000", "2012-12-31": "3589.00000", "2012-09-30": "3562.00000", "2012-06-30": "3553.00000", "2012-03-31": "3472.00000", "2011-12-31": "3201.00000", "2011-09-30": "3242.00000", "2011-06-30": "3443.00000", "2011-03-31": "2991.00000", "2010-12-31": "3009.00000", "2010-09-30": "3022.00000", "2010-06-30": "3232.00000", "2010-03-31": "3186.00000", "2009-12-31": "3098.00000", "2009-09-30": "3048.00000", "2009-06-30": "3171.00000", "2009-03-31": "2602.00000", "2008-12-31": "2848.00000", "2008-09-30": "2975.00000", "2008-06-30": "3093.00000", "2008-03-31": "2786.00000", "2007-12-31": "3356.00000", "2007-09-30": "", "2007-06-30": "", "2007-03-31": ""}, "Inventory": {"2020-12-31": "", "2020-09-30": "8160.00000", "2020-06-30": "8968.00000", "2020-03-31": "9045.00000", "2019-12-31": "9235.00000", "2019-09-30": "8529.00000", "2019-06-30": "8255.00000", "2019-03-31": "8318.00000", "2018-12-31": "8804.00000", "2018-09-30": "8440.00000", "2018-06-30": "8925.00000", "2018-03-31": "8592.00000", "2017-12-31": "8806.00000", "2017-09-30": "8283.00000", "2017-06-30": "7730.00000", "2017-03-31": "8007.00000", "2016-12-31": "9017.00000", "2016-09-30": "7486.00000", "2016-06-30": "7989.00000", "2016-03-31": "8699.00000", "2015-12-31": "8473.00000", "2015-09-30": "7207.00000", "2015-06-30": "7207.00000", "2015-03-31": "7552.00000", "2014-12-31": "8592.00000", "2014-09-30": "7979.00000", "2014-06-30": "8271.00000", "2014-03-31": "8724.00000", "2013-12-31": "9846.00000", "2013-09-30": "8026.00000", "2013-06-30": "8217.00000", "2013-03-31": "7976.00000", "2012-12-31": "8949.00000", "2012-09-30": "8243.00000", "2012-06-30": "7312.00000", "2012-03-31": "7311.00000", "2011-12-31": "8120.00000", "2011-09-30": "7453.00000", "2011-06-30": "7904.00000", "2011-03-31": "8271.00000", "2010-12-31": "8317.00000", "2010-09-30": "8248.00000", "2010-06-30": "7502.00000", "2010-03-31": "8279.00000", "2009-12-31": "9207.00000", "2009-09-30": "8877.00000", "2009-06-30": "8229.00000", "2009-03-31": "7824.00000", "2008-12-31": "9664.00000", "2008-09-30": "8855.00000", "2008-06-30": "9003.00000", "2008-03-31": "9020.00000", "2007-12-31": "9371.00000", "2007-09-30": "", "2007-06-30": "", "2007-03-31": ""}, "Pre-Paid Expenses": {"2020-12-31": "", "2020-09-30": "", "2020-06-30": "", "2020-03-31": "", "2019-12-31": "", "2019-09-30": "", "2019-06-30": "", "2019-03-31": "", "2018-12-31": "", "2018-09-30": "", "2018-06-30": "", "2018-03-31": "", "2017-12-31": "", "2017-09-30": "", "2017-06-30": "", "2017-03-31": "", "2016-12-31": "", "2016-09-30": "", "2016-06-30": "", "2016-03-31": "", "2015-12-31": "", "2015-09-30": "", "2015-06-30": "", "2015-03-31": "", "2014-12-31": "", "2014-09-30": "", "2014-06-30": "", "2014-03-31": "", "2013-12-31": "", "2013-09-30": "", "2013-06-30": "", "2013-03-31": "", "2012-12-31": "", "2012-09-30": "", "2012-06-30": "", "2012-03-31": "", "2011-12-31": "", "2011-09-30": "", "2011-06-30": "", "2011-03-31": "", "2010-12-31": "", "2010-09-30": "", "2010-06-30": "", "2010-03-31": "", "2009-12-31": "", "2009-09-30": "", "2009-06-30": "", "2009-03-31": "", "2008-12-31": "", "2008-09-30": "", "2008-06-30": "", "2008-03-31": "", "2007-12-31": "", "2007-09-30": "", "2007-06-30": "", "2007-03-31": ""}, "Other Current Assets": {"2020-12-31": "14212.00000", "2020-09-30": "760.00000", "2020-06-30": "664.00000", "2020-03-31": "736.00000", "2019-12-31": "701.00000", "2019-09-30": "810.00000", "2019-06-30": "826.00000", "2019-03-31": "807.00000", "2018-12-31": "481.00000", "2018-09-30": "696.00000", "2018-06-30": "744.00000", "2018-03-31": "907.00000", "2017-12-31": "603.00000", "2017-09-30": "924.00000", "2017-06-30": "857.00000", "2017-03-31": "711.00000", "2016-12-31": "853.00000", "2016-09-30": "654.00000", "2016-06-30": "689.00000", "2016-03-31": "811.00000", "2015-12-31": "648.00000", "2015-09-30": "804.00000", "2015-06-30": "680.00000", "2015-03-31": "1001.00000", "2014-12-31": "673.00000", "2014-09-30": "573.00000", "2014-06-30": "403.00000", "2014-03-31": "447.00000", "2013-12-31": "497.00000", "2013-09-30": "585.00000", "2013-06-30": "612.00000", "2013-03-31": "732.00000", "2012-12-31": "619.00000", "2012-09-30": "584.00000", "2012-06-30": "435.00000", "2012-03-31": "614.00000", "2011-12-31": "591.00000", "2011-09-30": "631.00000", "2011-06-30": "445.00000", "2011-03-31": "483.00000", "2010-12-31": "356.00000", "2010-09-30": "423.00000", "2010-06-30": "310.00000", "2010-03-31": "483.00000", "2009-12-31": "532.00000", "2009-09-30": "477.00000", "2009-06-30": "445.00000", "2009-03-31": "565.00000", "2008-12-31": "574.00000", "2008-09-30": "416.00000", "2008-06-30": "349.00000", "2008-03-31": "330.00000", "2007-12-31": "256.00000", "2007-09-30": "", "2007-06-30": "", "2007-03-31": ""}, "Total Current Assets": {"2020-12-31": "21492.00000", "2020-09-30": "17453.00000", "2020-06-30": "17776.00000", "2020-03-31": "16861.00000", "2019-12-31": "20514.00000", "2019-09-30": "19575.00000", "2019-06-30": "17163.00000", "2019-03-31": "15741.00000", "2018-12-31": "19442.00000", "2018-09-30": "18538.00000", "2018-06-30": "20028.00000", "2018-03-31": "20593.00000", "2017-12-31": "21594.00000", "2017-09-30": "20859.00000", "2017-06-30": "18432.00000", "2017-03-31": "16884.00000", "2016-12-31": "17608.00000", "2016-09-30": "16574.00000", "2016-06-30": "16046.00000", "2016-03-31": "15928.00000", "2015-12-31": "15804.00000", "2015-09-30": "14112.00000", "2015-06-30": "13772.00000", "2015-03-31": "14275.00000", "2014-12-31": "15484.00000", "2014-09-30": "14761.00000", "2014-06-30": "14710.00000", "2014-03-31": "14825.00000", "2013-12-31": "16852.00000", "2013-09-30": "16016.00000", "2013-06-30": "16755.00000", "2013-03-31": "16661.00000", "2012-12-31": "16590.00000", "2012-09-30": "17600.00000", "2012-06-30": "15561.00000", "2012-03-31": "15338.00000", "2011-12-31": "14859.00000", "2011-09-30": "15090.00000", "2011-06-30": "14333.00000", "2011-03-31": "13393.00000", "2010-12-31": "13756.00000", "2010-09-30": "15482.00000", "2010-06-30": "12924.00000", "2010-03-31": "13078.00000", "2009-12-31": "14682.00000", "2009-09-30": "14277.00000", "2009-06-30": "14731.00000", "2009-03-31": "13640.00000", "2008-12-31": "14939.00000", "2008-09-30": "15306.00000", "2008-06-30": "15750.00000", "2008-03-31": "13633.00000", "2007-12-31": "14786.00000", "2007-09-30": "", "2007-06-30": "", "2007-03-31": ""}, "Property, Plant, And Equipment": {"2020-12-31": "6365.00000", "2020-09-30": "6134.00000", "2020-06-30": "6184.00000", "2020-03-31": "6107.00000", "2019-12-31": "6631.00000", "2019-09-30": "6636.00000", "2019-06-30": "6917.00000", "2019-03-31": "6894.00000", "2018-12-31": "7201.00000", "2018-09-30": "7138.00000", "2018-06-30": "7113.00000", "2018-03-31": "7459.00000", "2017-12-31": "7271.00000", "2017-09-30": "6857.00000", "2017-06-30": "6629.00000", "2017-03-31": "6264.00000", "2016-12-31": "6064.00000", "2016-09-30": "6133.00000", "2016-06-30": "5931.00000", "2016-03-31": "5865.00000", "2015-12-31": "5721.00000", "2015-09-30": "5600.00000", "2015-06-30": "5815.00000", "2015-03-31": "5697.00000", "2014-12-31": "6071.00000", "2014-09-30": "6273.00000", "2014-06-30": "6648.00000", "2014-03-31": "6670.00000", "2013-12-31": "6755.00000", "2013-09-30": "6583.00000", "2013-06-30": "6396.00000", "2013-03-31": "6473.00000", "2012-12-31": "6645.00000", "2012-09-30": "6364.00000", "2012-06-30": "6161.00000", "2012-03-31": "6445.00000", "2011-12-31": "6250.00000", "2011-09-30": "6411.00000", "2011-06-30": "6793.00000", "2011-03-31": "6678.00000", "2010-12-31": "6499.00000", "2010-09-30": "6587.00000", "2010-06-30": "6162.00000", "2010-03-31": "6530.00000", "2009-12-31": "6390.00000", "2009-09-30": "6358.00000", "2009-06-30": "6121.00000", "2009-03-31": "5752.00000", "2008-12-31": "6348.00000", "2008-09-30": "6696.00000", "2008-06-30": "7044.00000", "2008-03-31": "6877.00000", "2007-12-31": "6435.00000", "2007-09-30": "", "2007-06-30": "", "2007-03-31": ""}, "Long-Term Investments": {"2020-12-31": "4798.00000", "2020-09-30": "4579.00000", "2020-06-30": "4516.00000", "2020-03-31": "4390.00000", "2019-12-31": "4635.00000", "2019-09-30": "4499.00000", "2019-06-30": "4665.00000", "2019-03-31": "4578.00000", "2018-12-31": "1269.00000", "2018-09-30": "1361.00000", "2018-06-30": "1352.00000", "2018-03-31": "1395.00000", "2017-12-31": "1074.00000", "2017-09-30": "1080.00000", "2017-06-30": "1072.00000", "2017-03-31": "1079.00000", "2016-12-31": "1011.00000", "2016-09-30": "986.00000", "2016-06-30": "948.00000", "2016-03-31": "942.00000", "2015-12-31": "890.00000", "2015-09-30": "919.00000", "2015-06-30": "1020.00000", "2015-03-31": "1064.00000", "2014-12-31": "1083.00000", "2014-09-30": "1371.00000", "2014-06-30": "1508.00000", "2014-03-31": "1460.00000", "2013-12-31": "1536.00000", "2013-09-30": "665.00000", "2013-06-30": "", "2013-03-31": "", "2012-12-31": "24.00000", "2012-09-30": "", "2012-06-30": "", "2012-03-31": "", "2011-12-31": "", "2011-09-30": "", "2011-06-30": "", "2011-03-31": "", "2010-12-31": "", "2010-09-30": "", "2010-06-30": "", "2010-03-31": "", "2009-12-31": "", "2009-09-30": "", "2009-06-30": "", "2009-03-31": "", "2008-12-31": "", "2008-09-30": "", "2008-06-30": "", "2008-03-31": "", "2007-12-31": "", "2007-09-30": "", "2007-06-30": "", "2007-03-31": ""}, "Goodwill And Intangible Assets": {"2020-12-31": "7983.00000", "2020-09-30": "7573.00000", "2020-06-30": "7601.00000", "2020-03-31": "7134.00000", "2019-12-31": "7971.00000", "2019-09-30": "7808.00000", "2019-06-30": "7958.00000", "2019-03-31": "7904.00000", "2018-12-31": "9467.00000", "2018-09-30": "9588.00000", "2018-06-30": "9648.00000", "2018-03-31": "10122.00000", "2017-12-31": "10098.00000", "2017-09-30": "10182.00000", "2017-06-30": "10141.00000", "2017-03-31": "10002.00000", "2016-12-31": "9794.00000", "2016-09-30": "10224.00000", "2016-06-30": "10225.00000", "2016-03-31": "10347.00000", "2015-12-31": "10038.00000", "2015-09-30": "10025.00000", "2015-06-30": "10721.00000", "2015-03-31": "10775.00000", "2014-12-31": "11373.00000", "2014-09-30": "11841.00000", "2014-06-30": "12294.00000", "2014-03-31": "12243.00000", "2013-12-31": "12086.00000", "2013-09-30": "12467.00000", "2013-06-30": "13001.00000", "2013-03-31": "13362.00000", "2012-12-31": "13519.00000", "2012-09-30": "13554.00000", "2012-06-30": "13351.00000", "2012-03-31": "13840.00000", "2011-12-31": "13625.00000", "2011-09-30": "13861.00000", "2011-06-30": "14672.00000", "2011-03-31": "14514.00000", "2010-12-31": "14034.00000", "2010-09-30": "14063.00000", "2010-06-30": "13569.00000", "2010-03-31": "13851.00000", "2009-12-31": "12658.00000", "2009-09-30": "12486.00000", "2009-06-30": "11735.00000", "2009-03-31": "10815.00000", "2008-12-31": "11099.00000", "2008-09-30": "12408.00000", "2008-06-30": "10700.00000", "2008-03-31": "10169.00000", "2007-12-31": "9831.00000", "2007-09-30": "", "2007-06-30": "", "2007-03-31": ""}, "Other Long-Term Assets": {"2020-12-31": "4177.00000", "2020-09-30": "2165.00000", "2020-06-30": "1926.00000", "2020-03-31": "1889.00000", "2019-12-31": "1971.00000", "2019-09-30": "1934.00000", "2019-06-30": "2178.00000", "2019-03-31": "1974.00000", "2018-12-31": "1445.00000", "2018-09-30": "1765.00000", "2018-06-30": "1671.00000", "2018-03-31": "2351.00000", "2017-12-31": "1924.00000", "2017-09-30": "1835.00000", "2017-06-30": "1586.00000", "2017-03-31": "1564.00000", "2016-12-31": "1515.00000", "2016-09-30": "1660.00000", "2016-06-30": "1652.00000", "2016-03-31": "1539.00000", "2015-12-31": "1143.00000", "2015-09-30": "1355.00000", "2015-06-30": "1385.00000", "2015-03-31": "1444.00000", "2014-12-31": "1176.00000", "2014-09-30": "1155.00000", "2014-06-30": "1165.00000", "2014-03-31": "939.00000", "2013-12-31": "939.00000", "2013-09-30": "1064.00000", "2013-06-30": "988.00000", "2013-03-31": "922.00000", "2012-12-31": "892.00000", "2012-09-30": "791.00000", "2012-06-30": "725.00000", "2012-03-31": "776.00000", "2011-12-31": "754.00000", "2011-09-30": "858.00000", "2011-06-30": "996.00000", "2011-03-31": "969.00000", "2010-12-31": "761.00000", "2010-09-30": "747.00000", "2010-06-30": "669.00000", "2010-03-31": "714.00000", "2009-12-31": "822.00000", "2009-09-30": "584.00000", "2009-06-30": "540.00000", "2009-03-31": "537.00000", "2008-12-31": "586.00000", "2008-09-30": "895.00000", "2008-06-30": "824.00000", "2008-03-31": "853.00000", "2007-12-31": "725.00000", "2007-09-30": "", "2007-06-30": "", "2007-03-31": ""}, "Total Long-Term Assets": {"2020-12-31": "23323.00000", "2020-09-30": "21676.00000", "2020-06-30": "21386.00000", "2020-03-31": "20633.00000", "2019-12-31": "22361.00000", "2019-09-30": "21845.00000", "2019-06-30": "22760.00000", "2019-03-31": "22301.00000", "2018-12-31": "20359.00000", "2018-09-30": "20842.00000", "2018-06-30": "20693.00000", "2018-03-31": "22477.00000", "2017-12-31": "21374.00000", "2017-09-30": "21092.00000", "2017-06-30": "20228.00000", "2017-03-31": "19743.00000", "2016-12-31": "19243.00000", "2016-09-30": "19003.00000", "2016-06-30": "18756.00000", "2016-03-31": "18693.00000", "2015-12-31": "18152.00000", "2015-09-30": "17899.00000", "2015-06-30": "18941.00000", "2015-03-31": "18980.00000", "2014-12-31": "19703.00000", "2014-09-30": "20640.00000", "2014-06-30": "21615.00000", "2014-03-31": "21312.00000", "2013-12-31": "21316.00000", "2013-09-30": "20779.00000", "2013-06-30": "20385.00000", "2013-03-31": "20757.00000", "2012-12-31": "21080.00000", "2012-09-30": "20709.00000", "2012-06-30": "20237.00000", "2012-03-31": "21061.00000", "2011-12-31": "20629.00000", "2011-09-30": "21130.00000", "2011-06-30": "22461.00000", "2011-03-31": "22161.00000", "2010-12-31": "21294.00000", "2010-09-30": "21397.00000", "2010-06-30": "20400.00000", "2010-03-31": "21095.00000", "2009-12-31": "19870.00000", "2009-09-30": "19428.00000", "2009-06-30": "18396.00000", "2009-03-31": "17104.00000", "2008-12-31": "18033.00000", "2008-09-30": "19999.00000", "2008-06-30": "18568.00000", "2008-03-31": "17899.00000", "2007-12-31": "16991.00000", "2007-09-30": "", "2007-06-30": "", "2007-03-31": ""}, "Total Assets": {"2020-12-31": "44815.00000", "2020-09-30": "39129.00000", "2020-06-30": "39162.00000", "2020-03-31": "37494.00000", "2019-12-31": "42875.00000", "2019-09-30": "41420.00000", "2019-06-30": "39923.00000", "2019-03-31": "38042.00000", "2018-12-31": "39801.00000", "2018-09-30": "39380.00000", "2018-06-30": "40721.00000", "2018-03-31": "43070.00000", "2017-12-31": "42968.00000", "2017-09-30": "41951.00000", "2017-06-30": "38660.00000", "2017-03-31": "36627.00000", "2016-12-31": "36851.00000", "2016-09-30": "35577.00000", "2016-06-30": "34802.00000", "2016-03-31": "34621.00000", "2015-12-31": "33956.00000", "2015-09-30": "32011.00000", "2015-06-30": "32713.00000", "2015-03-31": "33255.00000", "2014-12-31": "35187.00000", "2014-09-30": "35401.00000", "2014-06-30": "36325.00000", "2014-03-31": "36137.00000", "2013-12-31": "38168.00000", "2013-09-30": "36795.00000", "2013-06-30": "37140.00000", "2013-03-31": "37418.00000", "2012-12-31": "37670.00000", "2012-09-30": "38309.00000", "2012-06-30": "35798.00000", "2012-03-31": "36399.00000", "2011-12-31": "35488.00000", "2011-09-30": "36220.00000", "2011-06-30": "36794.00000", "2011-03-31": "35554.00000", "2010-12-31": "35050.00000", "2010-09-30": "36879.00000", "2010-06-30": "33324.00000", "2010-03-31": "34173.00000", "2009-12-31": "34552.00000", "2009-09-30": "33705.00000", "2009-06-30": "33127.00000", "2009-03-31": "30744.00000", "2008-12-31": "32972.00000", "2008-09-30": "35305.00000", "2008-06-30": "34318.00000", "2008-03-31": "31532.00000", "2007-12-31": "31777.00000", "2007-09-30": "0.00000", "2007-06-30": "0.00000", "2007-03-31": "0.00000"}, "Total Current Liabilities": {"2020-12-31": "19615.00000", "2020-09-30": "15525.00000", "2020-06-30": "15792.00000", "2020-03-31": "16584.00000", "2019-12-31": "18833.00000", "2019-09-30": "18045.00000", "2019-06-30": "18046.00000", "2019-03-31": "18486.00000", "2018-12-31": "17191.00000", "2018-09-30": "15599.00000", "2018-06-30": "17441.00000", "2018-03-31": "17688.00000", "2017-12-31": "15962.00000", "2017-09-30": "18514.00000", "2017-06-30": "17243.00000", "2017-03-31": "13355.00000", "2016-12-31": "16467.00000", "2016-09-30": "14258.00000", "2016-06-30": "12672.00000", "2016-03-31": "14091.00000", "2015-12-31": "15386.00000", "2015-09-30": "14102.00000", "2015-06-30": "15386.00000", "2015-03-31": "14980.00000", "2014-12-31": "15112.00000", "2014-09-30": "15117.00000", "2014-06-30": "13580.00000", "2014-03-31": "13971.00000", "2013-12-31": "17066.00000", "2013-09-30": "16018.00000", "2013-06-30": "14706.00000", "2013-03-31": "14509.00000", "2012-12-31": "17016.00000", "2012-09-30": "16726.00000", "2012-06-30": "16830.00000", "2012-03-31": "15283.00000", "2011-12-31": "14794.00000", "2011-09-30": "16050.00000", "2011-06-30": "14763.00000", "2011-03-31": "14343.00000", "2010-12-31": "12804.00000", "2010-09-30": "13713.00000", "2010-06-30": "9989.00000", "2010-03-31": "9580.00000", "2009-12-31": "11178.00000", "2009-09-30": "9838.00000", "2009-06-30": "9666.00000", "2009-03-31": "8135.00000", "2008-12-31": "10144.00000", "2008-09-30": "11396.00000", "2008-06-30": "11438.00000", "2008-03-31": "7393.00000", "2007-12-31": "8091.00000", "2007-09-30": "", "2007-06-30": "", "2007-03-31": ""}, "Long Term Debt": {"2020-12-31": "28168.00000", "2020-09-30": "27346.00000", "2020-06-30": "27043.00000", "2020-03-31": "24999.00000", "2019-12-31": "26656.00000", "2019-09-30": "26426.00000", "2019-06-30": "24858.00000", "2019-03-31": "23131.00000", "2018-12-31": "26975.00000", "2018-09-30": "28179.00000", "2018-06-30": "28048.00000", "2018-03-31": "29578.00000", "2017-12-31": "31334.00000", "2017-09-30": "28065.00000", "2017-06-30": "26595.00000", "2017-03-31": "28588.00000", "2016-12-31": "25851.00000", "2016-09-30": "26960.00000", "2016-06-30": "28098.00000", "2016-03-31": "26683.00000", "2015-12-31": "25250.00000", "2015-09-30": "25800.00000", "2015-06-30": "24566.00000", "2015-03-31": "25572.00000", "2014-12-31": "26929.00000", "2014-09-30": "25395.00000", "2014-06-30": "27161.00000", "2014-03-31": "25989.00000", "2013-12-31": "24023.00000", "2013-09-30": "21877.00000", "2013-06-30": "21559.00000", "2013-03-31": "20796.00000", "2012-12-31": "17639.00000", "2012-09-30": "17520.00000", "2012-06-30": "14824.00000", "2012-03-31": "15346.00000", "2011-12-31": "14828.00000", "2011-09-30": "12870.00000", "2011-06-30": "13037.00000", "2011-03-31": "11885.00000", "2010-12-31": "13370.00000", "2010-09-30": "13595.00000", "2010-06-30": "14296.00000", "2010-03-31": "14809.00000", "2009-12-31": "13672.00000", "2009-09-30": "13741.00000", "2009-06-30": "13480.00000", "2009-03-31": "13144.00000", "2008-12-31": "11377.00000", "2008-09-30": "9198.00000", "2008-06-30": "6271.00000", "2008-03-31": "6643.00000", "2007-12-31": "5578.00000", "2007-09-30": "", "2007-06-30": "", "2007-03-31": ""}, "Other Non-Current Liabilities": {"2020-12-31": "6979.00000", "2020-09-30": "5842.00000", "2020-06-30": "5672.00000", "2020-03-31": "6136.00000", "2019-12-31": "6077.00000", "2019-09-30": "5199.00000", "2019-06-30": "5642.00000", "2019-03-31": "5689.00000", "2018-12-31": "5476.00000", "2018-09-30": "4735.00000", "2018-06-30": "4607.00000", "2018-03-31": "5464.00000", "2017-12-31": "5103.00000", "2017-09-30": "3968.00000", "2017-06-30": "3737.00000", "2017-03-31": "3502.00000", "2016-12-31": "3536.00000", "2016-09-30": "3300.00000", "2016-06-30": "3368.00000", "2016-03-31": "3363.00000", "2015-12-31": "3253.00000", "2015-09-30": "2721.00000", "2015-06-30": "2760.00000", "2015-03-31": "2974.00000", "2014-12-31": "2800.00000", "2014-09-30": "1857.00000", "2014-06-30": "1911.00000", "2014-03-31": "1843.00000", "2013-12-31": "1876.00000", "2013-09-30": "3001.00000", "2013-06-30": "2962.00000", "2013-03-31": "2972.00000", "2012-12-31": "2993.00000", "2012-09-30": "2045.00000", "2012-06-30": "2034.00000", "2012-03-31": "2148.00000", "2011-12-31": "2127.00000", "2011-09-30": "1663.00000", "2011-06-30": "1747.00000", "2011-03-31": "1763.00000", "2010-12-31": "1728.00000", "2010-09-30": "1557.00000", "2010-06-30": "1536.00000", "2010-03-31": "1718.00000", "2009-12-31": "1869.00000", "2009-09-30": "1899.00000", "2009-06-30": "1845.00000", "2009-03-31": "1855.00000", "2008-12-31": "2146.00000", "2008-09-30": "1657.00000", "2008-06-30": "1463.00000", "2008-03-31": "1434.00000", "2007-12-31": "1273.00000", "2007-09-30": "", "2007-06-30": "", "2007-03-31": ""}, "Total Long Term Liabilities": {"2020-12-31": "35831.00000", "2020-09-30": "33849.00000", "2020-06-30": "33490.00000", "2020-03-31": "31973.00000", "2019-12-31": "33641.00000", "2019-09-30": "32530.00000", "2019-06-30": "31286.00000", "2019-03-31": "29741.00000", "2018-12-31": "33349.00000", "2018-09-30": "33723.00000", "2018-06-30": "33448.00000", "2018-03-31": "35864.00000", "2017-12-31": "37236.00000", "2017-09-30": "33070.00000", "2017-06-30": "31694.00000", "2017-03-31": "33829.00000", "2016-12-31": "31284.00000", "2016-09-30": "31636.00000", "2016-06-30": "32929.00000", "2016-03-31": "31424.00000", "2015-12-31": "30046.00000", "2015-09-30": "30135.00000", "2015-06-30": "29125.00000", "2015-03-31": "30521.00000", "2014-12-31": "31278.00000", "2014-09-30": "28961.00000", "2014-06-30": "30592.00000", "2014-03-31": "29323.00000", "2013-12-31": "27376.00000", "2013-09-30": "27968.00000", "2013-06-30": "27659.00000", "2013-03-31": "26964.00000", "2012-12-31": "23808.00000", "2012-09-30": "22743.00000", "2012-06-30": "20084.00000", "2012-03-31": "20738.00000", "2011-12-31": "20143.00000", "2011-09-30": "17732.00000", "2011-06-30": "18055.00000", "2011-03-31": "16901.00000", "2010-12-31": "18313.00000", "2010-09-30": "18243.00000", "2010-06-30": "18958.00000", "2010-03-31": "19399.00000", "2009-12-31": "17229.00000", "2009-09-30": "17153.00000", "2009-06-30": "16774.00000", "2009-03-31": "16457.00000", "2008-12-31": "14924.00000", "2008-09-30": "12277.00000", "2008-06-30": "9013.00000", "2008-03-31": "9361.00000", "2007-12-31": "8091.00000", "2007-09-30": "", "2007-06-30": "", "2007-03-31": ""}, "Total Liabilities": {"2020-12-31": "55446.00000", "2020-09-30": "49374.00000", "2020-06-30": "49282.00000", "2020-03-31": "48557.00000", "2019-12-31": "52474.00000", "2019-09-30": "50575.00000", "2019-06-30": "49332.00000", "2019-03-31": "48227.00000", "2018-12-31": "50540.00000", "2018-09-30": "49322.00000", "2018-06-30": "50889.00000", "2018-03-31": "53552.00000", "2017-12-31": "53198.00000", "2017-09-30": "51584.00000", "2017-06-30": "48937.00000", "2017-03-31": "47184.00000", "2016-12-31": "47751.00000", "2016-09-30": "45894.00000", "2016-06-30": "45601.00000", "2016-03-31": "45515.00000", "2015-12-31": "45432.00000", "2015-09-30": "44237.00000", "2015-06-30": "44511.00000", "2015-03-31": "45501.00000", "2014-12-31": "46390.00000", "2014-09-30": "44078.00000", "2014-06-30": "44172.00000", "2014-03-31": "43294.00000", "2013-12-31": "44442.00000", "2013-09-30": "43986.00000", "2013-06-30": "42365.00000", "2013-03-31": "41473.00000", "2012-12-31": "40824.00000", "2012-09-30": "39469.00000", "2012-06-30": "36914.00000", "2012-03-31": "36021.00000", "2011-12-31": "34937.00000", "2011-09-30": "33782.00000", "2011-06-30": "32818.00000", "2011-03-31": "31244.00000", "2010-12-31": "31117.00000", "2010-09-30": "31956.00000", "2010-06-30": "28947.00000", "2010-03-31": "28979.00000", "2009-12-31": "28407.00000", "2009-09-30": "26991.00000", "2009-06-30": "26440.00000", "2009-03-31": "24592.00000", "2008-12-31": "25068.00000", "2008-09-30": "23673.00000", "2008-06-30": "20451.00000", "2008-03-31": "16754.00000", "2007-12-31": "16182.00000", "2007-09-30": "", "2007-06-30": "", "2007-03-31": ""}, "Common Stock Net": {"2020-12-31": "", "2020-09-30": "", "2020-06-30": "", "2020-03-31": "", "2019-12-31": "", "2019-09-30": "", "2019-06-30": "", "2019-03-31": "", "2018-12-31": "", "2018-09-30": "", "2018-06-30": "", "2018-03-31": "", "2017-12-31": "", "2017-09-30": "", "2017-06-30": "", "2017-03-31": "", "2016-12-31": "", "2016-09-30": "", "2016-06-30": "", "2016-03-31": "", "2015-12-31": "", "2015-09-30": "", "2015-06-30": "", "2015-03-31": "", "2014-12-31": "", "2014-09-30": "", "2014-06-30": "", "2014-03-31": "", "2013-12-31": "", "2013-09-30": "", "2013-06-30": "", "2013-03-31": "", "2012-12-31": "", "2012-09-30": "", "2012-06-30": "", "2012-03-31": "", "2011-12-31": "", "2011-09-30": "", "2011-06-30": "", "2011-03-31": "", "2010-12-31": "", "2010-09-30": "", "2010-06-30": "", "2010-03-31": "", "2009-12-31": "", "2009-09-30": "1448.00000", "2009-06-30": "0.00000", "2009-03-31": "", "2008-12-31": "", "2008-09-30": "", "2008-06-30": "", "2008-03-31": "", "2007-12-31": "", "2007-09-30": "", "2007-06-30": "", "2007-03-31": ""}, "Retained Earnings (Accumulated Deficit)": {"2020-12-31": "", "2020-09-30": "31537.00000", "2020-06-30": "31103.00000", "2020-03-31": "30984.00000", "2019-12-31": "30987.00000", "2019-09-30": "31197.00000", "2019-06-30": "31128.00000", "2019-03-31": "30588.00000", "2018-12-31": "31014.00000", "2018-09-30": "30877.00000", "2018-06-30": "30406.00000", "2018-03-31": "29985.00000", "2017-12-31": "29859.00000", "2017-09-30": "30831.00000", "2017-06-30": "30528.00000", "2017-03-31": "30367.00000", "2016-12-31": "30397.00000", "2016-09-30": "30305.00000", "2016-06-30": "29985.00000", "2016-03-31": "29785.00000", "2015-12-31": "29842.00000", "2015-09-30": "30178.00000", "2015-06-30": "29822.00000", "2015-03-31": "29489.00000", "2014-12-31": "29249.00000", "2014-09-30": "29192.00000", "2014-06-30": "28601.00000", "2014-03-31": "28228.00000", "2013-12-31": "27843.00000", "2013-09-30": "27359.00000", "2013-06-30": "26537.00000", "2013-03-31": "25800.00000", "2012-12-31": "25076.00000", "2012-09-30": "24394.00000", "2012-06-30": "23599.00000", "2012-03-31": "22592.00000", "2011-12-31": "21757.00000", "2011-09-30": "21208.00000", "2011-06-30": "20178.00000", "2011-03-31": "18903.00000", "2010-12-31": "18133.00000", "2010-09-30": "17539.00000", "2010-06-30": "16888.00000", "2010-03-31": "15977.00000", "2009-12-31": "15358.00000", "2009-09-30": "14936.00000", "2009-06-30": "14251.00000", "2009-03-31": "13758.00000", "2008-12-31": "13354.00000", "2008-09-30": "13007.00000", "2008-06-30": "12032.00000", "2008-03-31": "11296.00000", "2007-12-31": "12642.00000", "2007-09-30": "", "2007-06-30": "", "2007-03-31": ""}, "Comprehensive Income": {"2020-12-31": "", "2020-09-30": "-10567.00000", "2020-06-30": "-10009.00000", "2020-03-31": "-10774.00000", "2019-12-31": "-9363.00000", "2019-09-30": "-8966.00000", "2019-06-30": "-9051.00000", "2019-03-31": "-9237.00000", "2018-12-31": "-10111.00000", "2018-09-30": "-9199.00000", "2018-06-30": "-8908.00000", "2018-03-31": "-8883.00000", "2017-12-31": "-8535.00000", "2017-09-30": "-8797.00000", "2017-06-30": "-9070.00000", "2017-03-31": "-9265.00000", "2016-12-31": "-9559.00000", "2016-09-30": "-8889.00000", "2016-06-30": "-8955.00000", "2016-03-31": "-8914.00000", "2015-12-31": "-9402.00000", "2015-09-30": "-8927.00000", "2015-06-30": "-8107.00000", "2015-03-31": "-8090.00000", "2014-12-31": "-6826.00000", "2014-09-30": "-5022.00000", "2014-06-30": "-4314.00000", "2014-03-31": "-4213.00000", "2013-12-31": "-4190.00000", "2013-09-30": "-4820.00000", "2013-06-30": "-4115.00000", "2013-03-31": "-3720.00000", "2012-12-31": "-3604.00000", "2012-09-30": "-2835.00000", "2012-06-30": "-3376.00000", "2012-03-31": "-2367.00000", "2011-12-31": "-2863.00000", "2011-09-30": "-1425.00000", "2011-06-30": "-262.00000", "2011-03-31": "-146.00000", "2010-12-31": "-1140.00000", "2010-09-30": "-520.00000", "2010-06-30": "-1301.00000", "2010-03-31": "-553.00000", "2009-12-31": "-817.00000", "2009-09-30": "-1019.00000", "2009-06-30": "-1719.00000", "2009-03-31": "-2969.00000", "2008-12-31": "-2281.00000", "2008-09-30": "1356.00000", "2008-06-30": "2229.00000", "2008-03-31": "1844.00000", "2007-12-31": "1688.00000", "2007-09-30": "", "2007-06-30": "", "2007-03-31": ""}, "Other Share Holders Equity": {"2020-12-31": "", "2020-09-30": "", "2020-06-30": "", "2020-03-31": "", "2019-12-31": "", "2019-09-30": "", "2019-06-30": "", "2019-03-31": "", "2018-12-31": "", "2018-09-30": "", "2018-06-30": "", "2018-03-31": "", "2017-12-31": "", "2017-09-30": "", "2017-06-30": "", "2017-03-31": "", "2016-12-31": "", "2016-09-30": "", "2016-06-30": "", "2016-03-31": "", "2015-12-31": "", "2015-09-30": "", "2015-06-30": "", "2015-03-31": "", "2014-12-31": "", "2014-09-30": "", "2014-06-30": "", "2014-03-31": "", "2013-12-31": "", "2013-09-30": "", "2013-06-30": "", "2013-03-31": "", "2012-12-31": "", "2012-09-30": "", "2012-06-30": "", "2012-03-31": "", "2011-12-31": "", "2011-09-30": "", "2011-06-30": "", "2011-03-31": "", "2010-12-31": "", "2010-09-30": "", "2010-06-30": "", "2010-03-31": "", "2009-12-31": "", "2009-09-30": "", "2009-06-30": "", "2009-03-31": "", "2008-12-31": "", "2008-09-30": "", "2008-06-30": "", "2008-03-31": "", "2007-12-31": "", "2007-09-30": "", "2007-06-30": "", "2007-03-31": ""}, "Share Holder Equity": {"2020-12-31": "-10631.00000", "2020-09-30": "-10245.00000", "2020-06-30": "-10120.00000", "2020-03-31": "-11063.00000", "2019-12-31": "-9599.00000", "2019-09-30": "-9155.00000", "2019-06-30": "-9409.00000", "2019-03-31": "-10185.00000", "2018-12-31": "-10739.00000", "2018-09-30": "-9942.00000", "2018-06-30": "-10168.00000", "2018-03-31": "-10482.00000", "2017-12-31": "-10230.00000", "2017-09-30": "-9633.00000", "2017-06-30": "-10277.00000", "2017-03-31": "-10557.00000", "2016-12-31": "-10900.00000", "2016-09-30": "-10317.00000", "2016-06-30": "-10799.00000", "2016-03-31": "-10894.00000", "2015-12-31": "-11476.00000", "2015-09-30": "-12226.00000", "2015-06-30": "-11798.00000", "2015-03-31": "-12246.00000", "2014-12-31": "-11203.00000", "2014-09-30": "-8677.00000", "2014-06-30": "-7847.00000", "2014-03-31": "-7157.00000", "2013-12-31": "-6274.00000", "2013-09-30": "-7191.00000", "2013-06-30": "-5225.00000", "2013-03-31": "-4055.00000", "2012-12-31": "-3154.00000", "2012-09-30": "-1160.00000", "2012-06-30": "-1116.00000", "2012-03-31": "378.00000", "2011-12-31": "551.00000", "2011-09-30": "2438.00000", "2011-06-30": "3976.00000", "2011-03-31": "4310.00000", "2010-12-31": "3933.00000", "2010-09-30": "4923.00000", "2010-06-30": "4377.00000", "2010-03-31": "5194.00000", "2009-12-31": "6145.00000", "2009-09-30": "6714.00000", "2009-06-30": "6687.00000", "2009-03-31": "6152.00000", "2008-12-31": "7904.00000", "2008-09-30": "11632.00000", "2008-06-30": "13867.00000", "2008-03-31": "14778.00000", "2007-12-31": "15595.00000", "2007-09-30": "", "2007-06-30": "", "2007-03-31": ""}, "Total Liabilities And Share Holders Equity": {"2020-12-31": "44815.00000", "2020-09-30": "39129.00000", "2020-06-30": "39162.00000", "2020-03-31": "37494.00000", "2019-12-31": "42875.00000", "2019-09-30": "41420.00000", "2019-06-30": "39923.00000", "2019-03-31": "38042.00000", "2018-12-31": "39801.00000", "2018-09-30": "39380.00000", "2018-06-30": "40721.00000", "2018-03-31": "43070.00000", "2017-12-31": "42968.00000", "2017-09-30": "41951.00000", "2017-06-30": "38660.00000", "2017-03-31": "36627.00000", "2016-12-31": "36851.00000", "2016-09-30": "35577.00000", "2016-06-30": "34802.00000", "2016-03-31": "34621.00000", "2015-12-31": "33956.00000", "2015-09-30": "32011.00000", "2015-06-30": "32713.00000", "2015-03-31": "33255.00000", "2014-12-31": "35187.00000", "2014-09-30": "35401.00000", "2014-06-30": "36325.00000", "2014-03-31": "36137.00000", "2013-12-31": "38168.00000", "2013-09-30": "36795.00000", "2013-06-30": "37140.00000", "2013-03-31": "37418.00000", "2012-12-31": "37670.00000", "2012-09-30": "38309.00000", "2012-06-30": "35798.00000", "2012-03-31": "36399.00000", "2011-12-31": "35488.00000", "2011-09-30": "36220.00000", "2011-06-30": "36794.00000", "2011-03-31": "35554.00000", "2010-12-31": "35050.00000", "2010-09-30": "36879.00000", "2010-06-30": "33324.00000", "2010-03-31": "34173.00000", "2009-12-31": "34552.00000", "2009-09-30": "33705.00000", "2009-06-30": "33127.00000", "2009-03-31": "30744.00000", "2008-12-31": "32972.00000", "2008-09-30": "35305.00000", "2008-06-30": "34318.00000", "2008-03-31": "31532.00000", "2007-12-31": "31777.00000", "2007-09-30": "", "2007-06-30": "", "2007-03-31": ""}}, "cash flow statement": {"Net Income/Loss": {"2020-12-31": "0.00000", "2019-12-31": "7728.00000", "2018-12-31": "8286.00000", "2017-12-31": "6341.00000", "2016-12-31": "7250.00000", "2015-12-31": "7032.00000", "2014-12-31": "7658.00000", "2013-12-31": "8850.00000", "2012-12-31": "9154.00000", "2011-12-31": "8879.00000", "2010-12-31": "7498.00000", "2009-12-31": "6552.00000", "2008-12-31": "7150.00000", "2007-12-31": "6314.00000", "2006-12-31": "6130.00000", "2005-12-31": "0.00000"}, "Total Depreciation And Amortization - Cash Flow": {"2020-12-31": "", "2019-12-31": "964.00000", "2018-12-31": "989.00000", "2017-12-31": "875.00000", "2016-12-31": "743.00000", "2015-12-31": "754.00000", "2014-12-31": "889.00000", "2013-12-31": "882.00000", "2012-12-31": "898.00000", "2011-12-31": "993.00000", "2010-12-31": "932.00000", "2009-12-31": "853.00000", "2008-12-31": "842.00000", "2007-12-31": "748.00000", "2006-12-31": "658.00000", "2005-12-31": ""}, "Other Non-Cash Items": {"2020-12-31": "", "2019-12-31": "230.00000", "2018-12-31": "-103.00000", "2017-12-31": "-511.00000", "2016-12-31": "182.00000", "2015-12-31": "-182.00000", "2014-12-31": "113.00000", "2013-12-31": "260.00000", "2012-12-31": "-222.00000", "2011-12-31": "26.00000", "2010-12-31": "73.00000", "2009-12-31": "102.00000", "2008-12-31": "114.00000", "2007-12-31": "3.00000", "2006-12-31": "70.00000", "2005-12-31": ""}, "Total Non-Cash Items": {"2020-12-31": "", "2019-12-31": "1194.00000", "2018-12-31": "886.00000", "2017-12-31": "364.00000", "2016-12-31": "925.00000", "2015-12-31": "572.00000", "2014-12-31": "1002.00000", "2013-12-31": "1142.00000", "2012-12-31": "676.00000", "2011-12-31": "1019.00000", "2010-12-31": "1005.00000", "2009-12-31": "955.00000", "2008-12-31": "956.00000", "2007-12-31": "751.00000", "2006-12-31": "728.00000", "2005-12-31": ""}, "Change In Accounts Receivable": {"2020-12-31": "", "2019-12-31": "-331.00000", "2018-12-31": "53.00000", "2017-12-31": "-92.00000", "2016-12-31": "-1009.00000", "2015-12-31": "647.00000", "2014-12-31": "-463.00000", "2013-12-31": "-449.00000", "2012-12-31": "-398.00000", "2011-12-31": "-251.00000", "2010-12-31": "123.00000", "2009-12-31": "-187.00000", "2008-12-31": "-25.00000", "2007-12-31": "-828.00000", "2006-12-31": "45.00000", "2005-12-31": ""}, "Change In Inventories": {"2020-12-31": "", "2019-12-31": "-548.00000", "2018-12-31": "-613.00000", "2017-12-31": "730.00000", "2016-12-31": "-695.00000", "2015-12-31": "-841.00000", "2014-12-31": "105.00000", "2013-12-31": "-1413.00000", "2012-12-31": "-728.00000", "2011-12-31": "-36.00000", "2010-12-31": "1071.00000", "2009-12-31": "660.00000", "2008-12-31": "-914.00000", "2007-12-31": "-1277.00000", "2006-12-31": "-1103.00000", "2005-12-31": ""}, "Change In Accounts Payable": {"2020-12-31": "", "2019-12-31": "451.00000", "2018-12-31": "-51.00000", "2017-12-31": "425.00000", "2016-12-31": "373.00000", "2015-12-31": "310.00000", "2014-12-31": "177.00000", "2013-12-31": "103.00000", "2012-12-31": "10.00000", "2011-12-31": "199.00000", "2010-12-31": "-72.00000", "2009-12-31": "-116.00000", "2008-12-31": "-90.00000", "2007-12-31": "47.00000", "2006-12-31": "-91.00000", "2005-12-31": ""}, "Change In Assets/Liabilities": {"2020-12-31": "", "2019-12-31": "1108.00000", "2018-12-31": "910.00000", "2017-12-31": "-554.00000", "2016-12-31": "1477.00000", "2015-12-31": "-8.00000", "2014-12-31": "-507.00000", "2013-12-31": "1880.00000", "2012-12-31": "-183.00000", "2011-12-31": "691.00000", "2010-12-31": "41.00000", "2009-12-31": "190.00000", "2008-12-31": "894.00000", "2007-12-31": "212.00000", "2006-12-31": "521.00000", "2005-12-31": ""}, "Total Change In Assets/Liabilities": {"2020-12-31": "", "2019-12-31": "755.00000", "2018-12-31": "164.00000", "2017-12-31": "1879.00000", "2016-12-31": "-63.00000", "2015-12-31": "66.00000", "2014-12-31": "-918.00000", "2013-12-31": "-210.00000", "2012-12-31": "-661.00000", "2011-12-31": "834.00000", "2010-12-31": "1255.00000", "2009-12-31": "552.00000", "2008-12-31": "-96.00000", "2007-12-31": "-1627.00000", "2006-12-31": "-629.00000", "2005-12-31": ""}, "Cash Flow From Operating Activities": {"2020-12-31": "", "2019-12-31": "10090.00000", "2018-12-31": "9478.00000", "2017-12-31": "8912.00000", "2016-12-31": "8077.00000", "2015-12-31": "7865.00000", "2014-12-31": "7739.00000", "2013-12-31": "10135.00000", "2012-12-31": "9421.00000", "2011-12-31": "10529.00000", "2010-12-31": "9437.00000", "2009-12-31": "7884.00000", "2008-12-31": "7935.00000", "2007-12-31": "5550.00000", "2006-12-31": "6290.00000", "2005-12-31": ""}, "Net Change In Property, Plant, And Equipment": {"2020-12-31": "", "2019-12-31": "-852.00000", "2018-12-31": "-1436.00000", "2017-12-31": "-1548.00000", "2016-12-31": "-1172.00000", "2015-12-31": "-960.00000", "2014-12-31": "-1153.00000", "2013-12-31": "-1200.00000", "2012-12-31": "-1056.00000", "2011-12-31": "-897.00000", "2010-12-31": "-713.00000", "2009-12-31": "-715.00000", "2008-12-31": "-1099.00000", "2007-12-31": "-1072.00000", "2006-12-31": "-886.00000", "2005-12-31": ""}, "Net Change In Intangible Assets": {"2020-12-31": "", "2019-12-31": "", "2018-12-31": "", "2017-12-31": "", "2016-12-31": "", "2015-12-31": "", "2014-12-31": "", "2013-12-31": "", "2012-12-31": "", "2011-12-31": "", "2010-12-31": "", "2009-12-31": "", "2008-12-31": "", "2007-12-31": "", "2006-12-31": "", "2005-12-31": ""}, "Net Acquisitions/Divestitures": {"2020-12-31": "", "2019-12-31": "-1346.00000", "2018-12-31": "", "2017-12-31": "", "2016-12-31": "", "2015-12-31": "", "2014-12-31": "-110.00000", "2013-12-31": "", "2012-12-31": "", "2011-12-31": "-80.00000", "2010-12-31": "-83.00000", "2009-12-31": "-429.00000", "2008-12-31": "-1663.00000", "2007-12-31": "-1432.00000", "2006-12-31": "516.00000", "2005-12-31": ""}, "Net Change In Short-term Investments": {"2020-12-31": "", "2019-12-31": "", "2018-12-31": "", "2017-12-31": "", "2016-12-31": "", "2015-12-31": "", "2014-12-31": "", "2013-12-31": "", "2012-12-31": "", "2011-12-31": "", "2010-12-31": "", "2009-12-31": "", "2008-12-31": "", "2007-12-31": "", "2006-12-31": "", "2005-12-31": ""}, "Net Change In Long-Term Investments": {"2020-12-31": "", "2019-12-31": "-31.00000", "2018-12-31": "-63.00000", "2017-12-31": "-111.00000", "2016-12-31": "-41.00000", "2015-12-31": "-55.00000", "2014-12-31": "-29.00000", "2013-12-31": "-1418.00000", "2012-12-31": "-6.00000", "2011-12-31": "-36.00000", "2010-12-31": "", "2009-12-31": "", "2008-12-31": "", "2007-12-31": "", "2006-12-31": "", "2005-12-31": ""}, "Net Change In Investments - Total": {"2020-12-31": "", "2019-12-31": "-31.00000", "2018-12-31": "-63.00000", "2017-12-31": "-111.00000", "2016-12-31": "-41.00000", "2015-12-31": "-55.00000", "2014-12-31": "-29.00000", "2013-12-31": "-1418.00000", "2012-12-31": "-6.00000", "2011-12-31": "-36.00000", "2010-12-31": "", "2009-12-31": "", "2008-12-31": "", "2007-12-31": "", "2006-12-31": "", "2005-12-31": ""}, "Investing Activities - Other": {"2020-12-31": "", "2019-12-31": "418.00000", "2018-12-31": "501.00000", "2017-12-31": "-1424.00000", "2016-12-31": "379.00000", "2015-12-31": "307.00000", "2014-12-31": "296.00000", "2013-12-31": "-62.00000", "2012-12-31": "70.00000", "2011-12-31": "-19.00000", "2010-12-31": "86.00000", "2009-12-31": "46.00000", "2008-12-31": "-399.00000", "2007-12-31": "-82.00000", "2006-12-31": "-69.00000", "2005-12-31": ""}, "Cash Flow From Investing Activities": {"2020-12-31": "", "2019-12-31": "-1811.00000", "2018-12-31": "-998.00000", "2017-12-31": "-3083.00000", "2016-12-31": "-834.00000", "2015-12-31": "-708.00000", "2014-12-31": "-996.00000", "2013-12-31": "-2680.00000", "2012-12-31": "-992.00000", "2011-12-31": "-1032.00000", "2010-12-31": "-710.00000", "2009-12-31": "-1098.00000", "2008-12-31": "-3161.00000", "2007-12-31": "-2586.00000", "2006-12-31": "-439.00000", "2005-12-31": ""}, "Net Long-Term Debt": {"2020-12-31": "", "2019-12-31": "-179.00000", "2018-12-31": "-2484.00000", "2017-12-31": "4299.00000", "2016-12-31": "1143.00000", "2015-12-31": "310.00000", "2014-12-31": "4351.00000", "2013-12-31": "4443.00000", "2012-12-31": "3279.00000", "2011-12-31": "2284.00000", "2010-12-31": "947.00000", "2009-12-31": "2886.00000", "2008-12-31": "6156.00000", "2007-12-31": "779.00000", "2006-12-31": "-2194.00000", "2005-12-31": ""}, "Net Current Debt": {"2020-12-31": "", "2019-12-31": "-364.00000", "2018-12-31": "255.00000", "2017-12-31": "-127.00000", "2016-12-31": "-12.00000", "2015-12-31": "-266.00000", "2014-12-31": "-1080.00000", "2013-12-31": "52.00000", "2012-12-31": "898.00000", "2011-12-31": "-226.00000", "2010-12-31": "-9.00000", "2009-12-31": "246.00000", "2008-12-31": "-449.00000", "2007-12-31": "2162.00000", "2006-12-31": "-317.00000", "2005-12-31": ""}, "Debt Issuance/Retirement Net - Total": {"2020-12-31": "", "2019-12-31": "-543.00000", "2018-12-31": "-2229.00000", "2017-12-31": "4172.00000", "2016-12-31": "1131.00000", "2015-12-31": "44.00000", "2014-12-31": "3271.00000", "2013-12-31": "4495.00000", "2012-12-31": "4177.00000", "2011-12-31": "2058.00000", "2010-12-31": "938.00000", "2009-12-31": "3132.00000", "2008-12-31": "5707.00000", "2007-12-31": "2941.00000", "2006-12-31": "-2511.00000", "2005-12-31": ""}, "Net Common Equity Issued/Repurchased": {"2020-12-31": "", "2019-12-31": "51.00000", "2018-12-31": "-81.00000", "2017-12-31": "5.00000", "2016-12-31": "7.00000", "2015-12-31": "1574.00000", "2014-12-31": "-3833.00000", "2013-12-31": "-6666.00000", "2012-12-31": "-6527.00000", "2011-12-31": "-5300.00000", "2010-12-31": "-4801.00000", "2009-12-31": "-5448.00000", "2008-12-31": "-5138.00000", "2007-12-31": "", "2006-12-31": "", "2005-12-31": ""}, "Net Total Equity Issued/Repurchased": {"2020-12-31": "", "2019-12-31": "51.00000", "2018-12-31": "-81.00000", "2017-12-31": "5.00000", "2016-12-31": "7.00000", "2015-12-31": "1574.00000", "2014-12-31": "-3833.00000", "2013-12-31": "-6666.00000", "2012-12-31": "-6527.00000", "2011-12-31": "-5300.00000", "2010-12-31": "-4801.00000", "2009-12-31": "-5448.00000", "2008-12-31": "-5138.00000", "2007-12-31": "", "2006-12-31": "", "2005-12-31": ""}, "Total Common And Preferred Stock Dividends Paid": {"2020-12-31": "", "2019-12-31": "-7161.00000", "2018-12-31": "-6885.00000", "2017-12-31": "-6520.00000", "2016-12-31": "-6378.00000", "2015-12-31": "-6250.00000", "2014-12-31": "-6035.00000", "2013-12-31": "-5720.00000", "2012-12-31": "-5404.00000", "2011-12-31": "-4788.00000", "2010-12-31": "-4423.00000", "2009-12-31": "-4327.00000", "2008-12-31": "-5079.00000", "2007-12-31": "-6560.00000", "2006-12-31": "-2780.00000", "2005-12-31": ""}, "Financial Activities - Other": {"2020-12-31": "", "2019-12-31": "-408.00000", "2018-12-31": "-456.00000", "2017-12-31": "-426.00000", "2016-12-31": "-173.00000", "2015-12-31": "-104.00000", "2014-12-31": "-242.00000", "2013-12-31": "-324.00000", "2012-12-31": "-346.00000", "2011-12-31": "-308.00000", "2010-12-31": "-292.00000", "2009-12-31": "-268.00000", "2008-12-31": "332.00000", "2007-12-31": "25.00000", "2006-12-31": "-151.00000", "2005-12-31": ""}, "Cash Flow From Financial Activities": {"2020-12-31": "", "2019-12-31": "-8061.00000", "2018-12-31": "-9651.00000", "2017-12-31": "-2769.00000", "2016-12-31": "-5413.00000", "2015-12-31": "-4736.00000", "2014-12-31": "-6839.00000", "2013-12-31": "-8215.00000", "2012-12-31": "-8100.00000", "2011-12-31": "-8338.00000", "2010-12-31": "-8578.00000", "2009-12-31": "-6911.00000", "2008-12-31": "-4178.00000", "2007-12-31": "-3594.00000", "2006-12-31": "-5442.00000", "2005-12-31": ""}, "Net Cash Flow": {"2020-12-31": "", "2019-12-31": "245.00000", "2018-12-31": "-1856.00000", "2017-12-31": "4145.00000", "2016-12-31": "865.00000", "2015-12-31": "1735.00000", "2014-12-31": "-472.00000", "2013-12-31": "-829.00000", "2012-12-31": "433.00000", "2011-12-31": "847.00000", "2010-12-31": "163.00000", "2009-12-31": "9.00000", "2008-12-31": "30.00000", "2007-12-31": "-284.00000", "2006-12-31": "496.00000", "2005-12-31": ""}, "Stock-Based Compensation": {"2020-12-31": "", "2019-12-31": "", "2018-12-31": "", "2017-12-31": "", "2016-12-31": "", "2015-12-31": "", "2014-12-31": "", "2013-12-31": "", "2012-12-31": "", "2011-12-31": "", "2010-12-31": "", "2009-12-31": "", "2008-12-31": "", "2007-12-31": "", "2006-12-31": "", "2005-12-31": ""}, "Common Stock Dividends Paid": {"2020-12-31": "", "2019-12-31": "-7161.00000", "2018-12-31": "-6885.00000", "2017-12-31": "-6520.00000", "2016-12-31": "-6378.00000", "2015-12-31": "-6250.00000", "2014-12-31": "-6035.00000", "2013-12-31": "-5720.00000", "2012-12-31": "-5404.00000", "2011-12-31": "-4788.00000", "2010-12-31": "-4423.00000", "2009-12-31": "-4327.00000", "2008-12-31": "-5079.00000", "2007-12-31": "-6560.00000", "2006-12-31": "-2780.00000", "2005-12-31": ""}}, "cash flow statement, quarterly": {"Net Income/Loss": {"2020-12-31": -6473, "2020-09-30": 2437, "2020-06-30": 2049, "2020-03-31": "1987.00000", "2019-12-31": 1782, "2019-09-30": 2046, "2019-06-30": 2436, "2019-03-31": "1464.00000", "2018-12-31": 2003, "2018-09-30": 2341, "2018-06-30": 2295, "2018-03-31": "1647.00000", "2017-12-31": 796, "2017-09-30": 2045, "2017-06-30": 1842, "2017-03-31": "1658.00000", "2016-12-31": 1775, "2016-09-30": 2028, "2016-06-30": 1842, "2016-03-31": "1605.00000", "2015-12-31": 1298, "2015-09-30": 1984, "2015-06-30": 1916, "2015-03-31": "1834.00000", "2014-12-31": 1649, "2014-09-30": 2198, "2014-06-30": 1895, "2014-03-31": "1916.00000", "2013-12-31": 2036, "2013-09-30": 2402, "2013-06-30": 2194, "2013-03-31": "2218.00000", "2012-12-31": 2191, "2012-09-30": 2324, "2012-06-30": 2407, "2012-03-31": "2232.00000", "2011-12-31": 1946, "2011-09-30": 2461, "2011-06-30": 2485, "2011-03-31": "1987.00000", "2010-12-31": 1810, "2010-09-30": 1892, "2010-06-30": 2042, "2010-03-31": "1754.00000", "2009-12-31": 1584, "2009-09-30": 1854, "2009-06-30": 1597, "2009-03-31": "1517.00000", "2008-12-31": 1515, "2008-09-30": 2154, "2008-06-30": 1808, "2008-03-31": "1673.00000", "2007-12-31": 1661, "2007-09-30": 1725, "2007-06-30": 1483, "2007-03-31": "1445.00000"}, "Total Depreciation And Amortization - Cash Flow": {"2020-12-31": -709, "2020-09-30": 239, "2020-06-30": 229, "2020-03-31": "241.00000", "2019-12-31": 255, "2019-09-30": 237, "2019-06-30": 232, "2019-03-31": "240.00000", "2018-12-31": 255, "2018-09-30": 246, "2018-06-30": 246, "2018-03-31": "242.00000", "2017-12-31": 243, "2017-09-30": 225, "2017-06-30": 210, "2017-03-31": "197.00000", "2016-12-31": 195, "2016-09-30": 188, "2016-06-30": 185, "2016-03-31": "175.00000", "2015-12-31": 193, "2015-09-30": 184, "2015-06-30": 185, "2015-03-31": "192.00000", "2014-12-31": 229, "2014-09-30": 233, "2014-06-30": 216, "2014-03-31": "211.00000", "2013-12-31": 223, "2013-09-30": 218, "2013-06-30": 219, "2013-03-31": "222.00000", "2012-12-31": 233, "2012-09-30": 216, "2012-06-30": 222, "2012-03-31": "227.00000", "2011-12-31": 250, "2011-09-30": 255, "2011-06-30": 249, "2011-03-31": "239.00000", "2010-12-31": 255, "2010-09-30": 230, "2010-06-30": 224, "2010-03-31": "223.00000", "2009-12-31": 246, "2009-09-30": 212, "2009-06-30": 202, "2009-03-31": "193.00000", "2008-12-31": 217, "2008-09-30": 221, "2008-06-30": 203, "2008-03-31": "201.00000", "2007-12-31": 218, "2007-09-30": 192, "2007-06-30": 175, "2007-03-31": "163.00000"}, "Other Non-Cash Items": {"2020-12-31": 231, "2020-09-30": -135, "2020-06-30": -24, "2020-03-31": "-72.00000", "2019-12-31": 312, "2019-09-30": 8, "2019-06-30": -13, "2019-03-31": "-77.00000", "2018-12-31": -61, "2018-09-30": 3, "2018-06-30": -71, "2018-03-31": "26.00000", "2017-12-31": -156, "2017-09-30": -425, "2017-06-30": 43, "2017-03-31": "27.00000", "2016-12-31": 158, "2016-09-30": 2, "2016-06-30": 26, "2016-03-31": "-4.00000", "2015-12-31": -64, "2015-09-30": -60, "2015-06-30": -30, "2015-03-31": "-28.00000", "2014-12-31": -179, "2014-09-30": -71, "2014-06-30": 454, "2014-03-31": "-91.00000", "2013-12-31": 196, "2013-09-30": -1, "2013-06-30": -12, "2013-03-31": "77.00000", "2012-12-31": -132, "2012-09-30": -52, "2012-06-30": -84, "2012-03-31": "46.00000", "2011-12-31": 99, "2011-09-30": -35, "2011-06-30": -68, "2011-03-31": "30.00000", "2010-12-31": 104, "2010-09-30": -21, "2010-06-30": -6, "2010-03-31": "-4.00000", "2009-12-31": 27, "2009-09-30": 33, "2009-06-30": 8, "2009-03-31": "34.00000", "2008-12-31": -29, "2008-09-30": 17, "2008-06-30": 79, "2008-03-31": "47.00000", "2007-12-31": -249, "2007-09-30": 12, "2007-06-30": 90, "2007-03-31": "150.00000"}, "Total Non-Cash Items": {"2020-12-31": -478, "2020-09-30": 104, "2020-06-30": 205, "2020-03-31": "169.00000", "2019-12-31": 567, "2019-09-30": 245, "2019-06-30": 219, "2019-03-31": "163.00000", "2018-12-31": 194, "2018-09-30": 249, "2018-06-30": 175, "2018-03-31": "268.00000", "2017-12-31": 87, "2017-09-30": -200, "2017-06-30": 253, "2017-03-31": "224.00000", "2016-12-31": 353, "2016-09-30": 190, "2016-06-30": 211, "2016-03-31": "171.00000", "2015-12-31": 129, "2015-09-30": 124, "2015-06-30": 155, "2015-03-31": "164.00000", "2014-12-31": 50, "2014-09-30": 162, "2014-06-30": 670, "2014-03-31": "120.00000", "2013-12-31": 419, "2013-09-30": 217, "2013-06-30": 207, "2013-03-31": "299.00000", "2012-12-31": 101, "2012-09-30": 164, "2012-06-30": 138, "2012-03-31": "273.00000", "2011-12-31": 349, "2011-09-30": 220, "2011-06-30": 181, "2011-03-31": "269.00000", "2010-12-31": 359, "2010-09-30": 209, "2010-06-30": 218, "2010-03-31": "219.00000", "2009-12-31": 273, "2009-09-30": 245, "2009-06-30": 210, "2009-03-31": "227.00000", "2008-12-31": 188, "2008-09-30": 238, "2008-06-30": 282, "2008-03-31": "248.00000", "2007-12-31": -31, "2007-09-30": 204, "2007-06-30": 265, "2007-03-31": "313.00000"}, "Change In Accounts Receivable": {"2020-12-31": 141, "2020-09-30": 197, "2020-06-30": -454, "2020-03-31": "116.00000", "2019-12-31": 175, "2019-09-30": 267, "2019-06-30": -777, "2019-03-31": "4.00000", "2018-12-31": -59, "2018-09-30": 177, "2018-06-30": 48, "2018-03-31": "-113.00000", "2017-12-31": 26, "2017-09-30": -104, "2017-06-30": -518, "2017-03-31": "504.00000", "2016-12-31": -611, "2016-09-30": -13, "2016-06-30": -210, "2016-03-31": "-175.00000", "2015-12-31": 472, "2015-09-30": 113, "2015-06-30": 8, "2015-03-31": "54.00000", "2014-12-31": -287, "2014-09-30": 69, "2014-06-30": -640, "2014-03-31": "395.00000", "2013-12-31": -243, "2013-09-30": 328, "2013-06-30": -467, "2013-03-31": "-67.00000", "2012-12-31": -6, "2012-09-30": 21, "2012-06-30": -262, "2012-03-31": "-151.00000", "2011-12-31": -60, "2011-09-30": 59, "2011-06-30": -388, "2011-03-31": "138.00000", "2010-12-31": -37, "2010-09-30": 430, "2010-06-30": -242, "2010-03-31": "-28.00000", "2009-12-31": -102, "2009-09-30": 241, "2009-06-30": -370, "2009-03-31": "44.00000", "2008-12-31": -88, "2008-09-30": -106, "2008-06-30": -236, "2008-03-31": "405.00000", "2007-12-31": -638, "2007-09-30": 54, "2007-06-30": -172, "2007-03-31": "-72.00000"}, "Change In Inventories": {"2020-12-31": -823, "2020-09-30": 843, "2020-06-30": 555, "2020-03-31": "-575.00000", "2019-12-31": -484, "2019-09-30": -450, "2019-06-30": 149, "2019-03-31": "237.00000", "2018-12-31": -464, "2018-09-30": 377, "2018-06-30": -864, "2018-03-31": "338.00000", "2017-12-31": -513, "2017-09-30": -421, "2017-06-30": 421, "2017-03-31": "1243.00000", "2016-12-31": -1940, "2016-09-30": 546, "2016-06-30": 650, "2016-03-31": "49.00000", "2015-12-31": -1429, "2015-09-30": -221, "2015-06-30": 416, "2015-03-31": "393.00000", "2014-12-31": -1221, "2014-09-30": -158, "2014-06-30": 398, "2014-03-31": "1086.00000", "2013-12-31": -1959, "2013-09-30": 74, "2013-06-30": -334, "2013-03-31": "806.00000", "2012-12-31": -591, "2012-09-30": -714, "2012-06-30": -459, "2012-03-31": "1036.00000", "2011-12-31": -1006, "2011-09-30": -26, "2011-06-30": 518, "2011-03-31": "478.00000", "2010-12-31": -215, "2010-09-30": -78, "2010-06-30": 146, "2010-03-31": "1218.00000", "2009-12-31": -483, "2009-09-30": -201, "2009-06-30": 249, "2009-03-31": "1095.00000", "2008-12-31": -1488, "2008-09-30": -402, "2008-06-30": 246, "2008-03-31": "730.00000", "2007-12-31": -998, "2007-09-30": -658, "2007-06-30": 215, "2007-03-31": "164.00000"}, "Change In Accounts Payable": {"2020-12-31": 22, "2020-09-30": 142, "2020-06-30": -99, "2020-03-31": "-65.00000", "2019-12-31": 482, "2019-09-30": 70, "2019-06-30": -94, "2019-03-31": "-7.00000", "2018-12-31": 325, "2018-09-30": -248, "2018-06-30": -66, "2018-03-31": "-62.00000", "2017-12-31": 178, "2017-09-30": 111, "2017-06-30": 52, "2017-03-31": "84.00000", "2016-12-31": 193, "2016-09-30": -92, "2016-06-30": 49, "2016-03-31": "223.00000", "2015-12-31": 140, "2015-09-30": 132, "2015-06-30": -6, "2015-03-31": "44.00000", "2014-12-31": 50, "2014-09-30": 125, "2014-06-30": -33, "2014-03-31": "35.00000", "2013-12-31": 77, "2013-09-30": -35, "2013-06-30": 60, "2013-03-31": "1.00000", "2012-12-31": 10, "2012-09-30": -80, "2012-06-30": 57, "2012-03-31": "23.00000", "2011-12-31": 20, "2011-09-30": -7, "2011-06-30": 70, "2011-03-31": "116.00000", "2010-12-31": -154, "2010-09-30": -38, "2010-06-30": 103, "2010-03-31": "17.00000", "2009-12-31": -172, "2009-09-30": 83, "2009-06-30": 7, "2009-03-31": "-34.00000", "2008-12-31": -97, "2008-09-30": 11, "2008-06-30": 146, "2008-03-31": "-150.00000", "2007-12-31": -29, "2007-09-30": 27, "2007-06-30": 46, "2007-03-31": "3.00000"}, "Change In Assets/Liabilities": {"2020-12-31": 1026, "2020-09-30": -246, "2020-06-30": -118, "2020-03-31": "-662.00000", "2019-12-31": 816, "2019-09-30": -250, "2019-06-30": 1397, "2019-03-31": "-855.00000", "2018-12-31": 289, "2018-09-30": -1402, "2018-06-30": 2532, "2018-03-31": "-509.00000", "2017-12-31": 164, "2017-09-30": 402, "2017-06-30": 1087, "2017-03-31": "-2207.00000", "2016-12-31": 2462, "2016-09-30": 204, "2016-06-30": -267, "2016-03-31": "-922.00000", "2015-12-31": 1260, "2015-09-30": 193, "2015-06-30": 866, "2015-03-31": "-2327.00000", "2014-12-31": 901, "2014-09-30": 258, "2014-06-30": 465, "2014-03-31": "-2131.00000", "2013-12-31": 1697, "2013-09-30": 29, "2013-06-30": 1414, "2013-03-31": "-1260.00000", "2012-12-31": -360, "2012-09-30": 327, "2012-06-30": 1393, "2012-03-31": "-1543.00000", "2011-12-31": 272, "2011-09-30": -7, "2011-06-30": 917, "2011-03-31": "-491.00000", "2010-12-31": 62, "2010-09-30": -180, "2010-06-30": 1113, "2010-03-31": "-954.00000", "2009-12-31": 497, "2009-09-30": -665, "2009-06-30": 1470, "2009-03-31": "-1112.00000", "2008-12-31": 810, "2008-09-30": -68, "2008-06-30": 1202, "2008-03-31": "-1050.00000", "2007-12-31": 425, "2007-09-30": -326, "2007-06-30": 1068, "2007-03-31": "-955.00000"}, "Total Change In Assets/Liabilities": {"2020-12-31": 547, "2020-09-30": 988, "2020-06-30": -295, "2020-03-31": "-1240.00000", "2019-12-31": 1070, "2019-09-30": -268, "2019-06-30": 825, "2019-03-31": "-872.00000", "2018-12-31": 228, "2018-09-30": -1008, "2018-06-30": 1605, "2018-03-31": "-661.00000", "2017-12-31": 1645, "2017-09-30": 28, "2017-06-30": 1092, "2017-03-31": "-886.00000", "2016-12-31": 154, "2016-09-30": 854, "2016-06-30": 239, "2016-03-31": "-1310.00000", "2015-12-31": 459, "2015-09-30": 538, "2015-06-30": 1440, "2015-03-31": "-2371.00000", "2014-12-31": -349, "2014-09-30": 531, "2014-06-30": 277, "2014-03-31": "-1377.00000", "2013-12-31": -153, "2013-09-30": 590, "2013-06-30": 607, "2013-03-31": "-1254.00000", "2012-12-31": -635, "2012-09-30": -140, "2012-06-30": 802, "2012-03-31": "-688.00000", "2011-12-31": -998, "2011-09-30": 332, "2011-06-30": 1396, "2011-03-31": "104.00000", "2010-12-31": -409, "2010-09-30": 277, "2010-06-30": 1280, "2010-03-31": "107.00000", "2009-12-31": -294, "2009-09-30": -302, "2009-06-30": 1290, "2009-03-31": "-142.00000", "2008-12-31": -882, "2008-09-30": -355, "2008-06-30": 1468, "2008-03-31": "-327.00000", "2007-12-31": -1471, "2007-09-30": -845, "2007-06-30": 1405, "2007-03-31": "-716.00000"}, "Cash Flow From Operating Activities": {"2020-12-31": -6650, "2020-09-30": 3614, "2020-06-30": 1925, "2020-03-31": "1111.00000", "2019-12-31": 3324, "2019-09-30": 2083, "2019-06-30": 3442, "2019-03-31": "1241.00000", "2018-12-31": 2422, "2018-09-30": 1683, "2018-06-30": 3993, "2018-03-31": "1380.00000", "2017-12-31": 2921, "2017-09-30": 1920, "2017-06-30": 3228, "2017-03-31": "843.00000", "2016-12-31": 2149, "2016-09-30": 3092, "2016-06-30": 2374, "2016-03-31": "462.00000", "2015-12-31": 1872, "2015-09-30": 2693, "2015-06-30": 3675, "2015-03-31": "-375.00000", "2014-12-31": 1354, "2014-09-30": 2965, "2014-06-30": 2705, "2014-03-31": "715.00000", "2013-12-31": 2320, "2013-09-30": 3315, "2013-06-30": 3137, "2013-03-31": "1363.00000", "2012-12-31": 1650, "2012-09-30": 2393, "2012-06-30": 3480, "2012-03-31": "1898.00000", "2011-12-31": 961, "2011-09-30": 3053, "2011-06-30": 4120, "2011-03-31": "2395.00000", "2010-12-31": 1581, "2010-09-30": 2417, "2010-06-30": 3465, "2010-03-31": "1974.00000", "2009-12-31": 1465, "2009-09-30": 1846, "2009-06-30": 3146, "2009-03-31": "1427.00000", "2008-12-31": 833, "2008-09-30": 2003, "2008-06-30": 3516, "2008-03-31": "1583.00000", "2007-12-31": 232, "2007-09-30": 1100, "2007-06-30": 3207, "2007-03-31": "1011.00000"}, "Net Change In Property, Plant, And Equipment": {"2020-12-31": 462, "2020-09-30": -152, "2020-06-30": -140, "2020-03-31": "-170.00000", "2019-12-31": -156, "2019-09-30": -194, "2019-06-30": -178, "2019-03-31": "-324.00000", "2018-12-31": -334, "2018-09-30": -328, "2018-06-30": -409, "2018-03-31": "-365.00000", "2017-12-31": -553, "2017-09-30": -435, "2017-06-30": -268, "2017-03-31": "-292.00000", "2016-12-31": -438, "2016-09-30": -254, "2016-06-30": -254, "2016-03-31": "-226.00000", "2015-12-31": -324, "2015-09-30": -223, "2015-06-30": -210, "2015-03-31": "-203.00000", "2014-12-31": -349, "2014-09-30": -296, "2014-06-30": -252, "2014-03-31": "-256.00000", "2013-12-31": -379, "2013-09-30": -301, "2013-06-30": -280, "2013-03-31": "-240.00000", "2012-12-31": -337, "2012-09-30": -243, "2012-06-30": -249, "2012-03-31": "-227.00000", "2011-12-31": -329, "2011-09-30": -223, "2011-06-30": -186, "2011-03-31": "-159.00000", "2010-12-31": -230, "2010-09-30": -164, "2010-06-30": -169, "2010-03-31": "-150.00000", "2009-12-31": -232, "2009-09-30": -160, "2009-06-30": -178, "2009-03-31": "-145.00000", "2008-12-31": -275, "2008-09-30": -250, "2008-06-30": -273, "2008-03-31": "-301.00000", "2007-12-31": -358, "2007-09-30": -256, "2007-06-30": -228, "2007-03-31": "-230.00000"}, "Net Change In Intangible Assets": {"2020-12-31": 0, "2020-09-30": 0, "2020-06-30": 0, "2020-03-31": "", "2019-12-31": 0, "2019-09-30": 0, "2019-06-30": 0, "2019-03-31": "", "2018-12-31": 0, "2018-09-30": 0, "2018-06-30": 0, "2018-03-31": "", "2017-12-31": 0, "2017-09-30": 0, "2017-06-30": 0, "2017-03-31": "", "2016-12-31": 0, "2016-09-30": 0, "2016-06-30": 0, "2016-03-31": "", "2015-12-31": 0, "2015-09-30": 0, "2015-06-30": 0, "2015-03-31": "", "2014-12-31": 0, "2014-09-30": 0, "2014-06-30": 0, "2014-03-31": "", "2013-12-31": 0, "2013-09-30": 0, "2013-06-30": 0, "2013-03-31": "", "2012-12-31": 0, "2012-09-30": 0, "2012-06-30": 0, "2012-03-31": "", "2011-12-31": 0, "2011-09-30": 0, "2011-06-30": 0, "2011-03-31": "", "2010-12-31": 0, "2010-09-30": 0, "2010-06-30": 0, "2010-03-31": "", "2009-12-31": 0, "2009-09-30": 0, "2009-06-30": 0, "2009-03-31": "", "2008-12-31": 0, "2008-09-30": 0, "2008-06-30": 0, "2008-03-31": "", "2007-12-31": 0, "2007-09-30": 0, "2007-06-30": 0, "2007-03-31": ""}, "Net Acquisitions/Divestitures": {"2020-12-31": 0, "2020-09-30": 0, "2020-06-30": 0, "2020-03-31": "", "2019-12-31": 0, "2019-09-30": 0, "2019-06-30": 0, "2019-03-31": "-1346.00000", "2018-12-31": 0, "2018-09-30": 0, "2018-06-30": 0, "2018-03-31": "", "2017-12-31": 0, "2017-09-30": 0, "2017-06-30": 0, "2017-03-31": "", "2016-12-31": 0, "2016-09-30": 0, "2016-06-30": 0, "2016-03-31": "", "2015-12-31": 0, "2015-09-30": 0, "2015-06-30": 0, "2015-03-31": "", "2014-12-31": 0, "2014-09-30": -7, "2014-06-30": -103, "2014-03-31": "", "2013-12-31": 0, "2013-09-30": 0, "2013-06-30": 0, "2013-03-31": "", "2012-12-31": 0, "2012-09-30": 0, "2012-06-30": 0, "2012-03-31": "", "2011-12-31": 0, "2011-09-30": -18, "2011-06-30": -42, "2011-03-31": "-20.00000", "2010-12-31": -41, "2010-09-30": -41, "2010-06-30": -1, "2010-03-31": "", "2009-12-31": 6, "2009-09-30": -226, "2009-06-30": 0, "2009-03-31": "-209.00000", "2008-12-31": -9, "2008-09-30": -1625, "2008-06-30": 0, "2008-03-31": "-29.00000", "2007-12-31": -1010, "2007-09-30": -12, "2007-06-30": -28, "2007-03-31": "-382.00000"}, "Net Change In Short-term Investments": {"2020-12-31": 0, "2020-09-30": 0, "2020-06-30": 0, "2020-03-31": "", "2019-12-31": 0, "2019-09-30": 0, "2019-06-30": 0, "2019-03-31": "", "2018-12-31": 0, "2018-09-30": 0, "2018-06-30": 0, "2018-03-31": "", "2017-12-31": 0, "2017-09-30": 0, "2017-06-30": 0, "2017-03-31": "", "2016-12-31": 0, "2016-09-30": 0, "2016-06-30": 0, "2016-03-31": "", "2015-12-31": 0, "2015-09-30": 0, "2015-06-30": 0, "2015-03-31": "", "2014-12-31": 0, "2014-09-30": 0, "2014-06-30": 0, "2014-03-31": "", "2013-12-31": 0, "2013-09-30": 0, "2013-06-30": 0, "2013-03-31": "", "2012-12-31": 0, "2012-09-30": 0, "2012-06-30": 0, "2012-03-31": "", "2011-12-31": 0, "2011-09-30": 0, "2011-06-30": 0, "2011-03-31": "", "2010-12-31": 0, "2010-09-30": 0, "2010-06-30": 0, "2010-03-31": "", "2009-12-31": 0, "2009-09-30": 0, "2009-06-30": 0, "2009-03-31": "", "2008-12-31": 0, "2008-09-30": 0, "2008-06-30": 0, "2008-03-31": "", "2007-12-31": 0, "2007-09-30": 0, "2007-06-30": 0, "2007-03-31": ""}, "Net Change In Long-Term Investments": {"2020-12-31": 3, "2020-09-30": 0, "2020-06-30": -1, "2020-03-31": "-2.00000", "2019-12-31": 0, "2019-09-30": -3, "2019-06-30": -4, "2019-03-31": "-24.00000", "2018-12-31": -22, "2018-09-30": -11, "2018-06-30": -12, "2018-03-31": "-18.00000", "2017-12-31": -71, "2017-09-30": -21, "2017-06-30": -14, "2017-03-31": "-5.00000", "2016-12-31": -15, "2016-09-30": -10, "2016-06-30": -9, "2016-03-31": "-7.00000", "2015-12-31": -31, "2015-09-30": -13, "2015-06-30": -3, "2015-03-31": "-8.00000", "2014-12-31": -7, "2014-09-30": -6, "2014-06-30": -16, "2014-03-31": "", "2013-12-31": -762, "2013-09-30": -653, "2013-06-30": -3, "2013-03-31": "", "2012-12-31": -3, "2012-09-30": -3, "2012-06-30": 0, "2012-03-31": "", "2011-12-31": -36, "2011-09-30": 0, "2011-06-30": 0, "2011-03-31": "", "2010-12-31": 0, "2010-09-30": 0, "2010-06-30": 0, "2010-03-31": "", "2009-12-31": 0, "2009-09-30": 0, "2009-06-30": 0, "2009-03-31": "", "2008-12-31": 0, "2008-09-30": 0, "2008-06-30": 0, "2008-03-31": "", "2007-12-31": 0, "2007-09-30": 0, "2007-06-30": 0, "2007-03-31": ""}, "Net Change In Investments - Total": {"2020-12-31": 3, "2020-09-30": 0, "2020-06-30": -1, "2020-03-31": "-2.00000", "2019-12-31": 0, "2019-09-30": -3, "2019-06-30": -4, "2019-03-31": "-24.00000", "2018-12-31": -22, "2018-09-30": -11, "2018-06-30": -12, "2018-03-31": "-18.00000", "2017-12-31": -71, "2017-09-30": -21, "2017-06-30": -14, "2017-03-31": "-5.00000", "2016-12-31": -15, "2016-09-30": -10, "2016-06-30": -9, "2016-03-31": "-7.00000", "2015-12-31": -31, "2015-09-30": -13, "2015-06-30": -3, "2015-03-31": "-8.00000", "2014-12-31": -7, "2014-09-30": -6, "2014-06-30": -16, "2014-03-31": "", "2013-12-31": -762, "2013-09-30": -653, "2013-06-30": -3, "2013-03-31": "", "2012-12-31": -3, "2012-09-30": -3, "2012-06-30": 0, "2012-03-31": "", "2011-12-31": -36, "2011-09-30": 0, "2011-06-30": 0, "2011-03-31": "", "2010-12-31": 0, "2010-09-30": 0, "2010-06-30": 0, "2010-03-31": "", "2009-12-31": 0, "2009-09-30": 0, "2009-06-30": 0, "2009-03-31": "", "2008-12-31": 0, "2008-09-30": 0, "2008-06-30": 0, "2008-03-31": "", "2007-12-31": 0, "2007-09-30": 0, "2007-06-30": 0, "2007-03-31": ""}, "Investing Activities - Other": {"2020-12-31": 103, "2020-09-30": -282, "2020-06-30": -507, "2020-03-31": "686.00000", "2019-12-31": -28, "2019-09-30": 319, "2019-06-30": 29, "2019-03-31": "98.00000", "2018-12-31": 522, "2018-09-30": -142, "2018-06-30": 756, "2018-03-31": "-635.00000", "2017-12-31": -137, "2017-09-30": -622, "2017-06-30": -419, "2017-03-31": "-246.00000", "2016-12-31": 562, "2016-09-30": -242, "2016-06-30": 245, "2016-03-31": "-186.00000", "2015-12-31": 35, "2015-09-30": 72, "2015-06-30": -79, "2015-03-31": "279.00000", "2014-12-31": 133, "2014-09-30": 80, "2014-06-30": 35, "2014-03-31": "48.00000", "2013-12-31": -68, "2013-09-30": -26, "2013-06-30": 14, "2013-03-31": "18.00000", "2012-12-31": 39, "2012-09-30": 67, "2012-06-30": -39, "2012-03-31": "3.00000", "2011-12-31": 15, "2011-09-30": -20, "2011-06-30": -18, "2011-03-31": "4.00000", "2010-12-31": 7, "2010-09-30": 10, "2010-06-30": 23, "2010-03-31": "46.00000", "2009-12-31": -104, "2009-09-30": 13, "2009-06-30": -29, "2009-03-31": "166.00000", "2008-12-31": -25, "2008-09-30": -4, "2008-06-30": -383, "2008-03-31": "13.00000", "2007-12-31": -40, "2007-09-30": -62, "2007-06-30": 4, "2007-03-31": "16.00000"}, "Cash Flow From Investing Activities": {"2020-12-31": 568, "2020-09-30": -434, "2020-06-30": -648, "2020-03-31": "514.00000", "2019-12-31": -184, "2019-09-30": 122, "2019-06-30": -153, "2019-03-31": "-1596.00000", "2018-12-31": 166, "2018-09-30": -481, "2018-06-30": 335, "2018-03-31": "-1018.00000", "2017-12-31": -761, "2017-09-30": -1078, "2017-06-30": -701, "2017-03-31": "-543.00000", "2016-12-31": 109, "2016-09-30": -506, "2016-06-30": -18, "2016-03-31": "-419.00000", "2015-12-31": -320, "2015-09-30": -164, "2015-06-30": -292, "2015-03-31": "68.00000", "2014-12-31": -223, "2014-09-30": -229, "2014-06-30": -336, "2014-03-31": "-208.00000", "2013-12-31": -1209, "2013-09-30": -980, "2013-06-30": -269, "2013-03-31": "-222.00000", "2012-12-31": -301, "2012-09-30": -179, "2012-06-30": -288, "2012-03-31": "-224.00000", "2011-12-31": -350, "2011-09-30": -261, "2011-06-30": -246, "2011-03-31": "-175.00000", "2010-12-31": -264, "2010-09-30": -195, "2010-06-30": -147, "2010-03-31": "-104.00000", "2009-12-31": -330, "2009-09-30": -373, "2009-06-30": -207, "2009-03-31": "-188.00000", "2008-12-31": -309, "2008-09-30": -1879, "2008-06-30": -656, "2008-03-31": "-317.00000", "2007-12-31": -1408, "2007-09-30": -330, "2007-06-30": -252, "2007-03-31": "-596.00000"}, "Net Long-Term Debt": {"2020-12-31": 1769, "2020-09-30": -358, "2020-06-30": 2230, "2020-03-31": "-3641.00000", "2019-12-31": -1027, "2019-09-30": 2191, "2019-06-30": 794, "2019-03-31": "-2137.00000", "2018-12-31": -1, "2018-09-30": 0, "2018-06-30": -2483, "2018-03-31": "", "2017-12-31": 2631, "2017-09-30": 1, "2017-06-30": -1, "2017-03-31": "1668.00000", "2016-12-31": -321, "2016-09-30": 0, "2016-06-30": 313, "2016-03-31": "1151.00000", "2015-12-31": -1, "2015-09-30": 409, "2015-06-30": -1, "2015-03-31": "-97.00000", "2014-12-31": 1959, "2014-09-30": 0, "2014-06-30": 1273, "2014-03-31": "1119.00000", "2013-12-31": 1976, "2013-09-30": 0, "2013-06-30": -1363, "2013-03-31": "3830.00000", "2012-12-31": 0, "2012-09-30": 2023, "2012-06-30": 1703, "2012-03-31": "-447.00000", "2011-12-31": 2142, "2011-09-30": -813, "2011-06-30": 978, "2011-03-31": "-23.00000", "2010-12-31": -115, "2010-09-30": 0, "2010-06-30": -68, "2010-03-31": "1130.00000", "2009-12-31": -100, "2009-09-30": 0, "2009-06-30": 0, "2009-03-31": "2986.00000", "2008-12-31": 1240, "2008-09-30": 2985, "2008-06-30": 1144, "2008-03-31": "787.00000", "2007-12-31": 399, "2007-09-30": 180, "2007-06-30": -330, "2007-03-31": "530.00000"}, "Net Current Debt": {"2020-12-31": 159, "2020-09-30": -129, "2020-06-30": -1152, "2020-03-31": "1122.00000", "2019-12-31": -24, "2019-09-30": 89, "2019-06-30": -1251, "2019-03-31": "822.00000", "2018-12-31": 180, "2018-09-30": -44, "2018-06-30": 16, "2018-03-31": "103.00000", "2017-12-31": -2407, "2017-09-30": 2014, "2017-06-30": -108, "2017-03-31": "374.00000", "2016-12-31": 43, "2016-09-30": 56, "2016-06-30": 25, "2016-03-31": "-136.00000", "2015-12-31": -180, "2015-09-30": -659, "2015-06-30": -1677, "2015-03-31": "2250.00000", "2014-12-31": -855, "2014-09-30": 203, "2014-06-30": -1362, "2014-03-31": "934.00000", "2013-12-31": -1257, "2013-09-30": 1014, "2013-06-30": 1174, "2013-03-31": "-879.00000", "2012-12-31": 273, "2012-09-30": -568, "2012-06-30": -1371, "2012-03-31": "2564.00000", "2011-12-31": -1036, "2011-09-30": 2016, "2011-06-30": -1174, "2011-03-31": "-32.00000", "2010-12-31": -663, "2010-09-30": 1544, "2010-06-30": -184, "2010-03-31": "-706.00000", "2009-12-31": 1352, "2009-09-30": -107, "2009-06-30": -358, "2009-03-31": "-641.00000", "2008-12-31": -460, "2008-09-30": 83, "2008-06-30": -430, "2008-03-31": "358.00000", "2007-12-31": 2086, "2007-09-30": 38, "2007-06-30": 26, "2007-03-31": "12.00000"}, "Debt Issuance/Retirement Net - Total": {"2020-12-31": 1928, "2020-09-30": -487, "2020-06-30": 1078, "2020-03-31": "-2519.00000", "2019-12-31": -1051, "2019-09-30": 2280, "2019-06-30": -457, "2019-03-31": "-1315.00000", "2018-12-31": 179, "2018-09-30": -44, "2018-06-30": -2467, "2018-03-31": "103.00000", "2017-12-31": 224, "2017-09-30": 2015, "2017-06-30": -109, "2017-03-31": "2042.00000", "2016-12-31": -278, "2016-09-30": 56, "2016-06-30": 338, "2016-03-31": "1015.00000", "2015-12-31": -181, "2015-09-30": -250, "2015-06-30": -1678, "2015-03-31": "2153.00000", "2014-12-31": 1104, "2014-09-30": 203, "2014-06-30": -89, "2014-03-31": "2053.00000", "2013-12-31": 719, "2013-09-30": 1014, "2013-06-30": -189, "2013-03-31": "2951.00000", "2012-12-31": 273, "2012-09-30": 1455, "2012-06-30": 332, "2012-03-31": "2117.00000", "2011-12-31": 1106, "2011-09-30": 1203, "2011-06-30": -196, "2011-03-31": "-55.00000", "2010-12-31": -778, "2010-09-30": 1544, "2010-06-30": -252, "2010-03-31": "424.00000", "2009-12-31": 1252, "2009-09-30": -107, "2009-06-30": -358, "2009-03-31": "2345.00000", "2008-12-31": 780, "2008-09-30": 3068, "2008-06-30": 714, "2008-03-31": "1145.00000", "2007-12-31": 2485, "2007-09-30": 218, "2007-06-30": -304, "2007-03-31": "542.00000"}, "Net Common Equity Issued/Repurchased": {"2020-12-31": -3, "2020-09-30": 1, "2020-06-30": 0, "2020-03-31": "2.00000", "2019-12-31": 4, "2019-09-30": 2, "2019-06-30": 45, "2019-03-31": "", "2018-12-31": 1, "2018-09-30": 3, "2018-06-30": 6, "2018-03-31": "-91.00000", "2017-12-31": 0, "2017-09-30": 2, "2017-06-30": 3, "2017-03-31": "", "2016-12-31": 2, "2016-09-30": 0, "2016-06-30": -1, "2016-03-31": "6.00000", "2015-12-31": 1503, "2015-09-30": 6, "2015-06-30": 113, "2015-03-31": "-48.00000", "2014-12-31": -783, "2014-09-30": -769, "2014-06-30": -1040, "2014-03-31": "-1241.00000", "2013-12-31": -1447, "2013-09-30": -2191, "2013-06-30": -1575, "2013-03-31": "-1453.00000", "2012-12-31": -1970, "2012-09-30": -1498, "2012-06-30": -1632, "2012-03-31": "-1427.00000", "2011-12-31": -1008, "2011-09-30": -1445, "2011-06-30": -1594, "2011-03-31": "-1253.00000", "2010-12-31": -1107, "2010-09-30": -956, "2010-06-30": -1092, "2010-03-31": "-1646.00000", "2009-12-31": -1321, "2009-09-30": -1382, "2009-06-30": -1387, "2009-03-31": "-1358.00000", "2008-12-31": -841, "2008-09-30": -2417, "2008-06-30": -1880, "2008-03-31": "", "2007-12-31": 0, "2007-09-30": 0, "2007-06-30": 0, "2007-03-31": ""}, "Net Total Equity Issued/Repurchased": {"2020-12-31": -3, "2020-09-30": 1, "2020-06-30": 0, "2020-03-31": "2.00000", "2019-12-31": 4, "2019-09-30": 2, "2019-06-30": 45, "2019-03-31": "", "2018-12-31": 1, "2018-09-30": 3, "2018-06-30": 6, "2018-03-31": "-91.00000", "2017-12-31": 0, "2017-09-30": 2, "2017-06-30": 3, "2017-03-31": "", "2016-12-31": 2, "2016-09-30": 0, "2016-06-30": -1, "2016-03-31": "6.00000", "2015-12-31": 1503, "2015-09-30": 6, "2015-06-30": 113, "2015-03-31": "-48.00000", "2014-12-31": -783, "2014-09-30": -769, "2014-06-30": -1040, "2014-03-31": "-1241.00000", "2013-12-31": -1447, "2013-09-30": -2191, "2013-06-30": -1575, "2013-03-31": "-1453.00000", "2012-12-31": -1970, "2012-09-30": -1498, "2012-06-30": -1632, "2012-03-31": "-1427.00000", "2011-12-31": -1008, "2011-09-30": -1445, "2011-06-30": -1594, "2011-03-31": "-1253.00000", "2010-12-31": -1107, "2010-09-30": -956, "2010-06-30": -1092, "2010-03-31": "-1646.00000", "2009-12-31": -1321, "2009-09-30": -1382, "2009-06-30": -1387, "2009-03-31": "-1358.00000", "2008-12-31": -841, "2008-09-30": -2417, "2008-06-30": -1880, "2008-03-31": "", "2007-12-31": 0, "2007-09-30": 0, "2007-06-30": 0, "2007-03-31": ""}, "Total Common And Preferred Stock Dividends Paid": {"2020-12-31": 5485, "2020-09-30": -1827, "2020-06-30": -1830, "2020-03-31": "-1828.00000", "2019-12-31": -1825, "2019-09-30": -1779, "2019-06-30": -1777, "2019-03-31": "-1780.00000", "2018-12-31": -1775, "2018-09-30": -1778, "2018-06-30": -1673, "2018-03-31": "-1659.00000", "2017-12-31": -1666, "2017-09-30": -1618, "2017-06-30": -1618, "2017-03-31": "-1618.00000", "2016-12-31": -1619, "2016-09-30": -1586, "2016-06-30": -1588, "2016-03-31": "-1585.00000", "2015-12-31": -1585, "2015-09-30": -1555, "2015-06-30": -1555, "2015-03-31": "-1555.00000", "2014-12-31": -1564, "2014-09-30": -1478, "2014-06-30": -1490, "2014-03-31": "-1503.00000", "2013-12-31": -1518, "2013-09-30": -1387, "2013-06-30": -1401, "2013-03-31": "-1414.00000", "2012-12-31": -1431, "2012-09-30": -1310, "2012-06-30": -1325, "2012-03-31": "-1338.00000", "2011-12-31": -1347, "2011-09-30": -1133, "2011-06-30": -1149, "2011-03-31": "-1159.00000", "2010-12-31": -1169, "2010-09-30": -1071, "2010-06-30": -1085, "2010-03-31": "-1098.00000", "2009-12-31": -1115, "2009-09-30": -1051, "2009-06-30": -1072, "2009-03-31": "-1089.00000", "2008-12-31": -1104, "2008-09-30": -956, "2008-06-30": 0, "2008-03-31": "-3019.00000", "2007-12-31": -4080, "2007-09-30": -1250, "2007-06-30": -700, "2007-03-31": "-530.00000"}, "Financial Activities - Other": {"2020-12-31": 621, "2020-09-30": -215, "2020-06-30": -202, "2020-03-31": "-204.00000", "2019-12-31": -87, "2019-09-30": -50, "2019-06-30": -215, "2019-03-31": "-56.00000", "2018-12-31": -152, "2018-09-30": -70, "2018-06-30": -143, "2018-03-31": "-91.00000", "2017-12-31": -95, "2017-09-30": -40, "2017-06-30": -208, "2017-03-31": "-83.00000", "2016-12-31": 42, "2016-09-30": -36, "2016-06-30": -150, "2016-03-31": "-29.00000", "2015-12-31": -12, "2015-09-30": -22, "2015-06-30": -45, "2015-03-31": "-25.00000", "2014-12-31": -34, "2014-09-30": -31, "2014-06-30": -63, "2014-03-31": "-114.00000", "2013-12-31": -66, "2013-09-30": -40, "2013-06-30": -81, "2013-03-31": "-137.00000", "2012-12-31": -84, "2012-09-30": -47, "2012-06-30": -80, "2012-03-31": "-135.00000", "2011-12-31": -35, "2011-09-30": 19, "2011-06-30": -100, "2011-03-31": "-192.00000", "2010-12-31": -17, "2010-09-30": -20, "2010-06-30": -63, "2010-03-31": "-192.00000", "2009-12-31": -17, "2009-09-30": -25, "2009-06-30": -46, "2009-03-31": "-180.00000", "2008-12-31": -77, "2008-09-30": -145, "2008-06-30": 90, "2008-03-31": "464.00000", "2007-12-31": 793, "2007-09-30": 29, "2007-06-30": -51, "2007-03-31": "-746.00000"}, "Cash Flow From Financial Activities": {"2020-12-31": 8031, "2020-09-30": -2528, "2020-06-30": -954, "2020-03-31": "-4549.00000", "2019-12-31": -2959, "2019-09-30": 453, "2019-06-30": -2404, "2019-03-31": "-3151.00000", "2018-12-31": -1747, "2018-09-30": -1889, "2018-06-30": -4277, "2018-03-31": "-1738.00000", "2017-12-31": -1537, "2017-09-30": 359, "2017-06-30": -1932, "2017-03-31": "341.00000", "2016-12-31": -1853, "2016-09-30": -1566, "2016-06-30": -1401, "2016-03-31": "-593.00000", "2015-12-31": -275, "2015-09-30": -1821, "2015-06-30": -3165, "2015-03-31": "525.00000", "2014-12-31": -1277, "2014-09-30": -2075, "2014-06-30": -2682, "2014-03-31": "-805.00000", "2013-12-31": -2312, "2013-09-30": -2604, "2013-06-30": -3246, "2013-03-31": "-53.00000", "2012-12-31": -3212, "2012-09-30": -1400, "2012-06-30": -2705, "2012-03-31": "-783.00000", "2011-12-31": -1284, "2011-09-30": -1356, "2011-06-30": -3039, "2011-03-31": "-2659.00000", "2010-12-31": -3071, "2010-09-30": -503, "2010-06-30": -2492, "2010-03-31": "-2512.00000", "2009-12-31": -1201, "2009-09-30": -2565, "2009-06-30": -2863, "2009-03-31": "-282.00000", "2008-12-31": -1242, "2008-09-30": -450, "2008-06-30": -1076, "2008-03-31": "-1410.00000", "2007-12-31": -802, "2007-09-30": -1003, "2007-06-30": -1055, "2007-03-31": "-734.00000"}, "Net Cash Flow": {"2020-12-31": 2038, "2020-09-30": 620, "2020-06-30": 457, "2020-03-31": "-3115.00000", "2019-12-31": 354, "2019-09-30": 2498, "2019-06-30": 927, "2019-03-31": "-3534.00000", "2018-12-31": 707, "2018-09-30": -709, "2018-06-30": -609, "2018-03-31": "-1245.00000", "2017-12-31": 741, "2017-09-30": 1448, "2017-06-30": 1081, "2017-03-31": "875.00000", "2016-12-31": -602, "2016-09-30": 1070, "2016-06-30": 870, "2016-03-31": "-473.00000", "2015-12-31": 1024, "2015-09-30": 555, "2015-06-30": 314, "2015-03-31": "-158.00000", "2014-12-31": -361, "2014-09-30": 502, "2014-06-30": -282, "2014-03-31": "-331.00000", "2013-12-31": -1228, "2013-09-30": -204, "2013-06-30": -395, "2013-03-31": "998.00000", "2012-12-31": -1834, "2012-09-30": 971, "2012-06-30": 270, "2012-03-31": "1026.00000", "2011-12-31": -841, "2011-09-30": 1213, "2011-06-30": 856, "2011-03-31": "-381.00000", "2010-12-31": -1804, "2010-09-30": 1923, "2010-06-30": 734, "2010-03-31": "-690.00000", "2009-12-31": -62, "2009-09-30": -1000, "2009-06-30": 241, "2009-03-31": "830.00000", "2008-12-31": -1272, "2008-09-30": -225, "2008-06-30": 1797, "2008-03-31": "-270.00000", "2007-12-31": -1796, "2007-09-30": -120, "2007-06-30": 1937, "2007-03-31": "-305.00000"}, "Stock-Based Compensation": {"2020-12-31": 0, "2020-09-30": 0, "2020-06-30": 0, "2020-03-31": "", "2019-12-31": 0, "2019-09-30": 0, "2019-06-30": 0, "2019-03-31": "", "2018-12-31": 0, "2018-09-30": 0, "2018-06-30": 0, "2018-03-31": "", "2017-12-31": 0, "2017-09-30": 0, "2017-06-30": 0, "2017-03-31": "", "2016-12-31": 0, "2016-09-30": 0, "2016-06-30": 0, "2016-03-31": "", "2015-12-31": 0, "2015-09-30": 0, "2015-06-30": 0, "2015-03-31": "", "2014-12-31": 0, "2014-09-30": 0, "2014-06-30": 0, "2014-03-31": "", "2013-12-31": 0, "2013-09-30": 0, "2013-06-30": 0, "2013-03-31": "", "2012-12-31": 0, "2012-09-30": 0, "2012-06-30": 0, "2012-03-31": "", "2011-12-31": 0, "2011-09-30": 0, "2011-06-30": 0, "2011-03-31": "", "2010-12-31": 0, "2010-09-30": 0, "2010-06-30": 0, "2010-03-31": "", "2009-12-31": 0, "2009-09-30": 0, "2009-06-30": 0, "2009-03-31": "", "2008-12-31": 0, "2008-09-30": 0, "2008-06-30": 0, "2008-03-31": "", "2007-12-31": 0, "2007-09-30": 0, "2007-06-30": 0, "2007-03-31": ""}, "Common Stock Dividends Paid": {"2020-12-31": 5485, "2020-09-30": -1827, "2020-06-30": -1830, "2020-03-31": "-1828.00000", "2019-12-31": -1825, "2019-09-30": -1779, "2019-06-30": -1777, "2019-03-31": "-1780.00000", "2018-12-31": -1775, "2018-09-30": -1778, "2018-06-30": -1673, "2018-03-31": "-1659.00000", "2017-12-31": -1666, "2017-09-30": -1618, "2017-06-30": -1618, "2017-03-31": "-1618.00000", "2016-12-31": -1619, "2016-09-30": -1586, "2016-06-30": -1588, "2016-03-31": "-1585.00000", "2015-12-31": -1585, "2015-09-30": -1555, "2015-06-30": -1555, "2015-03-31": "-1555.00000", "2014-12-31": -1564, "2014-09-30": -1478, "2014-06-30": -1490, "2014-03-31": "-1503.00000", "2013-12-31": -1518, "2013-09-30": -1387, "2013-06-30": -1401, "2013-03-31": "-1414.00000", "2012-12-31": -1431, "2012-09-30": -1310, "2012-06-30": -1325, "2012-03-31": "-1338.00000", "2011-12-31": -1347, "2011-09-30": -1133, "2011-06-30": -1149, "2011-03-31": "-1159.00000", "2010-12-31": -1169, "2010-09-30": -1071, "2010-06-30": -1085, "2010-03-31": "-1098.00000", "2009-12-31": -1115, "2009-09-30": -1051, "2009-06-30": -1072, "2009-03-31": "-1089.00000", "2008-12-31": -1104, "2008-09-30": -956, "2008-06-30": 0, "2008-03-31": "-3019.00000", "2007-12-31": -4080, "2007-09-30": -1250, "2007-06-30": -700, "2007-03-31": "-530.00000"}}, "financial ratios": {"Current Ratio": {"2019-12-31": "1.08930", "2018-12-31": "1.13090", "2017-12-31": "1.35280", "2016-12-31": "1.06930", "2015-12-31": "1.02720", "2014-12-31": "1.02460", "2013-12-31": "0.98750", "2012-12-31": "0.97500", "2011-12-31": "1.00440", "2010-12-31": "1.07440", "2009-12-31": "1.31350", "2008-12-31": "1.47270", "2007-12-31": "1.82750", "2006-12-31": "", "2005-12-31": ""}, "Long-term Debt / Capital": {"2019-12-31": "1.56280", "2018-12-31": "1.66140", "2017-12-31": "1.48470", "2016-12-31": "1.72900", "2015-12-31": "1.83320", "2014-12-31": "1.71240", "2013-12-31": "1.35350", "2012-12-31": "1.21770", "2011-12-31": "0.96420", "2010-12-31": "0.77270", "2009-12-31": "0.68990", "2008-12-31": "0.59010", "2007-12-31": "0.26340", "2006-12-31": "", "2005-12-31": ""}, "Debt/Equity Ratio": {"2019-12-31": "-3.23420", "2018-12-31": "-2.95740", "2017-12-31": "-3.35670", "2016-12-31": "-2.66670", "2015-12-31": "-2.48170", "2014-12-31": "-2.62920", "2013-12-31": "-4.41150", "2012-12-31": "-7.24130", "2011-12-31": "33.65700", "2010-12-31": "4.19580", "2009-12-31": "2.50870", "2008-12-31": "1.51330", "2007-12-31": "0.38920", "2006-12-31": "", "2005-12-31": ""}, "Gross Margin": {"2019-12-31": "64.72740", "2018-12-31": "63.68610", "2017-12-31": "63.71230", "2016-12-31": "64.80800", "2015-12-31": "23.58200", "2014-12-31": "24.13180", "2013-12-31": "25.99930", "2012-12-31": "27.13940", "2011-12-31": "26.74530", "2010-12-31": "25.83700", "2009-12-31": "25.79410", "2008-12-31": "25.73380", "2007-12-31": "25.52180", "2006-12-31": "26.13350", "2005-12-31": "100.00000"}, "Operating Margin": {"2019-12-31": "35.33300", "2018-12-31": "38.40340", "2017-12-31": "40.28450", "2016-12-31": "40.85820", "2015-12-31": "14.37330", "2014-12-31": "14.60810", "2013-12-31": "16.88760", "2012-12-31": "17.91250", "2011-12-31": "17.47570", "2010-12-31": "16.54040", "2009-12-31": "16.17270", "2008-12-31": "16.10310", "2007-12-31": "16.09980", "2006-12-31": "17.28710", "2005-12-31": "100.00000"}, "EBIT Margin": {"2019-12-31": "35.33300", "2018-12-31": "38.40340", "2017-12-31": "40.28450", "2016-12-31": "40.85820", "2015-12-31": "14.37330", "2014-12-31": "14.60810", "2013-12-31": "16.88760", "2012-12-31": "17.91250", "2011-12-31": "17.47570", "2010-12-31": "16.54040", "2009-12-31": "16.17270", "2008-12-31": "16.10310", "2007-12-31": "16.09980", "2006-12-31": "17.28710", "2005-12-31": "100.00000"}, "EBITDA Margin": {"2019-12-31": "38.56740", "2018-12-31": "41.74180", "2017-12-31": "43.32820", "2016-12-31": "43.64250", "2015-12-31": "15.39350", "2014-12-31": "15.71790", "2013-12-31": "17.98970", "2012-12-31": "19.07280", "2011-12-31": "18.77640", "2010-12-31": "17.91680", "2009-12-31": "17.54670", "2008-12-31": "17.42620", "2007-12-31": "17.45380", "2006-12-31": "18.64930", "2005-12-31": "100.00000"}, "Pre-Tax Profit Margin": {"2019-12-31": "33.12200", "2018-12-31": "36.02030", "2017-12-31": "36.83390", "2016-12-31": "37.18940", "2015-12-31": "13.00940", "2014-12-31": "13.29490", "2013-12-31": "15.67180", "2012-12-31": "16.80260", "2011-12-31": "16.42780", "2010-12-31": "15.24670", "2009-12-31": "14.88890", "2008-12-31": "15.61440", "2007-12-31": "16.08170", "2006-12-31": "16.99310", "2005-12-31": "100.00000"}, "Net Profit Margin": {"2019-12-31": "24.04970", "2018-12-31": "26.64980", "2017-12-31": "20.94410", "2016-12-31": "26.03710", "2015-12-31": "9.26690", "2014-12-31": "9.31140", "2013-12-31": "10.65990", "2012-12-31": "11.30850", "2011-12-31": "11.18850", "2010-12-31": "10.67150", "2009-12-31": "10.21590", "2008-12-31": "10.82650", "2007-12-31": "10.92990", "2006-12-31": "12.69100", "2005-12-31": "12.39300"}, "Asset Turnover": {"2019-12-31": "0.69520", "2018-12-31": "0.74430", "2017-12-31": "0.66910", "2016-12-31": "0.72410", "2015-12-31": "2.17660", "2014-12-31": "2.27660", "2013-12-31": "2.09680", "2012-12-31": "2.05450", "2011-12-31": "2.15130", "2010-12-31": "1.93190", "2009-12-31": "1.79670", "2008-12-31": "1.93010", "2007-12-31": "1.73850", "2006-12-31": "", "2005-12-31": ""}, "Inventory Turnover Ratio": {"2019-12-31": "1.13840", "2018-12-31": "1.22190", "2017-12-31": "1.18460", "2016-12-31": "1.04150", "2015-12-31": "6.66580", "2014-12-31": "7.07340", "2013-12-31": "6.01480", "2012-12-31": "6.30120", "2011-12-31": "6.88760", "2010-12-31": "6.03800", "2009-12-31": "5.00350", "2008-12-31": "4.89060", "2007-12-31": "4.39060", "2006-12-31": "", "2005-12-31": ""}, "Receiveable Turnover": {"2019-12-31": "8.01860", "2018-12-31": "8.31230", "2017-12-31": "7.69070", "2016-12-31": "7.62650", "2015-12-31": "26.60480", "2014-12-31": "20.00650", "2013-12-31": "20.77060", "2012-12-31": "21.56400", "2011-12-31": "23.85070", "2010-12-31": "22.50350", "2009-12-31": "20.03870", "2008-12-31": "22.34550", "2007-12-31": "16.46100", "2006-12-31": "", "2005-12-31": ""}, "Days Sales In Receivables": {"2019-12-31": "45.51940", "2018-12-31": "43.91090", "2017-12-31": "47.45970", "2016-12-31": "47.85970", "2015-12-31": "13.71940", "2014-12-31": "18.24410", "2013-12-31": "17.57290", "2012-12-31": "16.92640", "2011-12-31": "15.30360", "2010-12-31": "16.21970", "2009-12-31": "18.21470", "2008-12-31": "16.33440", "2007-12-31": "22.17370", "2006-12-31": "", "2005-12-31": ""}, "ROE - Return On Equity": {"2019-12-31": "-80.50840", "2018-12-31": "-77.15800", "2017-12-31": "-61.98440", "2016-12-31": "-66.51380", "2015-12-31": "-61.27570", "2014-12-31": "-68.35670", "2013-12-31": "-141.05830", "2012-12-31": "-290.23460", "2011-12-31": "1611.43400", "2010-12-31": "190.64330", "2009-12-31": "106.62330", "2008-12-31": "90.46050", "2007-12-31": "40.48730", "2006-12-31": "", "2005-12-31": ""}, "Return On Tangible Equity": {"2019-12-31": "-43.98410", "2018-12-31": "-41.00760", "2017-12-31": "-31.19340", "2016-12-31": "-35.03430", "2015-12-31": "-32.68570", "2014-12-31": "-33.92100", "2013-12-31": "-48.20260", "2012-12-31": "-54.90310", "2011-12-31": "-67.91340", "2010-12-31": "-74.23030", "2009-12-31": "-100.59880", "2008-12-31": "-223.78720", "2007-12-31": "109.54200", "2006-12-31": "", "2005-12-31": ""}, "ROA - Return On Assets": {"2019-12-31": "18.02450", "2018-12-31": "20.81860", "2017-12-31": "14.75750", "2016-12-31": "19.67380", "2015-12-31": "20.70920", "2014-12-31": "21.76370", "2013-12-31": "23.18700", "2012-12-31": "24.30050", "2011-12-31": "25.01970", "2010-12-31": "21.39230", "2009-12-31": "18.96270", "2008-12-31": "21.68510", "2007-12-31": "19.86970", "2006-12-31": "", "2005-12-31": ""}, "ROI - Return On Investment": {"2019-12-31": "45.30690", "2018-12-31": "51.03470", "2017-12-31": "30.04640", "2016-12-31": "48.49170", "2015-12-31": "51.05270", "2014-12-31": "48.69640", "2013-12-31": "49.86200", "2012-12-31": "63.19640", "2011-12-31": "57.73460", "2010-12-31": "43.33350", "2009-12-31": "33.06250", "2008-12-31": "37.08310", "2007-12-31": "29.82100", "2006-12-31": "", "2005-12-31": ""}, "Book Value Per Share": {"2019-12-31": "-6.16940", "2018-12-31": "-6.90800", "2017-12-31": "-6.58630", "2016-12-31": "-7.02600", "2015-12-31": "-7.40700", "2014-12-31": "-7.24220", "2013-12-31": "-3.94840", "2012-12-31": "-1.90730", "2011-12-31": "0.31930", "2010-12-31": "2.18280", "2009-12-31": "3.25620", "2008-12-31": "3.93820", "2007-12-31": "7.39450", "2006-12-31": "", "2005-12-31": ""}, "Operating Cash Flow Per Share": {"2019-12-31": 0.3894, "2018-12-31": 0.3566, "2017-12-31": 0.531, "2016-12-31": 0.1301, "2015-12-31": 0.1356, "2014-12-31": -1.3066, "2013-12-31": 0.6805, "2012-12-31": -0.4076, "2011-12-31": 0.8524, "2010-12-31": 1.0801, "2009-12-31": 0.2208, "2008-12-31": 1.1907, "2007-12-31": -0.3509, "2006-12-31": 2.9825, "2005-12-31": 0}, "Free Cash Flow Per Share": {"2019-12-31": 0.7653, "2018-12-31": 0.4299, "2017-12-31": 0.2898, "2016-12-31": -0.0057, "2015-12-31": 0.2521, "2014-12-31": -1.303, "2013-12-31": 0.5647, "2012-12-31": -0.5226, "2011-12-31": 0.7303, "2010-12-31": 1.0598, "2009-12-31": 0.3835, "2008-12-31": 1.1696, "2007-12-31": -0.4391, "2006-12-31": 2.5624, "2005-12-31": 0}}, "financial ratios, quarterly": {"Current Ratio": {"2020-09-30": "1.12420", "2020-06-30": "1.12560", "2020-03-31": "1.01670", "2019-12-31": "1.08930", "2019-09-30": "1.08480", "2019-06-30": "0.95110", "2019-03-31": "0.85150", "2018-12-31": "1.13090", "2018-09-30": "1.18840", "2018-06-30": "1.14830", "2018-03-31": "1.16420", "2017-12-31": "1.35280", "2017-09-30": "1.12670", "2017-06-30": "1.06900", "2017-03-31": "1.26420", "2016-12-31": "1.06930", "2016-09-30": "1.16240", "2016-06-30": "1.26630", "2016-03-31": "1.13040", "2015-12-31": "1.02720", "2015-09-30": "1.00070", "2015-06-30": "0.89510", "2015-03-31": "0.95290", "2014-12-31": "1.02460", "2014-09-30": "0.97650", "2014-06-30": "1.08320", "2014-03-31": "1.06110", "2013-12-31": "0.98750", "2013-09-30": "0.99990", "2013-06-30": "1.13930", "2013-03-31": "1.14830", "2012-12-31": "0.97500", "2012-09-30": "1.05230", "2012-06-30": "0.92460", "2012-03-31": "1.00360", "2011-12-31": "1.00440", "2011-09-30": "0.94020", "2011-06-30": "0.97090", "2011-03-31": "0.93380", "2010-12-31": "1.07440", "2010-09-30": "1.12900", "2010-06-30": "1.29380", "2010-03-31": "1.36510", "2009-12-31": "1.31350", "2009-09-30": "1.45120", "2009-06-30": "1.52400", "2009-03-31": "1.67670", "2008-12-31": "1.47270", "2008-09-30": "1.34310", "2008-06-30": "1.37700", "2008-03-31": "1.84400", "2007-12-31": "1.82750", "2007-09-30": "", "2007-06-30": "", "2007-03-31": ""}, "Long-term Debt / Capital": {"2020-09-30": "1.59910", "2020-06-30": "1.59800", "2020-03-31": "1.79380", "2019-12-31": "1.56280", "2019-09-30": "1.53010", "2019-06-30": "1.60900", "2019-03-31": "1.78670", "2018-12-31": "1.66140", "2018-09-30": "1.54520", "2018-06-30": "1.56870", "2018-03-31": "1.54890", "2017-12-31": "1.48470", "2017-09-30": "1.52260", "2017-06-30": "1.62980", "2017-03-31": "1.58550", "2016-12-31": "1.72900", "2016-09-30": "1.61990", "2016-06-30": "1.62430", "2016-03-31": "1.69000", "2015-12-31": "1.83320", "2015-09-30": "1.90070", "2015-06-30": "1.92400", "2015-03-31": "1.91900", "2014-12-31": "1.71240", "2014-09-30": "1.51900", "2014-06-30": "1.40630", "2014-03-31": "1.38000", "2013-12-31": "1.35350", "2013-09-30": "1.48970", "2013-06-30": "1.31990", "2013-03-31": "1.24220", "2012-12-31": "1.21770", "2012-09-30": "1.07090", "2012-06-30": "1.08140", "2012-03-31": "0.97600", "2011-12-31": "0.96420", "2011-09-30": "0.84070", "2011-06-30": "0.76630", "2011-03-31": "0.73390", "2010-12-31": "0.77270", "2010-09-30": "0.73420", "2010-06-30": "0.76560", "2010-03-31": "0.74030", "2009-12-31": "0.68990", "2009-09-30": "0.67180", "2009-06-30": "0.66840", "2009-03-31": "0.68120", "2008-12-31": "0.59010", "2008-09-30": "0.44160", "2008-06-30": "0.31140", "2008-03-31": "0.31010", "2007-12-31": "0.26340", "2007-09-30": "", "2007-06-30": "", "2007-03-31": ""}, "Debt/Equity Ratio": {"2020-09-30": "-2.87850", "2020-06-30": "-2.92770", "2020-03-31": "-2.56440", "2019-12-31": "-3.23420", "2019-09-30": "-3.47530", "2019-06-30": "-3.17660", "2019-03-31": "-2.97140", "2018-12-31": "-2.95740", "2018-09-30": "-3.19510", "2018-06-30": "-3.11420", "2018-03-31": "-3.32460", "2017-12-31": "-3.35670", "2017-09-30": "-3.52690", "2017-06-30": "-3.08910", "2017-03-31": "-2.96920", "2016-12-31": "-2.66670", "2016-09-30": "-2.91630", "2016-06-30": "-2.77520", "2016-03-31": "-2.73480", "2015-12-31": "-2.48170", "2015-09-30": "-2.36440", "2015-06-30": "-2.47520", "2015-03-31": "-2.49760", "2014-12-31": "-2.62920", "2014-09-30": "-3.32410", "2014-06-30": "-3.76050", "2014-03-31": "-4.14680", "2013-12-31": "-4.41150", "2013-09-30": "-3.72690", "2013-06-30": "-4.88020", "2013-03-31": "-6.31270", "2012-12-31": "-7.24130", "2012-09-30": "-19.34140", "2012-06-30": "-18.63980", "2012-03-31": "55.13490", "2011-12-31": "33.65700", "2011-09-30": "7.28420", "2011-06-30": "4.25580", "2011-03-31": "3.91000", "2010-12-31": "4.19580", "2010-09-30": "3.54400", "2010-06-30": "3.47980", "2010-03-31": "3.08240", "2009-12-31": "2.50870", "2009-09-30": "2.12260", "2009-06-30": "2.10470", "2009-03-31": "2.28490", "2008-12-31": "1.51330", "2008-09-30": "0.95830", "2008-06-30": "0.60020", "2008-03-31": "0.51020", "2007-12-31": "0.38920", "2007-09-30": "", "2007-06-30": "", "2007-03-31": ""}, "Gross Margin": {"2020-09-30": "67.55310", "2020-06-30": "67.23800", "2020-03-31": "66.41970", "2019-12-31": "63.98290", "2019-09-30": "65.91210", "2019-06-30": "65.38510", "2019-03-31": "63.48690", "2018-12-31": "62.91510", "2018-09-30": "65.11190", "2018-06-30": "64.48360", "2018-03-31": "62.07950", "2017-12-31": "63.81720", "2017-09-30": "63.40160", "2017-06-30": "63.58250", "2017-03-31": "64.09960", "2016-12-31": "-15.37880", "2016-09-30": "22.82420", "2016-06-30": "22.50410", "2016-03-31": "23.74910", "2015-12-31": "21.86600", "2015-09-30": "23.39620", "2015-06-30": "23.88210", "2015-03-31": "25.28240", "2014-12-31": "22.89250", "2014-09-30": "24.00750", "2014-06-30": "24.23160", "2014-03-31": "25.55260", "2013-12-31": "25.43890", "2013-09-30": "25.73560", "2013-06-30": "25.46500", "2013-03-31": "27.50040", "2012-12-31": "26.38030", "2012-09-30": "27.23560", "2012-06-30": "27.21960", "2012-03-31": "27.77720", "2011-12-31": "26.37740", "2011-09-30": "26.63480", "2011-06-30": "26.83110", "2011-03-31": "27.19900", "2010-12-31": "25.47310", "2010-09-30": "25.53140", "2010-06-30": "25.95060", "2010-03-31": "26.45790", "2009-12-31": "24.52380", "2009-09-30": "25.74670", "2009-06-30": "25.95810", "2009-03-31": "27.29190", "2008-12-31": "25.74580", "2008-09-30": "25.75300", "2008-06-30": "25.42660", "2008-03-31": "26.05550", "2007-12-31": "24.59590", "2007-09-30": "25.90640", "2007-06-30": "25.74560", "2007-03-31": "25.83660"}, "Operating Margin": {"2020-09-30": "43.55360", "2020-06-30": "41.06150", "2020-03-31": "38.99060", "2019-12-31": "32.49060", "2019-09-30": "36.48260", "2019-06-30": "41.39500", "2019-03-31": "30.36590", "2018-12-31": "36.03150", "2018-09-30": "42.05760", "2018-06-30": "40.03370", "2018-03-31": "35.17980", "2017-12-31": "40.27010", "2017-09-30": "41.32210", "2017-06-30": "39.56920", "2017-03-31": "39.84170", "2016-12-31": "-9.28510", "2016-09-30": "14.93350", "2016-06-30": "14.45830", "2016-03-31": "14.73080", "2015-12-31": "10.34780", "2015-09-30": "15.23530", "2015-06-30": "15.41330", "2015-03-31": "16.54560", "2014-12-31": "12.69750", "2014-09-30": "15.67850", "2014-06-30": "13.65260", "2014-03-31": "16.59820", "2013-12-31": "15.63510", "2013-09-30": "17.44630", "2013-06-30": "16.29160", "2013-03-31": "18.30300", "2012-12-31": "16.37630", "2012-09-30": "18.49220", "2012-06-30": "17.98670", "2012-03-31": "18.88250", "2011-12-31": "15.60710", "2011-09-30": "17.75810", "2011-06-30": "18.34540", "2011-03-31": "18.19120", "2010-12-31": "15.40410", "2010-09-30": "16.74540", "2010-06-30": "16.71750", "2010-03-31": "17.41840", "2009-12-31": "14.35210", "2009-09-30": "17.19670", "2009-06-30": "15.96660", "2009-03-31": "17.46200", "2008-12-31": "14.62740", "2008-09-30": "16.64270", "2008-06-30": "15.61400", "2008-03-31": "17.58400", "2007-12-31": "14.86770", "2007-09-30": "17.53090", "2007-06-30": "15.89480", "2007-03-31": "16.06120"}, "EBIT Margin": {"2020-09-30": "43.55360", "2020-06-30": "41.06150", "2020-03-31": "38.99060", "2019-12-31": "32.49060", "2019-09-30": "36.48260", "2019-06-30": "41.39500", "2019-03-31": "30.36590", "2018-12-31": "36.03150", "2018-09-30": "42.05760", "2018-06-30": "40.03370", "2018-03-31": "35.17980", "2017-12-31": "40.27010", "2017-09-30": "41.32210", "2017-06-30": "39.56920", "2017-03-31": "39.84170", "2016-12-31": "-9.28510", "2016-09-30": "14.93350", "2016-06-30": "14.45830", "2016-03-31": "14.73080", "2015-12-31": "10.34780", "2015-09-30": "15.23530", "2015-06-30": "15.41330", "2015-03-31": "16.54560", "2014-12-31": "12.69750", "2014-09-30": "15.67850", "2014-06-30": "13.65260", "2014-03-31": "16.59820", "2013-12-31": "15.63510", "2013-09-30": "17.44630", "2013-06-30": "16.29160", "2013-03-31": "18.30300", "2012-12-31": "16.37630", "2012-09-30": "18.49220", "2012-06-30": "17.98670", "2012-03-31": "18.88250", "2011-12-31": "15.60710", "2011-09-30": "17.75810", "2011-06-30": "18.34540", "2011-03-31": "18.19120", "2010-12-31": "15.40410", "2010-09-30": "16.74540", "2010-06-30": "16.71750", "2010-03-31": "17.41840", "2009-12-31": "14.35210", "2009-09-30": "17.19670", "2009-06-30": "15.96660", "2009-03-31": "17.46200", "2008-12-31": "14.62740", "2008-09-30": "16.64270", "2008-06-30": "15.61400", "2008-03-31": "17.58400", "2007-12-31": "14.86770", "2007-09-30": "17.53090", "2007-06-30": "15.89480", "2007-03-31": "16.06120"}, "EBITDA Margin": {"2020-09-30": "", "2020-06-30": "", "2020-03-31": "", "2019-12-31": "", "2019-09-30": "", "2019-06-30": "", "2019-03-31": "", "2018-12-31": "", "2018-09-30": "", "2018-06-30": "", "2018-03-31": "", "2017-12-31": "", "2017-09-30": "", "2017-06-30": "", "2017-03-31": "", "2016-12-31": "", "2016-09-30": "", "2016-06-30": "", "2016-03-31": "", "2015-12-31": "", "2015-09-30": "", "2015-06-30": "", "2015-03-31": "", "2014-12-31": "", "2014-09-30": "", "2014-06-30": "", "2014-03-31": "", "2013-12-31": "", "2013-09-30": "", "2013-06-30": "", "2013-03-31": "", "2012-12-31": "", "2012-09-30": "", "2012-06-30": "", "2012-03-31": "", "2011-12-31": "", "2011-09-30": "", "2011-06-30": "", "2011-03-31": "", "2010-12-31": "", "2010-09-30": "", "2010-06-30": "", "2010-03-31": "", "2009-12-31": "", "2009-09-30": "", "2009-06-30": "", "2009-03-31": "", "2008-12-31": "", "2008-09-30": "", "2008-06-30": "", "2008-03-31": "", "2007-12-31": "", "2007-09-30": "", "2007-06-30": "", "2007-03-31": ""}, "Pre-Tax Profit Margin": {"2020-09-30": "41.05560", "2020-06-30": "38.29500", "2020-03-31": "36.86570", "2019-12-31": "30.36430", "2019-09-30": "34.49360", "2019-06-30": "39.18690", "2019-03-31": "27.80330", "2018-12-31": "34.07120", "2018-09-30": "40.03200", "2018-06-30": "37.78150", "2018-03-31": "31.80100", "2017-12-31": "36.88210", "2017-09-30": "38.07040", "2017-06-30": "36.25850", "2017-03-31": "35.90040", "2016-12-31": "-8.29120", "2016-09-30": "13.83000", "2016-06-30": "13.28710", "2016-03-31": "13.25950", "2015-12-31": "9.11220", "2015-09-30": "13.96360", "2015-06-30": "14.03290", "2015-03-31": "14.96080", "2014-12-31": "11.37860", "2014-09-30": "14.42700", "2014-06-30": "12.44600", "2014-03-31": "15.09080", "2013-12-31": "14.39920", "2013-09-30": "16.28780", "2013-06-30": "15.09060", "2013-03-31": "17.02920", "2012-12-31": "15.23150", "2012-09-30": "17.41530", "2012-06-30": "16.94370", "2012-03-31": "17.70060", "2011-12-31": "14.61640", "2011-09-30": "16.83090", "2011-06-30": "17.31740", "2011-03-31": "16.90260", "2010-12-31": "14.19110", "2010-09-30": "15.48180", "2010-06-30": "15.43460", "2010-03-31": "15.98770", "2009-12-31": "13.02920", "2009-09-30": "15.86320", "2009-06-30": "14.69800", "2009-03-31": "16.27280", "2008-12-31": "13.93090", "2008-09-30": "16.24530", "2008-06-30": "15.24880", "2008-03-31": "17.06150", "2007-12-31": "14.77350", "2007-09-30": "17.64330", "2007-06-30": "15.87320", "2007-03-31": "15.98580"}, "Net Profit Margin": {"2020-09-30": "30.91590", "2020-06-30": "29.27380", "2020-03-31": "25.45790", "2019-12-31": "20.84790", "2019-09-30": "24.74480", "2019-06-30": "30.12080", "2019-03-31": "19.99700", "2018-12-31": "25.43010", "2018-09-30": "29.87740", "2018-06-30": "28.38470", "2018-03-31": "22.52030", "2017-12-31": "8.34340", "2017-09-30": "26.30800", "2017-06-30": "25.67590", "2017-03-31": "26.17080", "2016-12-31": "-5.87020", "2016-09-30": "9.69650", "2016-06-30": "9.36400", "2016-03-31": "9.08390", "2015-12-31": "6.77700", "2015-09-30": "9.96290", "2015-06-30": "10.02510", "2015-03-31": "10.30430", "2014-12-31": "8.00360", "2014-09-30": "10.05860", "2014-06-30": "8.75020", "2014-03-31": "10.54620", "2013-12-31": "9.69100", "2013-09-30": "11.28510", "2013-06-30": "10.31590", "2013-03-31": "11.41040", "2012-12-31": "10.55110", "2012-09-30": "11.30560", "2012-06-30": "11.50370", "2012-03-31": "11.92430", "2011-12-31": "9.93320", "2011-09-30": "11.41220", "2011-06-30": "11.83650", "2011-03-31": "11.54870", "2010-12-31": "9.65350", "2010-09-30": "10.75820", "2010-06-30": "11.40190", "2010-03-31": "10.92580", "2009-12-31": "8.94870", "2009-09-30": "10.84900", "2009-06-30": "10.16240", "2009-03-31": "11.10940", "2008-12-31": "9.49530", "2008-09-30": "11.97810", "2008-06-30": "10.12990", "2008-03-31": "11.65530", "2007-12-31": "10.03990", "2007-09-30": "12.12060", "2007-06-30": "10.63240", "2007-03-31": "10.89090"}, "Asset Turnover": {"2020-09-30": "0.19030", "2020-06-30": "0.16980", "2020-03-31": "0.19080", "2019-12-31": "0.17990", "2019-09-30": "0.18450", "2019-06-30": "0.19280", "2019-03-31": "0.17750", "2018-12-31": "0.18840", "2018-09-30": "0.19060", "2018-06-30": "0.18970", "2018-03-31": "0.16010", "2017-12-31": "0.19300", "2017-09-30": "0.17810", "2017-06-30": "0.17890", "2017-03-31": "0.16560", "2016-12-31": "-0.78910", "2016-09-30": "0.56030", "2016-06-30": "0.54710", "2016-03-31": "0.48490", "2015-12-31": "0.54100", "2015-09-30": "0.60670", "2015-06-30": "0.57360", "2015-03-31": "0.52180", "2014-12-31": "0.56670", "2014-09-30": "0.60270", "2014-06-30": "0.57950", "2014-03-31": "0.49200", "2013-12-31": "0.53420", "2013-09-30": "0.56060", "2013-06-30": "0.55150", "2013-03-31": "0.49510", "2012-12-31": "0.52410", "2012-09-30": "0.51140", "2012-06-30": "0.55970", "2012-03-31": "0.49510", "2011-12-31": "0.53190", "2011-09-30": "0.57170", "2011-06-30": "0.54990", "2011-03-31": "0.46490", "2010-12-31": "0.50800", "2010-09-30": "0.45920", "2010-06-30": "0.52160", "2010-03-31": "0.45610", "2009-12-31": "0.49220", "2009-09-30": "0.49170", "2009-06-30": "0.45920", "2009-03-31": "0.43210", "2008-12-31": "0.46150", "2008-09-30": "0.49190", "2008-06-30": "0.48670", "2008-03-31": "0.45520", "2007-12-31": "0.43410", "2007-09-30": "", "2007-06-30": "", "2007-03-31": ""}, "Inventory Turnover Ratio": {"2020-09-30": "0.29610", "2020-06-30": "0.24300", "2020-03-31": "0.26560", "2019-12-31": "0.30080", "2019-09-30": "0.30540", "2019-06-30": "0.32280", "2019-03-31": "0.29630", "2018-12-31": "0.31590", "2018-09-30": "0.31020", "2018-06-30": "0.30750", "2018-03-31": "0.30440", "2017-12-31": "0.34080", "2017-09-30": "0.33020", "2017-06-30": "0.32590", "2017-03-31": "0.27190", "2016-12-31": "-3.72090", "2016-09-30": "2.05520", "2016-06-30": "1.84700", "2016-03-31": "1.47150", "2015-12-31": "1.69410", "2015-09-30": "2.06440", "2015-06-30": "1.98170", "2015-03-31": "1.71680", "2014-12-31": "1.78960", "2014-09-30": "2.03200", "2014-06-30": "1.92840", "2014-03-31": "1.51720", "2013-12-31": "1.54410", "2013-09-30": "1.90880", "2013-06-30": "1.85800", "2013-03-31": "1.68410", "2012-12-31": "1.62410", "2012-09-30": "1.72950", "2012-06-30": "1.99440", "2012-03-31": "1.78030", "2011-12-31": "1.71150", "2011-09-30": "2.03820", "2011-06-30": "1.87310", "2011-03-31": "1.45500", "2010-12-31": "1.59560", "2010-09-30": "1.52910", "2010-06-30": "1.71580", "2010-03-31": "1.38460", "2009-12-31": "1.39430", "2009-09-30": "1.38630", "2009-06-30": "1.36880", "2009-03-31": "1.23470", "2008-12-31": "1.16930", "2008-09-30": "1.45600", "2008-06-30": "1.38350", "2008-03-31": "1.17670", "2007-12-31": "1.11000", "2007-09-30": "", "2007-06-30": "", "2007-03-31": ""}, "Receiveable Turnover": {"2020-09-30": "2.00590", "2020-06-30": "1.68640", "2020-03-31": "2.14550", "2019-12-31": "2.07510", "2019-09-30": "2.04930", "2019-06-30": "1.88980", "2019-03-31": "1.90980", "2018-12-31": "2.10410", "2018-09-30": "2.13060", "2018-06-30": "2.04830", "2018-03-31": "1.77090", "2017-12-31": "2.21880", "2017-09-30": "1.87530", "2017-06-30": "1.89610", "2017-03-31": "1.96250", "2016-12-31": "-8.31070", "2016-09-30": "6.43060", "2016-06-30": "6.17210", "2016-03-31": "5.61660", "2015-12-31": "6.61300", "2015-09-30": "5.84650", "2015-06-30": "5.18460", "2015-03-31": "4.63830", "2014-12-31": "4.98030", "2014-09-30": "5.63670", "2014-06-30": "5.15830", "2014-03-31": "5.21680", "2013-12-31": "5.29200", "2013-09-30": "5.63790", "2013-06-30": "5.16730", "2013-03-31": "5.15930", "2012-12-31": "5.50070", "2012-09-30": "5.50030", "2012-06-30": "5.63950", "2012-03-31": "5.19070", "2011-12-31": "5.89690", "2011-09-30": "6.38680", "2011-06-30": "5.87690", "2011-03-31": "5.52660", "2010-12-31": "5.91790", "2010-09-30": "5.60420", "2010-06-30": "5.37840", "2010-03-31": "4.89230", "2009-12-31": "5.49000", "2009-09-30": "5.43730", "2009-06-30": "4.79750", "2009-03-31": "5.10610", "2008-12-31": "5.34340", "2008-09-30": "5.83700", "2008-06-30": "5.40030", "2008-03-31": "5.15220", "2007-12-31": "4.11050", "2007-09-30": "", "2007-06-30": "", "2007-03-31": ""}, "Days Sales In Receivables": {"2020-09-30": "44.86710", "2020-06-30": "53.36940", "2020-03-31": "41.94880", "2019-12-31": "43.37220", "2019-09-30": "43.91650", "2019-06-30": "47.62440", "2019-03-31": "47.12640", "2018-12-31": "42.77370", "2018-09-30": "42.24150", "2018-06-30": "43.94000", "2018-03-31": "50.82080", "2017-12-31": "40.56190", "2017-09-30": "47.99280", "2017-06-30": "47.46570", "2017-03-31": "45.86080", "2016-12-31": "-10.82950", "2016-09-30": "13.99550", "2016-06-30": "14.58170", "2016-03-31": "16.02390", "2015-12-31": "13.60950", "2015-09-30": "15.39390", "2015-06-30": "17.35920", "2015-03-31": "19.40350", "2014-12-31": "18.07130", "2014-09-30": "15.96670", "2014-06-30": "17.44760", "2014-03-31": "17.25180", "2013-12-31": "17.00690", "2013-09-30": "15.96350", "2013-06-30": "17.41740", "2013-03-31": "17.44430", "2012-12-31": "16.36160", "2012-09-30": "16.36280", "2012-06-30": "15.95900", "2012-03-31": "17.33880", "2011-12-31": "15.26220", "2011-09-30": "14.09160", "2011-06-30": "15.31430", "2011-03-31": "16.28490", "2010-12-31": "15.20810", "2010-09-30": "16.05930", "2010-06-30": "16.73360", "2010-03-31": "18.39610", "2009-12-31": "16.39350", "2009-09-30": "16.55220", "2009-06-30": "18.75960", "2009-03-31": "17.62610", "2008-12-31": "16.84320", "2008-09-30": "15.41900", "2008-06-30": "16.66590", "2008-03-31": "17.46830", "2007-12-31": "21.89490", "2007-09-30": "", "2007-06-30": "", "2007-03-31": ""}, "ROE - Return On Equity": {"2020-09-30": "-23.78720", "2020-06-30": "-20.24700", "2020-03-31": "-17.96080", "2019-12-31": "-18.56440", "2019-09-30": "-22.34840", "2019-06-30": "-25.89010", "2019-03-31": "-14.37410", "2018-12-31": "-18.65160", "2018-09-30": "-23.54660", "2018-06-30": "-22.57080", "2018-03-31": "-15.71270", "2017-12-31": "-7.78100", "2017-09-30": "-21.22910", "2017-06-30": "-17.92350", "2017-03-31": "-15.70520", "2016-12-31": "-16.28440", "2016-09-30": "-19.65690", "2016-06-30": "-17.05710", "2016-03-31": "-14.73290", "2015-12-31": "-11.31060", "2015-09-30": "-16.22770", "2015-06-30": "-16.24000", "2015-03-31": "-14.97630", "2014-12-31": "-14.71930", "2014-09-30": "-25.33130", "2014-06-30": "-24.14940", "2014-03-31": "-26.77100", "2013-12-31": "-32.45140", "2013-09-30": "-33.40290", "2013-06-30": "-41.99040", "2013-03-31": "-54.69790", "2012-12-31": "-69.46730", "2012-09-30": "-200.34480", "2012-06-30": "-215.68100", "2012-03-31": "590.47620", "2011-12-31": "353.17610", "2011-09-30": "100.94340", "2011-06-30": "62.50000", "2011-03-31": "46.10210", "2010-12-31": "46.02090", "2010-09-30": "38.43190", "2010-06-30": "46.65300", "2010-03-31": "33.76970", "2009-12-31": "25.77710", "2009-09-30": "27.61390", "2009-06-30": "23.88220", "2009-03-31": "24.65870", "2008-12-31": "19.16750", "2008-09-30": "18.51790", "2008-06-30": "12.67040", "2008-03-31": "11.66600", "2007-12-31": "10.65090", "2007-09-30": "", "2007-06-30": "", "2007-03-31": ""}, "Return On Tangible Equity": {"2020-09-30": "-13.67720", "2020-06-30": "-11.56260", "2020-03-31": "-10.91940", "2019-12-31": "-10.14230", "2019-09-30": "-12.06160", "2019-06-30": "-14.02660", "2019-03-31": "-8.09330", "2018-12-31": "-9.91290", "2018-09-30": "-11.98670", "2018-06-30": "-11.58160", "2018-03-31": "-7.99360", "2017-12-31": "-3.91580", "2017-09-30": "-10.32050", "2017-06-30": "-9.02150", "2017-03-31": "-8.06460", "2016-12-31": "-8.57740", "2016-09-30": "-9.87290", "2016-06-30": "-8.76140", "2016-03-31": "-7.55610", "2015-12-31": "-6.03330", "2015-09-30": "-8.91650", "2015-06-30": "-8.50840", "2015-03-31": "-7.96660", "2014-12-31": "-7.30420", "2014-09-30": "-10.71260", "2014-06-30": "-9.40870", "2014-03-31": "-9.87630", "2013-12-31": "-11.08930", "2013-09-30": "-12.21890", "2013-06-30": "-12.03780", "2013-03-31": "-12.73470", "2012-12-31": "-13.14100", "2012-09-30": "-15.79450", "2012-06-30": "-16.63790", "2012-03-31": "-16.58000", "2011-12-31": "-14.88450", "2011-09-30": "-21.54430", "2011-06-30": "-23.23300", "2011-03-31": "-19.47280", "2010-12-31": "-17.91900", "2010-09-30": "-20.70020", "2010-06-30": "-22.21500", "2010-03-31": "-20.26110", "2009-12-31": "-24.32060", "2009-09-30": "-32.12060", "2009-06-30": "-31.63630", "2009-03-31": "-32.53270", "2008-12-31": "-47.41780", "2008-09-30": "-277.57730", "2008-06-30": "55.47840", "2008-03-31": "37.40510", "2007-12-31": "28.81680", "2007-09-30": "", "2007-06-30": "", "2007-03-31": ""}, "ROA - Return On Assets": {"2020-09-30": "6.22810", "2020-06-30": "5.23210", "2020-03-31": "5.29950", "2019-12-31": "4.15630", "2019-09-30": "4.93960", "2019-06-30": "6.10170", "2019-03-31": "3.84840", "2018-12-31": "5.03250", "2018-09-30": "5.94460", "2018-06-30": "5.63590", "2018-03-31": "3.82400", "2017-12-31": "1.85250", "2017-09-30": "4.87470", "2017-06-30": "4.76460", "2017-03-31": "4.52670", "2016-12-31": "4.81670", "2016-09-30": "5.70030", "2016-06-30": "5.29280", "2016-03-31": "4.63590", "2015-12-31": "3.82260", "2015-09-30": "6.19790", "2015-06-30": "5.85700", "2015-03-31": "5.51500", "2014-12-31": "4.68640", "2014-09-30": "6.20890", "2014-06-30": "5.21680", "2014-03-31": "5.30200", "2013-12-31": "5.33430", "2013-09-30": "6.52810", "2013-06-30": "5.90740", "2013-03-31": "5.92760", "2012-12-31": "5.81630", "2012-09-30": "6.06650", "2012-06-30": "6.72380", "2012-03-31": "6.13200", "2011-12-31": "5.48350", "2011-09-30": "6.79460", "2011-06-30": "6.75380", "2011-03-31": "5.58870", "2010-12-31": "5.16410", "2010-09-30": "5.13030", "2010-06-30": "6.12770", "2010-03-31": "5.13270", "2009-12-31": "4.58440", "2009-09-30": "5.50070", "2009-06-30": "4.82080", "2009-03-31": "4.93430", "2008-12-31": "4.59480", "2008-09-30": "6.10110", "2008-06-30": "5.11980", "2008-03-31": "5.46750", "2007-12-31": "5.22710", "2007-09-30": "", "2007-06-30": "", "2007-03-31": ""}, "ROI - Return On Investment": {"2020-09-30": "14.25060", "2020-06-30": "12.10780", "2020-03-31": "14.25800", "2019-12-31": "10.44730", "2019-09-30": "11.84650", "2019-06-30": "15.76800", "2019-03-31": "11.30850", "2018-12-31": "12.33680", "2018-09-30": "12.83650", "2018-06-30": "12.83560", "2018-03-31": "8.62480", "2017-12-31": "3.77180", "2017-09-30": "11.09480", "2017-06-30": "11.28820", "2017-03-31": "9.19530", "2016-12-31": "11.87210", "2016-09-30": "12.18530", "2016-06-30": "10.64800", "2016-03-31": "10.16530", "2015-12-31": "9.42360", "2015-09-30": "14.61620", "2015-06-30": "15.00630", "2015-03-31": "13.76260", "2014-12-31": "10.48580", "2014-09-30": "13.14750", "2014-06-30": "9.81150", "2014-03-31": "10.17420", "2013-12-31": "11.47110", "2013-09-30": "16.35570", "2013-06-30": "13.43210", "2013-03-31": "13.24890", "2012-12-31": "15.12600", "2012-09-30": "14.20540", "2012-06-30": "17.55910", "2012-03-31": "14.19490", "2011-12-31": "12.65360", "2011-09-30": "16.07660", "2011-06-30": "14.60650", "2011-03-31": "12.26920", "2010-12-31": "10.46060", "2010-09-30": "10.21710", "2010-06-30": "10.93560", "2010-03-31": "8.76870", "2009-12-31": "7.99310", "2009-09-30": "9.06380", "2009-06-30": "7.91890", "2009-03-31": "7.86170", "2008-12-31": "7.85750", "2008-09-30": "10.34090", "2008-06-30": "8.72480", "2008-03-31": "8.04820", "2007-12-31": "7.84490", "2007-09-30": "", "2007-06-30": "", "2007-03-31": ""}, "Book Value Per Share": {"2020-09-30": "-6.57870", "2020-06-30": "-6.49850", "2020-03-31": "-7.10480", "2019-12-31": "-6.16940", "2019-09-30": "-5.88420", "2019-06-30": "-6.04760", "2019-03-31": "-6.54650", "2018-12-31": "-6.90800", "2018-09-30": "-6.39550", "2018-06-30": "-6.54100", "2018-03-31": "-6.74320", "2017-12-31": "-6.58630", "2017-09-30": "-6.20210", "2017-06-30": "-6.61670", "2017-03-31": "-6.79720", "2016-12-31": "-7.02600", "2016-09-30": "-6.65040", "2016-06-30": "-6.96110", "2016-03-31": "-7.02270", "2015-12-31": "-7.40700", "2015-09-30": "-7.89130", "2015-06-30": "-7.61570", "2015-03-31": "-7.90530", "2014-12-31": "-7.24220", "2014-09-30": "-5.57660", "2014-06-30": "-5.01480", "2014-03-31": "-4.54060", "2013-12-31": "-3.94840", "2013-09-30": "-4.47740", "2013-06-30": "-3.21980", "2013-03-31": "-2.47370", "2012-12-31": "-1.90730", "2012-09-30": "-0.69220", "2012-06-30": "-0.65930", "2012-03-31": "0.22100", "2011-12-31": "0.31930", "2011-09-30": "1.40100", "2011-06-30": "2.25730", "2011-03-31": "2.41700", "2010-12-31": "2.18280", "2010-09-30": "2.70750", "2010-06-30": "2.38470", "2010-03-31": "2.79750", "2009-12-31": "3.25620", "2009-09-30": "3.51330", "2009-06-30": "3.44340", "2009-03-31": "3.11970", "2008-12-31": "3.93820", "2008-09-30": "5.73850", "2008-06-30": "6.69900", "2008-03-31": "7.00710", "2007-12-31": "7.39450", "2007-09-30": "", "2007-06-30": "", "2007-03-31": ""}, "Operating Cash Flow Per Share": {"2020-09-30": 2.3184, "2020-06-30": 1.2368, "2020-03-31": "0.71310", "2019-12-31": 2.1363, "2019-09-30": 1.3387, "2019-06-30": 2.212, "2019-03-31": "0.79760", "2018-12-31": 1.5576, "2018-09-30": 1.0823, "2018-06-30": 2.5673, "2018-03-31": "0.88800", "2017-12-31": 1.8834, "2017-09-30": 1.2355, "2017-06-30": 2.0769, "2017-03-31": "0.54280", "2016-12-31": 1.3855, "2016-09-30": 1.9936, "2016-06-30": 1.5304, "2016-03-31": "0.29810", "2015-12-31": 1.2086, "2015-09-30": 1.7385, "2015-06-30": 2.3726, "2015-03-31": "-0.24220", "2014-12-31": 0.849, "2014-09-30": 1.9159, "2014-06-30": 1.7253, "2014-03-31": "0.45170", "2013-12-31": 1.4065, "2013-09-30": 2.083, "2013-06-30": 1.9309, "2013-03-31": "0.82810", "2012-12-31": 0.9506, "2012-09-30": 1.4557, "2012-06-30": 2.0576, "2012-03-31": "1.10410", "2011-12-31": 0.505, "2011-09-30": 1.794, "2011-06-30": 2.3416, "2011-03-31": "1.33500", "2010-12-31": 0.8303, "2010-09-30": 1.3513, "2010-06-30": 1.8905, "2010-03-31": "1.05110", "2009-12-31": 0.7764, "2009-09-30": 0.9347, "2009-06-30": 1.6185, "2009-03-31": "0.71350", "2008-12-31": 0.4275, "2008-09-30": 0.9736, "2008-06-30": 1.6703, "2008-03-31": "0.75090", "2007-12-31": 0.11, "2007-09-30": 0.5216, "2007-06-30": 1.5206, "2007-03-31": "0.47940"}, "Free Cash Flow Per Share": {"2020-09-30": 2.221, "2020-06-30": 1.1468, "2020-03-31": "0.60400", "2019-12-31": 2.036, "2019-09-30": 1.214, "2019-06-30": 2.0977, "2019-03-31": "0.58930", "2018-12-31": 1.3428, "2018-09-30": 0.8713, "2018-06-30": 2.3044, "2018-03-31": "0.65320", "2017-12-31": 1.5269, "2017-09-30": 0.9556, "2017-06-30": 1.9045, "2017-03-31": "0.35480", "2016-12-31": 1.1032, "2016-09-30": 1.8298, "2016-06-30": 1.3667, "2016-03-31": "0.15230", "2015-12-31": 0.9993, "2015-09-30": 1.5946, "2015-06-30": 2.2372, "2015-03-31": "-0.37340", "2014-12-31": 0.628, "2014-09-30": 1.724, "2014-06-30": 1.5636, "2014-03-31": "0.29000", "2013-12-31": 1.1753, "2013-09-30": 1.8931, "2013-06-30": 1.7579, "2013-03-31": "0.68230", "2012-12-31": 0.7538, "2012-09-30": 1.3083, "2012-06-30": 1.9097, "2012-03-31": "0.97210", "2011-12-31": 0.3207, "2011-09-30": 1.6639, "2011-06-30": 2.2355, "2011-03-31": "1.24640", "2010-12-31": 0.7072, "2010-09-30": 1.2599, "2010-06-30": 1.7979, "2010-03-31": "0.97120", "2009-12-31": 0.6555, "2009-09-30": 0.8536, "2009-06-30": 1.5263, "2009-03-31": "0.64100", "2008-12-31": 0.2919, "2008-09-30": 0.8524, "2008-06-30": 1.5404, "2008-03-31": "0.60820", "2007-12-31": -0.0597, "2007-09-30": 0.4002, "2007-06-30": 1.4125, "2007-03-31": "0.37030"}}, "revenue": {"Philip Morris Annual Revenue (Millions of US $)": {"2020": "$28,694", "2019": "$29,805", "2018": "$29,625", "2017": "$28,748", "2016": "$26,685", "2015": "$73,908", "2014": "$80,106", "2013": "$80,029", "2012": "$77,393", "2011": "$76,346", "2010": "$67,713", "2009": "$62,080", "2008": "$63,640", "2007": "$55,243", "2006": "$48,302", "2005": "$45,316"}, "Philip Morris Quarterly Revenue (Millions of US $)": {"2020-12-31": "$7,444", "2020-09-30": "$7,446", "2020-06-30": "$6,651", "2020-03-31": "$7,153", "2019-12-31": "$7,713", "2019-09-30": "$7,642", "2019-06-30": "$7,699", "2019-03-31": "$6,751", "2018-12-31": "$7,499", "2018-09-30": "$7,504", "2018-06-30": "$7,726", "2018-03-31": "$6,896", "2017-12-31": "$8,294", "2017-09-30": "$7,473", "2017-06-30": "$6,917", "2017-03-31": "$6,064", "2016-12-31": "$-29,079", "2016-09-30": "$19,935", "2016-06-30": "$19,041", "2016-03-31": "$16,788", "2015-12-31": "$18,371", "2015-09-30": "$19,422", "2015-06-30": "$18,763", "2015-03-31": "$17,352", "2014-12-31": "$19,941", "2014-09-30": "$21,335", "2014-06-30": "$21,051", "2014-03-31": "$17,779", "2013-12-31": "$20,390", "2013-09-30": "$20,629", "2013-06-30": "$20,483", "2013-03-31": "$18,527", "2012-12-31": "$19,742", "2012-09-30": "$19,592", "2012-06-30": "$20,037", "2012-03-31": "$18,022", "2011-12-31": "$18,876", "2011-09-30": "$20,706", "2011-06-30": "$20,234", "2011-03-31": "$16,530", "2010-12-31": "$17,807", "2010-09-30": "$16,936", "2010-06-30": "$17,383", "2010-03-31": "$15,587", "2009-12-31": "$17,008", "2009-09-30": "$16,573", "2009-06-30": "$15,213", "2009-03-31": "$13,286", "2008-12-31": "$15,218", "2008-09-30": "$17,365", "2008-06-30": "$16,703", "2008-03-31": "$14,354", "2007-12-31": "$13,795", "2007-09-30": "$14,232", "2007-06-30": "$13,948", "2007-03-31": "$13,268"}}, "gross-profit": {"Philip Morris Annual Gross Profit (Millions of US $)": {"2020": "$19,125", "2019": "$19,292", "2018": "$18,867", "2017": "$18,316", "2016": "$17,294", "2015": "$17,429", "2014": "$19,331", "2013": "$20,807", "2012": "$21,004", "2011": "$20,419", "2010": "$17,495", "2009": "$16,013", "2008": "$16,377", "2007": "$14,099", "2006": "$12,623", "2005": "$45,316"}, "Philip Morris Quarterly Gross Profit (Millions of US $)": {"2020-12-31": "$4,872", "2020-09-30": "$5,030", "2020-06-30": "$4,472", "2020-03-31": "$4,751", "2019-12-31": "$4,935", "2019-09-30": "$5,037", "2019-06-30": "$5,034", "2019-03-31": "$4,286", "2018-12-31": "$4,718", "2018-09-30": "$4,886", "2018-06-30": "$4,982", "2018-03-31": "$4,281", "2017-12-31": "$5,293", "2017-09-30": "$4,738", "2017-06-30": "$4,398", "2017-03-31": "$3,887", "2016-12-31": "$4,472", "2016-09-30": "$4,550", "2016-06-30": "$4,285", "2016-03-31": "$3,987", "2015-12-31": "$4,017", "2015-09-30": "$4,544", "2015-06-30": "$4,481", "2015-03-31": "$4,387", "2014-12-31": "$4,565", "2014-09-30": "$5,122", "2014-06-30": "$5,101", "2014-03-31": "$4,543", "2013-12-31": "$5,187", "2013-09-30": "$5,309", "2013-06-30": "$5,216", "2013-03-31": "$5,095", "2012-12-31": "$5,208", "2012-09-30": "$5,336", "2012-06-30": "$5,454", "2012-03-31": "$5,006", "2011-12-31": "$4,979", "2011-09-30": "$5,515", "2011-06-30": "$5,429", "2011-03-31": "$4,496", "2010-12-31": "$4,536", "2010-09-30": "$4,324", "2010-06-30": "$4,511", "2010-03-31": "$4,124", "2009-12-31": "$4,171", "2009-09-30": "$4,267", "2009-06-30": "$3,949", "2009-03-31": "$3,626", "2008-12-31": "$3,918", "2008-09-30": "$4,472", "2008-06-30": "$4,247", "2008-03-31": "$3,740", "2007-12-31": "$3,393", "2007-09-30": "$3,687", "2007-06-30": "$3,591", "2007-03-31": "$3,428"}}, "operating-income": {"Philip Morris Annual Operating Income (Millions of US $)": {"2020": "$11,668", "2019": "$10,531", "2018": "$11,377", "2017": "$11,581", "2016": "$10,903", "2015": "$10,623", "2014": "$11,702", "2013": "$13,515", "2012": "$13,863", "2011": "$13,342", "2010": "$11,200", "2009": "$10,040", "2008": "$10,248", "2007": "$8,894", "2006": "$8,350", "2005": "$45,316"}, "Philip Morris Quarterly Operating Income (Millions of US $)": {"2020-12-31": "$2,905", "2020-09-30": "$3,243", "2020-06-30": "$2,731", "2020-03-31": "$2,789", "2019-12-31": "$2,506", "2019-09-30": "$2,788", "2019-06-30": "$3,187", "2019-03-31": "$2,050", "2018-12-31": "$2,702", "2018-09-30": "$3,156", "2018-06-30": "$3,093", "2018-03-31": "$2,426", "2017-12-31": "$3,340", "2017-09-30": "$3,088", "2017-06-30": "$2,737", "2017-03-31": "$2,416", "2016-12-31": "$2,700", "2016-09-30": "$2,977", "2016-06-30": "$2,753", "2016-03-31": "$2,473", "2015-12-31": "$1,901", "2015-09-30": "$2,959", "2015-06-30": "$2,892", "2015-03-31": "$2,871", "2014-12-31": "$2,532", "2014-09-30": "$3,345", "2014-06-30": "$2,874", "2014-03-31": "$2,951", "2013-12-31": "$3,188", "2013-09-30": "$3,599", "2013-06-30": "$3,337", "2013-03-31": "$3,391", "2012-12-31": "$3,233", "2012-09-30": "$3,623", "2012-06-30": "$3,604", "2012-03-31": "$3,403", "2011-12-31": "$2,946", "2011-09-30": "$3,677", "2011-06-30": "$3,712", "2011-03-31": "$3,007", "2010-12-31": "$2,743", "2010-09-30": "$2,836", "2010-06-30": "$2,906", "2010-03-31": "$2,715", "2009-12-31": "$2,441", "2009-09-30": "$2,850", "2009-06-30": "$2,429", "2009-03-31": "$2,320", "2008-12-31": "$2,226", "2008-09-30": "$2,890", "2008-06-30": "$2,608", "2008-03-31": "$2,524", "2007-12-31": "$2,051", "2007-09-30": "$2,495", "2007-06-30": "$2,217", "2007-03-31": "$2,131"}}, "ebitda": {"Philip Morris Annual EBITDA (Millions of US $)": {"2019": "$11,495", "2018": "$12,366", "2017": "$12,456", "2016": "$11,646", "2015": "$11,377", "2014": "$12,591", "2013": "$14,397", "2012": "$14,761", "2011": "$14,335", "2010": "$12,132", "2009": "$10,893", "2008": "$11,090", "2007": "$9,642", "2006": "$9,008", "2005": "$45,316"}, "Philip Morris Quarterly EBITDA (Millions of US $)": {"2020-09-30": "$3,482", "2020-06-30": "$2,960", "2020-03-31": "$3,030", "2019-12-31": "$2,761", "2019-09-30": "$3,025", "2019-06-30": "$3,419", "2019-03-31": "$2,290", "2018-12-31": "$2,957", "2018-09-30": "$3,402", "2018-06-30": "$3,339", "2018-03-31": "$2,668", "2017-12-31": "$3,583", "2017-09-30": "$3,313", "2017-06-30": "$2,947", "2017-03-31": "$2,613", "2016-12-31": "$2,895", "2016-09-30": "$3,165", "2016-06-30": "$2,938", "2016-03-31": "$2,648", "2015-12-31": "$2,094", "2015-09-30": "$3,143", "2015-06-30": "$3,077", "2015-03-31": "$3,063", "2014-12-31": "$2,761", "2014-09-30": "$3,578", "2014-06-30": "$3,090", "2014-03-31": "$3,162", "2013-12-31": "$3,411", "2013-09-30": "$3,817", "2013-06-30": "$3,556", "2013-03-31": "$3,613", "2012-12-31": "$3,466", "2012-09-30": "$3,839", "2012-06-30": "$3,826", "2012-03-31": "$3,630", "2011-12-31": "$3,196", "2011-09-30": "$3,932", "2011-06-30": "$3,961", "2011-03-31": "$3,246", "2010-12-31": "$2,998", "2010-09-30": "$3,066", "2010-06-30": "$3,130", "2010-03-31": "$2,938", "2009-12-31": "$2,687", "2009-09-30": "$3,062", "2009-06-30": "$2,631", "2009-03-31": "$2,513", "2008-12-31": "$2,443", "2008-09-30": "$3,111", "2008-06-30": "$2,811", "2008-03-31": "$2,725", "2007-12-31": "$2,269", "2007-09-30": "$2,687", "2007-06-30": "$2,392", "2007-03-31": "$2,294"}}, "net-income": {"Philip Morris Annual Net Income (Millions of US $)": {"2020": "$8,056", "2019": "$7,168", "2018": "$7,895", "2017": "$6,021", "2016": "$6,948", "2015": "$6,849", "2014": "$7,459", "2013": "$8,531", "2012": "$8,752", "2011": "$8,542", "2010": "$7,226", "2009": "$6,342", "2008": "$6,890", "2007": "$6,038", "2006": "$6,130", "2005": "$5,616"}, "Philip Morris Quarterly Net Income (Millions of US $)": {"2020-12-31": "$1,976", "2020-09-30": "$2,302", "2020-06-30": "$1,947", "2020-03-31": "$1,821", "2019-12-31": "$1,608", "2019-09-30": "$1,891", "2019-06-30": "$2,319", "2019-03-31": "$1,350", "2018-12-31": "$1,907", "2018-09-30": "$2,242", "2018-06-30": "$2,193", "2018-03-31": "$1,553", "2017-12-31": "$692", "2017-09-30": "$1,966", "2017-06-30": "$1,776", "2017-03-31": "$1,587", "2016-12-31": "$1,707", "2016-09-30": "$1,933", "2016-06-30": "$1,783", "2016-03-31": "$1,525", "2015-12-31": "$1,245", "2015-09-30": "$1,935", "2015-06-30": "$1,881", "2015-03-31": "$1,788", "2014-12-31": "$1,596", "2014-09-30": "$2,146", "2014-06-30": "$1,842", "2014-03-31": "$1,875", "2013-12-31": "$1,976", "2013-09-30": "$2,328", "2013-06-30": "$2,113", "2013-03-31": "$2,114", "2012-12-31": "$2,083", "2012-09-30": "$2,215", "2012-06-30": "$2,305", "2012-03-31": "$2,149", "2011-12-31": "$1,875", "2011-09-30": "$2,363", "2011-06-30": "$2,395", "2011-03-31": "$1,909", "2010-12-31": "$1,719", "2010-09-30": "$1,822", "2010-06-30": "$1,982", "2010-03-31": "$1,703", "2009-12-31": "$1,522", "2009-09-30": "$1,798", "2009-06-30": "$1,546", "2009-03-31": "$1,476", "2008-12-31": "$1,445", "2008-09-30": "$2,080", "2008-06-30": "$1,692", "2008-03-31": "$1,673", "2007-12-31": "$1,385", "2007-09-30": "$1,725", "2007-06-30": "$1,483", "2007-03-31": "$1,445"}}, "eps-earnings-per-share-diluted": {"Philip Morris Annual EPS": {"2020": "$5.16", "2019": "$4.61", "2018": "$5.08", "2017": "$3.88", "2016": "$4.48", "2015": "$4.42", "2014": "$4.76", "2013": "$5.26", "2012": "$5.17", "2011": "$4.85", "2010": "$3.92", "2009": "$3.24", "2008": "$3.31", "2007": "$2.86", "2006": "$2.91", "2005": "$2.66"}, "Philip Morris Quarterly EPS": {"2020-12-31": "$1.04", "2020-09-30": "$1.48", "2020-06-30": "$1.25", "2020-03-31": "$1.17", "2019-12-31": "$1.03", "2019-09-30": "$1.22", "2019-06-30": "$1.49", "2019-03-31": "$0.87", "2018-12-31": "$1.23", "2018-09-30": "$1.44", "2018-06-30": "$1.41", "2018-03-31": "$1.00", "2017-12-31": "$0.45", "2017-09-30": "$1.27", "2017-06-30": "$1.14", "2017-03-31": "$1.02", "2016-12-31": "$1.10", "2016-09-30": "$1.25", "2016-06-30": "$1.15", "2016-03-31": "$0.98", "2015-12-31": "$0.80", "2015-09-30": "$1.25", "2015-06-30": "$1.21", "2015-03-31": "$1.16", "2014-12-31": "$1.03", "2014-09-30": "$1.38", "2014-06-30": "$1.17", "2014-03-31": "$1.18", "2013-12-31": "$1.24", "2013-09-30": "$1.44", "2013-06-30": "$1.30", "2013-03-31": "$1.28", "2012-12-31": "$1.24", "2012-09-30": "$1.32", "2012-06-30": "$1.36", "2012-03-31": "$1.25", "2011-12-31": "$1.09", "2011-09-30": "$1.35", "2011-06-30": "$1.35", "2011-03-31": "$1.06", "2010-12-31": "$0.96", "2010-09-30": "$0.99", "2010-06-30": "$1.07", "2010-03-31": "$0.90", "2009-12-31": "$0.78", "2009-09-30": "$0.93", "2009-06-30": "$0.79", "2009-03-31": "$0.74", "2008-12-31": "$0.71", "2008-09-30": "$1.01", "2008-06-30": "$0.80", "2008-03-31": "$0.79", "2007-12-31": "$0.65", "2007-09-30": "$0.82", "2007-06-30": "$0.70", "2007-03-31": "$0.69"}}, "shares-outstanding": {"Philip Morris Annual Shares Outstanding (Millions of Shares)": {"2020": "1,558", "2019": "1,556", "2018": "1,555", "2017": "1,553", "2016": "1,551", "2015": "1,549", "2014": "1,566", "2013": "1,622", "2012": "1,692", "2011": "1,762", "2010": "1,842", "2009": "1,950", "2008": "2,076", "2007": "2,109", "2006": "2,109", "2005": "2,109"}, "Philip Morris Quarterly Shares Outstanding (Millions of Shares)": {"2020-12-31": "1,558", "2020-09-30": "1,558", "2020-06-30": "1,557", "2020-03-31": "1,558", "2019-12-31": "1,556", "2019-09-30": "1,556", "2019-06-30": "1,556", "2019-03-31": "1,556", "2018-12-31": "1,555", "2018-09-30": "1,555", "2018-06-30": "1,555", "2018-03-31": "1,554", "2017-12-31": "1,553", "2017-09-30": "1,554", "2017-06-30": "1,554", "2017-03-31": "1,553", "2016-12-31": "1,551", "2016-09-30": "1,551", "2016-06-30": "1,551", "2016-03-31": "1,550", "2015-12-31": "1,549", "2015-09-30": "1,549", "2015-06-30": "1,549", "2015-03-31": "1,548", "2014-12-31": "1,566", "2014-09-30": "1,560", "2014-06-30": "1,571", "2014-03-31": "1,583", "2013-12-31": "1,622", "2013-09-30": "1,614", "2013-06-30": "1,631", "2013-03-31": "1,646", "2012-12-31": "1,692", "2012-09-30": "1,683", "2012-06-30": "1,701", "2012-03-31": "1,719", "2011-12-31": "1,762", "2011-09-30": "1,749", "2011-06-30": "1,772", "2011-03-31": "1,794", "2010-12-31": "1,842", "2010-09-30": "1,830", "2010-06-30": "1,849", "2010-03-31": "1,878", "2009-12-31": "1,950", "2009-09-30": "1,965", "2009-06-30": "1,961", "2009-03-31": "2,000", "2008-12-31": "2,076", "2008-09-30": "2,092", "2008-06-30": "2,106", "2008-03-31": "2,108", "2007-12-31": "2,109", "2007-09-30": "2,109", "2007-06-30": "2,109", "2007-03-31": "2,109"}}, "total-assets": {"Philip Morris Annual Total Assets (Millions of US $)": {"2019": "$42,875", "2018": "$39,801", "2017": "$42,968", "2016": "$36,851", "2015": "$33,956", "2014": "$35,187", "2013": "$38,168", "2012": "$37,670", "2011": "$35,488", "2010": "$35,050", "2009": "$34,552", "2008": "$32,972", "2007": "$31,777", "2006": "$0", "2005": "$0"}, "Philip Morris Quarterly Total Assets (Millions of US $)": {"2020-09-30": "$39,129", "2020-06-30": "$39,162", "2020-03-31": "$37,494", "2019-12-31": "$42,875", "2019-09-30": "$41,420", "2019-06-30": "$39,923", "2019-03-31": "$38,042", "2018-12-31": "$39,801", "2018-09-30": "$39,380", "2018-06-30": "$40,721", "2018-03-31": "$43,070", "2017-12-31": "$42,968", "2017-09-30": "$41,951", "2017-06-30": "$38,660", "2017-03-31": "$36,627", "2016-12-31": "$36,851", "2016-09-30": "$35,577", "2016-06-30": "$34,802", "2016-03-31": "$34,621", "2015-12-31": "$33,956", "2015-09-30": "$32,011", "2015-06-30": "$32,713", "2015-03-31": "$33,255", "2014-12-31": "$35,187", "2014-09-30": "$35,401", "2014-06-30": "$36,325", "2014-03-31": "$36,137", "2013-12-31": "$38,168", "2013-09-30": "$36,795", "2013-06-30": "$37,140", "2013-03-31": "$37,418", "2012-12-31": "$37,670", "2012-09-30": "$38,309", "2012-06-30": "$35,798", "2012-03-31": "$36,399", "2011-12-31": "$35,488", "2011-09-30": "$36,220", "2011-06-30": "$36,794", "2011-03-31": "$35,554", "2010-12-31": "$35,050", "2010-09-30": "$36,879", "2010-06-30": "$33,324", "2010-03-31": "$34,173", "2009-12-31": "$34,552", "2009-09-30": "$33,705", "2009-06-30": "$33,127", "2009-03-31": "$30,744", "2008-12-31": "$32,972", "2008-09-30": "$35,305", "2008-06-30": "$34,318", "2008-03-31": "$31,532", "2007-12-31": "$31,777", "2007-09-30": "$0", "2007-06-30": "$0", "2007-03-31": "$0"}}, "cash-on-hand": {"Philip Morris Annual Cash on Hand (Millions of US $)": {"2019": "$6,861", "2018": "$6,593", "2017": "$8,447", "2016": "$4,239", "2015": "$3,417", "2014": "$1,682", "2013": "$2,154", "2012": "$2,983", "2011": "$2,550", "2010": "$1,703", "2009": "$1,540", "2008": "$1,531", "2007": "$1,501", "2006": "$", "2005": "$"}, "Philip Morris Quarterly Cash on Hand (Millions of US $)": {"2020-09-30": "$4,821", "2020-06-30": "$4,200", "2020-03-31": "$3,746", "2019-12-31": "$6,861", "2019-09-30": "$6,507", "2019-06-30": "$4,008", "2019-03-31": "$3,081", "2018-12-31": "$6,593", "2018-09-30": "$5,880", "2018-06-30": "$6,587", "2018-03-31": "$7,200", "2017-12-31": "$8,447", "2017-09-30": "$7,667", "2017-06-30": "$6,197", "2017-03-31": "$5,076", "2016-12-31": "$4,239", "2016-09-30": "$4,884", "2016-06-30": "$3,814", "2016-03-31": "$2,944", "2015-12-31": "$3,417", "2015-09-30": "$2,393", "2015-06-30": "$1,838", "2015-03-31": "$1,524", "2014-12-31": "$1,682", "2014-09-30": "$2,043", "2014-06-30": "$1,541", "2014-03-31": "$1,823", "2013-12-31": "$2,154", "2013-09-30": "$3,382", "2013-06-30": "$3,586", "2013-03-31": "$3,981", "2012-12-31": "$2,983", "2012-09-30": "$4,817", "2012-06-30": "$3,846", "2012-03-31": "$3,576", "2011-12-31": "$2,550", "2011-09-30": "$3,391", "2011-06-30": "$2,178", "2011-03-31": "$1,322", "2010-12-31": "$1,703", "2010-09-30": "$3,507", "2010-06-30": "$1,584", "2010-03-31": "$850", "2009-12-31": "$1,540", "2009-09-30": "$1,602", "2009-06-30": "$2,602", "2009-03-31": "$2,361", "2008-12-31": "$1,531", "2008-09-30": "$2,803", "2008-06-30": "$3,028", "2008-03-31": "$1,231", "2007-12-31": "$1,501", "2007-09-30": "", "2007-06-30": "", "2007-03-31": ""}}, "long-term-debt": {"Philip Morris Annual Long Term Debt (Millions of US $)": {"2019": "$26,656", "2018": "$26,975", "2017": "$31,334", "2016": "$25,851", "2015": "$25,250", "2014": "$26,929", "2013": "$24,023", "2012": "$17,639", "2011": "$14,828", "2010": "$13,370", "2009": "$13,672", "2008": "$11,377", "2007": "$5,578", "2006": "$", "2005": "$"}, "Philip Morris Quarterly Long Term Debt (Millions of US $)": {"2020-09-30": "$27,346", "2020-06-30": "$27,043", "2020-03-31": "$24,999", "2019-12-31": "$26,656", "2019-09-30": "$26,426", "2019-06-30": "$24,858", "2019-03-31": "$23,131", "2018-12-31": "$26,975", "2018-09-30": "$28,179", "2018-06-30": "$28,048", "2018-03-31": "$29,578", "2017-12-31": "$31,334", "2017-09-30": "$28,065", "2017-06-30": "$26,595", "2017-03-31": "$28,588", "2016-12-31": "$25,851", "2016-09-30": "$26,960", "2016-06-30": "$28,098", "2016-03-31": "$26,683", "2015-12-31": "$25,250", "2015-09-30": "$25,800", "2015-06-30": "$24,566", "2015-03-31": "$25,572", "2014-12-31": "$26,929", "2014-09-30": "$25,395", "2014-06-30": "$27,161", "2014-03-31": "$25,989", "2013-12-31": "$24,023", "2013-09-30": "$21,877", "2013-06-30": "$21,559", "2013-03-31": "$20,796", "2012-12-31": "$17,639", "2012-09-30": "$17,520", "2012-06-30": "$14,824", "2012-03-31": "$15,346", "2011-12-31": "$14,828", "2011-09-30": "$12,870", "2011-06-30": "$13,037", "2011-03-31": "$11,885", "2010-12-31": "$13,370", "2010-09-30": "$13,595", "2010-06-30": "$14,296", "2010-03-31": "$14,809", "2009-12-31": "$13,672", "2009-09-30": "$13,741", "2009-06-30": "$13,480", "2009-03-31": "$13,144", "2008-12-31": "$11,377", "2008-09-30": "$9,198", "2008-06-30": "$6,271", "2008-03-31": "$6,643", "2007-12-31": "$5,578", "2007-09-30": "", "2007-06-30": "", "2007-03-31": ""}}, "total-liabilities": {"Philip Morris Annual Total Liabilities (Millions of US $)": {"2019": "$52,474", "2018": "$50,540", "2017": "$53,198", "2016": "$47,751", "2015": "$45,432", "2014": "$46,390", "2013": "$44,442", "2012": "$40,824", "2011": "$34,937", "2010": "$31,117", "2009": "$28,407", "2008": "$25,068", "2007": "$16,182", "2006": "$", "2005": "$"}, "Philip Morris Quarterly Total Liabilities (Millions of US $)": {"2020-09-30": "$49,374", "2020-06-30": "$49,282", "2020-03-31": "$48,557", "2019-12-31": "$52,474", "2019-09-30": "$50,575", "2019-06-30": "$49,332", "2019-03-31": "$48,227", "2018-12-31": "$50,540", "2018-09-30": "$49,322", "2018-06-30": "$50,889", "2018-03-31": "$53,552", "2017-12-31": "$53,198", "2017-09-30": "$51,584", "2017-06-30": "$48,937", "2017-03-31": "$47,184", "2016-12-31": "$47,751", "2016-09-30": "$45,894", "2016-06-30": "$45,601", "2016-03-31": "$45,515", "2015-12-31": "$45,432", "2015-09-30": "$44,237", "2015-06-30": "$44,511", "2015-03-31": "$45,501", "2014-12-31": "$46,390", "2014-09-30": "$44,078", "2014-06-30": "$44,172", "2014-03-31": "$43,294", "2013-12-31": "$44,442", "2013-09-30": "$43,986", "2013-06-30": "$42,365", "2013-03-31": "$41,473", "2012-12-31": "$40,824", "2012-09-30": "$39,469", "2012-06-30": "$36,914", "2012-03-31": "$36,021", "2011-12-31": "$34,937", "2011-09-30": "$33,782", "2011-06-30": "$32,818", "2011-03-31": "$31,244", "2010-12-31": "$31,117", "2010-09-30": "$31,956", "2010-06-30": "$28,947", "2010-03-31": "$28,979", "2009-12-31": "$28,407", "2009-09-30": "$26,991", "2009-06-30": "$26,440", "2009-03-31": "$24,592", "2008-12-31": "$25,068", "2008-09-30": "$23,673", "2008-06-30": "$20,451", "2008-03-31": "$16,754", "2007-12-31": "$16,182", "2007-09-30": "", "2007-06-30": "", "2007-03-31": ""}}, "total-share-holder-equity": {"Philip Morris Annual Share Holder Equity (Millions of US $)": {"2019": "$-9,599", "2018": "$-10,739", "2017": "$-10,230", "2016": "$-10,900", "2015": "$-11,476", "2014": "$-11,203", "2013": "$-6,274", "2012": "$-3,154", "2011": "$551", "2010": "$3,933", "2009": "$6,145", "2008": "$7,904", "2007": "$15,595", "2006": "$", "2005": "$"}, "Philip Morris Quarterly Share Holder Equity (Millions of US $)": {"2020-09-30": "$-10,245", "2020-06-30": "$-10,120", "2020-03-31": "$-11,063", "2019-12-31": "$-9,599", "2019-09-30": "$-9,155", "2019-06-30": "$-9,409", "2019-03-31": "$-10,185", "2018-12-31": "$-10,739", "2018-09-30": "$-9,942", "2018-06-30": "$-10,168", "2018-03-31": "$-10,482", "2017-12-31": "$-10,230", "2017-09-30": "$-9,633", "2017-06-30": "$-10,277", "2017-03-31": "$-10,557", "2016-12-31": "$-10,900", "2016-09-30": "$-10,317", "2016-06-30": "$-10,799", "2016-03-31": "$-10,894", "2015-12-31": "$-11,476", "2015-09-30": "$-12,226", "2015-06-30": "$-11,798", "2015-03-31": "$-12,246", "2014-12-31": "$-11,203", "2014-09-30": "$-8,677", "2014-06-30": "$-7,847", "2014-03-31": "$-7,157", "2013-12-31": "$-6,274", "2013-09-30": "$-7,191", "2013-06-30": "$-5,225", "2013-03-31": "$-4,055", "2012-12-31": "$-3,154", "2012-09-30": "$-1,160", "2012-06-30": "$-1,116", "2012-03-31": "$378", "2011-12-31": "$551", "2011-09-30": "$2,438", "2011-06-30": "$3,976", "2011-03-31": "$4,310", "2010-12-31": "$3,933", "2010-09-30": "$4,923", "2010-06-30": "$4,377", "2010-03-31": "$5,194", "2009-12-31": "$6,145", "2009-09-30": "$6,714", "2009-06-30": "$6,687", "2009-03-31": "$6,152", "2008-12-31": "$7,904", "2008-09-30": "$11,632", "2008-06-30": "$13,867", "2008-03-31": "$14,778", "2007-12-31": "$15,595", "2007-09-30": "", "2007-06-30": "", "2007-03-31": ""}}, "profit-margins": {"current": "10.59%"}, "gross margin": {"2020-12-31": "66.65%", "2020-09-30": "66.25%", "2020-06-30": "65.83%", "2020-03-31": "65.41%", "2019-12-31": "64.73%", "2019-09-30": "64.46%", "2019-06-30": "64.25%", "2019-03-31": "64.02%", "2018-12-31": "63.69%", "2018-09-30": "63.91%", "2018-06-30": "63.49%", "2018-03-31": "63.25%", "2017-12-31": "63.71%", "2017-09-30": "-202.84%", "2017-06-30": "451.06%", "2017-03-31": "107.73%", "2016-12-31": "64.81%", "2016-09-30": "22.71%", "2016-06-30": "22.86%", "2016-03-31": "23.22%", "2015-12-31": "23.58%", "2015-09-30": "23.82%", "2015-06-30": "23.98%", "2015-03-31": "24.07%", "2014-12-31": "24.13%", "2014-09-30": "24.77%", "2014-06-30": "25.22%", "2014-03-31": "25.55%", "2013-12-31": "26.00%", "2013-09-30": "26.24%", "2013-06-30": "26.62%", "2013-03-31": "27.08%", "2012-12-31": "27.14%", "2012-09-30": "27.15%", "2012-06-30": "26.99%", "2012-03-31": "26.89%", "2011-12-31": "26.75%", "2011-09-30": "26.54%", "2011-06-30": "26.27%", "2011-03-31": "26.02%", "2010-12-31": "25.84%", "2010-09-30": "25.60%", "2010-06-30": "25.65%", "2010-03-31": "25.65%", "2009-12-31": "25.79%", "2009-09-30": "26.14%", "2009-06-30": "26.14%", "2009-03-31": "25.99%", "2008-12-31": "25.73%", "2008-09-30": "25.48%", "2008-06-30": "25.50%", "2008-03-31": "25.58%", "2007-12-31": "25.52%"}, "operating margin": {"2020-12-31": "40.66%", "2020-09-30": "38.91%", "2020-06-30": "37.09%", "2020-03-31": "37.31%", "2019-12-31": "35.33%", "2019-09-30": "36.25%", "2019-06-30": "37.67%", "2019-03-31": "37.32%", "2018-12-31": "38.40%", "2018-09-30": "39.50%", "2018-06-30": "39.31%", "2018-03-31": "39.19%", "2017-12-31": "40.28%", "2017-09-30": "-126.85%", "2017-06-30": "282.25%", "2017-03-31": "67.95%", "2016-12-31": "40.86%", "2016-09-30": "13.63%", "2016-06-30": "13.70%", "2016-03-31": "13.94%", "2015-12-31": "14.37%", "2015-09-30": "14.91%", "2015-06-30": "15.04%", "2015-03-31": "14.59%", "2014-12-31": "14.61%", "2014-09-30": "15.34%", "2014-06-30": "15.79%", "2014-03-31": "16.49%", "2013-12-31": "16.89%", "2013-09-30": "17.08%", "2013-06-30": "17.34%", "2013-03-31": "17.78%", "2012-12-31": "17.91%", "2012-09-30": "17.74%", "2012-06-30": "17.56%", "2012-03-31": "17.65%", "2011-12-31": "17.48%", "2011-09-30": "17.45%", "2011-06-30": "17.20%", "2011-03-31": "16.74%", "2010-12-31": "16.54%", "2010-09-30": "16.29%", "2010-06-30": "16.40%", "2010-03-31": "16.21%", "2009-12-31": "16.17%", "2009-09-30": "16.30%", "2009-06-30": "16.15%", "2009-03-31": "16.05%", "2008-12-31": "16.10%", "2008-09-30": "16.19%", "2008-06-30": "16.38%", "2008-03-31": "16.49%", "2007-12-31": "16.10%"}, "ebitda margin": {"2020-09-30": "42.24%", "2020-06-30": "40.39%", "2020-03-31": "40.50%", "2019-12-31": "38.57%", "2019-09-30": "39.51%", "2019-06-30": "40.97%", "2019-03-31": "40.66%", "2018-12-31": "41.74%", "2018-09-30": "42.71%", "2018-06-30": "42.46%", "2018-03-31": "42.30%", "2017-12-31": "43.33%", "2017-09-30": "-136.44%", "2017-06-30": "302.84%", "2017-03-31": "72.75%", "2016-12-31": "43.64%", "2016-09-30": "14.63%", "2016-06-30": "14.70%", "2016-03-31": "14.95%", "2015-12-31": "15.39%", "2015-09-30": "15.96%", "2015-06-30": "16.12%", "2015-03-31": "15.68%", "2014-12-31": "15.72%", "2014-09-30": "16.44%", "2014-06-30": "16.88%", "2014-03-31": "17.59%", "2013-12-31": "17.99%", "2013-09-30": "18.21%", "2013-06-30": "18.47%", "2013-03-31": "18.93%", "2012-12-31": "19.07%", "2012-09-30": "18.94%", "2012-06-30": "18.78%", "2012-03-31": "18.91%", "2011-12-31": "18.78%", "2011-09-30": "18.78%", "2011-06-30": "18.56%", "2011-03-31": "18.12%", "2010-12-31": "17.92%", "2010-09-30": "17.67%", "2010-06-30": "17.76%", "2010-03-31": "17.58%", "2009-12-31": "17.55%", "2009-09-30": "17.66%", "2009-06-30": "17.51%", "2009-03-31": "17.38%", "2008-12-31": "17.43%", "2008-09-30": "17.55%", "2008-06-30": "17.76%", "2008-03-31": "17.88%", "2007-12-31": "17.45%"}, "pre tax profit margin": {"2020-12-31": "38.17%", "2020-09-30": "36.54%", "2020-06-30": "34.85%", "2020-03-31": "35.20%", "2019-12-31": "33.12%", "2019-09-30": "34.08%", "2019-06-30": "35.49%", "2019-03-31": "35.13%", "2018-12-31": "36.02%", "2018-09-30": "36.74%", "2018-06-30": "36.25%", "2018-03-31": "35.85%", "2017-12-31": "36.83%", "2017-09-30": "-115.26%", "2017-06-30": "256.79%", "2017-03-31": "61.87%", "2016-12-31": "37.19%", "2016-09-30": "12.39%", "2016-06-30": "12.42%", "2016-03-31": "12.60%", "2015-12-31": "13.01%", "2015-09-30": "13.53%", "2015-06-30": "13.67%", "2015-03-31": "13.26%", "2014-12-31": "13.29%", "2014-09-30": "14.05%", "2014-06-30": "14.53%", "2014-03-31": "15.22%", "2013-12-31": "15.67%", "2013-09-30": "15.89%", "2013-06-30": "16.17%", "2013-03-31": "16.65%", "2012-12-31": "16.80%", "2012-09-30": "16.67%", "2012-06-30": "16.52%", "2012-03-31": "16.62%", "2011-12-31": "16.43%", "2011-09-30": "16.35%", "2011-06-30": "16.01%", "2011-03-31": "15.48%", "2010-12-31": "15.25%", "2010-09-30": "14.96%", "2010-06-30": "15.06%", "2010-03-31": "14.87%", "2009-12-31": "14.89%", "2009-09-30": "15.17%", "2009-06-30": "15.29%", "2009-03-31": "15.42%", "2008-12-31": "15.61%", "2008-09-30": "15.84%", "2008-06-30": "16.15%", "2008-03-31": "16.35%", "2007-12-31": "16.08%"}, "net profit margin": {"2020-12-31": "28.04%", "2020-09-30": "26.51%", "2020-06-30": "24.92%", "2020-03-31": "25.29%", "2019-12-31": "24.05%", "2019-09-30": "25.23%", "2019-06-30": "26.54%", "2019-03-31": "26.09%", "2018-12-31": "26.65%", "2018-09-30": "21.96%", "2018-06-30": "21.07%", "2018-03-31": "20.24%", "2017-12-31": "20.94%", "2017-09-30": "-81.58%", "2017-06-30": "182.51%", "2017-03-31": "43.92%", "2016-12-31": "26.04%", "2016-09-30": "8.75%", "2016-06-30": "8.81%", "2016-03-31": "8.98%", "2015-12-31": "9.27%", "2015-09-30": "9.54%", "2015-06-30": "9.58%", "2015-03-31": "9.25%", "2014-12-31": "9.31%", "2014-09-30": "9.73%", "2014-06-30": "10.05%", "2014-03-31": "10.46%", "2013-12-31": "10.66%", "2013-09-30": "10.88%", "2013-06-30": "10.88%", "2013-03-31": "11.19%", "2012-12-31": "11.31%", "2012-09-30": "11.16%", "2012-06-30": "11.20%", "2012-03-31": "11.28%", "2011-12-31": "11.19%", "2011-09-30": "11.14%", "2011-06-30": "10.97%", "2011-03-31": "10.82%", "2010-12-31": "10.67%", "2010-09-30": "10.50%", "2010-06-30": "10.53%", "2010-03-31": "10.20%", "2009-12-31": "10.22%", "2009-09-30": "10.39%", "2009-06-30": "10.72%", "2009-03-31": "10.70%", "2008-12-31": "10.83%", "2008-09-30": "10.98%", "2008-06-30": "10.96%", "2008-03-31": "11.12%", "2007-12-31": "10.93%"}, "pe ratio": {"current": "16.27", "2021-02-05": "21.61", "2020-12-31": "21.23", "2020-09-30": "14.96", "2020-06-30": "14.52", "2020-03-31": "14.16", "2019-12-31": "17.25", "2019-09-30": "14.59", "2019-06-30": "14.20", "2019-03-31": "16.00", "2018-12-31": "11.63", "2018-09-30": "16.55", "2018-06-30": "16.83", "2018-03-31": "21.85", "2017-12-31": "22.86", "2017-09-30": "20.31", "2017-06-30": "21.38", "2017-03-31": "20.33", "2016-12-31": "16.47", "2016-09-30": "18.55", "2016-06-30": "19.20", "2016-03-31": "18.08", "2015-12-31": "15.38", "2015-09-30": "13.04", "2015-06-30": "12.65", "2015-03-31": "11.84", "2014-12-31": "12.59", "2014-09-30": "12.20", "2014-06-30": "12.04", "2014-03-31": "11.28", "2013-12-31": "11.64", "2013-09-30": "11.42", "2013-06-30": "11.56", "2013-03-31": "12.12", "2012-12-31": "10.89", "2012-09-30": "11.99", "2012-06-30": "11.45", "2012-03-31": "11.55", "2011-12-31": "10.54", "2011-09-30": "8.50", "2011-06-30": "9.74", "2011-03-31": "10.13", "2010-12-31": "9.31", "2010-09-30": "9.19", "2010-06-30": "7.55", "2010-03-31": "9.18", "2009-12-31": "8.80", "2009-09-30": "9.05", "2009-06-30": "7.80", "2009-03-31": "6.26", "2008-12-31": "7.22"}, "price sales": {"2021-02-05": "4.58", "2020-12-31": "4.49", "2020-09-30": "3.97", "2020-06-30": "3.63", "2020-03-31": "3.59", "2019-12-31": "4.16", "2019-09-30": "3.69", "2019-06-30": "3.77", "2019-03-31": "4.18", "2018-12-31": "3.10", "2018-09-30": "3.63", "2018-06-30": "3.54", "2018-03-31": "4.42", "2017-12-31": "4.78", "2017-09-30": "0.00", "2017-06-30": "39.19", "2017-03-31": "8.93", "2016-12-31": "4.29", "2016-09-30": "1.62", "2016-06-30": "1.69", "2016-03-31": "1.62", "2015-12-31": "1.42", "2015-09-30": "1.25", "2015-06-30": "1.22", "2015-03-31": "1.10", "2014-12-31": "1.17", "2014-09-30": "1.19", "2014-06-30": "1.21", "2014-03-31": "1.18", "2013-12-31": "1.25", "2013-09-30": "1.25", "2013-06-30": "1.26", "2013-03-31": "1.36", "2012-12-31": "1.24", "2012-09-30": "1.35", "2012-06-30": "1.29", "2012-03-31": "1.31", "2011-12-31": "1.18", "2011-09-30": "0.95", "2011-06-30": "1.07", "2011-03-31": "1.10", "2010-12-31": "1.00", "2010-09-30": "0.97", "2010-06-30": "0.80", "2010-03-31": "0.95", "2009-12-31": "0.91", "2009-09-30": "0.95", "2009-06-30": "0.84", "2009-03-31": "0.68", "2008-12-31": "0.81"}, "price book": {"current": "0.00", "2021-02-05": "0.00", "2020-09-30": "-11.23", "2020-06-30": "-10.46", "2020-03-31": "-9.80", "2019-12-31": "-12.92", "2019-09-30": "-11.93", "2019-06-30": "-11.81", "2019-03-31": "-12.10", "2018-12-31": "-8.55", "2018-09-30": "-11.10", "2018-06-30": "-10.60", "2018-03-31": "-12.48", "2017-12-31": "-13.43", "2017-09-30": "-14.83", "2017-06-30": "-14.57", "2017-03-31": "-13.52", "2016-12-31": "-10.50", "2016-09-30": "-11.66", "2016-06-30": "-11.53", "2016-03-31": "-10.91", "2015-12-31": "-9.18", "2015-09-30": "-7.68", "2015-06-30": "-7.94", "2015-03-31": "-7.10", "2014-12-31": "-8.27", "2014-09-30": "-10.87", "2014-06-30": "-12.08", "2014-03-31": "-12.82", "2013-12-31": "-15.50", "2013-09-30": "-13.44", "2013-06-30": "-18.50", "2013-03-31": "-25.52", "2012-12-31": "-29.58", "2012-09-30": "-86.77", "2012-06-30": "-87.56", "2012-03-31": "262.86", "2011-12-31": "159.73", "2011-09-30": "28.65", "2011-06-30": "18.80", "2011-03-31": "17.10", "2010-12-31": "16.72", "2010-09-30": "12.76", "2010-06-30": "11.72", "2010-03-31": "11.22", "2009-12-31": "8.81", "2009-09-30": "8.16", "2009-06-30": "7.36", "2009-03-31": "6.55", "2008-12-31": "6.25", "2008-09-30": "4.68", "2008-06-30": "4.08", "2008-03-31": "3.96"}, "price fcf": {"2021-02-05": "", "2020-09-30": "$6.01", "2020-06-30": "$5.00", "2020-03-31": "$5.95", "2019-12-31": "$5.94", "2019-09-30": "$5.24", "2019-06-30": "$4.90", "2019-03-31": "$5.11", "2018-12-31": "$5.17", "2018-09-30": "$5.36", "2018-06-30": "$5.44", "2018-03-31": "$5.04", "2017-12-31": "$4.74", "2017-09-30": "$4.32", "2017-06-30": "$5.19", "2017-03-31": "$4.65", "2016-12-31": "$4.45", "2016-09-30": "$4.35", "2016-06-30": "$4.11", "2016-03-31": "$4.98", "2015-12-31": "$4.46", "2015-09-30": "$4.09", "2015-06-30": "$4.22", "2015-03-31": "$3.54", "2014-12-31": "$4.21", "2014-09-30": "$4.75", "2014-06-30": "$4.92", "2014-03-31": "$5.12", "2013-12-31": "$5.51", "2013-09-30": "$5.09", "2013-06-30": "$4.50", "2013-03-31": "$4.65", "2012-12-31": "$4.94", "2012-09-30": "$4.51", "2012-06-30": "$4.87", "2012-03-31": "$5.19", "2011-12-31": "$5.47", "2011-09-30": "$5.85", "2011-06-30": "$5.45", "2011-03-31": "$5.01", "2010-12-31": "$4.74", "2010-09-30": "$4.68", "2010-06-30": "$4.28", "2010-03-31": "$4.01", "2009-12-31": "$3.68", "2009-09-30": "$3.31", "2009-06-30": "$3.31", "2009-03-31": "$3.33", "2008-12-31": "$3.29"}, "net worth": {"value": "$131.25B"}, "current ratio": {"2020-12-31": "1.10", "2020-09-30": "1.12", "2020-06-30": "1.13", "2020-03-31": "1.02", "2019-12-31": "1.09", "2019-09-30": "1.09", "2019-06-30": "0.95", "2019-03-31": "0.85", "2018-12-31": "1.13", "2018-09-30": "1.19", "2018-06-30": "1.15", "2018-03-31": "1.16", "2017-12-31": "1.35", "2017-09-30": "1.13", "2017-06-30": "1.07", "2017-03-31": "1.26", "2016-12-31": "1.07", "2016-09-30": "1.16", "2016-06-30": "1.27", "2016-03-31": "1.13", "2015-12-31": "1.03", "2015-09-30": "1.00", "2015-06-30": "0.90", "2015-03-31": "0.95", "2014-12-31": "1.03", "2014-09-30": "0.98", "2014-06-30": "1.08", "2014-03-31": "1.06", "2013-12-31": "0.99", "2013-09-30": "1.00", "2013-06-30": "1.14", "2013-03-31": "1.15", "2012-12-31": "0.98", "2012-09-30": "1.05", "2012-06-30": "0.93", "2012-03-31": "1.00", "2011-12-31": "1.00", "2011-09-30": "0.94", "2011-06-30": "0.97", "2011-03-31": "0.93", "2010-12-31": "1.07", "2010-09-30": "1.13", "2010-06-30": "1.29", "2010-03-31": "1.37", "2009-12-31": "1.31", "2009-09-30": "1.45", "2009-06-30": "1.52", "2009-03-31": "1.68", "2008-12-31": "1.47", "2008-09-30": "1.34", "2008-06-30": "1.38", "2008-03-31": "1.84", "2007-12-31": "1.83", "2007-09-30": "0.00", "2007-06-30": "0.00", "2007-03-31": "0.00"}, "quick ratio": {"2020-12-31": "0.00", "2020-09-30": "0.60", "2020-06-30": "0.56", "2020-03-31": "0.47", "2019-12-31": "0.60", "2019-09-30": "0.61", "2019-06-30": "0.49", "2019-03-31": "0.40", "2018-12-31": "0.62", "2018-09-30": "0.65", "2018-06-30": "0.64", "2018-03-31": "0.68", "2017-12-31": "0.80", "2017-09-30": "0.68", "2017-06-30": "0.62", "2017-03-31": "0.67", "2016-12-31": "0.52", "2016-09-30": "0.64", "2016-06-30": "0.64", "2016-03-31": "0.51", "2015-12-31": "0.48", "2015-09-30": "0.49", "2015-06-30": "0.43", "2015-03-31": "0.45", "2014-12-31": "0.46", "2014-09-30": "0.45", "2014-06-30": "0.47", "2014-03-31": "0.44", "2013-12-31": "0.41", "2013-09-30": "0.50", "2013-06-30": "0.58", "2013-03-31": "0.60", "2012-12-31": "0.45", "2012-09-30": "0.56", "2012-06-30": "0.49", "2012-03-31": "0.53", "2011-12-31": "0.46", "2011-09-30": "0.48", "2011-06-30": "0.44", "2011-03-31": "0.36", "2010-12-31": "0.43", "2010-09-30": "0.53", "2010-06-30": "0.54", "2010-03-31": "0.50", "2009-12-31": "0.49", "2009-09-30": "0.55", "2009-06-30": "0.67", "2009-03-31": "0.72", "2008-12-31": "0.52", "2008-09-30": "0.57", "2008-06-30": "0.59", "2008-03-31": "0.62", "2007-12-31": "0.67", "2007-09-30": "0.00", "2007-06-30": "0.00", "2007-03-31": "0.00"}, "debt equity ratio": {"current": "0.00", "2020-12-31": "-5.22", "2020-09-30": "-4.82", "2020-06-30": "-4.87", "2020-03-31": "-4.39", "2019-12-31": "-5.47", "2019-09-30": "-5.52", "2019-06-30": "-5.24", "2019-03-31": "-4.74", "2018-12-31": "-4.71", "2018-09-30": "-4.96", "2018-06-30": "-5.01", "2018-03-31": "-5.11", "2017-12-31": "-5.20", "2017-09-30": "-5.36", "2017-06-30": "-4.76", "2017-03-31": "-4.47", "2016-12-31": "-4.38", "2016-09-30": "-4.45", "2016-06-30": "-4.22", "2016-03-31": "-4.18", "2015-12-31": "-3.96", "2015-09-30": "-3.62", "2015-06-30": "-3.77", "2015-03-31": "-3.72", "2014-12-31": "-4.14", "2014-09-30": "-5.08", "2014-06-30": "-5.63", "2014-03-31": "-6.05", "2013-12-31": "-7.08", "2013-09-30": "-6.12", "2013-06-30": "-8.11", "2013-03-31": "-10.23", "2012-12-31": "-12.94", "2012-09-30": "-34.03", "2012-06-30": "-33.08", "2012-03-31": "95.29", "2011-12-31": "63.41", "2011-09-30": "13.86", "2011-06-30": "8.25", "2011-03-31": "7.25", "2010-12-31": "7.91", "2010-09-30": "6.49", "2010-06-30": "6.61", "2010-03-31": "5.58", "2009-12-31": "4.62", "2009-09-30": "4.02", "2009-06-30": "3.95", "2009-03-31": "4.00", "2008-12-31": "3.17", "2008-09-30": "2.04", "2008-06-30": "1.48", "2008-03-31": "1.13", "2007-12-31": "1.04", "2007-09-30": "0.00", "2007-06-30": "0.00", "2007-03-31": "0.00"}, "return on equity": {"2020-12-31": "-76.52%", "2020-09-30": "-74.86%", "2020-06-30": "-72.78%", "2020-03-31": "-77.90%", "2019-12-31": "-74.77%", "2019-09-30": "-75.64%", "2019-06-30": "-77.65%", "2019-03-31": "-74.98%", "2018-12-31": "-76.41%", "2018-09-30": "-65.45%", "2018-06-30": "-63.23%", "2018-03-31": "-58.95%", "2017-12-31": "-59.18%", "2017-09-30": "-68.03%", "2017-06-30": "-66.61%", "2017-03-31": "-65.86%", "2016-12-31": "-64.77%", "2016-09-30": "-59.66%", "2016-06-30": "-57.17%", "2016-03-31": "-56.78%", "2015-12-31": "-57.38%", "2015-09-30": "-60.67%", "2015-06-30": "-67.49%", "2015-03-31": "-73.77%", "2014-12-31": "-85.53%", "2014-09-30": "-104.68%", "2014-06-30": "-112.70%", "2014-03-31": "-128.32%", "2013-12-31": "-150.03%", "2013-09-30": "-176.06%", "2013-06-30": "-250.85%", "2013-03-31": "-367.61%", "2012-12-31": "-692.95%", "2012-09-30": "-2537.19%", "2012-06-30": "1544.56%", "2012-03-31": "478.39%", "2011-12-31": "303.04%", "2011-09-30": "228.86%", "2011-06-30": "183.06%", "2011-03-31": "169.46%", "2010-12-31": "156.86%", "2010-09-30": "136.23%", "2010-06-30": "124.92%", "2010-03-31": "106.21%", "2009-12-31": "98.72%", "2009-09-30": "91.27%", "2009-06-30": "80.89%", "2009-03-31": "67.68%", "2008-12-31": "57.20%", "2008-09-30": "48.90%", "2008-06-30": "58.54%", "2008-03-31": "82.52%", "2007-12-31": "154.87%"}, "return on assets": {"2020-12-31": "20.04%", "2020-09-30": "19.36%", "2020-06-30": "18.06%", "2020-03-31": "18.90%", "2019-12-31": "17.67%", "2019-09-30": "18.76%", "2019-06-30": "19.90%", "2019-03-31": "19.48%", "2018-12-31": "19.38%", "2018-09-30": "16.08%", "2018-06-30": "15.18%", "2018-03-31": "14.37%", "2017-12-31": "15.03%", "2017-09-30": "18.26%", "2017-06-30": "18.96%", "2017-03-31": "19.49%", "2016-12-31": "19.59%", "2016-09-30": "18.67%", "2016-06-30": "19.17%", "2016-03-31": "19.76%", "2015-12-31": "20.76%", "2015-09-30": "21.63%", "2015-06-30": "21.71%", "2015-03-31": "21.04%", "2014-12-31": "20.86%", "2014-09-30": "21.47%", "2014-06-30": "21.76%", "2014-03-31": "22.37%", "2013-12-31": "22.82%", "2013-09-30": "23.19%", "2013-06-30": "22.65%", "2013-03-31": "23.37%", "2012-12-31": "23.63%", "2012-09-30": "23.41%", "2012-06-30": "24.16%", "2012-03-31": "24.24%", "2011-12-31": "23.72%", "2011-09-30": "23.36%", "2011-06-30": "21.75%", "2011-03-31": "21.11%", "2010-12-31": "20.73%", "2010-09-30": "20.24%", "2010-06-30": "20.64%", "2010-03-31": "19.38%", "2009-12-31": "19.20%", "2009-09-30": "19.20%", "2009-06-30": "19.82%", "2009-03-31": "20.08%", "2008-12-31": "20.55%", "2008-09-30": "20.55%", "2008-06-30": "26.53%", "2008-03-31": "39.59%", "2007-12-31": "76.00%"}, "return on investments": {"2020-12-31": "71.26%", "2020-09-30": "69.33%", "2020-06-30": "66.36%", "2020-03-31": "70.75%", "2019-12-31": "67.16%", "2019-09-30": "69.32%", "2019-06-30": "70.59%", "2019-03-31": "67.39%", "2018-12-31": "63.69%", "2018-09-30": "62.97%", "2018-06-30": "62.46%", "2018-03-31": "61.86%", "2017-12-31": "62.70%", "2017-09-30": "64.61%", "2017-06-30": "65.69%", "2017-03-31": "64.83%", "2016-12-31": "67.43%", "2016-09-30": "63.64%", "2016-06-30": "66.75%", "2016-03-31": "73.16%", "2015-12-31": "79.51%", "2015-09-30": "81.27%", "2015-06-30": "79.54%", "2015-03-31": "71.43%", "2014-12-31": "66.31%", "2014-09-30": "68.08%", "2014-06-30": "71.48%", "2014-03-31": "77.37%", "2013-12-31": "82.52%", "2013-09-30": "87.14%", "2013-06-30": "85.01%", "2013-03-31": "90.39%", "2012-12-31": "92.00%", "2012-09-30": "88.77%", "2012-06-30": "90.69%", "2012-03-31": "86.64%", "2011-12-31": "83.52%", "2011-09-30": "79.85%", "2011-06-30": "71.26%", "2011-03-31": "65.03%", "2010-12-31": "60.14%", "2010-09-30": "56.60%", "2010-06-30": "55.29%", "2010-03-31": "51.89%", "2009-12-31": "50.37%", "2009-09-30": "49.62%", "2009-06-30": "49.59%", "2009-03-31": "50.51%", "2008-12-31": "50.19%", "2008-09-30": "48.22%", "2008-06-30": "61.71%", "2008-03-31": "87.21%", "2007-12-31": "168.03%"}, "return on tangible equity": {"2020-09-30": "-43.07%", "2020-06-30": "-41.26%", "2020-03-31": "-43.59%", "2019-12-31": "-40.97%", "2019-09-30": "-41.13%", "2019-06-30": "-41.59%", "2019-03-31": "-39.63%", "2018-12-31": "-39.40%", "2018-09-30": "-33.28%", "2018-06-30": "-31.80%", "2018-03-31": "-29.51%", "2017-12-31": "-29.69%", "2017-09-30": "-34.54%", "2017-06-30": "-34.07%", "2017-03-31": "-33.86%", "2016-12-31": "-33.28%", "2016-09-30": "-30.77%", "2016-06-30": "-30.17%", "2016-03-31": "-30.10%", "2015-12-31": "-30.68%", "2015-09-30": "-31.87%", "2015-06-30": "-33.45%", "2015-03-31": "-34.19%", "2014-12-31": "-36.11%", "2014-09-30": "-39.99%", "2014-06-30": "-41.37%", "2014-03-31": "-43.85%", "2013-12-31": "-46.33%", "2013-09-30": "-48.01%", "2013-06-30": "-50.87%", "2013-03-31": "-55.11%", "2012-12-31": "-59.02%", "2012-09-30": "-61.34%", "2012-06-30": "-66.32%", "2012-03-31": "-72.20%", "2011-12-31": "-75.26%", "2011-09-30": "-79.07%", "2011-06-30": "-78.17%", "2011-03-31": "-76.94%", "2010-12-31": "-77.93%", "2010-09-30": "-83.92%", "2010-06-30": "-92.98%", "2010-03-31": "-101.10%", "2009-12-31": "-115.33%", "2009-09-30": "-134.17%", "2009-06-30": "-191.40%", "2009-03-31": "-489.70%", "2008-12-31": "724.31%", "2008-09-30": "214.04%", "2008-06-30": "191.29%", "2008-03-31": "241.63%", "2007-12-31": "419.01%"}, "dividend yield history": {"last payout": "$4.80", "last yield": "5.70%"}}