{"ticker": "PHM", "price": {"title": "PulteGroup Historical Annual Stock Price Data", "value": 49.51, "historical": {"2021": {"Average Stock Price": "45.3325", "Year Open": "42.2100", "Year High": "49.5100", "Year Low": "40.8500", "Year Close": "49.5100", "Annual % Change": "14.82%"}, "2020": {"Average Stock Price": "38.9723", "Year Open": "38.6800", "Year High": "49.4800", "Year Low": "17.7400", "Year Close": "43.1200", "Annual % Change": "11.13%"}, "2019": {"Average Stock Price": "32.7167", "Year Open": "26.2400", "Year High": "41.0300", "Year Low": "25.8000", "Year Close": "38.8000", "Annual % Change": "49.29%"}, "2018": {"Average Stock Price": "28.5316", "Year Open": "33.3700", "Year High": "35.1500", "Year Low": "20.8800", "Year Close": "25.9900", "Annual % Change": "-21.83%"}, "2017": {"Average Stock Price": "25.3245", "Year Open": "18.5500", "Year High": "34.4400", "Year Low": "18.4600", "Year Close": "33.2500", "Annual % Change": "80.90%"}, "2016": {"Average Stock Price": "18.8500", "Year Open": "17.1600", "Year High": "22.1100", "Year Low": "15.3600", "Year Close": "18.3800", "Annual % Change": "3.14%"}, "2015": {"Average Stock Price": "20.2486", "Year Open": "21.2600", "Year High": "23.2400", "Year Low": "17.1800", "Year Close": "17.8200", "Annual % Change": "-16.96%"}, "2014": {"Average Stock Price": "19.4328", "Year Open": "20.0800", "Year High": "21.7200", "Year Low": "16.6600", "Year Close": "21.4600", "Annual % Change": "5.35%"}, "2013": {"Average Stock Price": "18.8633", "Year Open": "18.6000", "Year High": "24.2500", "Year Low": "15.1100", "Year Close": "20.3700", "Annual % Change": "12.17%"}, "2012": {"Average Stock Price": "11.8489", "Year Open": "6.5200", "Year High": "18.6100", "Year Low": "6.5200", "Year Close": "18.1600", "Annual % Change": "187.80%"}, "2011": {"Average Stock Price": "6.4952", "Year Open": "7.7800", "Year High": "8.6900", "Year Low": "3.5400", "Year Close": "6.3100", "Annual % Change": "-16.09%"}, "2010": {"Average Stock Price": "9.4497", "Year Open": "10.2400", "Year High": "13.3900", "Year Low": "6.2000", "Year Close": "7.5200", "Annual % Change": "-24.80%"}, "2009": {"Average Stock Price": "10.3457", "Year Open": "11.1700", "Year High": "13.3200", "Year Low": "7.9000", "Year Close": "10.0000", "Annual % Change": "-8.51%"}, "2008": {"Average Stock Price": "12.3125", "Year Open": "10.4200", "Year High": "17.2300", "Year Low": "7.1200", "Year Close": "10.9300", "Annual % Change": "3.70%"}, "2007": {"Average Stock Price": "21.8697", "Year Open": "32.3700", "Year High": "35.1000", "Year Low": "9.0800", "Year Close": "10.5400", "Annual % Change": "-68.18%"}, "2006": {"Average Stock Price": "33.6845", "Year Open": "41.2400", "Year High": "44.6500", "Year Low": "26.5600", "Year Close": "33.1200", "Annual % Change": "-15.85%"}, "2005": {"Average Stock Price": "39.1626", "Year Open": "31.6150", "Year High": "47.9250", "Year Low": "30.1700", "Year Close": "39.3600", "Annual % Change": "23.39%"}, "2004": {"Average Stock Price": "26.5978", "Year Open": "22.7375", "Year High": "32.4950", "Year Low": "21.4200", "Year Close": "31.9000", "Annual % Change": "36.30%"}, "2003": {"Average Stock Price": "16.4614", "Year Open": "12.6925", "Year High": "24.4925", "Year Low": "11.3750", "Year Close": "23.4050", "Annual % Change": "95.57%"}, "2002": {"Average Stock Price": "12.0644", "Year Open": "11.0600", "Year High": "14.7325", "Year Low": "9.1475", "Year Close": "11.9675", "Annual % Change": "7.16%"}, "2001": {"Average Stock Price": "9.6206", "Year Open": "10.0775", "Year High": "12.3925", "Year Low": "6.7500", "Year Close": "11.1675", "Annual % Change": "5.88%"}, "2000": {"Average Stock Price": "6.5288", "Year Open": "5.2800", "Year High": "10.9375", "Year Low": "3.9225", "Year Close": "10.5475", "Annual % Change": "87.51%"}, "1999": {"Average Stock Price": "5.7039", "Year Open": "7.3125", "Year High": "7.8125", "Year Low": "4.2500", "Year Close": "5.6250", "Annual % Change": "-19.09%"}, "1998": {"Average Stock Price": "6.5492", "Year Open": "5.3125", "Year High": "8.8600", "Year Low": "5.0000", "Year Close": "6.9525", "Annual % Change": "33.03%"}, "1997": {"Average Stock Price": "4.3787", "Year Open": "3.8288", "Year High": "5.2813", "Year Low": "3.4538", "Year Close": "5.2263", "Annual % Change": "35.97%"}, "1996": {"Average Stock Price": "3.4995", "Year Open": "4.2350", "Year High": "4.2975", "Year Low": "3.0469", "Year Close": "3.8438", "Annual % Change": "-8.56%"}, "1995": {"Average Stock Price": "3.3252", "Year Open": "2.8750", "Year High": "4.2663", "Year Low": "2.5163", "Year Close": "4.2038", "Annual % Change": "46.22%"}, "1994": {"Average Stock Price": "3.2279", "Year Open": "4.4375", "Year High": "4.8288", "Year Low": "2.3438", "Year Close": "2.8750", "Annual % Change": "-36.55%"}, "1993": {"Average Stock Price": "4.0811", "Year Open": "3.7350", "Year High": "5.0788", "Year Low": "2.9688", "Year Close": "4.5313", "Annual % Change": "20.31%"}, "1992": {"Average Stock Price": "3.1227", "Year Open": "2.8913", "Year High": "3.8750", "Year Low": "2.1563", "Year Close": "3.7663", "Annual % Change": "28.21%"}, "1991": {"Average Stock Price": "1.8694", "Year Open": "1.1719", "Year High": "3.1100", "Year Low": "1.1563", "Year Close": "2.9375", "Annual % Change": "150.66%"}, "1990": {"Average Stock Price": "1.0389", "Year Open": "1.5000", "Year High": "1.5163", "Year Low": "0.7813", "Year Close": "1.1719", "Annual % Change": "-15.69%"}, "1989": {"Average Stock Price": "1.7904", "Year Open": "1.3600", "Year High": "2.3125", "Year Low": "1.1875", "Year Close": "1.3900", "Annual % Change": "0.00%"}, "1988": {"Average Stock Price": "1.0233", "Year Open": "1.1250", "Year High": "1.4375", "Year Low": "0.7813", "Year Close": "1.3900", "Annual % Change": "32.70%"}, "1987": {"Average Stock Price": "1.5296", "Year Open": "1.5775", "Year High": "2.1250", "Year Low": "0.8750", "Year Close": "1.0475", "Annual % Change": "-30.86%"}, "1986": {"Average Stock Price": "1.9884", "Year Open": "1.7350", "Year High": "2.8438", "Year Low": "1.3438", "Year Close": "1.5150", "Annual % Change": "-11.86%"}}}, "market cap": {"value": "$13.08B"}, "income statement": {"Revenue": {"2020-12-31": "11036.08000", "2019-12-31": "10212.96000", "2018-12-31": "10188.33000", "2017-12-31": "8577.68600", "2016-12-31": "7676.53000", "2015-12-31": "5981.96400", "2014-12-31": "5822.36300", "2013-12-31": "5679.59500", "2012-12-31": "4819.99800", "2011-12-31": "4136.69000", "2010-12-31": "4569.29000", "2009-12-31": "4084.38900", "2008-12-31": "6263.05400", "2007-12-31": "9256.49900", "2006-12-31": "14274.41000", "2005-12-31": "14694.54000"}, "Cost Of Goods Sold": {"2020-12-31": "8257.93000", "2019-12-31": "7815.56800", "2018-12-31": "7814.91900", "2017-12-31": "6714.89000", "2016-12-31": "5728.66200", "2015-12-31": "4353.85000", "2014-12-31": "4244.47900", "2013-12-31": "4507.19600", "2012-12-31": "4063.84200", "2011-12-31": "3641.34300", "2010-12-31": "4176.06200", "2009-12-31": "4658.49800", "2008-12-31": "7102.25700", "2007-12-31": "9839.68200", "2006-12-31": "13128.77000", "2005-12-31": "12492.87000"}, "Gross Profit": {"2020-12-31": "2778.15200", "2019-12-31": "2397.38900", "2018-12-31": "2373.41200", "2017-12-31": "1862.79500", "2016-12-31": "1947.86800", "2015-12-31": "1628.11400", "2014-12-31": "1577.88400", "2013-12-31": "1172.39900", "2012-12-31": "756.15600", "2011-12-31": "495.34690", "2010-12-31": "393.22800", "2009-12-31": "-574.10910", "2008-12-31": "-839.20260", "2007-12-31": "-583.18260", "2006-12-31": "1145.64100", "2005-12-31": "2201.66900"}, "Research And Development Expenses": {"2020-12-31": "", "2019-12-31": "", "2018-12-31": "", "2017-12-31": "", "2016-12-31": "", "2015-12-31": "", "2014-12-31": "", "2013-12-31": "", "2012-12-31": "", "2011-12-31": "", "2010-12-31": "", "2009-12-31": "", "2008-12-31": "", "2007-12-31": "", "2006-12-31": "", "2005-12-31": ""}, "SG&A Expenses": {"2020-12-31": "1011.44200", "2019-12-31": "1044.33700", "2018-12-31": "1012.02300", "2017-12-31": "891.58100", "2016-12-31": "957.15000", "2015-12-31": "794.72800", "2014-12-31": "861.39000", "2013-12-31": "568.50000", "2012-12-31": "514.45700", "2011-12-31": "519.58300", "2010-12-31": "895.10200", "2009-12-31": "672.43400", "2008-12-31": "814.50800", "2007-12-31": "1094.48300", "2006-12-31": "", "2005-12-31": ""}, "Other Operating Income Or Expenses": {"2020-12-31": "-17.82600", "2019-12-31": "-13.47600", "2018-12-31": "-13.84900", "2017-12-31": "-32.38700", "2016-12-31": "-56.86800", "2015-12-31": "-17.36300", "2014-12-31": "-26.73600", "2013-12-31": "-76.07700", "2012-12-31": "-66.29800", "2011-12-31": "-293.10200", "2010-12-31": "-742.38500", "2009-12-31": "-685.82900", "2008-12-31": "-39.57100", "2007-12-31": "-631.94700", "2006-12-31": "", "2005-12-31": ""}, "Operating Expenses": {"2020-12-31": "9307.38900", "2019-12-31": "8873.38100", "2018-12-31": "8840.79100", "2017-12-31": "7638.85800", "2016-12-31": "6742.68000", "2015-12-31": "5165.94100", "2014-12-31": "5132.60500", "2013-12-31": "5151.77300", "2012-12-31": "4644.59700", "2011-12-31": "4454.02800", "2010-12-31": "5813.54900", "2009-12-31": "6016.76100", "2008-12-31": "7956.33500", "2007-12-31": "11566.11000", "2006-12-31": "13128.77000", "2005-12-31": "12492.87000"}, "Operating Income": {"2020-12-31": "1728.69300", "2019-12-31": "1339.57600", "2018-12-31": "1347.54000", "2017-12-31": "938.82710", "2016-12-31": "933.84960", "2015-12-31": "816.02290", "2014-12-31": "689.75780", "2013-12-31": "527.82230", "2012-12-31": "175.40140", "2011-12-31": "-317.33790", "2010-12-31": "-1244.25900", "2009-12-31": "-1932.37200", "2008-12-31": "-1693.28100", "2007-12-31": "-2309.61300", "2006-12-31": "1145.64100", "2005-12-31": "2201.66900"}, "Total Non-Operating Income/Expense": {"2020-12-31": "", "2019-12-31": "", "2018-12-31": "", "2017-12-31": "", "2016-12-31": "", "2015-12-31": "", "2014-12-31": "", "2013-12-31": "", "2012-12-31": "8.15300", "2011-12-31": "7.03800", "2010-12-31": "9.71300", "2009-12-31": "-42.74700", "2008-12-31": "10.68300", "2007-12-31": "-187.29100", "2006-12-31": "-62.91200", "2005-12-31": "75.35000"}, "Pre-Tax Income": {"2020-12-31": "1728.69400", "2019-12-31": "1339.57600", "2018-12-31": "1347.54000", "2017-12-31": "938.82800", "2016-12-31": "933.85000", "2015-12-31": "816.02300", "2014-12-31": "689.75800", "2013-12-31": "527.82200", "2012-12-31": "183.55400", "2011-12-31": "-310.30000", "2010-12-31": "-1234.54600", "2009-12-31": "-1975.11900", "2008-12-31": "-1682.59900", "2007-12-31": "-2496.90300", "2006-12-31": "1082.72800", "2005-12-31": "2277.01400"}, "Income Taxes": {"2020-12-31": "321.85500", "2019-12-31": "322.87600", "2018-12-31": "325.51700", "2017-12-31": "491.60700", "2016-12-31": "331.14700", "2015-12-31": "321.93300", "2014-12-31": "215.42000", "2013-12-31": "-2092.29400", "2012-12-31": "-22.59100", "2011-12-31": "-99.91200", "2010-12-31": "-137.81700", "2009-12-31": "-792.55200", "2008-12-31": "-209.48600", "2007-12-31": "-222.48600", "2006-12-31": "393.08200", "2005-12-31": "840.12600"}, "Income After Taxes": {"2020-12-31": "1406.83900", "2019-12-31": "1016.70000", "2018-12-31": "1022.02300", "2017-12-31": "447.22100", "2016-12-31": "602.70300", "2015-12-31": "494.09000", "2014-12-31": "474.33800", "2013-12-31": "2620.11600", "2012-12-31": "206.14500", "2011-12-31": "-210.38800", "2010-12-31": "-1096.72900", "2009-12-31": "-1182.56700", "2008-12-31": "-1473.11300", "2007-12-31": "-2274.41700", "2006-12-31": "689.64600", "2005-12-31": "1436.88800"}, "Other Income": {"2020-12-31": "", "2019-12-31": "", "2018-12-31": "", "2017-12-31": "", "2016-12-31": "", "2015-12-31": "", "2014-12-31": "", "2013-12-31": "", "2012-12-31": "", "2011-12-31": "", "2010-12-31": "", "2009-12-31": "", "2008-12-31": "", "2007-12-31": "", "2006-12-31": "", "2005-12-31": ""}, "Income From Continuous Operations": {"2020-12-31": "1406.83900", "2019-12-31": "1016.70000", "2018-12-31": "1022.02300", "2017-12-31": "447.22100", "2016-12-31": "602.70300", "2015-12-31": "494.09000", "2014-12-31": "474.33800", "2013-12-31": "2620.11600", "2012-12-31": "206.14500", "2011-12-31": "-210.38800", "2010-12-31": "-1096.72900", "2009-12-31": "-1182.56700", "2008-12-31": "-1473.11300", "2007-12-31": "-2274.41700", "2006-12-31": "689.64600", "2005-12-31": "1436.88800"}, "Income From Discontinued Operations": {"2020-12-31": "", "2019-12-31": "", "2018-12-31": "", "2017-12-31": "", "2016-12-31": "", "2015-12-31": "", "2014-12-31": "", "2013-12-31": "", "2012-12-31": "", "2011-12-31": "", "2010-12-31": "", "2009-12-31": "", "2008-12-31": "", "2007-12-31": "18.66200", "2006-12-31": "-2.17500", "2005-12-31": "55.02500"}, "Net Income": {"2020-12-31": "1394.38500", "2019-12-31": "1006.32900", "2018-12-31": "1010.83100", "2017-12-31": "442.64900", "2016-12-31": "597.98100", "2015-12-31": "490.88700", "2014-12-31": "474.33800", "2013-12-31": "2600.50800", "2012-12-31": "206.14500", "2011-12-31": "-210.38800", "2010-12-31": "-1096.72900", "2009-12-31": "-1182.56700", "2008-12-31": "-1473.11300", "2007-12-31": "-2255.75500", "2006-12-31": "687.47100", "2005-12-31": "1491.91300"}, "EBITDA": {"2020-12-31": "1814.96400", "2019-12-31": "1393.57500", "2018-12-31": "1396.96900", "2017-12-31": "989.82510", "2016-12-31": "987.85660", "2015-12-31": "862.24490", "2014-12-31": "729.62180", "2013-12-31": "559.40920", "2012-12-31": "205.42840", "2011-12-31": "-44.69890", "2010-12-31": "-542.30080", "2009-12-31": "-1315.13600", "2008-12-31": "-1613.64700", "2007-12-31": "-1855.73800", "2006-12-31": "1229.31600", "2005-12-31": "2263.18100"}, "EBIT": {"2020-12-31": "1728.69300", "2019-12-31": "1339.57600", "2018-12-31": "1347.54000", "2017-12-31": "938.82710", "2016-12-31": "933.84960", "2015-12-31": "816.02290", "2014-12-31": "689.75780", "2013-12-31": "527.82230", "2012-12-31": "175.40140", "2011-12-31": "-317.33790", "2010-12-31": "-1244.25900", "2009-12-31": "-1932.37200", "2008-12-31": "-1693.28100", "2007-12-31": "-2309.61300", "2006-12-31": "1145.64100", "2005-12-31": "2201.66900"}, "Basic Shares Outstanding": {"2020-12-31": "268.55300", "2019-12-31": "274.49500", "2018-12-31": "283.57800", "2017-12-31": "305.08900", "2016-12-31": "339.74700", "2015-12-31": "356.57600", "2014-12-31": "370.37700", "2013-12-31": "383.07700", "2012-12-31": "381.56200", "2011-12-31": "379.87700", "2010-12-31": "378.58500", "2009-12-31": "300.17900", "2008-12-31": "253.51200", "2007-12-31": "252.19200", "2006-12-31": "252.20000", "2005-12-31": "255.49200"}, "Shares Outstanding": {"2020-12-31": "269.41400", "2019-12-31": "275.29700", "2018-12-31": "284.86500", "2017-12-31": "306.81400", "2016-12-31": "342.12300", "2015-12-31": "359.79300", "2014-12-31": "374.10200", "2013-12-31": "386.86600", "2012-12-31": "384.56400", "2011-12-31": "379.87700", "2010-12-31": "378.58500", "2009-12-31": "300.17900", "2008-12-31": "253.51200", "2007-12-31": "252.19200", "2006-12-31": "258.62100", "2005-12-31": "262.80100"}, "Basic EPS": {"2020-12-31": "5.19000", "2019-12-31": "3.67000", "2018-12-31": "3.56000", "2017-12-31": "1.45000", "2016-12-31": "1.76000", "2015-12-31": "1.38000", "2014-12-31": "1.27000", "2013-12-31": "6.79000", "2012-12-31": "0.54000", "2011-12-31": "-0.55000", "2010-12-31": "-2.90000", "2009-12-31": "-3.94000", "2008-12-31": "-5.81000", "2007-12-31": "-8.94000", "2006-12-31": "2.73000", "2005-12-31": "5.84000"}, "EPS - Earnings Per Share": {"2020-12-31": "5.18000", "2019-12-31": "3.66000", "2018-12-31": "3.55000", "2017-12-31": "1.44000", "2016-12-31": "1.75000", "2015-12-31": "1.36000", "2014-12-31": "1.26000", "2013-12-31": "6.72000", "2012-12-31": "0.54000", "2011-12-31": "-0.55000", "2010-12-31": "-2.90000", "2009-12-31": "-3.94000", "2008-12-31": "-5.81000", "2007-12-31": "-8.94000", "2006-12-31": "2.66000", "2005-12-31": "5.68000"}}, "income statement, quarterly": {"Revenue": {"2020-12-31": "3192.36400", "2020-09-30": "2954.95700", "2020-06-30": "2593.78100", "2020-03-31": "2294.98000", "2019-12-31": "3016.91400", "2019-09-30": "2710.36500", "2019-06-30": "2488.98500", "2019-03-31": "1996.69300", "2018-12-31": "2999.15000", "2018-09-30": "2649.36600", "2018-06-30": "2569.72200", "2018-03-31": "1970.09300", "2017-12-31": "2794.89000", "2017-09-30": "2131.05800", "2017-06-30": "2021.86000", "2017-03-31": "1629.87800", "2016-12-31": "2501.13300", "2016-09-30": "1942.90500", "2016-06-30": "1799.91400", "2016-03-31": "1432.57800", "2015-12-31": "2061.62800", "2015-09-30": "1506.74700", "2015-06-30": "1280.29100", "2015-03-31": "1133.29800", "2014-12-31": "1822.55700", "2014-09-30": "1594.72500", "2014-06-30": "1286.18700", "2014-03-31": "1118.89400", "2013-12-31": "1655.33900", "2013-09-30": "1582.07800", "2013-06-30": "1279.42200", "2013-03-31": "1162.75600", "2012-12-31": "1566.96600", "2012-09-30": "1302.59100", "2012-06-30": "1069.40500", "2012-03-31": "881.03600", "2011-12-31": "1262.34500", "2011-09-30": "1141.93100", "2011-06-30": "927.21200", "2011-03-31": "805.20200", "2010-12-31": "1185.27000", "2010-09-30": "1057.76400", "2010-06-30": "1305.89800", "2010-03-31": "1020.35800", "2009-12-31": "1730.82300", "2009-09-30": "1091.09400", "2009-06-30": "678.58000", "2009-03-31": "583.89200", "2008-12-31": "1636.59500", "2008-09-30": "1558.22700", "2008-06-30": "1619.41300", "2008-03-31": "1448.81900", "2007-12-31": "2892.02200", "2007-09-30": "2471.79800", "2007-06-30": "2021.24600", "2007-03-31": "1871.43300", "2006-12-31": "4388.90600", "2006-09-30": "3563.95900", "2006-06-30": "3358.96700", "2006-03-31": "2962.57600", "2005-12-31": "5131.60400", "2005-09-30": "3794.17200", "2005-06-30": "3250.94500", "2005-03-31": "2517.81800"}, "Cost Of Goods Sold": {"2020-12-31": "2383.42400", "2020-09-30": "2195.05000", "2020-06-30": "1934.62800", "2020-03-31": "1744.82800", "2019-12-31": "2315.52200", "2019-09-30": "2068.48600", "2019-06-30": "1905.27000", "2019-03-31": "1526.29000", "2018-12-31": "2370.24500", "2018-09-30": "2008.43300", "2018-06-30": "1932.54000", "2018-03-31": "1503.70100", "2017-12-31": "2180.57100", "2017-09-30": "1619.03200", "2017-06-30": "1666.01400", "2017-03-31": "1249.27300", "2016-12-31": "1865.29600", "2016-09-30": "1456.03900", "2016-06-30": "1341.15200", "2016-03-31": "1066.17500", "2015-12-31": "1350.65000", "2015-09-30": "1146.77700", "2015-06-30": "979.35900", "2015-03-31": "877.06400", "2014-12-31": "1204.37400", "2014-09-30": "1221.53100", "2014-06-30": "981.63800", "2014-03-31": "836.93600", "2013-12-31": "1273.24300", "2013-09-30": "1253.31400", "2013-06-30": "1034.56300", "2013-03-31": "946.07600", "2012-12-31": "1333.61000", "2012-09-30": "1065.34300", "2012-06-30": "897.31700", "2012-03-31": "767.57200", "2011-12-31": "1138.20400", "2011-09-30": "964.18800", "2011-06-30": "832.51800", "2011-03-31": "706.43300", "2010-12-31": "1158.98000", "2010-09-30": "981.08700", "2010-06-30": "1151.79100", "2010-03-31": "884.20400", "2009-12-31": "1838.35700", "2009-09-30": "1135.66900", "2009-06-30": "766.32700", "2009-03-31": "918.14500", "2008-12-31": "1669.76600", "2008-09-30": "1653.32200", "2008-06-30": "1633.54800", "2008-03-31": "2145.62100", "2007-12-31": "1539.83700", "2007-09-30": "3514.13600", "2007-06-30": "2772.70400", "2007-03-31": "2013.00500", "2006-12-31": "4310.43700", "2006-09-30": "3270.32600", "2006-06-30": "2970.03000", "2006-03-31": "2577.97500", "2005-12-31": "4322.02200", "2005-09-30": "3196.15900", "2005-06-30": "2788.97100", "2005-03-31": "2185.71800"}, "Gross Profit": {"2020-12-31": "808.93990", "2020-09-30": "759.90700", "2020-06-30": "659.15300", "2020-03-31": "550.15200", "2019-12-31": "701.39160", "2019-09-30": "641.87890", "2019-06-30": "583.71510", "2019-03-31": "470.40300", "2018-12-31": "628.90550", "2018-09-30": "640.93300", "2018-06-30": "637.18190", "2018-03-31": "466.39200", "2017-12-31": "614.31840", "2017-09-30": "512.02610", "2017-06-30": "355.84590", "2017-03-31": "380.60510", "2016-12-31": "635.83670", "2016-09-30": "486.86610", "2016-06-30": "458.76200", "2016-03-31": "366.40300", "2015-12-31": "710.97750", "2015-09-30": "359.97000", "2015-06-30": "300.93200", "2015-03-31": "256.23390", "2014-12-31": "618.18260", "2014-09-30": "373.19400", "2014-06-30": "304.54900", "2014-03-31": "281.95810", "2013-12-31": "382.09630", "2013-09-30": "328.76400", "2013-06-30": "244.85900", "2013-03-31": "216.68000", "2012-12-31": "233.35610", "2012-09-30": "237.24790", "2012-06-30": "172.08800", "2012-03-31": "113.46400", "2011-12-31": "124.14090", "2011-09-30": "177.74300", "2011-06-30": "94.69400", "2011-03-31": "98.76900", "2010-12-31": "26.28990", "2010-09-30": "76.67700", "2010-06-30": "154.10690", "2010-03-31": "136.15400", "2009-12-31": "-107.53420", "2009-09-30": "-44.57500", "2009-06-30": "-87.74700", "2009-03-31": "-334.25290", "2008-12-31": "-33.17050", "2008-09-30": "-95.09500", "2008-06-30": "-14.13500", "2008-03-31": "-696.80210", "2007-12-31": "1352.18500", "2007-09-30": "-1042.33800", "2007-06-30": "-751.45810", "2007-03-31": "-141.57210", "2006-12-31": "78.46970", "2006-09-30": "293.63310", "2006-06-30": "388.93730", "2006-03-31": "384.60080", "2005-12-31": "809.58200", "2005-09-30": "598.01290", "2005-06-30": "461.97390", "2005-03-31": "332.10010"}, "Research And Development Expenses": {"2020-12-31": "", "2020-09-30": "", "2020-06-30": "", "2020-03-31": "", "2019-12-31": "", "2019-09-30": "", "2019-06-30": "", "2019-03-31": "", "2018-12-31": "", "2018-09-30": "", "2018-06-30": "", "2018-03-31": "", "2017-12-31": "", "2017-09-30": "", "2017-06-30": "", "2017-03-31": "", "2016-12-31": "", "2016-09-30": "", "2016-06-30": "", "2016-03-31": "", "2015-12-31": "", "2015-09-30": "", "2015-06-30": "", "2015-03-31": "", "2014-12-31": "", "2014-09-30": "", "2014-06-30": "", "2014-03-31": "", "2013-12-31": "", "2013-09-30": "", "2013-06-30": "", "2013-03-31": "", "2012-12-31": "", "2012-09-30": "", "2012-06-30": "", "2012-03-31": "", "2011-12-31": "", "2011-09-30": "", "2011-06-30": "", "2011-03-31": "", "2010-12-31": "", "2010-09-30": "", "2010-06-30": "", "2010-03-31": "", "2009-12-31": "", "2009-09-30": "", "2009-06-30": "", "2009-03-31": "", "2008-12-31": "", "2008-09-30": "", "2008-06-30": "", "2008-03-31": "", "2007-12-31": "", "2007-09-30": "", "2007-06-30": "", "2007-03-31": "", "2006-12-31": "", "2006-09-30": "", "2006-06-30": "", "2006-03-31": "", "2005-12-31": "", "2005-09-30": "", "2005-06-30": "", "2005-03-31": ""}, "SG&A Expenses": {"2020-12-31": "279.65800", "2020-09-30": "271.25700", "2020-06-30": "196.85800", "2020-03-31": "263.66900", "2019-12-31": "261.54500", "2019-09-30": "270.62500", "2019-06-30": "259.44000", "2019-03-31": "252.72700", "2018-12-31": "292.31700", "2018-09-30": "252.75700", "2018-06-30": "226.05600", "2018-03-31": "240.89300", "2017-12-31": "201.60700", "2017-09-30": "237.49500", "2017-06-30": "216.21100", "2017-03-31": "236.26800", "2016-12-31": "207.64700", "2016-09-30": "250.91400", "2016-06-30": "256.27300", "2016-03-31": "242.31600", "2015-12-31": "343.93600", "2015-09-30": "159.36100", "2015-06-30": "130.11900", "2015-03-31": "161.31200", "2014-12-31": "339.60000", "2014-09-30": "147.13600", "2014-06-30": "229.76700", "2014-03-31": "144.88700", "2013-12-31": "149.70600", "2013-09-30": "138.63700", "2013-06-30": "150.53100", "2013-03-31": "129.62600", "2012-12-31": "141.76600", "2012-09-30": "125.19100", "2012-06-30": "124.18600", "2012-03-31": "123.31400", "2011-12-31": "117.20400", "2011-09-30": "121.55300", "2011-06-30": "138.38000", "2011-03-31": "142.44600", "2010-12-31": "150.73800", "2010-09-30": "425.64300", "2010-06-30": "157.41500", "2010-03-31": "161.30600", "2009-12-31": "202.07400", "2009-09-30": "221.53800", "2009-06-30": "122.26300", "2009-03-31": "126.55900", "2008-12-31": "427.75400", "2008-09-30": "200.35000", "2008-06-30": "186.40400", "2008-03-31": "", "2007-12-31": "", "2007-09-30": "", "2007-06-30": "", "2007-03-31": "", "2006-12-31": "", "2006-09-30": "", "2006-06-30": "", "2006-03-31": "", "2005-12-31": "", "2005-09-30": "", "2005-06-30": "", "2005-03-31": ""}, "Other Operating Income Or Expenses": {"2020-12-31": "-5.53300", "2020-09-30": "-4.48300", "2020-06-30": "-5.28600", "2020-03-31": "-2.52400", "2019-12-31": "-3.89600", "2019-09-30": "-5.10800", "2019-06-30": "-3.49900", "2019-03-31": "-0.97300", "2018-12-31": "-7.09700", "2018-09-30": "-3.48800", "2018-06-30": "-1.95600", "2018-03-31": "-1.30800", "2017-12-31": "-3.94500", "2017-09-30": "-6.28200", "2017-06-30": "-17.08800", "2017-03-31": "-5.07200", "2016-12-31": "-14.46800", "2016-09-30": "-23.61700", "2016-06-30": "-12.90900", "2016-03-31": "-5.87400", "2015-12-31": "6.27300", "2015-09-30": "-21.33300", "2015-06-30": "-3.18600", "2015-03-31": "0.88300", "2014-12-31": "-1.17500", "2014-09-30": "-2.40600", "2014-06-30": "-9.32400", "2014-03-31": "-13.83100", "2013-12-31": "3.08900", "2013-09-30": "-17.05500", "2013-06-30": "-57.33900", "2013-03-31": "-4.77200", "2012-12-31": "-41.72800", "2012-09-30": "-7.45300", "2012-06-30": "-10.49800", "2012-03-31": "-6.61900", "2011-12-31": "-18.33700", "2011-09-30": "-259.18700", "2011-06-30": "-11.66800", "2011-03-31": "-3.91000", "2010-12-31": "-68.61300", "2010-09-30": "-672.97900", "2010-06-30": "-9.23400", "2010-03-31": "8.44100", "2009-12-31": "-615.42200", "2009-09-30": "-89.81900", "2009-06-30": "23.37500", "2009-03-31": "-3.96300", "2008-12-31": "-18.91300", "2008-09-30": "-2.09800", "2008-06-30": "-18.56000", "2008-03-31": "", "2007-12-31": "", "2007-09-30": "", "2007-06-30": "", "2007-03-31": "", "2006-12-31": "", "2006-09-30": "", "2006-06-30": "", "2006-03-31": "", "2005-12-31": "", "2005-09-30": "", "2005-06-30": "", "2005-03-31": ""}, "Operating Expenses": {"2020-12-31": "2668.61600", "2020-09-30": "2470.79000", "2020-06-30": "2136.77200", "2020-03-31": "2031.21100", "2019-12-31": "2580.96300", "2019-09-30": "2344.21900", "2019-06-30": "2168.20900", "2019-03-31": "1779.99000", "2018-12-31": "2669.66000", "2018-09-30": "2264.67800", "2018-06-30": "2160.55200", "2018-03-31": "1745.90200", "2017-12-31": "2386.12300", "2017-09-30": "1862.80900", "2017-06-30": "1899.31300", "2017-03-31": "1490.61300", "2016-12-31": "2087.41100", "2016-09-30": "1730.57000", "2016-06-30": "1610.33400", "2016-03-31": "1314.36500", "2015-12-31": "1688.31300", "2015-09-30": "1327.47100", "2015-06-30": "1112.66400", "2015-03-31": "1037.49300", "2014-12-31": "1545.14900", "2014-09-30": "1371.07300", "2014-06-30": "1220.72900", "2014-03-31": "995.65400", "2013-12-31": "1419.86000", "2013-09-30": "1409.00600", "2013-06-30": "1242.43300", "2013-03-31": "1080.47400", "2012-12-31": "1517.10400", "2012-09-30": "1197.98700", "2012-06-30": "1032.00100", "2012-03-31": "897.50510", "2011-12-31": "1273.74500", "2011-09-30": "1344.92800", "2011-06-30": "982.56600", "2011-03-31": "852.78890", "2010-12-31": "1378.33100", "2010-09-30": "2079.70900", "2010-06-30": "1318.44000", "2010-03-31": "1037.06900", "2009-12-31": "2655.85300", "2009-09-30": "1447.02600", "2009-06-30": "865.21500", "2009-03-31": "1048.66700", "2008-12-31": "2116.43200", "2008-09-30": "1855.77000", "2008-06-30": "1838.51200", "2008-03-31": "2145.62100", "2007-12-31": "3266.26700", "2007-09-30": "3514.13600", "2007-06-30": "2772.70400", "2007-03-31": "2013.00500", "2006-12-31": "4310.43700", "2006-09-30": "3270.32600", "2006-06-30": "2970.03000", "2006-03-31": "2577.97500", "2005-12-31": "4322.02200", "2005-09-30": "3196.15900", "2005-06-30": "2788.97100", "2005-03-31": "2185.71800"}, "Operating Income": {"2020-12-31": "523.74800", "2020-09-30": "484.16700", "2020-06-30": "457.00900", "2020-03-31": "263.76890", "2019-12-31": "435.95070", "2019-09-30": "366.14600", "2019-06-30": "320.77610", "2019-03-31": "216.70290", "2018-12-31": "329.49050", "2018-09-30": "384.68800", "2018-06-30": "409.16990", "2018-03-31": "224.19100", "2017-12-31": "408.76640", "2017-09-30": "268.24910", "2017-06-30": "122.54690", "2017-03-31": "139.26500", "2016-12-31": "413.72170", "2016-09-30": "212.33520", "2016-06-30": "189.57980", "2016-03-31": "118.21290", "2015-12-31": "373.31490", "2015-09-30": "179.27600", "2015-06-30": "167.62700", "2015-03-31": "95.80510", "2014-12-31": "277.40770", "2014-09-30": "223.65200", "2014-06-30": "65.45800", "2014-03-31": "123.24010", "2013-12-31": "235.47920", "2013-09-30": "173.07200", "2013-06-30": "36.98900", "2013-03-31": "82.28200", "2012-12-31": "49.86270", "2012-09-30": "104.60390", "2012-06-30": "37.40410", "2012-03-31": "-16.46910", "2011-12-31": "-11.39990", "2011-09-30": "-202.99690", "2011-06-30": "-55.35410", "2011-03-31": "-47.58690", "2010-12-31": "-193.06090", "2010-09-30": "-1021.94500", "2010-06-30": "-12.54210", "2010-03-31": "-16.71100", "2009-12-31": "-925.03050", "2009-09-30": "-355.93190", "2009-06-30": "-186.63500", "2009-03-31": "-464.77500", "2008-12-31": "-479.83700", "2008-09-30": "-297.54300", "2008-06-30": "-219.09910", "2008-03-31": "-696.80210", "2007-12-31": "-374.24540", "2007-09-30": "-1042.33800", "2007-06-30": "-751.45810", "2007-03-31": "-141.57210", "2006-12-31": "78.46970", "2006-09-30": "293.63310", "2006-06-30": "388.93730", "2006-03-31": "384.60080", "2005-12-31": "809.58200", "2005-09-30": "598.01290", "2005-06-30": "461.97390", "2005-03-31": "332.10010"}, "Total Non-Operating Income/Expense": {"2020-12-31": "", "2020-09-30": "", "2020-06-30": "", "2020-03-31": "", "2019-12-31": "", "2019-09-30": "", "2019-06-30": "", "2019-03-31": "", "2018-12-31": "", "2018-09-30": "", "2018-06-30": "", "2018-03-31": "", "2017-12-31": "", "2017-09-30": "", "2017-06-30": "", "2017-03-31": "", "2016-12-31": "", "2016-09-30": "", "2016-06-30": "", "2016-03-31": "", "2015-12-31": "", "2015-09-30": "", "2015-06-30": "", "2015-03-31": "", "2014-12-31": "", "2014-09-30": "1.27600", "2014-06-30": "2.22300", "2014-03-31": "6.78900", "2013-12-31": "", "2013-09-30": "1.65000", "2013-06-30": "1.34100", "2013-03-31": "0.06800", "2012-12-31": "1.35100", "2012-09-30": "1.30200", "2012-06-30": "2.52200", "2012-03-31": "2.97800", "2011-12-31": "2.32500", "2011-09-30": "0.49700", "2011-06-30": "2.02100", "2011-03-31": "2.19500", "2010-12-31": "2.58600", "2010-09-30": "-1.89200", "2010-06-30": "6.81600", "2010-03-31": "2.20300", "2009-12-31": "7.80500", "2009-09-30": "-2.78700", "2009-06-30": "-0.29400", "2009-03-31": "-47.47100", "2008-12-31": "0.11300", "2008-09-30": "2.95200", "2008-06-30": "3.87200", "2008-03-31": "3.74600", "2007-12-31": "-79.58900", "2007-09-30": "-51.57500", "2007-06-30": "-55.15100", "2007-03-31": "-0.97600", "2006-12-31": "-96.52400", "2006-09-30": "1.88100", "2006-06-30": "-1.21200", "2006-03-31": "32.94300", "2005-12-31": "21.01600", "2005-09-30": "15.68900", "2005-06-30": "23.84800", "2005-03-31": "14.79700"}, "Pre-Tax Income": {"2020-12-31": "523.74890", "2020-09-30": "484.16700", "2020-06-30": "457.00900", "2020-03-31": "263.76900", "2019-12-31": "435.95100", "2019-09-30": "366.14600", "2019-06-30": "320.77600", "2019-03-31": "216.70300", "2018-12-31": "329.49100", "2018-09-30": "384.68800", "2018-06-30": "409.17000", "2018-03-31": "224.19100", "2017-12-31": "408.76700", "2017-09-30": "268.24900", "2017-06-30": "122.54700", "2017-03-31": "139.26500", "2016-12-31": "413.72190", "2016-09-30": "212.33500", "2016-06-30": "189.58000", "2016-03-31": "118.21300", "2015-12-31": "373.31500", "2015-09-30": "179.27600", "2015-06-30": "167.62700", "2015-03-31": "95.80500", "2014-12-31": "267.12000", "2014-09-30": "224.92800", "2014-06-30": "67.68100", "2014-03-31": "130.02900", "2013-12-31": "232.42000", "2013-09-30": "174.72200", "2013-06-30": "38.33000", "2013-03-31": "82.35000", "2012-12-31": "51.21300", "2012-09-30": "105.90600", "2012-06-30": "39.92600", "2012-03-31": "-13.49100", "2011-12-31": "-9.07500", "2011-09-30": "-202.50000", "2011-06-30": "-53.33300", "2011-03-31": "-45.39200", "2010-12-31": "-190.47510", "2010-09-30": "-1023.83700", "2010-06-30": "-5.72600", "2010-03-31": "-14.50800", "2009-12-31": "-917.22510", "2009-09-30": "-358.71900", "2009-06-30": "-186.92900", "2009-03-31": "-512.24600", "2008-12-31": "-479.72500", "2008-09-30": "-294.59100", "2008-06-30": "-215.22700", "2008-03-31": "-693.05600", "2007-12-31": "-453.83310", "2007-09-30": "-1093.91300", "2007-06-30": "-806.60900", "2007-03-31": "-142.54800", "2006-12-31": "-18.05500", "2006-09-30": "295.51400", "2006-06-30": "387.72500", "2006-03-31": "417.54400", "2005-12-31": "830.59290", "2005-09-30": "613.70200", "2005-06-30": "485.82200", "2005-03-31": "346.89700"}, "Income Taxes": {"2020-12-31": "85.63900", "2020-09-30": "67.76900", "2020-06-30": "108.38900", "2020-03-31": "60.05800", "2019-12-31": "100.15300", "2019-09-30": "93.04200", "2019-06-30": "79.73500", "2019-03-31": "49.94600", "2018-12-31": "91.84300", "2018-09-30": "95.15300", "2018-06-30": "85.08100", "2018-03-31": "53.44000", "2017-12-31": "331.35200", "2017-09-30": "90.71000", "2017-06-30": "21.79800", "2017-03-31": "47.74700", "2016-12-31": "140.54900", "2016-09-30": "83.86500", "2016-06-30": "71.82000", "2016-03-31": "34.91300", "2015-12-31": "145.28900", "2015-09-30": "71.50700", "2015-06-30": "64.30300", "2015-03-31": "40.83400", "2014-12-31": "50.02600", "2014-09-30": "84.38300", "2014-06-30": "25.80100", "2014-03-31": "55.21000", "2013-12-31": "12.36720", "2013-09-30": "-2107.16200", "2013-06-30": "1.91300", "2013-03-31": "0.58800", "2012-12-31": "-7.52900", "2012-09-30": "-10.72700", "2012-06-30": "-2.51000", "2012-03-31": "-1.82500", "2011-12-31": "-22.89600", "2011-09-30": "-73.20200", "2011-06-30": "2.05200", "2011-03-31": "-5.86600", "2010-12-31": "-25.04700", "2010-09-30": "-28.72100", "2010-06-30": "-82.02900", "2010-03-31": "-2.02000", "2009-12-31": "-800.32810", "2009-09-30": "2.66800", "2009-06-30": "2.53600", "2009-03-31": "2.57200", "2008-12-31": "-141.56000", "2008-09-30": "-14.20400", "2008-06-30": "-56.81000", "2008-03-31": "3.08800", "2007-12-31": "439.49000", "2007-09-30": "-306.04200", "2007-06-30": "-299.05800", "2007-03-31": "-56.87600", "2006-12-31": "-9.75400", "2006-09-30": "104.06400", "2006-06-30": "143.87300", "2006-03-31": "154.89900", "2005-12-31": "298.85590", "2005-09-30": "231.28500", "2005-06-30": "180.63500", "2005-03-31": "129.35000"}, "Income After Taxes": {"2020-12-31": "438.11000", "2020-09-30": "416.39800", "2020-06-30": "348.62000", "2020-03-31": "203.71100", "2019-12-31": "335.79800", "2019-09-30": "273.10400", "2019-06-30": "241.04100", "2019-03-31": "166.75700", "2018-12-31": "237.64810", "2018-09-30": "289.53500", "2018-06-30": "324.08900", "2018-03-31": "170.75100", "2017-12-31": "77.41500", "2017-09-30": "177.53900", "2017-06-30": "100.74900", "2017-03-31": "91.51800", "2016-12-31": "273.17300", "2016-09-30": "128.47000", "2016-06-30": "117.76000", "2016-03-31": "83.30000", "2015-12-31": "228.02600", "2015-09-30": "107.76900", "2015-06-30": "103.32400", "2015-03-31": "54.97100", "2014-12-31": "217.09400", "2014-09-30": "140.54500", "2014-06-30": "41.88000", "2014-03-31": "74.81900", "2013-12-31": "220.05290", "2013-09-30": "2281.88400", "2013-06-30": "36.41700", "2013-03-31": "81.76200", "2012-12-31": "58.74200", "2012-09-30": "116.63300", "2012-06-30": "42.43600", "2012-03-31": "-11.66600", "2011-12-31": "13.82100", "2011-09-30": "-129.29800", "2011-06-30": "-55.38500", "2011-03-31": "-39.52600", "2010-12-31": "-165.42800", "2010-09-30": "-995.11600", "2010-06-30": "76.30300", "2010-03-31": "-12.48800", "2009-12-31": "-116.89710", "2009-09-30": "-361.38700", "2009-06-30": "-189.46500", "2009-03-31": "-514.81800", "2008-12-31": "-338.16500", "2008-09-30": "-280.38700", "2008-06-30": "-158.41700", "2008-03-31": "-696.14400", "2007-12-31": "-893.32300", "2007-09-30": "-787.87100", "2007-06-30": "-507.55100", "2007-03-31": "-85.67200", "2006-12-31": "-8.30100", "2006-09-30": "191.45000", "2006-06-30": "243.85200", "2006-03-31": "262.64500", "2005-12-31": "531.73690", "2005-09-30": "382.41700", "2005-06-30": "305.18700", "2005-03-31": "217.54700"}, "Other Income": {"2020-12-31": "", "2020-09-30": "", "2020-06-30": "", "2020-03-31": "", "2019-12-31": "", "2019-09-30": "", "2019-06-30": "", "2019-03-31": "", "2018-12-31": "", "2018-09-30": "", "2018-06-30": "", "2018-03-31": "", "2017-12-31": "", "2017-09-30": "", "2017-06-30": "", "2017-03-31": "", "2016-12-31": "", "2016-09-30": "", "2016-06-30": "", "2016-03-31": "", "2015-12-31": "", "2015-09-30": "", "2015-06-30": "", "2015-03-31": "", "2014-12-31": "", "2014-09-30": "", "2014-06-30": "", "2014-03-31": "", "2013-12-31": "", "2013-09-30": "", "2013-06-30": "", "2013-03-31": "", "2012-12-31": "", "2012-09-30": "", "2012-06-30": "", "2012-03-31": "", "2011-12-31": "", "2011-09-30": "", "2011-06-30": "", "2011-03-31": "", "2010-12-31": "", "2010-09-30": "", "2010-06-30": "", "2010-03-31": "", "2009-12-31": "", "2009-09-30": "", "2009-06-30": "", "2009-03-31": "", "2008-12-31": "", "2008-09-30": "", "2008-06-30": "", "2008-03-31": "", "2007-12-31": "", "2007-09-30": "", "2007-06-30": "", "2007-03-31": "", "2006-12-31": "", "2006-09-30": "", "2006-06-30": "", "2006-03-31": "", "2005-12-31": "", "2005-09-30": "", "2005-06-30": "", "2005-03-31": ""}, "Income From Continuous Operations": {"2020-12-31": "438.11000", "2020-09-30": "416.39800", "2020-06-30": "348.62000", "2020-03-31": "203.71100", "2019-12-31": "335.79800", "2019-09-30": "273.10400", "2019-06-30": "241.04100", "2019-03-31": "166.75700", "2018-12-31": "237.64810", "2018-09-30": "289.53500", "2018-06-30": "324.08900", "2018-03-31": "170.75100", "2017-12-31": "77.41500", "2017-09-30": "177.53900", "2017-06-30": "100.74900", "2017-03-31": "91.51800", "2016-12-31": "273.17300", "2016-09-30": "128.47000", "2016-06-30": "117.76000", "2016-03-31": "83.30000", "2015-12-31": "228.02600", "2015-09-30": "107.76900", "2015-06-30": "103.32400", "2015-03-31": "54.97100", "2014-12-31": "217.09400", "2014-09-30": "140.54500", "2014-06-30": "41.88000", "2014-03-31": "74.81900", "2013-12-31": "220.05290", "2013-09-30": "2281.88400", "2013-06-30": "36.41700", "2013-03-31": "81.76200", "2012-12-31": "58.74200", "2012-09-30": "116.63300", "2012-06-30": "42.43600", "2012-03-31": "-11.66600", "2011-12-31": "13.82100", "2011-09-30": "-129.29800", "2011-06-30": "-55.38500", "2011-03-31": "-39.52600", "2010-12-31": "-165.42800", "2010-09-30": "-995.11600", "2010-06-30": "76.30300", "2010-03-31": "-12.48800", "2009-12-31": "-116.89710", "2009-09-30": "-361.38700", "2009-06-30": "-189.46500", "2009-03-31": "-514.81800", "2008-12-31": "-338.16500", "2008-09-30": "-280.38700", "2008-06-30": "-158.41700", "2008-03-31": "-696.14400", "2007-12-31": "-893.32300", "2007-09-30": "-787.87100", "2007-06-30": "-507.55100", "2007-03-31": "-85.67200", "2006-12-31": "-8.30100", "2006-09-30": "191.45000", "2006-06-30": "243.85200", "2006-03-31": "262.64500", "2005-12-31": "531.73690", "2005-09-30": "382.41700", "2005-06-30": "305.18700", "2005-03-31": "217.54700"}, "Income From Discontinued Operations": {"2020-12-31": "", "2020-09-30": "", "2020-06-30": "", "2020-03-31": "", "2019-12-31": "", "2019-09-30": "", "2019-06-30": "", "2019-03-31": "", "2018-12-31": "", "2018-09-30": "", "2018-06-30": "", "2018-03-31": "", "2017-12-31": "", "2017-09-30": "", "2017-06-30": "", "2017-03-31": "", "2016-12-31": "", "2016-09-30": "", "2016-06-30": "", "2016-03-31": "", "2015-12-31": "", "2015-09-30": "", "2015-06-30": "", "2015-03-31": "", "2014-12-31": "", "2014-09-30": "", "2014-06-30": "", "2014-03-31": "", "2013-12-31": "", "2013-09-30": "", "2013-06-30": "", "2013-03-31": "", "2012-12-31": "", "2012-09-30": "", "2012-06-30": "", "2012-03-31": "", "2011-12-31": "", "2011-09-30": "", "2011-06-30": "", "2011-03-31": "", "2010-12-31": "", "2010-09-30": "", "2010-06-30": "", "2010-03-31": "", "2009-12-31": "", "2009-09-30": "", "2009-06-30": "", "2009-03-31": "", "2008-12-31": "", "2008-09-30": "", "2008-06-30": "", "2008-03-31": "", "2007-12-31": "", "2007-09-30": "", "2007-06-30": "", "2007-03-31": "", "2006-12-31": "-0.11100", "2006-09-30": "-1.23100", "2006-06-30": "-0.83300", "2006-03-31": "", "2005-12-31": "42.80200", "2005-09-30": "13.00400", "2005-06-30": "-1.47600", "2005-03-31": "0.69500"}, "Net Income": {"2020-12-31": "433.72000", "2020-09-30": "413.01100", "2020-06-30": "345.75300", "2020-03-31": "201.90100", "2019-12-31": "332.24800", "2019-09-30": "270.39500", "2019-06-30": "238.64700", "2019-03-31": "165.03900", "2018-12-31": "233.19000", "2018-09-30": "286.38500", "2018-06-30": "320.50500", "2018-03-31": "170.75100", "2017-12-31": "76.77700", "2017-09-30": "175.60000", "2017-06-30": "99.67700", "2017-03-31": "90.59500", "2016-12-31": "271.35300", "2016-09-30": "127.33100", "2016-06-30": "116.68600", "2016-03-31": "82.61100", "2015-12-31": "225.17700", "2015-09-30": "107.76900", "2015-06-30": "103.32400", "2015-03-31": "54.61700", "2014-12-31": "217.61100", "2014-09-30": "140.54500", "2014-06-30": "41.88000", "2014-03-31": "74.30200", "2013-12-31": "216.47120", "2013-09-30": "2265.85800", "2013-06-30": "36.41700", "2013-03-31": "81.76200", "2012-12-31": "58.74200", "2012-09-30": "116.63300", "2012-06-30": "42.43600", "2012-03-31": "-11.66600", "2011-12-31": "13.82100", "2011-09-30": "-129.29800", "2011-06-30": "-55.38500", "2011-03-31": "-39.52600", "2010-12-31": "-165.42800", "2010-09-30": "-995.11600", "2010-06-30": "76.30300", "2010-03-31": "-12.48800", "2009-12-31": "-116.89710", "2009-09-30": "-361.38700", "2009-06-30": "-189.46500", "2009-03-31": "-514.81800", "2008-12-31": "-338.16510", "2008-09-30": "-280.38700", "2008-06-30": "-158.41700", "2008-03-31": "-696.14400", "2007-12-31": "-874.66090", "2007-09-30": "-787.87100", "2007-06-30": "-507.55100", "2007-03-31": "-85.67200", "2006-12-31": "-8.41200", "2006-09-30": "190.21900", "2006-06-30": "243.01900", "2006-03-31": "262.64500", "2005-12-31": "574.53890", "2005-09-30": "395.42100", "2005-06-30": "303.71100", "2005-03-31": "218.24200"}, "EBITDA": {"2020-12-31": "541.29300", "2020-09-30": "501.16500", "2020-06-30": "473.39800", "2020-03-31": "299.10790", "2019-12-31": "449.64770", "2019-09-30": "379.95100", "2019-06-30": "334.06310", "2019-03-31": "229.91290", "2018-12-31": "342.20250", "2018-09-30": "397.24400", "2018-06-30": "421.44090", "2018-03-31": "236.08100", "2017-12-31": "421.07530", "2017-09-30": "280.91510", "2017-06-30": "135.36090", "2017-03-31": "152.47400", "2016-12-31": "427.51070", "2016-09-30": "225.84820", "2016-06-30": "203.17180", "2016-03-31": "131.32590", "2015-12-31": "385.81790", "2015-09-30": "191.14200", "2015-06-30": "178.41800", "2015-03-31": "106.86710", "2014-12-31": "288.40770", "2014-09-30": "233.61200", "2014-06-30": "75.42000", "2014-03-31": "132.18210", "2013-12-31": "243.93230", "2013-09-30": "181.12200", "2013-06-30": "44.73400", "2013-03-31": "89.62100", "2012-12-31": "57.61170", "2012-09-30": "112.05390", "2012-06-30": "44.83910", "2012-03-31": "-9.07610", "2011-12-31": "-3.93090", "2011-09-30": "45.20010", "2011-06-30": "-47.35110", "2011-03-31": "-38.61690", "2010-12-31": "-182.33090", "2010-09-30": "-356.44800", "2010-06-30": "0.30290", "2010-03-31": "-3.82500", "2009-12-31": "-347.13650", "2009-09-30": "-341.39290", "2009-06-30": "-174.81000", "2009-03-31": "-451.79700", "2008-12-31": "-457.74400", "2008-09-30": "-278.83000", "2008-06-30": "-199.98610", "2008-03-31": "-677.08710", "2007-12-31": "-320.08840", "2007-09-30": "-685.89290", "2007-06-30": "-729.84520", "2007-03-31": "-119.91210", "2006-12-31": "103.63570", "2006-09-30": "314.15510", "2006-06-30": "408.56120", "2006-03-31": "402.96380", "2005-12-31": "826.28410", "2005-09-30": "614.12490", "2005-06-30": "476.93890", "2005-03-31": "345.83310"}, "EBIT": {"2020-12-31": "523.74840", "2020-09-30": "484.16700", "2020-06-30": "457.00900", "2020-03-31": "263.76890", "2019-12-31": "435.95120", "2019-09-30": "366.14600", "2019-06-30": "320.77610", "2019-03-31": "216.70290", "2018-12-31": "329.49110", "2018-09-30": "384.68800", "2018-06-30": "409.16990", "2018-03-31": "224.19100", "2017-12-31": "408.76610", "2017-09-30": "268.24910", "2017-06-30": "122.54690", "2017-03-31": "139.26500", "2016-12-31": "413.72170", "2016-09-30": "212.33520", "2016-06-30": "189.57980", "2016-03-31": "118.21290", "2015-12-31": "373.31490", "2015-09-30": "179.27600", "2015-06-30": "167.62700", "2015-03-31": "95.80510", "2014-12-31": "277.40780", "2014-09-30": "223.65200", "2014-06-30": "65.45800", "2014-03-31": "123.24010", "2013-12-31": "235.47920", "2013-09-30": "173.07200", "2013-06-30": "36.98900", "2013-03-31": "82.28200", "2012-12-31": "49.86250", "2012-09-30": "104.60390", "2012-06-30": "37.40410", "2012-03-31": "-16.46910", "2011-12-31": "-11.40000", "2011-09-30": "-202.99690", "2011-06-30": "-55.35410", "2011-03-31": "-47.58690", "2010-12-31": "-193.06070", "2010-09-30": "-1021.94500", "2010-06-30": "-12.54210", "2010-03-31": "-16.71100", "2009-12-31": "-925.03050", "2009-09-30": "-355.93190", "2009-06-30": "-186.63500", "2009-03-31": "-464.77500", "2008-12-31": "-479.83700", "2008-09-30": "-297.54300", "2008-06-30": "-219.09910", "2008-03-31": "-696.80210", "2007-12-31": "-374.24510", "2007-09-30": "-1042.33800", "2007-06-30": "-751.45810", "2007-03-31": "-141.57210", "2006-12-31": "78.46950", "2006-09-30": "293.63310", "2006-06-30": "388.93730", "2006-03-31": "384.60080", "2005-12-31": "809.58200", "2005-09-30": "598.01290", "2005-06-30": "461.97390", "2005-03-31": "332.10010"}, "Basic Shares Outstanding": {"2020-12-31": "268.55300", "2020-09-30": "268.36300", "2020-06-30": "268.32400", "2020-03-31": "270.00000", "2019-12-31": "274.49500", "2019-09-30": "272.99200", "2019-06-30": "276.65200", "2019-03-31": "277.63700", "2018-12-31": "283.57800", "2018-09-30": "283.48900", "2018-06-30": "285.27600", "2018-03-31": "286.68300", "2017-12-31": "305.08900", "2017-09-30": "298.53800", "2017-06-30": "312.31500", "2017-03-31": "317.75600", "2016-12-31": "339.74700", "2016-09-30": "340.17100", "2016-06-30": "345.24000", "2016-03-31": "347.81500", "2015-12-31": "356.57600", "2015-09-30": "350.14700", "2015-06-30": "361.00900", "2015-03-31": "366.74800", "2014-12-31": "370.37700", "2014-09-30": "373.53100", "2014-06-30": "376.07200", "2014-03-31": "383.99100", "2013-12-31": "383.07700", "2013-09-30": "382.88300", "2013-06-30": "385.38900", "2013-03-31": "384.22800", "2012-12-31": "381.56200", "2012-09-30": "381.35500", "2012-06-30": "380.65500", "2012-03-31": "380.50200", "2011-12-31": "379.87700", "2011-09-30": "380.02500", "2011-06-30": "379.78100", "2011-03-31": "379.54400", "2010-12-31": "378.58500", "2010-09-30": "378.84200", "2010-06-30": "378.61800", "2010-03-31": "377.74700", "2009-12-31": "300.17900", "2009-09-30": "312.99600", "2009-06-30": "254.76400", "2009-03-31": "254.57800", "2008-12-31": "253.51200", "2008-09-30": "253.58200", "2008-06-30": "253.45400", "2008-03-31": "253.16600", "2007-12-31": "252.19200", "2007-09-30": "252.26400", "2007-06-30": "252.09300", "2007-03-31": "251.91900", "2006-12-31": "252.20000", "2006-09-30": "251.28700", "2006-06-30": "252.61800", "2006-03-31": "253.68400", "2005-12-31": "255.49200", "2005-09-30": "256.08100", "2005-06-30": "255.87400", "2005-03-31": "254.86800"}, "Shares Outstanding": {"2020-12-31": "269.41400", "2020-09-30": "268.96100", "2020-06-30": "269.02500", "2020-03-31": "271.21800", "2019-12-31": "275.29700", "2019-09-30": "273.63200", "2019-06-30": "277.58400", "2019-03-31": "278.64000", "2018-12-31": "284.86500", "2018-09-30": "284.67200", "2018-06-30": "286.65400", "2018-03-31": "288.02600", "2017-12-31": "306.81400", "2017-09-30": "300.22800", "2017-06-30": "313.88000", "2017-03-31": "320.08500", "2016-12-31": "342.12300", "2016-09-30": "342.42100", "2016-06-30": "347.99900", "2016-03-31": "350.47700", "2015-12-31": "359.79300", "2015-09-30": "353.37200", "2015-06-30": "364.24100", "2015-03-31": "370.11000", "2014-12-31": "374.10200", "2014-09-30": "377.29200", "2014-06-30": "379.66400", "2014-03-31": "387.80600", "2013-12-31": "386.86600", "2013-09-30": "386.10300", "2013-06-30": "391.18000", "2013-03-31": "390.32100", "2012-12-31": "384.56400", "2012-09-30": "384.57000", "2012-06-30": "382.20300", "2012-03-31": "380.50200", "2011-12-31": "379.87700", "2011-09-30": "380.02500", "2011-06-30": "379.78100", "2011-03-31": "379.54400", "2010-12-31": "378.58500", "2010-09-30": "378.84200", "2010-06-30": "380.41200", "2010-03-31": "377.74700", "2009-12-31": "300.17900", "2009-09-30": "312.99600", "2009-06-30": "254.76400", "2009-03-31": "254.57800", "2008-12-31": "253.51200", "2008-09-30": "253.58200", "2008-06-30": "253.45400", "2008-03-31": "253.16600", "2007-12-31": "252.19200", "2007-09-30": "252.26400", "2007-06-30": "252.09300", "2007-03-31": "251.91900", "2006-12-31": "258.62100", "2006-09-30": "257.21500", "2006-06-30": "258.94700", "2006-03-31": "260.73800", "2005-12-31": "262.80100", "2005-09-30": "263.90800", "2005-06-30": "263.67700", "2005-03-31": "262.75300"}, "Basic EPS": {"2020-12-31": "1.61000", "2020-09-30": "1.54000", "2020-06-30": "1.29000", "2020-03-31": "0.75000", "2019-12-31": "1.23000", "2019-09-30": "0.99000", "2019-06-30": "0.86000", "2019-03-31": "0.59000", "2018-12-31": "0.84000", "2018-09-30": "1.01000", "2018-06-30": "1.12000", "2018-03-31": "0.59000", "2017-12-31": "0.25000", "2017-09-30": "0.59000", "2017-06-30": "0.32000", "2017-03-31": "0.29000", "2016-12-31": "0.81000", "2016-09-30": "0.37000", "2016-06-30": "0.34000", "2016-03-31": "0.24000", "2015-12-31": "0.64000", "2015-09-30": "0.31000", "2015-06-30": "0.28000", "2015-03-31": "0.15000", "2014-12-31": "0.60000", "2014-09-30": "0.37000", "2014-06-30": "0.11000", "2014-03-31": "0.19000", "2013-12-31": "0.57000", "2013-09-30": "5.92000", "2013-06-30": "0.09000", "2013-03-31": "0.21000", "2012-12-31": "0.15000", "2012-09-30": "0.31000", "2012-06-30": "0.11000", "2012-03-31": "-0.03000", "2011-12-31": "0.04000", "2011-09-30": "-0.34000", "2011-06-30": "-0.15000", "2011-03-31": "-0.10000", "2010-12-31": "-0.44000", "2010-09-30": "-2.63000", "2010-06-30": "0.20000", "2010-03-31": "-0.03000", "2009-12-31": "-0.03000", "2009-09-30": "-1.15000", "2009-06-30": "-0.74000", "2009-03-31": "-2.02000", "2008-12-31": "-1.32000", "2008-09-30": "-1.11000", "2008-06-30": "-0.63000", "2008-03-31": "-2.75000", "2007-12-31": "-3.47000", "2007-09-30": "-3.12000", "2007-06-30": "-2.01000", "2007-03-31": "-0.34000", "2006-12-31": "-0.03000", "2006-09-30": "0.76000", "2006-06-30": "0.96000", "2006-03-31": "1.04000", "2005-12-31": "2.25000", "2005-09-30": "1.54000", "2005-06-30": "1.19000", "2005-03-31": "0.86000"}, "EPS - Earnings Per Share": {"2020-12-31": "1.61000", "2020-09-30": "1.54000", "2020-06-30": "1.29000", "2020-03-31": "0.74000", "2019-12-31": "1.22000", "2019-09-30": "0.99000", "2019-06-30": "0.86000", "2019-03-31": "0.59000", "2018-12-31": "0.83000", "2018-09-30": "1.01000", "2018-06-30": "1.12000", "2018-03-31": "0.59000", "2017-12-31": "0.26000", "2017-09-30": "0.58000", "2017-06-30": "0.32000", "2017-03-31": "0.28000", "2016-12-31": "0.80000", "2016-09-30": "0.37000", "2016-06-30": "0.34000", "2016-03-31": "0.24000", "2015-12-31": "0.63000", "2015-09-30": "0.30000", "2015-06-30": "0.28000", "2015-03-31": "0.15000", "2014-12-31": "0.59000", "2014-09-30": "0.37000", "2014-06-30": "0.11000", "2014-03-31": "0.19000", "2013-12-31": "0.55000", "2013-09-30": "5.87000", "2013-06-30": "0.09000", "2013-03-31": "0.21000", "2012-12-31": "0.16000", "2012-09-30": "0.30000", "2012-06-30": "0.11000", "2012-03-31": "-0.03000", "2011-12-31": "0.04000", "2011-09-30": "-0.34000", "2011-06-30": "-0.15000", "2011-03-31": "-0.10000", "2010-12-31": "-0.44000", "2010-09-30": "-2.63000", "2010-06-30": "0.20000", "2010-03-31": "-0.03000", "2009-12-31": "-0.03000", "2009-09-30": "-1.15000", "2009-06-30": "-0.74000", "2009-03-31": "-2.02000", "2008-12-31": "-1.32000", "2008-09-30": "-1.11000", "2008-06-30": "-0.63000", "2008-03-31": "-2.75000", "2007-12-31": "-3.47000", "2007-09-30": "-3.12000", "2007-06-30": "-2.01000", "2007-03-31": "-0.34000", "2006-12-31": "-0.03000", "2006-09-30": "0.74000", "2006-06-30": "0.94000", "2006-03-31": "1.01000", "2005-12-31": "2.20000", "2005-09-30": "1.50000", "2005-06-30": "1.15000", "2005-03-31": "0.83000"}}, "balance sheet": {"Cash On Hand": {"2020-12-31": "2632.23500", "2019-12-31": "1251.45600", "2018-12-31": "1133.70000", "2017-12-31": "306.16800", "2016-12-31": "723.24800", "2015-12-31": "775.43500", "2014-12-31": "1309.22000", "2013-12-31": "1653.04400", "2012-12-31": "1476.71000", "2011-12-31": "1184.93100", "2010-12-31": "1507.99100", "2009-12-31": "1890.61000", "2008-12-31": "1655.26400", "2007-12-31": "1060.31100", "2006-12-31": "551.29200", "2005-12-31": "1002.26800"}, "Receivables": {"2020-12-31": "", "2019-12-31": "", "2018-12-31": "", "2017-12-31": "", "2016-12-31": "", "2015-12-31": "", "2014-12-31": "", "2013-12-31": "", "2012-12-31": "", "2011-12-31": "", "2010-12-31": "", "2009-12-31": "", "2008-12-31": "", "2007-12-31": "", "2006-12-31": "", "2005-12-31": ""}, "Inventory": {"2020-12-31": "", "2019-12-31": "", "2018-12-31": "", "2017-12-31": "", "2016-12-31": "", "2015-12-31": "", "2014-12-31": "", "2013-12-31": "", "2012-12-31": "", "2011-12-31": "", "2010-12-31": "", "2009-12-31": "", "2008-12-31": "", "2007-12-31": "", "2006-12-31": "", "2005-12-31": ""}, "Pre-Paid Expenses": {"2020-12-31": "", "2019-12-31": "", "2018-12-31": "", "2017-12-31": "", "2016-12-31": "", "2015-12-31": "", "2014-12-31": "", "2013-12-31": "", "2012-12-31": "", "2011-12-31": "", "2010-12-31": "", "2009-12-31": "", "2008-12-31": "", "2007-12-31": "", "2006-12-31": "", "2005-12-31": ""}, "Other Current Assets": {"2020-12-31": "", "2019-12-31": "", "2018-12-31": "", "2017-12-31": "", "2016-12-31": "", "2015-12-31": "", "2014-12-31": "", "2013-12-31": "", "2012-12-31": "", "2011-12-31": "", "2010-12-31": "", "2009-12-31": "", "2008-12-31": "", "2007-12-31": "", "2006-12-31": "", "2005-12-31": ""}, "Total Current Assets": {"2020-12-31": "3197.21400", "2019-12-31": "1760.42300", "2018-12-31": "1595.05400", "2017-12-31": "876.76790", "2016-12-31": "1262.74400", "2015-12-31": "1218.15000", "2014-12-31": "1648.75100", "2013-12-31": "1940.97700", "2012-12-31": "1795.64100", "2011-12-31": "1443.00600", "2010-12-31": "1684.15500", "2009-12-31": "2057.42700", "2008-12-31": "1953.01900", "2007-12-31": "1507.40000", "2006-12-31": "1422.64200", "2005-12-31": "2040.77400"}, "Property, Plant, And Equipment": {"2020-12-31": "7721.79800", "2019-12-31": "7680.61400", "2018-12-31": "7253.35300", "2017-12-31": "7147.13000", "2016-12-31": "6770.65500", "2015-12-31": "5450.05800", "2014-12-31": "4392.10000", "2013-12-31": "3978.56100", "2012-12-31": "4214.04600", "2011-12-31": "4636.46800", "2010-12-31": "4781.81300", "2009-12-31": "4940.35800", "2008-12-31": "4201.28900", "2007-12-31": "6835.94500", "2006-12-31": "9374.33500", "2005-12-31": "8756.09300"}, "Long-Term Investments": {"2020-12-31": "", "2019-12-31": "", "2018-12-31": "", "2017-12-31": "", "2016-12-31": "", "2015-12-31": "", "2014-12-31": "", "2013-12-31": "", "2012-12-31": "", "2011-12-31": "", "2010-12-31": "", "2009-12-31": "", "2008-12-31": "", "2007-12-31": "", "2006-12-31": "", "2005-12-31": ""}, "Goodwill And Intangible Assets": {"2020-12-31": "163.42500", "2019-12-31": "124.99200", "2018-12-31": "127.19200", "2017-12-31": "140.99200", "2016-12-31": "154.79200", "2015-12-31": "110.21500", "2014-12-31": "123.11500", "2013-12-31": "136.14800", "2012-12-31": "149.24800", "2011-12-31": "162.34800", "2010-12-31": "415.98900", "2009-12-31": "1084.46600", "2008-12-31": "102.55400", "2007-12-31": "", "2006-12-31": "494.63100", "2005-12-31": "434.89700"}, "Other Long-Term Assets": {"2020-12-31": "986.79400", "2019-12-31": "979.46090", "2018-12-31": "921.79800", "2017-12-31": "876.46400", "2016-12-31": "940.60110", "2015-12-31": "1016.10400", "2014-12-31": "684.77600", "2013-12-31": "591.70300", "2012-12-31": "575.47400", "2011-12-31": "643.79800", "2010-12-31": "817.41900", "2009-12-31": "1968.97100", "2008-12-31": "1451.59600", "2007-12-31": "1776.45200", "2006-12-31": "1714.74800", "2005-12-31": "1816.41000"}, "Total Long-Term Assets": {"2020-12-31": "9008.28400", "2019-12-31": "8955.17400", "2018-12-31": "8577.92200", "2017-12-31": "8809.88100", "2016-12-31": "8915.45500", "2015-12-31": "7971.25600", "2014-12-31": "6920.65900", "2013-12-31": "6793.16600", "2012-12-31": "4938.76800", "2011-12-31": "5442.61400", "2010-12-31": "6015.22100", "2009-12-31": "7993.79500", "2008-12-31": "5755.43900", "2007-12-31": "8718.30300", "2006-12-31": "11754.23000", "2005-12-31": "11020.09000"}, "Total Assets": {"2020-12-31": "12205.50000", "2019-12-31": "10715.60000", "2018-12-31": "10172.98000", "2017-12-31": "9686.64900", "2016-12-31": "10178.20000", "2015-12-31": "9189.40600", "2014-12-31": "8569.41000", "2013-12-31": "8734.14300", "2012-12-31": "6734.40900", "2011-12-31": "6885.62000", "2010-12-31": "7699.37600", "2009-12-31": "10051.22000", "2008-12-31": "7708.45800", "2007-12-31": "10225.70000", "2006-12-31": "13176.87000", "2005-12-31": "13060.86000"}, "Total Current Liabilities": {"2020-12-31": "2330.18500", "2019-12-31": "2197.95000", "2018-12-31": "2060.92400", "2017-12-31": "2187.95200", "2016-12-31": "2166.78800", "2015-12-31": "2112.38500", "2014-12-31": "1754.53100", "2013-12-31": "1686.15000", "2012-12-31": "1735.13200", "2011-12-31": "1608.38800", "2010-12-31": "1826.40600", "2009-12-31": "2140.27200", "2008-12-31": "1534.89000", "2007-12-31": "2167.80200", "2006-12-31": "2794.82100", "2005-12-31": "3085.02000"}, "Long Term Debt": {"2020-12-31": "2752.30200", "2019-12-31": "2765.04000", "2018-12-31": "3028.06600", "2017-12-31": "3006.96700", "2016-12-31": "3129.29800", "2015-12-31": "2074.50500", "2014-12-31": "1818.56100", "2013-12-31": "2058.16800", "2012-12-31": "2509.61300", "2011-12-31": "3088.34400", "2010-12-31": "3391.66800", "2009-12-31": "4281.53200", "2008-12-31": "3166.30500", "2007-12-31": "3478.23000", "2006-12-31": "3537.94700", "2005-12-31": "3386.52700"}, "Other Non-Current Liabilities": {"2020-12-31": "449.47400", "2019-12-31": "294.42700", "2018-12-31": "266.20400", "2017-12-31": "337.70400", "2016-12-31": "222.75100", "2015-12-31": "243.19100", "2014-12-31": "191.36400", "2013-12-31": "340.87300", "2012-12-31": "300.04800", "2011-12-31": "250.27300", "2010-12-31": "346.13500", "2009-12-31": "434.97800", "2008-12-31": "171.56500", "2007-12-31": "259.47800", "2006-12-31": "266.74500", "2005-12-31": "631.97090"}, "Total Long Term Liabilities": {"2020-12-31": "3305.32400", "2019-12-31": "3059.46700", "2018-12-31": "3294.27000", "2017-12-31": "3344.67100", "2016-12-31": "3352.04900", "2015-12-31": "2317.69600", "2014-12-31": "2009.92500", "2013-12-31": "2399.04100", "2012-12-31": "2809.66100", "2011-12-31": "3338.61700", "2010-12-31": "3737.80300", "2009-12-31": "4716.51000", "2008-12-31": "3337.87000", "2007-12-31": "3737.70800", "2006-12-31": "3804.69200", "2005-12-31": "4018.49800"}, "Total Liabilities": {"2020-12-31": "5635.50900", "2019-12-31": "5257.41700", "2018-12-31": "5355.19400", "2017-12-31": "5532.62300", "2016-12-31": "5518.83700", "2015-12-31": "4430.08100", "2014-12-31": "3764.45600", "2013-12-31": "4085.19100", "2012-12-31": "4544.79300", "2011-12-31": "4947.00500", "2010-12-31": "5564.20900", "2009-12-31": "6856.78200", "2008-12-31": "4872.76000", "2007-12-31": "5905.50700", "2006-12-31": "6599.51300", "2005-12-31": "7103.51800"}, "Common Stock Net": {"2020-12-31": "2.66500", "2019-12-31": "2.70200", "2018-12-31": "2.77100", "2017-12-31": "2.86800", "2016-12-31": "3.19100", "2015-12-31": "3.49100", "2014-12-31": "3.69500", "2013-12-31": "3.81300", "2012-12-31": "3.86600", "2011-12-31": "3.82600", "2010-12-31": "3.82000", "2009-12-31": "3.80700", "2008-12-31": "2.58200", "2007-12-31": "2.57100", "2006-12-31": "2.55300", "2005-12-31": "2.57000"}, "Retained Earnings (Accumulated Deficit)": {"2020-12-31": "3306.05700", "2019-12-31": "2220.57400", "2018-12-31": "1613.92900", "2017-12-31": "980.06100", "2016-12-31": "1540.20800", "2015-12-31": "1662.64100", "2014-12-31": "1728.95300", "2013-12-31": "1593.91800", "2012-12-31": "-844.14700", "2011-12-31": "-1050.14500", "2010-12-31": "-840.05300", "2009-12-31": "257.14500", "2008-12-31": "1442.42500", "2007-12-31": "2960.00100", "2006-12-31": "5293.10700", "2005-12-31": "4751.12000"}, "Comprehensive Income": {"2020-12-31": "-0.14500", "2019-12-31": "-0.24500", "2018-12-31": "-0.34500", "2017-12-31": "-0.44500", "2016-12-31": "-0.52600", "2015-12-31": "-0.60900", "2014-12-31": "-0.69000", "2013-12-31": "-0.79500", "2012-12-31": "-0.99200", "2011-12-31": "-1.30600", "2010-12-31": "-1.51900", "2009-12-31": "-2.24900", "2008-12-31": "-4.09900", "2007-12-31": "-4.88300", "2006-12-31": "-2.98600", "2005-12-31": "-5.49600"}, "Other Share Holders Equity": {"2020-12-31": "", "2019-12-31": "", "2018-12-31": "", "2017-12-31": "", "2016-12-31": "", "2015-12-31": "", "2014-12-31": "", "2013-12-31": "", "2012-12-31": "", "2011-12-31": "", "2010-12-31": "", "2009-12-31": "", "2008-12-31": "", "2007-12-31": "", "2006-12-31": "", "2005-12-31": ""}, "Share Holder Equity": {"2020-12-31": "6569.98900", "2019-12-31": "5458.18000", "2018-12-31": "4817.78200", "2017-12-31": "4154.02600", "2016-12-31": "4659.36300", "2015-12-31": "4759.32500", "2014-12-31": "4804.95400", "2013-12-31": "4648.95200", "2012-12-31": "2189.61600", "2011-12-31": "1938.61500", "2010-12-31": "2135.16700", "2009-12-31": "3194.44000", "2008-12-31": "2835.69800", "2007-12-31": "4320.19300", "2006-12-31": "6577.36100", "2005-12-31": "5957.34200"}, "Total Liabilities And Share Holders Equity": {"2020-12-31": "12205.50000", "2019-12-31": "10715.60000", "2018-12-31": "10172.98000", "2017-12-31": "9686.64900", "2016-12-31": "10178.20000", "2015-12-31": "9189.40600", "2014-12-31": "8569.41000", "2013-12-31": "8734.14300", "2012-12-31": "6734.40900", "2011-12-31": "6885.62000", "2010-12-31": "7699.37600", "2009-12-31": "10051.22000", "2008-12-31": "7708.45800", "2007-12-31": "10225.70000", "2006-12-31": "13176.87000", "2005-12-31": "13060.86000"}}, "balance sheet, quarterly": {"Cash On Hand": {"2020-12-31": "2632.23500", "2020-09-30": "2114.20800", "2020-06-30": "1697.79600", "2020-03-31": "1851.25300", "2019-12-31": "1251.45600", "2019-09-30": "768.64400", "2019-06-30": "659.27400", "2019-03-31": "1080.95300", "2018-12-31": "1133.70000", "2018-09-30": "759.01200", "2018-06-30": "401.91500", "2018-03-31": "184.78700", "2017-12-31": "306.16800", "2017-09-30": "197.09700", "2017-06-30": "239.85500", "2017-03-31": "423.86300", "2016-12-31": "723.24800", "2016-09-30": "461.18900", "2016-06-30": "255.67100", "2016-03-31": "1018.11500", "2015-12-31": "775.43500", "2015-09-30": "760.09500", "2015-06-30": "477.53500", "2015-03-31": "1068.26100", "2014-12-31": "1309.22000", "2014-09-30": "1246.82000", "2014-06-30": "1272.54100", "2014-03-31": "1343.75800", "2013-12-31": "1653.04400", "2013-09-30": "1419.41500", "2013-06-30": "1279.11100", "2013-03-31": "1659.50100", "2012-12-31": "1476.71000", "2012-09-30": "1640.38100", "2012-06-30": "1397.27300", "2012-03-31": "1301.60400", "2011-12-31": "1184.93100", "2011-09-30": "1255.80900", "2011-06-30": "1203.45700", "2011-03-31": "1426.35300", "2010-12-31": "1507.99100", "2010-09-30": "2656.24400", "2010-06-30": "2775.62700", "2010-03-31": "2612.32900", "2009-12-31": "1890.61000", "2009-09-30": "1551.11800", "2009-06-30": "1636.04000", "2009-03-31": "1745.79600", "2008-12-31": "1655.26400", "2008-09-30": "1173.89200", "2008-06-30": "988.34500", "2008-03-31": "1071.16500", "2007-12-31": "1060.31100", "2007-09-30": "101.78600", "2007-06-30": "74.65200", "2007-03-31": "116.94800", "2006-12-31": "551.29200", "2006-09-30": "94.63300", "2006-06-30": "104.45900", "2006-03-31": "121.01300", "2005-12-31": "1002.26800", "2005-09-30": "214.89700", "2005-06-30": "450.77200", "2005-03-31": "350.71600"}, "Receivables": {"2020-12-31": "", "2020-09-30": "", "2020-06-30": "", "2020-03-31": "", "2019-12-31": "", "2019-09-30": "", "2019-06-30": "", "2019-03-31": "", "2018-12-31": "", "2018-09-30": "", "2018-06-30": "", "2018-03-31": "", "2017-12-31": "", "2017-09-30": "", "2017-06-30": "", "2017-03-31": "", "2016-12-31": "", "2016-09-30": "", "2016-06-30": "", "2016-03-31": "", "2015-12-31": "", "2015-09-30": "", "2015-06-30": "", "2015-03-31": "", "2014-12-31": "", "2014-09-30": "", "2014-06-30": "", "2014-03-31": "", "2013-12-31": "", "2013-09-30": "", "2013-06-30": "", "2013-03-31": "", "2012-12-31": "", "2012-09-30": "", "2012-06-30": "", "2012-03-31": "", "2011-12-31": "", "2011-09-30": "", "2011-06-30": "", "2011-03-31": "", "2010-12-31": "", "2010-09-30": "", "2010-06-30": "", "2010-03-31": "", "2009-12-31": "", "2009-09-30": "", "2009-06-30": "", "2009-03-31": "", "2008-12-31": "", "2008-09-30": "", "2008-06-30": "", "2008-03-31": "", "2007-12-31": "", "2007-09-30": "", "2007-06-30": "", "2007-03-31": "", "2006-12-31": "", "2006-09-30": "", "2006-06-30": "", "2006-03-31": "", "2005-12-31": "", "2005-09-30": "", "2005-06-30": "", "2005-03-31": ""}, "Inventory": {"2020-12-31": "", "2020-09-30": "", "2020-06-30": "", "2020-03-31": "", "2019-12-31": "", "2019-09-30": "", "2019-06-30": "", "2019-03-31": "", "2018-12-31": "", "2018-09-30": "", "2018-06-30": "", "2018-03-31": "", "2017-12-31": "", "2017-09-30": "", "2017-06-30": "", "2017-03-31": "", "2016-12-31": "", "2016-09-30": "", "2016-06-30": "", "2016-03-31": "", "2015-12-31": "", "2015-09-30": "", "2015-06-30": "", "2015-03-31": "", "2014-12-31": "", "2014-09-30": "", "2014-06-30": "", "2014-03-31": "", "2013-12-31": "", "2013-09-30": "", "2013-06-30": "", "2013-03-31": "", "2012-12-31": "", "2012-09-30": "", "2012-06-30": "", "2012-03-31": "", "2011-12-31": "", "2011-09-30": "", "2011-06-30": "", "2011-03-31": "", "2010-12-31": "", "2010-09-30": "", "2010-06-30": "", "2010-03-31": "", "2009-12-31": "", "2009-09-30": "", "2009-06-30": "", "2009-03-31": "", "2008-12-31": "", "2008-09-30": "", "2008-06-30": "", "2008-03-31": "", "2007-12-31": "", "2007-09-30": "", "2007-06-30": "", "2007-03-31": "", "2006-12-31": "", "2006-09-30": "", "2006-06-30": "", "2006-03-31": "", "2005-12-31": "", "2005-09-30": "", "2005-06-30": "", "2005-03-31": ""}, "Pre-Paid Expenses": {"2020-12-31": "", "2020-09-30": "", "2020-06-30": "", "2020-03-31": "", "2019-12-31": "", "2019-09-30": "", "2019-06-30": "", "2019-03-31": "", "2018-12-31": "", "2018-09-30": "", "2018-06-30": "", "2018-03-31": "", "2017-12-31": "", "2017-09-30": "", "2017-06-30": "", "2017-03-31": "", "2016-12-31": "", "2016-09-30": "", "2016-06-30": "", "2016-03-31": "", "2015-12-31": "", "2015-09-30": "", "2015-06-30": "", "2015-03-31": "", "2014-12-31": "", "2014-09-30": "", "2014-06-30": "", "2014-03-31": "", "2013-12-31": "", "2013-09-30": "", "2013-06-30": "", "2013-03-31": "", "2012-12-31": "", "2012-09-30": "", "2012-06-30": "", "2012-03-31": "", "2011-12-31": "", "2011-09-30": "", "2011-06-30": "", "2011-03-31": "", "2010-12-31": "", "2010-09-30": "", "2010-06-30": "", "2010-03-31": "", "2009-12-31": "", "2009-09-30": "", "2009-06-30": "", "2009-03-31": "", "2008-12-31": "", "2008-09-30": "", "2008-06-30": "", "2008-03-31": "", "2007-12-31": "", "2007-09-30": "", "2007-06-30": "", "2007-03-31": "", "2006-12-31": "", "2006-09-30": "", "2006-06-30": "", "2006-03-31": "", "2005-12-31": "", "2005-09-30": "", "2005-06-30": "", "2005-03-31": ""}, "Other Current Assets": {"2020-12-31": "", "2020-09-30": "", "2020-06-30": "", "2020-03-31": "", "2019-12-31": "", "2019-09-30": "", "2019-06-30": "", "2019-03-31": "", "2018-12-31": "", "2018-09-30": "", "2018-06-30": "", "2018-03-31": "", "2017-12-31": "", "2017-09-30": "", "2017-06-30": "", "2017-03-31": "", "2016-12-31": "", "2016-09-30": "", "2016-06-30": "", "2016-03-31": "", "2015-12-31": "", "2015-09-30": "", "2015-06-30": "", "2015-03-31": "", "2014-12-31": "", "2014-09-30": "", "2014-06-30": "", "2014-03-31": "", "2013-12-31": "", "2013-09-30": "", "2013-06-30": "", "2013-03-31": "", "2012-12-31": "", "2012-09-30": "", "2012-06-30": "", "2012-03-31": "", "2011-12-31": "", "2011-09-30": "", "2011-06-30": "", "2011-03-31": "", "2010-12-31": "", "2010-09-30": "", "2010-06-30": "", "2010-03-31": "", "2009-12-31": "", "2009-09-30": "", "2009-06-30": "", "2009-03-31": "", "2008-12-31": "", "2008-09-30": "", "2008-06-30": "", "2008-03-31": "", "2007-12-31": "", "2007-09-30": "", "2007-06-30": "", "2007-03-31": "", "2006-12-31": "", "2006-09-30": "", "2006-06-30": "", "2006-03-31": "", "2005-12-31": "", "2005-09-30": "", "2005-06-30": "", "2005-03-31": ""}, "Total Current Assets": {"2020-12-31": "3197.21400", "2020-09-30": "2514.27500", "2020-06-30": "2092.08400", "2020-03-31": "2215.10700", "2019-12-31": "1760.42300", "2019-09-30": "1152.53700", "2019-06-30": "1003.00600", "2019-03-31": "1407.94800", "2018-12-31": "1595.05400", "2018-09-30": "1108.79600", "2018-06-30": "771.54900", "2018-03-31": "570.24000", "2017-12-31": "876.76790", "2017-09-30": "561.83100", "2017-06-30": "604.79400", "2017-03-31": "769.24200", "2016-12-31": "1262.74400", "2016-09-30": "810.20100", "2016-06-30": "619.67500", "2016-03-31": "1308.69300", "2015-12-31": "1218.15000", "2015-09-30": "1030.75300", "2015-06-30": "747.07900", "2015-03-31": "1294.55300", "2014-12-31": "1648.75100", "2014-09-30": "1483.19200", "2014-06-30": "1494.14800", "2014-03-31": "1553.67900", "2013-12-31": "1940.97700", "2013-09-30": "1716.33700", "2013-06-30": "1516.70600", "2013-03-31": "1897.70500", "2012-12-31": "1795.64100", "2012-09-30": "1903.75900", "2012-06-30": "1631.60700", "2012-03-31": "1485.76800", "2011-12-31": "1443.00600", "2011-09-30": "1429.76500", "2011-06-30": "1352.00600", "2011-03-31": "1570.19900", "2010-12-31": "1684.15500", "2010-09-30": "2810.00600", "2010-06-30": "3019.18800", "2010-03-31": "2782.05200", "2009-12-31": "2057.42700", "2009-09-30": "1776.91600", "2009-06-30": "1726.63500", "2009-03-31": "1873.69600", "2008-12-31": "1953.01900", "2008-09-30": "1410.54000", "2008-06-30": "1285.08100", "2008-03-31": "1355.26900", "2007-12-31": "1507.40000", "2007-09-30": "439.72700", "2007-06-30": "455.20700", "2007-03-31": "452.95500", "2006-12-31": "1422.64200", "2006-09-30": "673.80500", "2006-06-30": "625.96700", "2006-03-31": "642.59000", "2005-12-31": "2040.77400", "2005-09-30": "769.79700", "2005-06-30": "970.32200", "2005-03-31": "758.79000"}, "Property, Plant, And Equipment": {"2020-12-31": "7721.79800", "2020-09-30": "7615.47100", "2020-06-30": "7584.73900", "2020-03-31": "7857.66400", "2019-12-31": "7680.61400", "2019-09-30": "7830.05900", "2019-06-30": "7802.49200", "2019-03-31": "7506.54300", "2018-12-31": "7253.35300", "2018-09-30": "7489.45400", "2018-06-30": "7499.66500", "2018-03-31": "7465.02800", "2017-12-31": "7147.13000", "2017-09-30": "7370.15200", "2017-06-30": "7090.16400", "2017-03-31": "7028.33500", "2016-12-31": "6770.65500", "2016-09-30": "6950.24200", "2016-06-30": "6629.46400", "2016-03-31": "6202.47900", "2015-12-31": "5450.05800", "2015-09-30": "5240.93200", "2015-06-30": "4888.56000", "2015-03-31": "4633.05000", "2014-12-31": "4392.10000", "2014-09-30": "4431.80100", "2014-06-30": "4197.12100", "2014-03-31": "4034.29400", "2013-12-31": "3978.56100", "2013-09-30": "4150.96400", "2013-06-30": "4183.06900", "2013-03-31": "4112.79700", "2012-12-31": "4214.04600", "2012-09-30": "4470.57100", "2012-06-30": "4551.89300", "2012-03-31": "4720.64800", "2011-12-31": "4636.46800", "2011-09-30": "4889.66800", "2011-06-30": "4905.12300", "2011-03-31": "4767.21600", "2010-12-31": "4781.81300", "2010-09-30": "4975.91100", "2010-06-30": "4883.04900", "2010-03-31": "5022.64200", "2009-12-31": "4940.35800", "2009-09-30": "5630.81600", "2009-06-30": "3677.08500", "2009-03-31": "3854.04100", "2008-12-31": "4201.28900", "2008-09-30": "5230.06600", "2008-06-30": "5726.49800", "2008-03-31": "6179.84700", "2007-12-31": "6835.94500", "2007-09-30": "8130.89100", "2007-06-30": "9088.89900", "2007-03-31": "9422.84500", "2006-12-31": "9374.33500", "2006-09-30": "10826.77000", "2006-06-30": "10676.35000", "2006-03-31": "9791.30200", "2005-12-31": "8756.09300", "2005-09-30": "9379.52800", "2005-06-30": "8703.50300", "2005-03-31": "8090.80400"}, "Long-Term Investments": {"2020-12-31": "", "2020-09-30": "", "2020-06-30": "", "2020-03-31": "", "2019-12-31": "", "2019-09-30": "", "2019-06-30": "", "2019-03-31": "", "2018-12-31": "", "2018-09-30": "", "2018-06-30": "", "2018-03-31": "", "2017-12-31": "", "2017-09-30": "", "2017-06-30": "", "2017-03-31": "", "2016-12-31": "", "2016-09-30": "", "2016-06-30": "", "2016-03-31": "", "2015-12-31": "", "2015-09-30": "", "2015-06-30": "", "2015-03-31": "", "2014-12-31": "", "2014-09-30": "", "2014-06-30": "", "2014-03-31": "", "2013-12-31": "", "2013-09-30": "", "2013-06-30": "", "2013-03-31": "", "2012-12-31": "", "2012-09-30": "", "2012-06-30": "", "2012-03-31": "", "2011-12-31": "", "2011-09-30": "", "2011-06-30": "", "2011-03-31": "", "2010-12-31": "", "2010-09-30": "", "2010-06-30": "", "2010-03-31": "", "2009-12-31": "", "2009-09-30": "", "2009-06-30": "", "2009-03-31": "", "2008-12-31": "", "2008-09-30": "", "2008-06-30": "", "2008-03-31": "", "2007-12-31": "", "2007-09-30": "", "2007-06-30": "", "2007-03-31": "", "2006-12-31": "", "2006-09-30": "", "2006-06-30": "", "2006-03-31": "", "2005-12-31": "", "2005-09-30": "", "2005-06-30": "", "2005-03-31": ""}, "Goodwill And Intangible Assets": {"2020-12-31": "163.42500", "2020-09-30": "168.46600", "2020-06-30": "173.50700", "2020-03-31": "178.55300", "2019-12-31": "124.99200", "2019-09-30": "128.59200", "2019-06-30": "132.19200", "2019-03-31": "123.74200", "2018-12-31": "127.19200", "2018-09-30": "130.64200", "2018-06-30": "134.09200", "2018-03-31": "137.54200", "2017-12-31": "140.99200", "2017-09-30": "144.44200", "2017-06-30": "147.89200", "2017-03-31": "151.34200", "2016-12-31": "154.79200", "2016-09-30": "158.24200", "2016-06-30": "161.37200", "2016-03-31": "163.18500", "2015-12-31": "110.21500", "2015-09-30": "113.44000", "2015-06-30": "116.66500", "2015-03-31": "119.89000", "2014-12-31": "123.11500", "2014-09-30": "126.34000", "2014-06-30": "129.59800", "2014-03-31": "132.87300", "2013-12-31": "136.14800", "2013-09-30": "139.42300", "2013-06-30": "142.69800", "2013-03-31": "145.97300", "2012-12-31": "149.24800", "2012-09-30": "152.52300", "2012-06-30": "155.79800", "2012-03-31": "159.07300", "2011-12-31": "162.34800", "2011-09-30": "165.62300", "2011-06-30": "409.43900", "2011-03-31": "412.71400", "2010-12-31": "415.98900", "2010-09-30": "419.26400", "2010-06-30": "1077.46200", "2010-03-31": "1081.19100", "2009-12-31": "1084.46600", "2009-09-30": "1588.78800", "2009-06-30": "", "2009-03-31": "", "2008-12-31": "102.55400", "2008-09-30": "", "2008-06-30": "", "2008-03-31": "", "2007-12-31": "", "2007-09-30": "152.83500", "2007-06-30": "490.50600", "2007-03-31": "492.56900", "2006-12-31": "494.63100", "2006-09-30": "498.05700", "2006-06-30": "500.11900", "2006-03-31": "501.07900", "2005-12-31": "434.89700", "2005-09-30": "442.24200", "2005-06-30": "444.30400", "2005-03-31": "441.08500"}, "Other Long-Term Assets": {"2020-12-31": "986.79400", "2020-09-30": "985.97700", "2020-06-30": "987.38700", "2020-03-31": "1021.66300", "2019-12-31": "979.46090", "2019-09-30": "961.52300", "2019-06-30": "933.74300", "2019-03-31": "918.22200", "2018-12-31": "921.79800", "2018-09-30": "918.15910", "2018-06-30": "898.88900", "2018-03-31": "918.68700", "2017-12-31": "876.46400", "2017-09-30": "955.08500", "2017-06-30": "983.24100", "2017-03-31": "943.48100", "2016-12-31": "940.60110", "2016-09-30": "756.94200", "2016-06-30": "819.44900", "2016-03-31": "824.27010", "2015-12-31": "1016.10400", "2015-09-30": "867.14890", "2015-06-30": "788.04300", "2015-03-31": "705.92900", "2014-12-31": "684.77600", "2014-09-30": "651.01800", "2014-06-30": "644.74300", "2014-03-31": "595.89700", "2013-12-31": "591.70300", "2013-09-30": "578.24200", "2013-06-30": "609.79800", "2013-03-31": "584.66600", "2012-12-31": "575.47400", "2012-09-30": "613.72700", "2012-06-30": "613.52700", "2012-03-31": "493.95400", "2011-12-31": "643.79800", "2011-09-30": "743.59800", "2011-06-30": "759.03700", "2011-03-31": "766.50000", "2010-12-31": "817.41900", "2010-09-30": "887.45500", "2010-06-30": "935.79710", "2010-03-31": "1023.09900", "2009-12-31": "1968.97100", "2009-09-30": "1248.36600", "2009-06-30": "999.18900", "2009-03-31": "1087.19600", "2008-12-31": "1451.59600", "2008-09-30": "1294.22100", "2008-06-30": "1398.01900", "2008-03-31": "1406.10200", "2007-12-31": "1776.45200", "2007-09-30": "1506.79500", "2007-06-30": "1476.82700", "2007-03-31": "1611.22500", "2006-12-31": "1714.74800", "2006-09-30": "1917.59500", "2006-06-30": "1821.25500", "2006-03-31": "1768.04500", "2005-12-31": "1816.41000", "2005-09-30": "1692.19000", "2005-06-30": "1512.94400", "2005-03-31": "1610.42800"}, "Total Long-Term Assets": {"2020-12-31": "9008.28400", "2020-09-30": "8850.74700", "2020-06-30": "8866.40000", "2020-03-31": "9208.26800", "2019-12-31": "8955.17400", "2019-09-30": "9111.97700", "2019-06-30": "9092.53100", "2019-03-31": "8799.38800", "2018-12-31": "8577.92200", "2018-09-30": "8946.28400", "2018-06-30": "9044.02600", "2018-03-31": "9136.15400", "2017-12-31": "8809.88100", "2017-09-30": "9409.43800", "2017-06-30": "9208.08400", "2017-03-31": "9151.57200", "2016-12-31": "8915.45500", "2016-09-30": "9061.33200", "2016-06-30": "8887.38100", "2016-03-31": "8534.78700", "2015-12-31": "7971.25600", "2015-09-30": "7770.82500", "2015-06-30": "7410.87700", "2015-03-31": "7138.73200", "2014-12-31": "6920.65900", "2014-09-30": "7131.45300", "2014-06-30": "6973.18800", "2014-03-31": "6797.73200", "2013-12-31": "6793.16600", "2013-09-30": "6977.38500", "2013-06-30": "4935.56400", "2013-03-31": "4843.43600", "2012-12-31": "4938.76800", "2012-09-30": "5236.82100", "2012-06-30": "5321.21800", "2012-03-31": "5373.67500", "2011-12-31": "5442.61400", "2011-09-30": "5798.88900", "2011-06-30": "6073.59900", "2011-03-31": "5946.43000", "2010-12-31": "6015.22100", "2010-09-30": "6282.63000", "2010-06-30": "6896.30800", "2010-03-31": "7126.93200", "2009-12-31": "7993.79500", "2009-09-30": "8505.55700", "2009-06-30": "4676.27400", "2009-03-31": "4941.23700", "2008-12-31": "5755.43900", "2008-09-30": "6772.49100", "2008-06-30": "7294.08300", "2008-03-31": "7691.85500", "2007-12-31": "8718.30300", "2007-09-30": "10492.73000", "2007-06-30": "11496.44000", "2007-03-31": "11698.06000", "2006-12-31": "11754.23000", "2006-09-30": "13242.42000", "2006-06-30": "12997.73000", "2006-03-31": "12060.43000", "2005-12-31": "11020.09000", "2005-09-30": "11513.96000", "2005-06-30": "10660.75000", "2005-03-31": "10142.32000"}, "Total Assets": {"2020-12-31": "12205.50000", "2020-09-30": "11365.02000", "2020-06-30": "10958.49000", "2020-03-31": "11423.37000", "2019-12-31": "10715.60000", "2019-09-30": "10264.51000", "2019-06-30": "10095.54000", "2019-03-31": "10207.34000", "2018-12-31": "10172.98000", "2018-09-30": "10055.08000", "2018-06-30": "9815.57600", "2018-03-31": "9706.39500", "2017-12-31": "9686.64900", "2017-09-30": "9971.26900", "2017-06-30": "9812.87800", "2017-03-31": "9920.81400", "2016-12-31": "10178.20000", "2016-09-30": "9871.53200", "2016-06-30": "9507.05600", "2016-03-31": "9843.48000", "2015-12-31": "9189.40600", "2015-09-30": "8801.57800", "2015-06-30": "8157.95600", "2015-03-31": "8433.28500", "2014-12-31": "8569.41000", "2014-09-30": "8614.64500", "2014-06-30": "8467.33600", "2014-03-31": "8351.41100", "2013-12-31": "8734.14300", "2013-09-30": "8693.72200", "2013-06-30": "6452.27100", "2013-03-31": "6741.14100", "2012-12-31": "6734.40900", "2012-09-30": "7140.58000", "2012-06-30": "6952.82500", "2012-03-31": "6859.44300", "2011-12-31": "6885.62000", "2011-09-30": "7228.65400", "2011-06-30": "7425.60500", "2011-03-31": "7516.62900", "2010-12-31": "7699.37600", "2010-09-30": "9092.63600", "2010-06-30": "9915.49600", "2010-03-31": "9908.98400", "2009-12-31": "10051.22000", "2009-09-30": "10282.47000", "2009-06-30": "6402.90900", "2009-03-31": "6814.93300", "2008-12-31": "7708.45800", "2008-09-30": "8183.03100", "2008-06-30": "8579.16400", "2008-03-31": "9047.12400", "2007-12-31": "10225.70000", "2007-09-30": "10932.45000", "2007-06-30": "11951.65000", "2007-03-31": "12151.02000", "2006-12-31": "13176.87000", "2006-09-30": "13916.22000", "2006-06-30": "13623.69000", "2006-03-31": "12703.02000", "2005-12-31": "13060.86000", "2005-09-30": "12283.76000", "2005-06-30": "11631.07000", "2005-03-31": "10901.11000"}, "Total Current Liabilities": {"2020-12-31": "2330.18500", "2020-09-30": "1926.62200", "2020-06-30": "1854.43000", "2020-03-31": "2719.53200", "2019-12-31": "2197.95000", "2019-09-30": "1966.44400", "2019-06-30": "1923.00800", "2019-03-31": "1936.82800", "2018-12-31": "2060.92400", "2018-09-30": "1968.08400", "2018-06-30": "1905.72200", "2018-03-31": "1919.48900", "2017-12-31": "2187.95200", "2017-09-30": "2209.55900", "2017-06-30": "1967.99200", "2017-03-31": "1867.97900", "2016-12-31": "2166.78800", "2016-09-30": "1807.57000", "2016-06-30": "1799.66700", "2016-03-31": "1745.43800", "2015-12-31": "2112.38500", "2015-09-30": "1853.91600", "2015-06-30": "1702.02800", "2015-03-31": "1646.11500", "2014-12-31": "1754.53100", "2014-09-30": "1698.41700", "2014-06-30": "1613.60700", "2014-03-31": "1498.92400", "2013-12-31": "1686.15000", "2013-09-30": "1774.84500", "2013-06-30": "1674.27200", "2013-03-31": "1630.96500", "2012-12-31": "1735.13200", "2012-09-30": "1694.27300", "2012-06-30": "1554.43300", "2012-03-31": "1552.93900", "2011-12-31": "1608.38800", "2011-09-30": "1670.26100", "2011-06-30": "1667.04300", "2011-03-31": "1679.48200", "2010-12-31": "1826.40600", "2010-09-30": "2113.01600", "2010-06-30": "1960.90600", "2010-03-31": "1966.82000", "2009-12-31": "2140.27200", "2009-09-30": "2309.95600", "2009-06-30": "1088.68000", "2009-03-31": "1147.79200", "2008-12-31": "1534.89000", "2008-09-30": "1566.46400", "2008-06-30": "1701.02900", "2008-03-31": "1702.83300", "2007-12-31": "2167.80200", "2007-09-30": "1922.60200", "2007-06-30": "2230.84700", "2007-03-31": "1867.83900", "2006-12-31": "2794.82100", "2006-09-30": "3409.05000", "2006-06-30": "3187.60000", "2006-03-31": "2518.29000", "2005-12-31": "3085.02000", "2005-09-30": "2609.30900", "2005-06-30": "2397.82100", "2005-03-31": "2119.15900"}, "Long Term Debt": {"2020-12-31": "2752.30200", "2020-09-30": "2778.97000", "2020-06-30": "2770.61800", "2020-03-31": "2755.93200", "2019-12-31": "2765.04000", "2019-09-30": "2744.18100", "2019-06-30": "2740.32500", "2019-03-31": "3024.41300", "2018-12-31": "3028.06600", "2018-09-30": "3005.41800", "2018-06-30": "3005.69000", "2018-03-31": "3087.71800", "2017-12-31": "3006.96700", "2017-09-30": "3109.98400", "2017-06-30": "3109.99400", "2017-03-31": "3110.00400", "2016-12-31": "3129.29800", "2016-09-30": "3110.06600", "2016-06-30": "2603.03300", "2016-03-31": "3067.36300", "2015-12-31": "2074.50500", "2015-09-30": "2084.10400", "2015-06-30": "1583.58000", "2015-03-31": "1820.06700", "2014-12-31": "1818.56100", "2014-09-30": "1817.05400", "2014-06-30": "1815.54800", "2014-03-31": "1814.04100", "2013-12-31": "2058.16800", "2013-09-30": "2056.65700", "2013-06-30": "2082.06200", "2013-03-31": "2511.72900", "2012-12-31": "2509.61300", "2012-09-30": "2999.83700", "2012-06-30": "3093.54800", "2012-03-31": "3090.94600", "2011-12-31": "3088.34400", "2011-09-30": "3335.36300", "2011-06-30": "3332.26300", "2011-03-31": "3380.98000", "2010-12-31": "3391.66800", "2010-09-30": "4286.38300", "2010-06-30": "4284.76600", "2010-03-31": "4283.14900", "2009-12-31": "4281.53200", "2009-09-30": "4279.91500", "2009-06-30": "2974.37300", "2009-03-31": "3166.61200", "2008-12-31": "3166.30500", "2008-09-30": "3165.99800", "2008-06-30": "3165.69100", "2008-03-31": "3478.57700", "2007-12-31": "3478.23000", "2007-09-30": "3477.88200", "2007-06-30": "3477.53400", "2007-03-31": "3538.30300", "2006-12-31": "3537.94700", "2006-09-30": "3537.59200", "2006-06-30": "3537.23700", "2006-03-31": "3386.88200", "2005-12-31": "3386.52700", "2005-09-30": "3511.17000", "2005-06-30": "3510.81300", "2005-03-31": "3510.45500"}, "Other Non-Current Liabilities": {"2020-12-31": "449.47400", "2020-09-30": "419.41500", "2020-06-30": "481.76900", "2020-03-31": "417.51900", "2019-12-31": "294.42700", "2019-09-30": "372.29600", "2019-06-30": "362.39700", "2019-03-31": "312.65600", "2018-12-31": "266.20400", "2018-09-30": "352.70000", "2018-06-30": "377.45200", "2018-03-31": "424.53100", "2017-12-31": "337.70400", "2017-09-30": "306.64100", "2017-06-30": "290.89000", "2017-03-31": "282.68600", "2016-12-31": "222.75100", "2016-09-30": "281.86400", "2016-06-30": "286.23900", "2016-03-31": "257.15200", "2015-12-31": "243.19100", "2015-09-30": "291.95300", "2015-06-30": "266.08900", "2015-03-31": "225.10900", "2014-12-31": "191.36400", "2014-09-30": "388.76500", "2014-06-30": "400.13700", "2014-03-31": "374.38300", "2013-12-31": "340.87300", "2013-09-30": "370.53500", "2013-06-30": "367.72200", "2013-03-31": "322.93200", "2012-12-31": "300.04800", "2012-09-30": "324.42400", "2012-06-30": "329.79700", "2012-03-31": "286.73000", "2011-12-31": "250.27300", "2011-09-30": "299.56300", "2011-06-30": "376.57200", "2011-03-31": "356.02700", "2010-12-31": "346.13500", "2010-09-30": "396.81400", "2010-06-30": "388.03800", "2010-03-31": "462.46000", "2009-12-31": "434.97800", "2009-09-30": "379.19200", "2009-06-30": "190.35000", "2009-03-31": "172.74200", "2008-12-31": "171.56500", "2008-09-30": "267.21000", "2008-06-30": "242.82500", "2008-03-31": "241.33200", "2007-12-31": "259.47800", "2007-09-30": "343.12100", "2007-06-30": "273.10000", "2007-03-31": "275.35500", "2006-12-31": "266.74500", "2006-09-30": "402.10700", "2006-06-30": "504.76700", "2006-03-31": "586.46900", "2005-12-31": "631.97090", "2005-09-30": "695.98000", "2005-06-30": "637.95300", "2005-03-31": "501.62600"}, "Total Long Term Liabilities": {"2020-12-31": "3305.32400", "2020-09-30": "3198.38500", "2020-06-30": "3252.38700", "2020-03-31": "3173.45100", "2019-12-31": "3059.46700", "2019-09-30": "3116.47700", "2019-06-30": "3102.72200", "2019-03-31": "3337.06900", "2018-12-31": "3294.27000", "2018-09-30": "3358.11800", "2018-06-30": "3383.14200", "2018-03-31": "3512.24900", "2017-12-31": "3344.67100", "2017-09-30": "3416.62500", "2017-06-30": "3400.88400", "2017-03-31": "3392.69000", "2016-12-31": "3352.04900", "2016-09-30": "3391.93000", "2016-06-30": "2889.27200", "2016-03-31": "3324.51500", "2015-12-31": "2317.69600", "2015-09-30": "2376.05700", "2015-06-30": "1849.66900", "2015-03-31": "2045.17600", "2014-12-31": "2009.92500", "2014-09-30": "2205.81900", "2014-06-30": "2215.68500", "2014-03-31": "2188.42400", "2013-12-31": "2399.04100", "2013-09-30": "2427.19200", "2013-06-30": "2449.78400", "2013-03-31": "2834.66100", "2012-12-31": "2809.66100", "2012-09-30": "3324.26100", "2012-06-30": "3423.34500", "2012-03-31": "3377.67600", "2011-12-31": "3338.61700", "2011-09-30": "3634.92600", "2011-06-30": "3708.83500", "2011-03-31": "3737.00700", "2010-12-31": "3737.80300", "2010-09-30": "4683.19700", "2010-06-30": "4672.80400", "2010-03-31": "4745.60900", "2009-12-31": "4716.51000", "2009-09-30": "4659.10700", "2009-06-30": "3164.72300", "2009-03-31": "3339.35400", "2008-12-31": "3337.87000", "2008-09-30": "3433.20800", "2008-06-30": "3408.51600", "2008-03-31": "3719.90900", "2007-12-31": "3737.70800", "2007-09-30": "3821.00300", "2007-06-30": "3750.63400", "2007-03-31": "3813.65800", "2006-12-31": "3804.69200", "2006-09-30": "3939.69900", "2006-06-30": "4051.48300", "2006-03-31": "4001.40200", "2005-12-31": "4018.49800", "2005-09-30": "4207.15000", "2005-06-30": "4148.76600", "2005-03-31": "4012.08100"}, "Total Liabilities": {"2020-12-31": "5635.50900", "2020-09-30": "5125.00700", "2020-06-30": "5106.81700", "2020-03-31": "5892.98300", "2019-12-31": "5257.41700", "2019-09-30": "5082.92100", "2019-06-30": "5025.73000", "2019-03-31": "5273.89700", "2018-12-31": "5355.19400", "2018-09-30": "5326.20200", "2018-06-30": "5288.86400", "2018-03-31": "5431.73800", "2017-12-31": "5532.62300", "2017-09-30": "5626.18400", "2017-06-30": "5368.87600", "2017-03-31": "5260.66900", "2016-12-31": "5518.83700", "2016-09-30": "5199.50000", "2016-06-30": "4688.93900", "2016-03-31": "5069.95300", "2015-12-31": "4430.08100", "2015-09-30": "4229.97300", "2015-06-30": "3551.69700", "2015-03-31": "3691.29100", "2014-12-31": "3764.45600", "2014-09-30": "3904.23600", "2014-06-30": "3829.29200", "2014-03-31": "3687.34800", "2013-12-31": "4085.19100", "2013-09-30": "4202.03700", "2013-06-30": "4124.05600", "2013-03-31": "4465.62600", "2012-12-31": "4544.79300", "2012-09-30": "5018.53400", "2012-06-30": "4977.77800", "2012-03-31": "4930.61500", "2011-12-31": "4947.00500", "2011-09-30": "5305.18700", "2011-06-30": "5375.87800", "2011-03-31": "5416.48900", "2010-12-31": "5564.20900", "2010-09-30": "6796.21300", "2010-06-30": "6633.71000", "2010-03-31": "6712.42900", "2009-12-31": "6856.78200", "2009-09-30": "6969.06300", "2009-06-30": "4253.40300", "2009-03-31": "4487.14600", "2008-12-31": "4872.76000", "2008-09-30": "4999.67200", "2008-06-30": "5109.54500", "2008-03-31": "5422.74200", "2007-12-31": "5905.50700", "2007-09-30": "5743.60500", "2007-06-30": "5981.48100", "2007-03-31": "5681.49700", "2006-12-31": "6599.51300", "2006-09-30": "7348.74900", "2006-06-30": "7239.08300", "2006-03-31": "6519.69200", "2005-12-31": "7103.51800", "2005-09-30": "6816.45900", "2005-06-30": "6546.58700", "2005-03-31": "6131.24000"}, "Common Stock Net": {"2020-12-31": "2.66500", "2020-09-30": "2.68200", "2020-06-30": "2.68200", "2020-03-31": "2.68100", "2019-12-31": "2.70200", "2019-09-30": "2.71000", "2019-06-30": "2.75000", "2019-03-31": "2.77100", "2018-12-31": "2.77100", "2018-09-30": "2.82100", "2018-06-30": "2.84300", "2018-03-31": "2.85900", "2017-12-31": "2.86800", "2017-09-30": "2.94000", "2017-06-30": "3.03700", "2017-03-31": "3.16100", "2016-12-31": "3.19100", "2016-09-30": "3.32400", "2016-06-30": "3.43800", "2016-03-31": "3.46300", "2015-12-31": "3.49100", "2015-09-30": "3.49200", "2015-06-30": "3.54800", "2015-03-31": "3.65400", "2014-12-31": "3.69500", "2014-09-30": "3.73800", "2014-06-30": "3.76400", "2014-03-31": "3.79200", "2013-12-31": "3.81300", "2013-09-30": "3.83100", "2013-06-30": "3.88400", "2013-03-31": "3.87500", "2012-12-31": "3.86600", "2012-09-30": "3.86200", "2012-06-30": "3.83700", "2012-03-31": "3.83600", "2011-12-31": "3.82600", "2011-09-30": "3.82800", "2011-06-30": "3.82800", "2011-03-31": "3.82800", "2010-12-31": "3.82000", "2010-09-30": "3.82400", "2010-06-30": "3.82700", "2010-03-31": "3.82500", "2009-12-31": "3.80700", "2009-09-30": "3.80400", "2009-06-30": "2.58600", "2009-03-31": "2.58600", "2008-12-31": "2.58200", "2008-09-30": "2.57500", "2008-06-30": "2.57400", "2008-03-31": "2.57400", "2007-12-31": "2.57100", "2007-09-30": "2.55900", "2007-06-30": "2.55900", "2007-03-31": "2.56000", "2006-12-31": "2.55300", "2006-09-30": "2.54600", "2006-06-30": "2.55000", "2006-03-31": "2.56600", "2005-12-31": "2.57000", "2005-09-30": "2.58500", "2005-06-30": "1.29200", "2005-03-31": "1.29000"}, "Retained Earnings (Accumulated Deficit)": {"2020-12-31": "3306.05700", "2020-09-30": "2980.56500", "2020-06-30": "2596.61300", "2020-03-31": "2280.45500", "2019-12-31": "2220.57400", "2019-09-30": "1948.20200", "2019-06-30": "1841.47800", "2019-03-31": "1714.51500", "2018-12-31": "1613.92900", "2018-09-30": "1530.08000", "2018-06-30": "1333.17700", "2018-03-31": "1087.70100", "2017-12-31": "980.06100", "2017-09-30": "1179.44200", "2017-06-30": "1288.53700", "2017-03-31": "1516.05900", "2016-12-31": "1540.20800", "2016-09-30": "1548.37500", "2016-06-30": "1700.20600", "2016-03-31": "1661.76900", "2015-12-31": "1662.64100", "2015-09-30": "1466.18900", "2015-06-30": "1507.10400", "2015-03-31": "1646.57000", "2014-12-31": "1728.95300", "2014-09-30": "1639.34100", "2014-06-30": "1568.99900", "2014-03-31": "1599.57000", "2013-12-31": "1593.91800", "2013-09-30": "1430.63300", "2013-06-30": "-729.81900", "2013-03-31": "-766.22200", "2012-12-31": "-844.14700", "2012-09-30": "-902.88900", "2012-06-30": "-1019.49700", "2012-03-31": "-1061.92800", "2011-12-31": "-1050.14500", "2011-09-30": "-1064.20000", "2011-06-30": "-934.95500", "2011-03-31": "-879.54500", "2010-12-31": "-840.05300", "2010-09-30": "-674.76700", "2010-06-30": "320.44300", "2010-03-31": "244.15600", "2009-12-31": "257.14500", "2009-09-30": "374.18700", "2009-06-30": "737.39500", "2009-03-31": "926.88700", "2008-12-31": "1442.42500", "2008-09-30": "1791.52800", "2008-06-30": "2082.48200", "2008-03-31": "2251.16200", "2007-12-31": "2960.00100", "2007-09-30": "3845.50400", "2007-06-30": "4643.69800", "2007-03-31": "5161.76600", "2006-12-31": "5293.10700", "2006-09-30": "5314.09200", "2006-06-30": "5150.54600", "2006-03-31": "4959.94200", "2005-12-31": "4751.12000", "2005-09-30": "4276.91900", "2005-06-30": "3909.79300", "2005-03-31": "3621.14700"}, "Comprehensive Income": {"2020-12-31": "-0.14500", "2020-09-30": "-0.17000", "2020-06-30": "-0.19500", "2020-03-31": "-0.22000", "2019-12-31": "-0.24500", "2019-09-30": "-0.27000", "2019-06-30": "-0.29500", "2019-03-31": "-0.32000", "2018-12-31": "-0.34500", "2018-09-30": "-0.37000", "2018-06-30": "-0.39500", "2018-03-31": "-0.42400", "2017-12-31": "-0.44500", "2017-09-30": "-0.46500", "2017-06-30": "-0.48500", "2017-03-31": "-0.50500", "2016-12-31": "-0.52600", "2016-09-30": "-0.54800", "2016-06-30": "-0.56800", "2016-03-31": "-0.58800", "2015-12-31": "-0.60900", "2015-09-30": "-0.62700", "2015-06-30": "-0.64800", "2015-03-31": "-0.66900", "2014-12-31": "-0.69000", "2014-09-30": "-0.71300", "2014-06-30": "-0.73400", "2014-03-31": "-0.75500", "2013-12-31": "-0.79500", "2013-09-30": "-0.71900", "2013-06-30": "-0.79600", "2013-03-31": "-0.94400", "2012-12-31": "-0.99200", "2012-09-30": "-1.13300", "2012-06-30": "-1.19100", "2012-03-31": "-1.24900", "2011-12-31": "-1.30600", "2011-09-30": "-1.43300", "2011-06-30": "-1.49700", "2011-03-31": "-1.56100", "2010-12-31": "-1.51900", "2010-09-30": "-1.99800", "2010-06-30": "-2.07100", "2010-03-31": "-2.14700", "2009-12-31": "-2.24900", "2009-09-30": "-0.47400", "2009-06-30": "-1.89200", "2009-03-31": "-4.59400", "2008-12-31": "-4.09900", "2008-09-30": "-3.01800", "2008-06-30": "-2.38700", "2008-03-31": "-3.43600", "2007-12-31": "-4.88300", "2007-09-30": "-4.02100", "2007-06-30": "-3.64000", "2007-03-31": "-3.83500", "2006-12-31": "-2.98600", "2006-09-30": "-4.13100", "2006-06-30": "-4.04500", "2006-03-31": "-3.31600", "2005-12-31": "-5.49600", "2005-09-30": "-9.82200", "2005-06-30": "-10.54100", "2005-03-31": "-12.68300"}, "Other Share Holders Equity": {"2020-12-31": "", "2020-09-30": "", "2020-06-30": "", "2020-03-31": "", "2019-12-31": "", "2019-09-30": "", "2019-06-30": "", "2019-03-31": "", "2018-12-31": "", "2018-09-30": "", "2018-06-30": "", "2018-03-31": "", "2017-12-31": "", "2017-09-30": "", "2017-06-30": "", "2017-03-31": "", "2016-12-31": "", "2016-09-30": "", "2016-06-30": "", "2016-03-31": "", "2015-12-31": "", "2015-09-30": "", "2015-06-30": "", "2015-03-31": "", "2014-12-31": "", "2014-09-30": "", "2014-06-30": "", "2014-03-31": "", "2013-12-31": "", "2013-09-30": "", "2013-06-30": "", "2013-03-31": "", "2012-12-31": "", "2012-09-30": "", "2012-06-30": "", "2012-03-31": "", "2011-12-31": "", "2011-09-30": "", "2011-06-30": "", "2011-03-31": "", "2010-12-31": "", "2010-09-30": "", "2010-06-30": "", "2010-03-31": "", "2009-12-31": "", "2009-09-30": "", "2009-06-30": "", "2009-03-31": "", "2008-12-31": "", "2008-09-30": "", "2008-06-30": "", "2008-03-31": "", "2007-12-31": "", "2007-09-30": "", "2007-06-30": "", "2007-03-31": "", "2006-12-31": "", "2006-09-30": "", "2006-06-30": "", "2006-03-31": "", "2005-12-31": "", "2005-09-30": "", "2005-06-30": "", "2005-03-31": ""}, "Share Holder Equity": {"2020-12-31": "6569.98900", "2020-09-30": "6240.01500", "2020-06-30": "5851.66800", "2020-03-31": "5530.39100", "2019-12-31": "5458.18000", "2019-09-30": "5181.59200", "2019-06-30": "5069.80700", "2019-03-31": "4933.43900", "2018-12-31": "4817.78200", "2018-09-30": "4728.87800", "2018-06-30": "4526.71200", "2018-03-31": "4274.65700", "2017-12-31": "4154.02600", "2017-09-30": "4345.08500", "2017-06-30": "4444.00200", "2017-03-31": "4660.14500", "2016-12-31": "4659.36300", "2016-09-30": "4672.03200", "2016-06-30": "4818.11700", "2016-03-31": "4773.52700", "2015-12-31": "4759.32500", "2015-09-30": "4571.60500", "2015-06-30": "4606.25900", "2015-03-31": "4741.99400", "2014-12-31": "4804.95400", "2014-09-30": "4710.40900", "2014-06-30": "4638.04400", "2014-03-31": "4664.06300", "2013-12-31": "4648.95200", "2013-09-30": "4491.68500", "2013-06-30": "2328.21500", "2013-03-31": "2275.51500", "2012-12-31": "2189.61600", "2012-09-30": "2122.04600", "2012-06-30": "1975.04700", "2012-03-31": "1928.82800", "2011-12-31": "1938.61500", "2011-09-30": "1923.46700", "2011-06-30": "2049.72700", "2011-03-31": "2100.14000", "2010-12-31": "2135.16700", "2010-09-30": "2296.42300", "2010-06-30": "3281.78600", "2010-03-31": "3196.55500", "2009-12-31": "3194.44000", "2009-09-30": "3313.41000", "2009-06-30": "2149.50600", "2009-03-31": "2327.78700", "2008-12-31": "2835.69800", "2008-09-30": "3183.35900", "2008-06-30": "3469.61900", "2008-03-31": "3624.38200", "2007-12-31": "4320.19300", "2007-09-30": "5188.84900", "2007-06-30": "5970.16700", "2007-03-31": "6469.52300", "2006-12-31": "6577.36100", "2006-09-30": "6567.47400", "2006-06-30": "6384.61000", "2006-03-31": "6183.32400", "2005-12-31": "5957.34200", "2005-09-30": "5467.29800", "2005-06-30": "5084.48600", "2005-03-31": "4769.86700"}, "Total Liabilities And Share Holders Equity": {"2020-12-31": "12205.50000", "2020-09-30": "11365.02000", "2020-06-30": "10958.49000", "2020-03-31": "11423.37000", "2019-12-31": "10715.60000", "2019-09-30": "10264.51000", "2019-06-30": "10095.54000", "2019-03-31": "10207.34000", "2018-12-31": "10172.98000", "2018-09-30": "10055.08000", "2018-06-30": "9815.57600", "2018-03-31": "9706.39500", "2017-12-31": "9686.64900", "2017-09-30": "9971.26900", "2017-06-30": "9812.87800", "2017-03-31": "9920.81400", "2016-12-31": "10178.20000", "2016-09-30": "9871.53200", "2016-06-30": "9507.05600", "2016-03-31": "9843.48000", "2015-12-31": "9189.40600", "2015-09-30": "8801.57800", "2015-06-30": "8157.95600", "2015-03-31": "8433.28500", "2014-12-31": "8569.41000", "2014-09-30": "8614.64500", "2014-06-30": "8467.33600", "2014-03-31": "8351.41100", "2013-12-31": "8734.14300", "2013-09-30": "8693.72200", "2013-06-30": "6452.27100", "2013-03-31": "6741.14100", "2012-12-31": "6734.40900", "2012-09-30": "7140.58000", "2012-06-30": "6952.82500", "2012-03-31": "6859.44300", "2011-12-31": "6885.62000", "2011-09-30": "7228.65400", "2011-06-30": "7425.60500", "2011-03-31": "7516.62900", "2010-12-31": "7699.37600", "2010-09-30": "9092.63600", "2010-06-30": "9915.49600", "2010-03-31": "9908.98400", "2009-12-31": "10051.22000", "2009-09-30": "10282.47000", "2009-06-30": "6402.90900", "2009-03-31": "6814.93300", "2008-12-31": "7708.45800", "2008-09-30": "8183.03100", "2008-06-30": "8579.16400", "2008-03-31": "9047.12400", "2007-12-31": "10225.70000", "2007-09-30": "10932.45000", "2007-06-30": "11951.65000", "2007-03-31": "12151.02000", "2006-12-31": "13176.87000", "2006-09-30": "13916.22000", "2006-06-30": "13623.69000", "2006-03-31": "12703.02000", "2005-12-31": "13060.86000", "2005-09-30": "12283.76000", "2005-06-30": "11631.07000", "2005-03-31": "10901.11000"}}, "cash flow statement": {"Net Income/Loss": {"2020-12-31": "1406.83900", "2019-12-31": "1016.70000", "2018-12-31": "1022.02300", "2017-12-31": "447.22100", "2016-12-31": "602.70300", "2015-12-31": "494.09000", "2014-12-31": "474.33800", "2013-12-31": "2620.11600", "2012-12-31": "206.14500", "2011-12-31": "-210.38800", "2010-12-31": "-1096.72900", "2009-12-31": "-1182.56700", "2008-12-31": "-1473.11300", "2007-12-31": "-2255.75500", "2006-12-31": "687.47100", "2005-12-31": "1491.91300"}, "Total Depreciation And Amortization - Cash Flow": {"2020-12-31": "86.27100", "2019-12-31": "53.99900", "2018-12-31": "49.42900", "2017-12-31": "50.99800", "2016-12-31": "54.00700", "2015-12-31": "46.22200", "2014-12-31": "39.86400", "2013-12-31": "31.58700", "2012-12-31": "30.02700", "2011-12-31": "272.63900", "2010-12-31": "701.95790", "2009-12-31": "617.23600", "2008-12-31": "79.63400", "2007-12-31": "453.87500", "2006-12-31": "83.67500", "2005-12-31": "61.51200"}, "Other Non-Cash Items": {"2020-12-31": "189.63400", "2019-12-31": "166.98900", "2018-12-31": "486.90100", "2017-12-31": "646.11400", "2016-12-31": "378.64300", "2015-12-31": "343.05300", "2014-12-31": "270.24700", "2013-12-31": "-2019.04900", "2012-12-31": "85.94800", "2011-12-31": "74.36900", "2010-12-31": "299.58500", "2009-12-31": "1087.79600", "2008-12-31": "1678.96300", "2007-12-31": "2382.70000", "2006-12-31": "402.01600", "2005-12-31": "132.41000"}, "Total Non-Cash Items": {"2020-12-31": "275.90500", "2019-12-31": "220.98800", "2018-12-31": "536.33000", "2017-12-31": "697.11200", "2016-12-31": "432.65000", "2015-12-31": "389.27500", "2014-12-31": "310.11100", "2013-12-31": "-1987.46200", "2012-12-31": "115.97500", "2011-12-31": "347.00800", "2010-12-31": "1001.54300", "2009-12-31": "1705.03200", "2008-12-31": "1758.59700", "2007-12-31": "2836.57500", "2006-12-31": "485.69100", "2005-12-31": "193.92200"}, "Change In Accounts Receivable": {"2020-12-31": "", "2019-12-31": "", "2018-12-31": "", "2017-12-31": "", "2016-12-31": "", "2015-12-31": "", "2014-12-31": "", "2013-12-31": "", "2012-12-31": "", "2011-12-31": "", "2010-12-31": "", "2009-12-31": "", "2008-12-31": "", "2007-12-31": "", "2006-12-31": "", "2005-12-31": ""}, "Change In Inventories": {"2020-12-31": "2.98800", "2019-12-31": "-237.74100", "2018-12-31": "-50.36200", "2017-12-31": "-569.03000", "2016-12-31": "-897.09200", "2015-12-31": "-917.29800", "2014-12-31": "-337.93900", "2013-12-31": "265.06400", "2012-12-31": "455.22300", "2011-12-31": "54.89100", "2010-12-31": "-28.75400", "2009-12-31": "494.02600", "2008-12-31": "1114.68600", "2007-12-31": "622.35900", "2006-12-31": "-1151.97200", "2005-12-31": "-1699.37300"}, "Change In Accounts Payable": {"2020-12-31": "", "2019-12-31": "", "2018-12-31": "", "2017-12-31": "", "2016-12-31": "", "2015-12-31": "", "2014-12-31": "", "2013-12-31": "", "2012-12-31": "", "2011-12-31": "", "2010-12-31": "", "2009-12-31": "", "2008-12-31": "", "2007-12-31": "", "2006-12-31": "", "2005-12-31": ""}, "Change In Assets/Liabilities": {"2020-12-31": "-103.03900", "2019-12-31": "-64.92900", "2018-12-31": "41.68900", "2017-12-31": "22.09000", "2016-12-31": "-145.24800", "2015-12-31": "-279.75900", "2014-12-31": "-99.98300", "2013-12-31": "-6.35500", "2012-12-31": "-33.55700", "2011-12-31": "106.29800", "2010-12-31": "970.08900", "2009-12-31": "483.06700", "2008-12-31": "391.56100", "2007-12-31": "653.40500", "2006-12-31": "265.93200", "2005-12-31": "-495.96000"}, "Total Change In Assets/Liabilities": {"2020-12-31": "101.59800", "2019-12-31": "-161.68600", "2018-12-31": "-110.07300", "2017-12-31": "-481.25300", "2016-12-31": "-967.08290", "2015-12-31": "-1220.95500", "2014-12-31": "-476.56800", "2013-12-31": "248.48200", "2012-12-31": "438.02000", "2011-12-31": "-119.34100", "2010-12-31": "687.31000", "2009-12-31": "206.89000", "2008-12-31": "934.90800", "2007-12-31": "637.43510", "2006-12-31": "-1440.68800", "2005-12-31": "-1667.13100"}, "Cash Flow From Operating Activities": {"2020-12-31": "1784.34200", "2019-12-31": "1076.00200", "2018-12-31": "1448.28000", "2017-12-31": "663.08000", "2016-12-31": "68.27000", "2015-12-31": "-337.59000", "2014-12-31": "307.88100", "2013-12-31": "881.13600", "2012-12-31": "760.14000", "2011-12-31": "17.27900", "2010-12-31": "592.12400", "2009-12-31": "729.35500", "2008-12-31": "1220.39200", "2007-12-31": "1218.25500", "2006-12-31": "-267.52600", "2005-12-31": "18.70400"}, "Net Change In Property, Plant, And Equipment": {"2020-12-31": "-58.35400", "2019-12-31": "-58.11900", "2018-12-31": "-59.03900", "2017-12-31": "-32.05100", "2016-12-31": "-39.29500", "2015-12-31": "-45.44000", "2014-12-31": "-48.79000", "2013-12-31": "-28.89900", "2012-12-31": "-6.35600", "2011-12-31": "-10.68300", "2010-12-31": "-13.39900", "2009-12-31": "-37.20100", "2008-12-31": "-13.56400", "2007-12-31": "-50.34900", "2006-12-31": "-79.53800", "2005-12-31": "-83.02900"}, "Net Change In Intangible Assets": {"2020-12-31": "", "2019-12-31": "", "2018-12-31": "", "2017-12-31": "", "2016-12-31": "", "2015-12-31": "", "2014-12-31": "", "2013-12-31": "", "2012-12-31": "", "2011-12-31": "", "2010-12-31": "", "2009-12-31": "", "2008-12-31": "", "2007-12-31": "", "2006-12-31": "", "2005-12-31": ""}, "Net Acquisitions/Divestitures": {"2020-12-31": "-83.25100", "2019-12-31": "-163.72400", "2018-12-31": "", "2017-12-31": "", "2016-12-31": "-430.45800", "2015-12-31": "", "2014-12-31": "-82.41900", "2013-12-31": "", "2012-12-31": "", "2011-12-31": "", "2010-12-31": "", "2009-12-31": "1748.74200", "2008-12-31": "", "2007-12-31": "", "2006-12-31": "49.21600", "2005-12-31": "142.86600"}, "Net Change In Short-term Investments": {"2020-12-31": "", "2019-12-31": "", "2018-12-31": "", "2017-12-31": "", "2016-12-31": "", "2015-12-31": "", "2014-12-31": "", "2013-12-31": "", "2012-12-31": "", "2011-12-31": "", "2010-12-31": "", "2009-12-31": "", "2008-12-31": "", "2007-12-31": "", "2006-12-31": "", "2005-12-31": ""}, "Net Change In Long-Term Investments": {"2020-12-31": "-0.75300", "2019-12-31": "-9.51500", "2018-12-31": "-1.00000", "2017-12-31": "-23.03700", "2016-12-31": "-14.53900", "2015-12-31": "-0.45400", "2014-12-31": "-0.00900", "2013-12-31": "-12.26500", "2012-12-31": "-15.62000", "2011-12-31": "-4.27800", "2010-12-31": "-10.28700", "2009-12-31": "-26.34200", "2008-12-31": "-49.15700", "2007-12-31": "-231.26900", "2006-12-31": "-58.22900", "2005-12-31": "-161.92600"}, "Net Change In Investments - Total": {"2020-12-31": "-0.75300", "2019-12-31": "-9.51500", "2018-12-31": "-1.00000", "2017-12-31": "-23.03700", "2016-12-31": "-14.53900", "2015-12-31": "-0.45400", "2014-12-31": "-0.00900", "2013-12-31": "-12.26500", "2012-12-31": "-15.62000", "2011-12-31": "-4.27800", "2010-12-31": "-10.28700", "2009-12-31": "-26.34200", "2008-12-31": "-49.15700", "2007-12-31": "-231.26900", "2006-12-31": "-58.22900", "2005-12-31": "-161.92600"}, "Investing Activities - Other": {"2020-12-31": "34.41100", "2019-12-31": "6.67200", "2018-12-31": "19.56400", "2017-12-31": "4.84600", "2016-12-31": "13.10000", "2015-12-31": "11.33000", "2014-12-31": "8.60500", "2013-12-31": "-4.81300", "2012-12-31": "31.68200", "2011-12-31": "-78.66800", "2010-12-31": "4.23100", "2009-12-31": "8.61200", "2008-12-31": "6.77700", "2007-12-31": "60.20100", "2006-12-31": "1.66500", "2005-12-31": "76.80600"}, "Cash Flow From Investing Activities": {"2020-12-31": "-107.94700", "2019-12-31": "-224.68600", "2018-12-31": "-40.47500", "2017-12-31": "-50.24200", "2016-12-31": "-471.19200", "2015-12-31": "-34.56400", "2014-12-31": "-122.61300", "2013-12-31": "-45.97700", "2012-12-31": "9.70600", "2011-12-31": "-93.62900", "2010-12-31": "-19.45500", "2009-12-31": "1693.81100", "2008-12-31": "-55.94400", "2007-12-31": "-221.41700", "2006-12-31": "-86.88600", "2005-12-31": "-25.28300"}, "Net Long-Term Debt": {"2020-12-31": "19.98100", "2019-12-31": "-331.82600", "2018-12-31": "-172.16800", "2017-12-31": "-28.56400", "2016-12-31": "1072.76200", "2015-12-31": "386.53000", "2014-12-31": "-216.05400", "2013-12-31": "-512.95800", "2012-12-31": "-480.00500", "2011-12-31": "-321.13300", "2010-12-31": "-954.31100", "2009-12-31": "-2224.37100", "2008-12-31": "-520.13100", "2007-12-31": "-448.78300", "2006-12-31": "51.94900", "2005-12-31": "845.94400"}, "Net Current Debt": {"2020-12-31": "", "2019-12-31": "", "2018-12-31": "", "2017-12-31": "", "2016-12-31": "", "2015-12-31": "", "2014-12-31": "", "2013-12-31": "", "2012-12-31": "", "2011-12-31": "", "2010-12-31": "", "2009-12-31": "", "2008-12-31": "", "2007-12-31": "", "2006-12-31": "", "2005-12-31": ""}, "Debt Issuance/Retirement Net - Total": {"2020-12-31": "19.98100", "2019-12-31": "-331.82600", "2018-12-31": "-172.16800", "2017-12-31": "-28.56400", "2016-12-31": "1072.76200", "2015-12-31": "386.53000", "2014-12-31": "-216.05400", "2013-12-31": "-512.95800", "2012-12-31": "-480.00500", "2011-12-31": "-321.13300", "2010-12-31": "-954.31100", "2009-12-31": "-2224.37100", "2008-12-31": "-520.13100", "2007-12-31": "-448.78300", "2006-12-31": "51.94900", "2005-12-31": "845.94400"}, "Net Common Equity Issued/Repurchased": {"2020-12-31": "-170.56500", "2019-12-31": "-267.93400", "2018-12-31": "-288.01100", "2017-12-31": "-882.61100", "2016-12-31": "-597.36100", "2015-12-31": "-432.20300", "2014-12-31": "-237.39200", "2013-12-31": "-108.25000", "2012-12-31": "31.84800", "2011-12-31": "-2.83600", "2010-12-31": "4.64500", "2009-12-31": "-2.60200", "2008-12-31": "-0.71700", "2007-12-31": "1.61700", "2006-12-31": "-113.94500", "2005-12-31": "-111.99800"}, "Net Total Equity Issued/Repurchased": {"2020-12-31": "-170.56500", "2019-12-31": "-267.93400", "2018-12-31": "-288.01100", "2017-12-31": "-882.61100", "2016-12-31": "-597.36100", "2015-12-31": "-432.20300", "2014-12-31": "-237.39200", "2013-12-31": "-108.25000", "2012-12-31": "31.84800", "2011-12-31": "-2.83600", "2010-12-31": "4.64500", "2009-12-31": "-2.60200", "2008-12-31": "-0.71700", "2007-12-31": "1.61700", "2006-12-31": "-113.94500", "2005-12-31": "-111.99800"}, "Total Common And Preferred Stock Dividends Paid": {"2020-12-31": "-130.17900", "2019-12-31": "-122.35000", "2018-12-31": "-104.02000", "2017-12-31": "-112.74800", "2016-12-31": "-124.66600", "2015-12-31": "-115.95800", "2014-12-31": "-75.64600", "2013-12-31": "-38.38200", "2012-12-31": "", "2011-12-31": "", "2010-12-31": "", "2009-12-31": "", "2008-12-31": "-41.11900", "2007-12-31": "-40.99700", "2006-12-31": "-40.87900", "2005-12-31": "-33.55000"}, "Financial Activities - Other": {"2020-12-31": "-14.85300", "2019-12-31": "-11.45000", "2018-12-31": "-16.07400", "2017-12-31": "-5.99500", "2016-12-31": "", "2015-12-31": "", "2014-12-31": "", "2013-12-31": "", "2012-12-31": "", "2011-12-31": "", "2010-12-31": "", "2009-12-31": "-3.05800", "2008-12-31": "-5.68700", "2007-12-31": "0.52300", "2006-12-31": "6.69600", "2005-12-31": ""}, "Cash Flow From Financial Activities": {"2020-12-31": "-295.61600", "2019-12-31": "-733.56000", "2018-12-31": "-580.27300", "2017-12-31": "-1029.91800", "2016-12-31": "350.73500", "2015-12-31": "-161.63100", "2014-12-31": "-529.09200", "2013-12-31": "-659.59000", "2012-12-31": "-448.15700", "2011-12-31": "-323.96900", "2010-12-31": "-949.66600", "2009-12-31": "-2230.03100", "2008-12-31": "-567.65400", "2007-12-31": "-487.64000", "2006-12-31": "-96.17900", "2005-12-31": "700.39600"}, "Net Cash Flow": {"2020-12-31": "1380.77900", "2019-12-31": "117.75600", "2018-12-31": "827.53200", "2017-12-31": "-417.08000", "2016-12-31": "-52.18700", "2015-12-31": "-533.78500", "2014-12-31": "-343.82400", "2013-12-31": "175.56900", "2012-12-31": "321.68900", "2011-12-31": "-400.31900", "2010-12-31": "-376.99700", "2009-12-31": "193.13500", "2008-12-31": "594.95300", "2007-12-31": "509.01900", "2006-12-31": "-450.97600", "2005-12-31": "694.15000"}, "Stock-Based Compensation": {"2020-12-31": "32.84300", "2019-12-31": "28.36800", "2018-12-31": "28.29000", "2017-12-31": "33.68300", "2016-12-31": "22.22800", "2015-12-31": "24.75200", "2014-12-31": "29.29200", "2013-12-31": "30.48000", "2012-12-31": "22.89700", "2011-12-31": "16.97000", "2010-12-31": "32.08100", "2009-12-31": "46.34300", "2008-12-31": "39.10700", "2007-12-31": "70.69500", "2006-12-31": "78.16600", "2005-12-31": "45.72400"}, "Common Stock Dividends Paid": {"2020-12-31": "-130.17900", "2019-12-31": "-122.35000", "2018-12-31": "-104.02000", "2017-12-31": "-112.74800", "2016-12-31": "-124.66600", "2015-12-31": "-115.95800", "2014-12-31": "-75.64600", "2013-12-31": "-38.38200", "2012-12-31": "", "2011-12-31": "0.00000", "2010-12-31": "", "2009-12-31": "", "2008-12-31": "-41.11900", "2007-12-31": "-40.99700", "2006-12-31": "-40.87900", "2005-12-31": "-33.55000"}}, "cash flow statement, quarterly": {"Net Income/Loss": {"2020-12-31": 438.111, "2020-09-30": 416.397, "2020-06-30": 348.62, "2020-03-31": "203.71100", "2019-12-31": 335.798, "2019-09-30": 273.104, "2019-06-30": 241.041, "2019-03-31": "166.75700", "2018-12-31": 237.648, "2018-09-30": 289.534, "2018-06-30": 324.09, "2018-03-31": "170.75100", "2017-12-31": 77.414, "2017-09-30": 177.539, "2017-06-30": 100.75, "2017-03-31": "91.51800", "2016-12-31": 273.173, "2016-09-30": 128.47, "2016-06-30": 117.76, "2016-03-31": "83.30000", "2015-12-31": 228.028, "2015-09-30": 107.767, "2015-06-30": 103.324, "2015-03-31": "54.97100", "2014-12-31": 217.094, "2014-09-30": 140.545, "2014-06-30": 41.88, "2014-03-31": "74.81900", "2013-12-31": 220.053, "2013-09-30": 2281.884, "2013-06-30": 36.417, "2013-03-31": "81.76200", "2012-12-31": 58.742, "2012-09-30": 116.633, "2012-06-30": 42.436, "2012-03-31": "-11.66600", "2011-12-31": 13.821, "2011-09-30": -129.298, "2011-06-30": -55.385, "2011-03-31": "-39.52600", "2010-12-31": -165.428, "2010-09-30": -995.116, "2010-06-30": 76.303, "2010-03-31": "-12.48800", "2009-12-31": -116.897, "2009-09-30": -361.387, "2009-06-30": -189.465, "2009-03-31": "-514.81800", "2008-12-31": -338.165, "2008-09-30": -280.387, "2008-06-30": -158.417, "2008-03-31": "-696.14400", "2007-12-31": -874.661, "2007-09-30": -787.871, "2007-06-30": -507.551, "2007-03-31": "-85.67200", "2006-12-31": -8.412, "2006-09-30": 190.219, "2006-06-30": 243.019, "2006-03-31": "262.64500", "2005-12-31": 574.539, "2005-09-30": 395.421, "2005-06-30": 303.711, "2005-03-31": "218.24200"}, "Total Depreciation And Amortization - Cash Flow": {"2020-12-31": 17.545, "2020-09-30": 16.998, "2020-06-30": 16.389, "2020-03-31": "35.33900", "2019-12-31": 13.697, "2019-09-30": 13.805, "2019-06-30": 13.287, "2019-03-31": "13.21000", "2018-12-31": 12.712, "2018-09-30": 12.556, "2018-06-30": 12.271, "2018-03-31": "11.89000", "2017-12-31": 12.309, "2017-09-30": 12.666, "2017-06-30": 12.814, "2017-03-31": "13.20900", "2016-12-31": 13.789, "2016-09-30": 13.513, "2016-06-30": 13.592, "2016-03-31": "13.11300", "2015-12-31": 12.503, "2015-09-30": 11.866, "2015-06-30": 10.791, "2015-03-31": "11.06200", "2014-12-31": 11, "2014-09-30": 9.96, "2014-06-30": 9.962, "2014-03-31": "8.94200", "2013-12-31": 8.453, "2013-09-30": 8.05, "2013-06-30": 7.745, "2013-03-31": "7.33900", "2012-12-31": 7.749, "2012-09-30": 7.45, "2012-06-30": 7.435, "2012-03-31": "7.39300", "2011-12-31": 7.469, "2011-09-30": 248.197, "2011-06-30": 8.003, "2011-03-31": "8.97000", "2010-12-31": 10.7299, "2010-09-30": 665.497, "2010-06-30": 12.845, "2010-03-31": "12.88600", "2009-12-31": 577.894, "2009-09-30": 14.539, "2009-06-30": 11.825, "2009-03-31": "12.97800", "2008-12-31": 22.093, "2008-09-30": 18.713, "2008-06-30": 19.113, "2008-03-31": "19.71500", "2007-12-31": 54.157, "2007-09-30": 356.445, "2007-06-30": 21.613, "2007-03-31": "21.66000", "2006-12-31": 25.166, "2006-09-30": 20.522, "2006-06-30": 19.624, "2006-03-31": "18.36300", "2005-12-31": 16.702, "2005-09-30": 16.112, "2005-06-30": 14.965, "2005-03-31": "13.73300"}, "Other Non-Cash Items": {"2020-12-31": 62.338, "2020-09-30": 49.747, "2020-06-30": 37.289, "2020-03-31": "40.26000", "2019-12-31": 41.732, "2019-09-30": 47.021, "2019-06-30": 41.587, "2019-03-31": "36.64900", "2018-12-31": 224.538, "2018-09-30": 116.172, "2018-06-30": 111.635, "2018-03-31": "34.55600", "2017-12-31": 361.937, "2017-09-30": 54.893, "2017-06-30": 171.807, "2017-03-31": "57.47700", "2016-12-31": 142.178, "2016-09-30": 91.986, "2016-06-30": 80.651, "2016-03-31": "63.82800", "2015-12-31": 140.25, "2015-09-30": 75.771, "2015-06-30": 73.137, "2015-03-31": "53.89500", "2014-12-31": 70.361, "2014-09-30": 85.253, "2014-06-30": 43.323, "2014-03-31": "71.31000", "2013-12-31": 27.482, "2013-09-30": -2096.155, "2013-06-30": 38.285, "2013-03-31": "11.33900", "2012-12-31": 50.316, "2012-09-30": 14.448, "2012-06-30": 9.626, "2012-03-31": "11.55800", "2011-12-31": 39.185, "2011-09-30": 13.462, "2011-06-30": 15.403, "2011-03-31": "6.31900", "2010-12-31": 172.11, "2010-09-30": 77.978, "2010-06-30": 33.708, "2010-03-31": "15.78900", "2009-12-31": 321.735, "2009-09-30": 235.057, "2009-06-30": 110.525, "2009-03-31": "420.47900", "2008-12-31": 634.495, "2008-09-30": 195.934, "2008-06-30": 172.147, "2008-03-31": "676.38700", "2007-12-31": 1119.787, "2007-09-30": 597.139, "2007-06-30": 505.366, "2007-03-31": "160.40800", "2006-12-31": 245.289, "2006-09-30": 80.909, "2006-06-30": 65.483, "2006-03-31": "10.33500", "2005-12-31": 81.322, "2005-09-30": -7.326, "2005-06-30": 1.688, "2005-03-31": "56.72600"}, "Total Non-Cash Items": {"2020-12-31": 79.883, "2020-09-30": 66.745, "2020-06-30": 53.678, "2020-03-31": "75.59900", "2019-12-31": 55.429, "2019-09-30": 60.826, "2019-06-30": 54.874, "2019-03-31": "49.85900", "2018-12-31": 237.25, "2018-09-30": 128.728, "2018-06-30": 123.906, "2018-03-31": "46.44600", "2017-12-31": 374.246, "2017-09-30": 67.559, "2017-06-30": 184.621, "2017-03-31": "70.68600", "2016-12-31": 155.967, "2016-09-30": 105.499, "2016-06-30": 94.243, "2016-03-31": "76.94100", "2015-12-31": 152.753, "2015-09-30": 87.637, "2015-06-30": 83.928, "2015-03-31": "64.95700", "2014-12-31": 81.361, "2014-09-30": 95.213, "2014-06-30": 53.285, "2014-03-31": "80.25200", "2013-12-31": 35.935, "2013-09-30": -2088.105, "2013-06-30": 46.03, "2013-03-31": "18.67800", "2012-12-31": 58.065, "2012-09-30": 21.898, "2012-06-30": 17.061, "2012-03-31": "18.95100", "2011-12-31": 46.654, "2011-09-30": 261.659, "2011-06-30": 23.406, "2011-03-31": "15.28900", "2010-12-31": 182.8401, "2010-09-30": 743.4749, "2010-06-30": 46.553, "2010-03-31": "28.67500", "2009-12-31": 899.629, "2009-09-30": 249.596, "2009-06-30": 122.35, "2009-03-31": "433.45700", "2008-12-31": 656.588, "2008-09-30": 214.647, "2008-06-30": 191.2599, "2008-03-31": "696.10210", "2007-12-31": 1173.944, "2007-09-30": 953.584, "2007-06-30": 526.979, "2007-03-31": "182.06800", "2006-12-31": 270.455, "2006-09-30": 101.431, "2006-06-30": 85.107, "2006-03-31": "28.69800", "2005-12-31": 98.024, "2005-09-30": 8.786, "2005-06-30": 16.653, "2005-03-31": "70.45900"}, "Change In Accounts Receivable": {"2020-12-31": 0, "2020-09-30": 0, "2020-06-30": 0, "2020-03-31": "", "2019-12-31": 0, "2019-09-30": 0, "2019-06-30": 0, "2019-03-31": "", "2018-12-31": 0, "2018-09-30": 0, "2018-06-30": 0, "2018-03-31": "", "2017-12-31": 0, "2017-09-30": 0, "2017-06-30": 0, "2017-03-31": "", "2016-12-31": 0, "2016-09-30": 0, "2016-06-30": 0, "2016-03-31": "", "2015-12-31": 0, "2015-09-30": 0, "2015-06-30": 0, "2015-03-31": "", "2014-12-31": 0, "2014-09-30": 0, "2014-06-30": 0, "2014-03-31": "", "2013-12-31": 0, "2013-09-30": 0, "2013-06-30": 0, "2013-03-31": "", "2012-12-31": 0, "2012-09-30": 0, "2012-06-30": 0, "2012-03-31": "", "2011-12-31": 0, "2011-09-30": 0, "2011-06-30": 0, "2011-03-31": "", "2010-12-31": 0, "2010-09-30": 0, "2010-06-30": 0, "2010-03-31": "", "2009-12-31": 0, "2009-09-30": 0, "2009-06-30": 0, "2009-03-31": "", "2008-12-31": 0, "2008-09-30": 0, "2008-06-30": 0, "2008-03-31": "", "2007-12-31": 0, "2007-09-30": 0, "2007-06-30": 0, "2007-03-31": "", "2006-12-31": 0, "2006-09-30": 0, "2006-06-30": 0, "2006-03-31": "", "2005-12-31": 0, "2005-09-30": 0, "2005-06-30": 0, "2005-03-31": ""}, "Change In Inventories": {"2020-12-31": -81.265, "2020-09-30": -17.513, "2020-06-30": 291.13, "2020-03-31": "-189.36400", "2019-12-31": 189.442, "2019-09-30": -27.663, "2019-06-30": -139.655, "2019-03-31": "-259.86500", "2018-12-31": 213.372, "2018-09-30": 17.628, "2018-06-30": -44.193, "2018-03-31": "-237.16900", "2017-12-31": 188.976, "2017-09-30": -271.613, "2017-06-30": -219.379, "2017-03-31": "-267.01400", "2016-12-31": 203.081, "2016-09-30": -289.756, "2016-06-30": -428.507, "2016-03-31": "-381.91000", "2015-12-31": -82.022, "2015-09-30": -349.6, "2015-06-30": -254.683, "2015-03-31": "-230.99300", "2014-12-31": 46.632, "2014-09-30": -134.71, "2014-06-30": -181.049, "2014-03-31": "-68.81200", "2013-12-31": 176.024, "2013-09-30": 56.12, "2013-06-30": -66.84, "2013-03-31": "99.76000", "2012-12-31": 294.25, "2012-09-30": 88.751, "2012-06-30": 26.253, "2012-03-31": "45.96900", "2011-12-31": 229.122, "2011-09-30": 6.733, "2011-06-30": -170.649, "2011-03-31": "-10.31500", "2010-12-31": 36.868, "2010-09-30": -96.07, "2010-06-30": 130.903, "2010-03-31": "-100.45500", "2009-12-31": 453.497, "2009-09-30": -92.227, "2009-06-30": 78.865, "2009-03-31": "53.89100", "2008-12-31": 547.161, "2008-09-30": 217.098, "2008-06-30": 238.925, "2008-03-31": "111.50200", "2007-12-31": 922.543, "2007-09-30": 219.576, "2007-06-30": -334.872, "2007-03-31": "-184.88800", "2006-12-31": 1196.029, "2006-09-30": -243.991, "2006-06-30": -1013.574, "2006-03-31": "-1090.43600", "2005-12-31": 307.177, "2005-09-30": -697.865, "2005-06-30": -598.997, "2005-03-31": "-709.68800"}, "Change In Accounts Payable": {"2020-12-31": 0, "2020-09-30": 0, "2020-06-30": 0, "2020-03-31": "", "2019-12-31": 0, "2019-09-30": 0, "2019-06-30": 0, "2019-03-31": "", "2018-12-31": 0, "2018-09-30": 0, "2018-06-30": 0, "2018-03-31": "", "2017-12-31": 0, "2017-09-30": 0, "2017-06-30": 0, "2017-03-31": "", "2016-12-31": 0, "2016-09-30": 0, "2016-06-30": 0, "2016-03-31": "", "2015-12-31": 0, "2015-09-30": 0, "2015-06-30": 0, "2015-03-31": "", "2014-12-31": 0, "2014-09-30": 0, "2014-06-30": 0, "2014-03-31": "", "2013-12-31": 0, "2013-09-30": 0, "2013-06-30": 0, "2013-03-31": "", "2012-12-31": 0, "2012-09-30": 0, "2012-06-30": 0, "2012-03-31": "", "2011-12-31": 0, "2011-09-30": 0, "2011-06-30": 0, "2011-03-31": "", "2010-12-31": 0, "2010-09-30": 0, "2010-06-30": 0, "2010-03-31": "", "2009-12-31": 0, "2009-09-30": 0, "2009-06-30": 0, "2009-03-31": "", "2008-12-31": 0, "2008-09-30": 0, "2008-06-30": 0, "2008-03-31": "", "2007-12-31": 0, "2007-09-30": 0, "2007-06-30": 0, "2007-03-31": "", "2006-12-31": 0, "2006-09-30": 0, "2006-06-30": 0, "2006-03-31": "", "2005-12-31": 0, "2005-09-30": 0, "2005-06-30": 0, "2005-03-31": ""}, "Change In Assets/Liabilities": {"2020-12-31": -195.59, "2020-09-30": -17.816, "2020-06-30": -31.212, "2020-03-31": "141.57900", "2019-12-31": -145.888, "2019-09-30": -67.608, "2019-06-30": -50.183, "2019-03-31": "198.75000", "2018-12-31": -155.094, "2018-09-30": -18.662, "2018-06-30": 39.544, "2018-03-31": "175.90100", "2017-12-31": -173.178, "2017-09-30": 7.016, "2017-06-30": -27.723, "2017-03-31": "215.97500", "2016-12-31": -249.399, "2016-09-30": 41.197, "2016-06-30": -63.799, "2016-03-31": "126.75300", "2015-12-31": -204.565, "2015-09-30": -83.737, "2015-06-30": -105.917, "2015-03-31": "114.46000", "2014-12-31": -136.092, "2014-09-30": -12.128, "2014-06-30": -41.048, "2014-03-31": "89.28500", "2013-12-31": 0.013, "2013-09-30": -56.382, "2013-06-30": -31.203, "2013-03-31": "81.21700", "2012-12-31": -25.704, "2012-09-30": -42.426, "2012-06-30": -49.492, "2012-03-31": "84.06500", "2011-12-31": -4.776, "2011-09-30": -10.522, "2011-06-30": 9.057, "2011-03-31": "112.53900", "2010-12-31": 878.648, "2010-09-30": 111.809, "2010-06-30": -97.066, "2010-03-31": "76.69800", "2009-12-31": 134.012, "2009-09-30": 103.567, "2009-06-30": 71.678, "2009-03-31": "173.81000", "2008-12-31": 96.94, "2008-09-30": 98.53, "2008-06-30": 0.722, "2008-03-31": "195.36900", "2007-12-31": 89.492, "2007-09-30": -88.453, "2007-06-30": -3.093, "2007-03-31": "655.45900", "2006-12-31": -247.575, "2006-09-30": -115.982, "2006-06-30": 10.782, "2006-03-31": "618.70700", "2005-12-31": -525.917, "2005-09-30": -149.14, "2005-06-30": -113.765, "2005-03-31": "292.86200"}, "Total Change In Assets/Liabilities": {"2020-12-31": -2.277, "2020-09-30": -22.389, "2020-06-30": 200.959, "2020-03-31": "-74.69500", "2019-12-31": 101.995, "2019-09-30": -56.857, "2019-06-30": -149.113, "2019-03-31": "-57.71100", "2018-12-31": -41.598, "2018-09-30": 49.136, "2018-06-30": -69.427, "2018-03-31": "-48.18400", "2017-12-31": -41.059, "2017-09-30": -168.945, "2017-06-30": -148.848, "2017-03-31": "-122.40100", "2016-12-31": -54.3639, "2016-09-30": -220.369, "2016-06-30": -469.192, "2016-03-31": "-223.15800", "2015-12-31": -473.472, "2015-09-30": -249.2, "2015-06-30": -352.958, "2015-03-31": "-145.32500", "2014-12-31": -192.409, "2014-09-30": -108.205, "2014-06-30": -112.279, "2014-03-31": "-63.67500", "2013-12-31": 70.198, "2013-09-30": 26.106, "2013-06-30": -18.002, "2013-03-31": "170.18000", "2012-12-31": 222.101, "2012-09-30": 71.161, "2012-06-30": 37.353, "2012-03-31": "107.40500", "2011-12-31": 116.77, "2011-09-30": -73, "2011-06-30": -137.707, "2011-03-31": "-25.40400", "2010-12-31": -223.874, "2010-09-30": 200.16, "2010-06-30": 49.6441, "2010-03-31": "661.37990", "2009-12-31": -383.888, "2009-09-30": 42.352, "2009-06-30": 176.311, "2009-03-31": "372.11500", "2008-12-31": 138.6559, "2008-09-30": 339.7091, "2008-06-30": 236.65, "2008-03-31": "219.89300", "2007-12-31": 594.3041, "2007-09-30": 151.726, "2007-06-30": -214.334, "2007-03-31": "105.73900", "2006-12-31": 737.14, "2006-09-30": -504.901, "2006-06-30": -985.05, "2006-03-31": "-687.87700", "2005-12-31": -154.581, "2005-09-30": -562.5499, "2005-06-30": -399.0351, "2005-03-31": "-550.96500"}, "Cash Flow From Operating Activities": {"2020-12-31": 515.717, "2020-09-30": 460.753, "2020-06-30": 603.257, "2020-03-31": "204.61500", "2019-12-31": 493.222, "2019-09-30": 277.073, "2019-06-30": 146.802, "2019-03-31": "158.90500", "2018-12-31": 433.3, "2018-09-30": 467.398, "2018-06-30": 378.569, "2018-03-31": "169.01300", "2017-12-31": 410.601, "2017-09-30": 76.153, "2017-06-30": 136.523, "2017-03-31": "39.80300", "2016-12-31": 374.776, "2016-09-30": 13.6, "2016-06-30": -257.189, "2016-03-31": "-62.91700", "2015-12-31": -92.691, "2015-09-30": -53.796, "2015-06-30": -165.706, "2015-03-31": "-25.39700", "2014-12-31": 106.046, "2014-09-30": 127.553, "2014-06-30": -17.114, "2014-03-31": "91.39600", "2013-12-31": 326.186, "2013-09-30": 219.885, "2013-06-30": 64.445, "2013-03-31": "270.62000", "2012-12-31": 338.908, "2012-09-30": 209.692, "2012-06-30": 96.85, "2012-03-31": "114.69000", "2011-12-31": 177.245, "2011-09-30": 59.361, "2011-06-30": -169.686, "2011-03-31": "-49.64100", "2010-12-31": -206.462, "2010-09-30": -51.481, "2010-06-30": 172.5, "2010-03-31": "677.56700", "2009-12-31": 398.844, "2009-09-30": -69.439, "2009-06-30": 109.196, "2009-03-31": "290.75400", "2008-12-31": 457.079, "2008-09-30": 273.969, "2008-06-30": 269.493, "2008-03-31": "219.85100", "2007-12-31": 893.587, "2007-09-30": 317.439, "2007-06-30": -194.906, "2007-03-31": "202.13500", "2006-12-31": 999.183, "2006-09-30": -213.251, "2006-06-30": -656.924, "2006-03-31": "-396.53400", "2005-12-31": 517.982, "2005-09-30": -158.343, "2005-06-30": -78.671, "2005-03-31": "-262.26400"}, "Net Change In Property, Plant, And Equipment": {"2020-12-31": -11.429, "2020-09-30": -10.179, "2020-06-30": -16.607, "2020-03-31": "-20.13900", "2019-12-31": -14.957, "2019-09-30": -13.587, "2019-06-30": -13.505, "2019-03-31": "-16.07000", "2018-12-31": -12.51, "2018-09-30": -13.47, "2018-06-30": -17.631, "2018-03-31": "-15.42800", "2017-12-31": -8.503, "2017-09-30": -6.656, "2017-06-30": -6.896, "2017-03-31": "-9.99600", "2016-12-31": -8.744, "2016-09-30": -9.507, "2016-06-30": -11.584, "2016-03-31": "-9.46000", "2015-12-31": -11.391, "2015-09-30": -10.934, "2015-06-30": -8.598, "2015-03-31": "-14.51700", "2014-12-31": -6.902, "2014-09-30": -8.965, "2014-06-30": -15.081, "2014-03-31": "-17.84200", "2013-12-31": -10.554, "2013-09-30": -7.337, "2013-06-30": -5.689, "2013-03-31": "-5.31900", "2012-12-31": -0.464, "2012-09-30": -3.522, "2012-06-30": -3.087, "2012-03-31": "0.71700", "2011-12-31": -4.97, "2011-09-30": -4.043, "2011-06-30": 2.017, "2011-03-31": "-3.68700", "2010-12-31": -2.992, "2010-09-30": -2.777, "2010-06-30": -4.781, "2010-03-31": "-2.84900", "2009-12-31": -13.29, "2009-09-30": -2.703, "2009-06-30": -2.03, "2009-03-31": "-19.17800", "2008-12-31": -3.96, "2008-09-30": -2.667, "2008-06-30": -4.473, "2008-03-31": "-2.46400", "2007-12-31": -5.639, "2007-09-30": -17.269, "2007-06-30": -13.55, "2007-03-31": "-13.89100", "2006-12-31": -8.04, "2006-09-30": -17.639, "2006-06-30": -38.873, "2006-03-31": "-14.98600", "2005-12-31": -25.481, "2005-09-30": -23.133, "2005-06-30": -16.327, "2005-03-31": "-18.08800"}, "Net Change In Intangible Assets": {"2020-12-31": 0, "2020-09-30": 0, "2020-06-30": 0, "2020-03-31": "", "2019-12-31": 0, "2019-09-30": 0, "2019-06-30": 0, "2019-03-31": "", "2018-12-31": 0, "2018-09-30": 0, "2018-06-30": 0, "2018-03-31": "", "2017-12-31": 0, "2017-09-30": 0, "2017-06-30": 0, "2017-03-31": "", "2016-12-31": 0, "2016-09-30": 0, "2016-06-30": 0, "2016-03-31": "", "2015-12-31": 0, "2015-09-30": 0, "2015-06-30": 0, "2015-03-31": "", "2014-12-31": 0, "2014-09-30": 0, "2014-06-30": 0, "2014-03-31": "", "2013-12-31": 0, "2013-09-30": 0, "2013-06-30": 0, "2013-03-31": "", "2012-12-31": 0, "2012-09-30": 0, "2012-06-30": 0, "2012-03-31": "", "2011-12-31": 0, "2011-09-30": 0, "2011-06-30": 0, "2011-03-31": "", "2010-12-31": 0, "2010-09-30": 0, "2010-06-30": 0, "2010-03-31": "", "2009-12-31": 0, "2009-09-30": 0, "2009-06-30": 0, "2009-03-31": "", "2008-12-31": 0, "2008-09-30": 0, "2008-06-30": 0, "2008-03-31": "", "2007-12-31": 0, "2007-09-30": 0, "2007-06-30": 0, "2007-03-31": "", "2006-12-31": 0, "2006-09-30": 0, "2006-06-30": 0, "2006-03-31": "", "2005-12-31": 0, "2005-09-30": 0, "2005-06-30": 0, "2005-03-31": ""}, "Net Acquisitions/Divestitures": {"2020-12-31": 0, "2020-09-30": 0.005, "2020-06-30": -0.056, "2020-03-31": "-83.20000", "2019-12-31": 0, "2019-09-30": 0, "2019-06-30": -163.724, "2019-03-31": "", "2018-12-31": 0, "2018-09-30": 0, "2018-06-30": 0, "2018-03-31": "", "2017-12-31": 0, "2017-09-30": 0, "2017-06-30": 0, "2017-03-31": "", "2016-12-31": 0, "2016-09-30": -0.433, "2016-06-30": -0.014, "2016-03-31": "-430.01100", "2015-12-31": 0, "2015-09-30": 0, "2015-06-30": 0, "2015-03-31": "", "2014-12-31": -4.95, "2014-09-30": -77.469, "2014-06-30": 0, "2014-03-31": "", "2013-12-31": 0, "2013-09-30": 0, "2013-06-30": 0, "2013-03-31": "", "2012-12-31": 0, "2012-09-30": 0, "2012-06-30": 0, "2012-03-31": "", "2011-12-31": 0, "2011-09-30": 0, "2011-06-30": 0, "2011-03-31": "", "2010-12-31": 0, "2010-09-30": 0, "2010-06-30": 0, "2010-03-31": "", "2009-12-31": 0, "2009-09-30": 1748.742, "2009-06-30": 0, "2009-03-31": "", "2008-12-31": 0, "2008-09-30": 0, "2008-06-30": 0, "2008-03-31": "", "2007-12-31": 0, "2007-09-30": 0, "2007-06-30": 0, "2007-03-31": "", "2006-12-31": 49.216, "2006-09-30": 0, "2006-06-30": 0, "2006-03-31": "", "2005-12-31": 142.866, "2005-09-30": -3, "2005-06-30": 0, "2005-03-31": "3.00000"}, "Net Change In Short-term Investments": {"2020-12-31": 0, "2020-09-30": 0, "2020-06-30": 0, "2020-03-31": "", "2019-12-31": 0, "2019-09-30": 0, "2019-06-30": 0, "2019-03-31": "", "2018-12-31": 0, "2018-09-30": 0, "2018-06-30": 0, "2018-03-31": "", "2017-12-31": 0, "2017-09-30": 0, "2017-06-30": 0, "2017-03-31": "", "2016-12-31": 0, "2016-09-30": 0, "2016-06-30": 0, "2016-03-31": "", "2015-12-31": 0, "2015-09-30": 0, "2015-06-30": 0, "2015-03-31": "", "2014-12-31": 0, "2014-09-30": 0, "2014-06-30": 0, "2014-03-31": "", "2013-12-31": 0, "2013-09-30": 0, "2013-06-30": 0, "2013-03-31": "", "2012-12-31": 0, "2012-09-30": 0, "2012-06-30": 0, "2012-03-31": "", "2011-12-31": 0, "2011-09-30": 0, "2011-06-30": 0, "2011-03-31": "", "2010-12-31": 0, "2010-09-30": 0, "2010-06-30": 0, "2010-03-31": "", "2009-12-31": 0, "2009-09-30": 0, "2009-06-30": 0, "2009-03-31": "", "2008-12-31": 0, "2008-09-30": 0, "2008-06-30": 0, "2008-03-31": "", "2007-12-31": 0, "2007-09-30": 0, "2007-06-30": 0, "2007-03-31": "", "2006-12-31": 0, "2006-09-30": 0, "2006-06-30": 0, "2006-03-31": "", "2005-12-31": 0, "2005-09-30": 0, "2005-06-30": 0, "2005-03-31": ""}, "Net Change In Long-Term Investments": {"2020-12-31": -0.09, "2020-09-30": -13.618, "2020-06-30": 7.118, "2020-03-31": "5.83700", "2019-12-31": -1, "2019-09-30": -3.851, "2019-06-30": -3.375, "2019-03-31": "-1.28900", "2018-12-31": 0, "2018-09-30": 0, "2018-06-30": 0, "2018-03-31": "-1.00000", "2017-12-31": -1.03, "2017-09-30": -4.175, "2017-06-30": -3.03, "2017-03-31": "-14.80200", "2016-12-31": -0.49, "2016-09-30": -0.28, "2016-06-30": -0.235, "2016-03-31": "-13.53400", "2015-12-31": -0.454, "2015-09-30": 0, "2015-06-30": 0, "2015-03-31": "", "2014-12-31": -0.009, "2014-09-30": 6.8, "2014-06-30": -0.401, "2014-03-31": "-6.39900", "2013-12-31": -11.444, "2013-09-30": -0.032, "2013-06-30": -0.206, "2013-03-31": "-0.58300", "2012-12-31": -15.09, "2012-09-30": -0.299, "2012-06-30": -0.475, "2012-03-31": "0.24400", "2011-12-31": -0.978, "2011-09-30": -0.635, "2011-06-30": -0.952, "2011-03-31": "-1.71300", "2010-12-31": 2.481, "2010-09-30": 7.382, "2010-06-30": -19.496, "2010-03-31": "-0.65400", "2009-12-31": -10.417, "2009-09-30": -5.317, "2009-06-30": -2.284, "2009-03-31": "-8.32400", "2008-12-31": -1.688, "2008-09-30": -10.166, "2008-06-30": -30.193, "2008-03-31": "-7.11000", "2007-12-31": -75.663, "2007-09-30": -60.638, "2007-06-30": -13.285, "2007-03-31": "-81.68300", "2006-12-31": -54.399, "2006-09-30": -32.302, "2006-06-30": -7.237, "2006-03-31": "35.70900", "2005-12-31": -31.03, "2005-09-30": -47.22, "2005-06-30": -8.064, "2005-03-31": "-75.61200"}, "Net Change In Investments - Total": {"2020-12-31": -0.09, "2020-09-30": -13.618, "2020-06-30": 7.118, "2020-03-31": "5.83700", "2019-12-31": -1, "2019-09-30": -3.851, "2019-06-30": -3.375, "2019-03-31": "-1.28900", "2018-12-31": 0, "2018-09-30": 0, "2018-06-30": 0, "2018-03-31": "-1.00000", "2017-12-31": -1.03, "2017-09-30": -4.175, "2017-06-30": -3.03, "2017-03-31": "-14.80200", "2016-12-31": -0.49, "2016-09-30": -0.28, "2016-06-30": -0.235, "2016-03-31": "-13.53400", "2015-12-31": -0.454, "2015-09-30": 0, "2015-06-30": 0, "2015-03-31": "", "2014-12-31": -0.009, "2014-09-30": 6.8, "2014-06-30": -0.401, "2014-03-31": "-6.39900", "2013-12-31": -11.444, "2013-09-30": -0.032, "2013-06-30": -0.206, "2013-03-31": "-0.58300", "2012-12-31": -15.09, "2012-09-30": -0.299, "2012-06-30": -0.475, "2012-03-31": "0.24400", "2011-12-31": -0.978, "2011-09-30": -0.635, "2011-06-30": -0.952, "2011-03-31": "-1.71300", "2010-12-31": 2.481, "2010-09-30": 7.382, "2010-06-30": -19.496, "2010-03-31": "-0.65400", "2009-12-31": -10.417, "2009-09-30": -5.317, "2009-06-30": -2.284, "2009-03-31": "-8.32400", "2008-12-31": -1.688, "2008-09-30": -10.166, "2008-06-30": -30.193, "2008-03-31": "-7.11000", "2007-12-31": -75.663, "2007-09-30": -60.638, "2007-06-30": -13.285, "2007-03-31": "-81.68300", "2006-12-31": -54.399, "2006-09-30": -32.302, "2006-06-30": -7.237, "2006-03-31": "35.70900", "2005-12-31": -31.03, "2005-09-30": -47.22, "2005-06-30": -8.064, "2005-03-31": "-75.61200"}, "Investing Activities - Other": {"2020-12-31": 12.751, "2020-09-30": 20.063, "2020-06-30": -0.109, "2020-03-31": "1.70600", "2019-12-31": 1.663, "2019-09-30": 0.417, "2019-06-30": 4.301, "2019-03-31": "0.29100", "2018-12-31": 4.019, "2018-09-30": 8.63, "2018-06-30": 6.463, "2018-03-31": "0.45200", "2017-12-31": -0.942, "2017-09-30": 2.645, "2017-06-30": 1.72, "2017-03-31": "1.42300", "2016-12-31": 7.627, "2016-09-30": 0, "2016-06-30": 4.22, "2016-03-31": "1.25300", "2015-12-31": -2.339, "2015-09-30": -0.981, "2015-06-30": 10.018, "2015-03-31": "4.63200", "2014-12-31": -41.156, "2014-09-30": 70.35, "2014-06-30": -24.983, "2014-03-31": "4.39400", "2013-12-31": -5.888, "2013-09-30": -3.347, "2013-06-30": -0.291, "2013-03-31": "4.71300", "2012-12-31": 2.89, "2012-09-30": 9.816, "2012-06-30": 7.038, "2012-03-31": "11.93800", "2011-12-31": 6.329, "2011-09-30": 15.087, "2011-06-30": 8.562, "2011-03-31": "-108.64600", "2010-12-31": 0.338, "2010-09-30": 0.2, "2010-06-30": 0.851, "2010-03-31": "2.84200", "2009-12-31": 5.219, "2009-09-30": 3.159, "2009-06-30": 0.234, "2009-03-31": "", "2008-12-31": 0.739, "2008-09-30": 4.332, "2008-06-30": 0.887, "2008-03-31": "0.81900", "2007-12-31": 31.13, "2007-09-30": 0.233, "2007-06-30": 26.939, "2007-03-31": "1.89900", "2006-12-31": 29.983, "2006-09-30": 6.125, "2006-06-30": 29.611, "2006-03-31": "-64.05400", "2005-12-31": -27.148, "2005-09-30": 11.946, "2005-06-30": 73.726, "2005-03-31": "18.28200"}, "Cash Flow From Investing Activities": {"2020-12-31": 1.232, "2020-09-30": -3.729, "2020-06-30": -9.654, "2020-03-31": "-95.79600", "2019-12-31": -14.294, "2019-09-30": -17.021, "2019-06-30": -176.303, "2019-03-31": "-17.06800", "2018-12-31": -8.491, "2018-09-30": -4.84, "2018-06-30": -11.168, "2018-03-31": "-15.97600", "2017-12-31": -10.475, "2017-09-30": -8.186, "2017-06-30": -8.206, "2017-03-31": "-23.37500", "2016-12-31": -1.607, "2016-09-30": -10.22, "2016-06-30": -7.613, "2016-03-31": "-451.75200", "2015-12-31": -14.184, "2015-09-30": -11.915, "2015-06-30": 1.42, "2015-03-31": "-9.88500", "2014-12-31": -53.017, "2014-09-30": -9.284, "2014-06-30": -40.465, "2014-03-31": "-19.84700", "2013-12-31": -27.886, "2013-09-30": -10.716, "2013-06-30": -6.186, "2013-03-31": "-1.18900", "2012-12-31": -12.664, "2012-09-30": 5.995, "2012-06-30": 3.476, "2012-03-31": "12.89900", "2011-12-31": 0.381, "2011-09-30": 10.409, "2011-06-30": 9.627, "2011-03-31": "-114.04600", "2010-12-31": -0.173, "2010-09-30": 4.805, "2010-06-30": -23.426, "2010-03-31": "-0.66100", "2009-12-31": -18.488, "2009-09-30": 1743.881, "2009-06-30": -4.08, "2009-03-31": "-27.50200", "2008-12-31": -4.909, "2008-09-30": -8.501, "2008-06-30": -33.779, "2008-03-31": "-8.75500", "2007-12-31": -50.172, "2007-09-30": -77.674, "2007-06-30": 0.104, "2007-03-31": "-93.67500", "2006-12-31": 16.76, "2006-09-30": -43.816, "2006-06-30": -16.499, "2006-03-31": "-43.33100", "2005-12-31": 59.207, "2005-09-30": -61.407, "2005-06-30": 49.335, "2005-03-31": "-72.41800"}, "Net Long-Term Debt": {"2020-12-31": 108.501, "2020-09-30": -8.2, "2020-06-30": -14.502, "2020-03-31": "-65.81800", "2019-12-31": 64.637, "2019-09-30": 15.066, "2019-06-30": -281.651, "2019-03-31": "-129.87800", "2018-12-31": 97.558, "2018-09-30": -13.533, "2018-06-30": -64.89, "2018-03-31": "-191.30300", "2017-12-31": 64.234, "2017-09-30": 87.273, "2017-06-30": 12.236, "2017-03-31": "-192.30700", "2016-12-31": 171.618, "2016-09-30": 478.354, "2016-06-30": -418.82, "2016-03-31": "841.61000", "2015-12-31": 159.696, "2015-09-30": 485.798, "2015-06-30": -186.286, "2015-03-31": "-72.67800", "2014-12-31": 68.647, "2014-09-30": 2.59, "2014-06-30": 32.55, "2014-03-31": "-319.84100", "2013-12-31": -12.041, "2013-09-30": 30.962, "2013-06-30": -449.502, "2013-03-31": "-82.37700", "2012-12-31": -490.512, "2012-09-30": 10.107, "2012-06-30": -1.52, "2012-03-31": "1.92000", "2011-12-31": -252.782, "2011-09-30": 0.48, "2011-06-30": -55.519, "2011-03-31": "-13.31200", "2010-12-31": -934.502, "2010-09-30": -75.353, "2010-06-30": 15.424, "2010-03-31": "40.12000", "2009-12-31": -46.2, "2009-09-30": -1789.933, "2009-06-30": -217.176, "2009-03-31": "-171.06200", "2008-12-31": 46.07, "2008-09-30": -70.1, "2008-06-30": -309.336, "2008-03-31": "-186.76500", "2007-12-31": 151.926, "2007-09-30": -54.1, "2007-06-30": -13.054, "2007-03-31": "-533.55500", "2006-12-31": 201.064, "2006-09-30": 134.377, "2006-06-30": 126.08, "2006-03-31": "-409.57200", "2005-12-31": 322.39, "2005-09-30": 13.151, "2005-06-30": 134.512, "2005-03-31": "375.89100"}, "Net Current Debt": {"2020-12-31": 0, "2020-09-30": 0, "2020-06-30": -700, "2020-03-31": "700.00000", "2019-12-31": 0, "2019-09-30": 0, "2019-06-30": 0, "2019-03-31": "", "2018-12-31": 0, "2018-09-30": 0, "2018-06-30": 0, "2018-03-31": "", "2017-12-31": -83, "2017-09-30": 83, "2017-06-30": 0, "2017-03-31": "", "2016-12-31": 0, "2016-09-30": 0, "2016-06-30": 0, "2016-03-31": "", "2015-12-31": 0, "2015-09-30": 0, "2015-06-30": 0, "2015-03-31": "", "2014-12-31": 0, "2014-09-30": 0, "2014-06-30": 0, "2014-03-31": "", "2013-12-31": 0, "2013-09-30": 0, "2013-06-30": 0, "2013-03-31": "", "2012-12-31": 0, "2012-09-30": 0, "2012-06-30": 0, "2012-03-31": "", "2011-12-31": 0, "2011-09-30": 0, "2011-06-30": 0, "2011-03-31": "", "2010-12-31": 0, "2010-09-30": 0, "2010-06-30": 0, "2010-03-31": "", "2009-12-31": 0, "2009-09-30": 0, "2009-06-30": 0, "2009-03-31": "", "2008-12-31": 0, "2008-09-30": 0, "2008-06-30": 0, "2008-03-31": "", "2007-12-31": -25, "2007-09-30": -148, "2007-06-30": 173, "2007-03-31": "", "2006-12-31": -754.3, "2006-09-30": 139.8, "2006-06-30": 590, "2006-03-31": "24.50000", "2005-12-31": 0, "2005-09-30": 0, "2005-06-30": 0, "2005-03-31": ""}, "Debt Issuance/Retirement Net - Total": {"2020-12-31": 108.501, "2020-09-30": -8.2, "2020-06-30": -714.502, "2020-03-31": "634.18200", "2019-12-31": 64.637, "2019-09-30": 15.066, "2019-06-30": -281.651, "2019-03-31": "-129.87800", "2018-12-31": 97.558, "2018-09-30": -13.533, "2018-06-30": -64.89, "2018-03-31": "-191.30300", "2017-12-31": -18.766, "2017-09-30": 170.273, "2017-06-30": 12.236, "2017-03-31": "-192.30700", "2016-12-31": 171.618, "2016-09-30": 478.354, "2016-06-30": -418.82, "2016-03-31": "841.61000", "2015-12-31": 159.696, "2015-09-30": 485.798, "2015-06-30": -186.286, "2015-03-31": "-72.67800", "2014-12-31": 68.647, "2014-09-30": 2.59, "2014-06-30": 32.55, "2014-03-31": "-319.84100", "2013-12-31": -12.041, "2013-09-30": 30.962, "2013-06-30": -449.502, "2013-03-31": "-82.37700", "2012-12-31": -490.512, "2012-09-30": 10.107, "2012-06-30": -1.52, "2012-03-31": "1.92000", "2011-12-31": -252.782, "2011-09-30": 0.48, "2011-06-30": -55.519, "2011-03-31": "-13.31200", "2010-12-31": -934.502, "2010-09-30": -75.353, "2010-06-30": 15.424, "2010-03-31": "40.12000", "2009-12-31": -46.2, "2009-09-30": -1789.933, "2009-06-30": -217.176, "2009-03-31": "-171.06200", "2008-12-31": 46.07, "2008-09-30": -70.1, "2008-06-30": -309.336, "2008-03-31": "-186.76500", "2007-12-31": 126.926, "2007-09-30": -202.1, "2007-06-30": 159.946, "2007-03-31": "-533.55500", "2006-12-31": -553.236, "2006-09-30": 274.177, "2006-06-30": 716.08, "2006-03-31": "-385.07200", "2005-12-31": 322.39, "2005-09-30": 13.151, "2005-06-30": 134.512, "2005-03-31": "375.89100"}, "Net Common Equity Issued/Repurchased": {"2020-12-31": -75, "2020-09-30": 0.012, "2020-06-30": 0.049, "2020-03-31": "-95.62600", "2019-12-31": -29.914, "2019-09-30": -134.757, "2019-06-30": -79.709, "2019-03-31": "-23.55400", "2018-12-31": -121.413, "2018-09-30": -58.574, "2018-06-30": -51.256, "2018-03-31": "-56.76800", "2017-12-31": -239.564, "2017-09-30": -253.194, "2017-06-30": -295.449, "2017-03-31": "-94.40400", "2016-12-31": -252.36, "2016-09-30": -244.937, "2016-06-30": -47.371, "2016-03-31": "-52.69300", "2015-12-31": 0.164, "2015-09-30": -117.523, "2015-06-30": -213.485, "2015-03-31": "-101.35900", "2014-12-31": -88.286, "2014-09-30": -51.184, "2014-06-30": -53.112, "2014-03-31": "-44.81000", "2013-12-31": -36.859, "2013-09-30": -83.488, "2013-06-30": 10.987, "2013-03-31": "1.11000", "2012-12-31": 5.377, "2012-09-30": 27.379, "2012-06-30": -0.063, "2012-03-31": "-0.84500", "2011-12-31": -0.815, "2011-09-30": -0.065, "2011-06-30": -0.987, "2011-03-31": "-0.96900", "2010-12-31": -0.908, "2010-09-30": -1.315, "2010-06-30": 0.476, "2010-03-31": "6.39200", "2009-12-31": 1.248, "2009-09-30": -2.836, "2009-06-30": 0.069, "2009-03-31": "-1.08300", "2008-12-31": 1.44, "2008-09-30": 0.876, "2008-06-30": 0.136, "2008-03-31": "-3.16900", "2007-12-31": 0.962, "2007-09-30": 0.148, "2007-06-30": 2.827, "2007-03-31": "-2.32000", "2006-12-31": 0.727, "2006-09-30": -18.51, "2006-06-30": -48.79, "2006-03-31": "-47.37200", "2005-12-31": -96.758, "2005-09-30": -17.292, "2005-06-30": -1.624, "2005-03-31": "3.67600"}, "Net Total Equity Issued/Repurchased": {"2020-12-31": -75, "2020-09-30": 0.012, "2020-06-30": 0.049, "2020-03-31": "-95.62600", "2019-12-31": -29.914, "2019-09-30": -134.757, "2019-06-30": -79.709, "2019-03-31": "-23.55400", "2018-12-31": -121.413, "2018-09-30": -58.574, "2018-06-30": -51.256, "2018-03-31": "-56.76800", "2017-12-31": -239.564, "2017-09-30": -253.194, "2017-06-30": -295.449, "2017-03-31": "-94.40400", "2016-12-31": -252.36, "2016-09-30": -244.937, "2016-06-30": -47.371, "2016-03-31": "-52.69300", "2015-12-31": 0.164, "2015-09-30": -117.523, "2015-06-30": -213.485, "2015-03-31": "-101.35900", "2014-12-31": -88.286, "2014-09-30": -51.184, "2014-06-30": -53.112, "2014-03-31": "-44.81000", "2013-12-31": -36.859, "2013-09-30": -83.488, "2013-06-30": 10.987, "2013-03-31": "1.11000", "2012-12-31": 5.377, "2012-09-30": 27.379, "2012-06-30": -0.063, "2012-03-31": "-0.84500", "2011-12-31": -0.815, "2011-09-30": -0.065, "2011-06-30": -0.987, "2011-03-31": "-0.96900", "2010-12-31": -0.908, "2010-09-30": -1.315, "2010-06-30": 0.476, "2010-03-31": "6.39200", "2009-12-31": 1.248, "2009-09-30": -2.836, "2009-06-30": 0.069, "2009-03-31": "-1.08300", "2008-12-31": 1.44, "2008-09-30": 0.876, "2008-06-30": 0.136, "2008-03-31": "-3.16900", "2007-12-31": 0.962, "2007-09-30": 0.148, "2007-06-30": 2.827, "2007-03-31": "-2.32000", "2006-12-31": 0.727, "2006-09-30": -18.51, "2006-06-30": -48.79, "2006-03-31": "-47.37200", "2005-12-31": -96.758, "2005-09-30": -17.292, "2005-06-30": -1.624, "2005-03-31": "3.67600"}, "Total Common And Preferred Stock Dividends Paid": {"2020-12-31": -32.423, "2020-09-30": -32.424, "2020-06-30": -32.592, "2020-03-31": "-32.74000", "2019-12-31": -30.115, "2019-09-30": -30.615, "2019-06-30": -30.818, "2019-03-31": "-30.80200", "2018-12-31": -25.736, "2018-09-30": -25.9, "2018-06-30": -26.037, "2018-03-31": "-26.34700", "2017-12-31": -26.73, "2017-09-30": -27.804, "2017-06-30": -29.112, "2017-03-31": "-29.10200", "2016-12-31": -30.368, "2016-09-30": -31.279, "2016-06-30": -31.451, "2016-03-31": "-31.56800", "2015-12-31": -28.061, "2015-09-30": -28.772, "2015-06-30": -29.509, "2015-03-31": "-29.61600", "2014-12-31": -18.702, "2014-09-30": -18.792, "2014-06-30": -19.087, "2014-03-31": "-19.06500", "2013-12-31": -19.065, "2013-09-30": -19.317, "2013-06-30": 0, "2013-03-31": "", "2012-12-31": 0, "2012-09-30": 0, "2012-06-30": 0, "2012-03-31": "", "2011-12-31": 0, "2011-09-30": 0, "2011-06-30": 0, "2011-03-31": "", "2010-12-31": 0, "2010-09-30": 0, "2010-06-30": 0, "2010-03-31": "", "2009-12-31": 0, "2009-09-30": 0, "2009-06-30": 0, "2009-03-31": "", "2008-12-31": -10.268, "2008-09-30": -10.293, "2008-06-30": -10.263, "2008-03-31": "-10.29500", "2007-12-31": -10.285, "2007-09-30": -10.238, "2007-06-30": -10.234, "2007-03-31": "-10.24000", "2006-12-31": -10.19, "2006-09-30": -10.195, "2006-06-30": -10.223, "2006-03-31": "-10.27100", "2005-12-31": -10.129, "2005-09-30": -10.458, "2005-06-30": -6.545, "2005-03-31": "-6.41800"}, "Financial Activities - Other": {"2020-12-31": 0, "2020-09-30": 0, "2020-06-30": -0.015, "2020-03-31": "-14.83800", "2019-12-31": -0.724, "2019-09-30": -0.376, "2019-06-30": 0, "2019-03-31": "-10.35000", "2018-12-31": -0.53, "2018-09-30": -7.454, "2018-06-30": -8.09, "2018-03-31": "", "2017-12-31": -5.995, "2017-09-30": 0, "2017-06-30": 0, "2017-03-31": "", "2016-12-31": 0, "2016-09-30": 0, "2016-06-30": 0, "2016-03-31": "", "2015-12-31": 0, "2015-09-30": 0, "2015-06-30": 0, "2015-03-31": "", "2014-12-31": 0, "2014-09-30": 0, "2014-06-30": 0, "2014-03-31": "", "2013-12-31": 0, "2013-09-30": 0, "2013-06-30": 0, "2013-03-31": "", "2012-12-31": 0, "2012-09-30": 0, "2012-06-30": 0, "2012-03-31": "", "2011-12-31": 0, "2011-09-30": 0, "2011-06-30": 0, "2011-03-31": "", "2010-12-31": 0, "2010-09-30": 0, "2010-06-30": 0, "2010-03-31": "", "2009-12-31": -3.058, "2009-09-30": 0, "2009-06-30": 0, "2009-03-31": "", "2008-12-31": -5.687, "2008-09-30": 0, "2008-06-30": 0, "2008-03-31": "", "2007-12-31": -2.474, "2007-09-30": -0.417, "2007-06-30": -0.033, "2007-03-31": "3.44700", "2006-12-31": 4.025, "2006-09-30": 0.877, "2006-06-30": 0.398, "2006-03-31": "1.39600", "2005-12-31": 0, "2005-09-30": 0, "2005-06-30": 0, "2005-03-31": ""}, "Cash Flow From Financial Activities": {"2020-12-31": 1.078, "2020-09-30": -40.612, "2020-06-30": -747.06, "2020-03-31": "490.97800", "2019-12-31": 3.884, "2019-09-30": -150.682, "2019-06-30": -392.178, "2019-03-31": "-194.58400", "2018-12-31": -50.121, "2018-09-30": -105.461, "2018-06-30": -150.273, "2018-03-31": "-274.41800", "2017-12-31": -291.055, "2017-09-30": -110.725, "2017-06-30": -312.325, "2017-03-31": "-315.81300", "2016-12-31": -111.11, "2016-09-30": 202.138, "2016-06-30": -497.642, "2016-03-31": "757.34900", "2015-12-31": 131.799, "2015-09-30": 339.503, "2015-06-30": -429.28, "2015-03-31": "-203.65300", "2014-12-31": -38.341, "2014-09-30": -67.386, "2014-06-30": -39.649, "2014-03-31": "-383.71600", "2013-12-31": -67.965, "2013-09-30": -71.843, "2013-06-30": -438.515, "2013-03-31": "-81.26700", "2012-12-31": -485.135, "2012-09-30": 37.486, "2012-06-30": -1.583, "2012-03-31": "1.07500", "2011-12-31": -253.597, "2011-09-30": 0.415, "2011-06-30": -56.506, "2011-03-31": "-14.28100", "2010-12-31": -935.41, "2010-09-30": -76.668, "2010-06-30": 15.9, "2010-03-31": "46.51200", "2009-12-31": -48.01, "2009-09-30": -1792.769, "2009-06-30": -217.107, "2009-03-31": "-172.14500", "2008-12-31": 31.555, "2008-09-30": -79.517, "2008-06-30": -319.463, "2008-03-31": "-200.22900", "2007-12-31": 115.129, "2007-09-30": -212.607, "2007-06-30": 152.506, "2007-03-31": "-542.66800", "2006-12-31": -558.674, "2006-09-30": 246.349, "2006-06-30": 657.465, "2006-03-31": "-441.31900", "2005-12-31": 215.503, "2005-09-30": -14.599, "2005-06-30": 126.343, "2005-03-31": "373.14900"}, "Net Cash Flow": {"2020-12-31": 518.027, "2020-09-30": 416.412, "2020-06-30": -153.457, "2020-03-31": "599.79700", "2019-12-31": 482.812, "2019-09-30": 109.37, "2019-06-30": -421.679, "2019-03-31": "-52.74700", "2018-12-31": 374.688, "2018-09-30": 357.097, "2018-06-30": 217.128, "2018-03-31": "-121.38100", "2017-12-31": 109.071, "2017-09-30": -42.758, "2017-06-30": -184.008, "2017-03-31": "-299.38500", "2016-12-31": 262.059, "2016-09-30": 205.518, "2016-06-30": -762.444, "2016-03-31": "242.68000", "2015-12-31": 24.924, "2015-09-30": 273.792, "2015-06-30": -593.566, "2015-03-31": "-238.93500", "2014-12-31": 14.688, "2014-09-30": 50.883, "2014-06-30": -97.228, "2014-03-31": "-312.16700", "2013-12-31": 230.335, "2013-09-30": 137.326, "2013-06-30": -380.256, "2013-03-31": "188.16400", "2012-12-31": -158.891, "2012-09-30": 253.173, "2012-06-30": 98.743, "2012-03-31": "128.66400", "2011-12-31": -75.971, "2011-09-30": 70.185, "2011-06-30": -216.565, "2011-03-31": "-177.96800", "2010-12-31": -1142.045, "2010-09-30": -123.344, "2010-06-30": 164.974, "2010-03-31": "723.41800", "2009-12-31": 331.776, "2009-09-30": -119.417, "2009-06-30": -109.756, "2009-03-31": "90.53200", "2008-12-31": 481.372, "2008-09-30": 185.547, "2008-06-30": -82.82, "2008-03-31": "10.85400", "2007-12-31": 958.525, "2007-09-30": 27.134, "2007-06-30": -42.296, "2007-03-31": "-434.34400", "2006-12-31": 456.659, "2006-09-30": -9.826, "2006-06-30": -16.554, "2006-03-31": "-881.25500", "2005-12-31": 792.831, "2005-09-30": -234.365, "2005-06-30": 97.15, "2005-03-31": "38.53400"}, "Stock-Based Compensation": {"2020-12-31": 7.833, "2020-09-30": 8.328, "2020-06-30": 5.203, "2020-03-31": "11.47900", "2019-12-31": 6.979, "2019-09-30": 4.085, "2019-06-30": 8.285, "2019-03-31": "9.01900", "2018-12-31": 6.769, "2018-09-30": 5.359, "2018-06-30": 7.711, "2018-03-31": "8.45100", "2017-12-31": 7.178, "2017-09-30": 5.634, "2017-06-30": 6.71, "2017-03-31": "14.16100", "2016-12-31": 2.415, "2016-09-30": 2.907, "2016-06-30": 7.551, "2016-03-31": "9.35500", "2015-12-31": 4.613, "2015-09-30": 5.485, "2015-06-30": 6.374, "2015-03-31": "8.28000", "2014-12-31": 8.002, "2014-09-30": 4.493, "2014-06-30": 8.275, "2014-03-31": "8.52200", "2013-12-31": 8.91, "2013-09-30": 5.805, "2013-06-30": 8.624, "2013-03-31": "7.14100", "2012-12-31": 8.529, "2012-09-30": 5.482, "2012-06-30": 5.167, "2012-03-31": "3.71900", "2011-12-31": 2.526, "2011-09-30": 3.039, "2011-06-30": 5.895, "2011-03-31": "5.51000", "2010-12-31": 4.601, "2010-09-30": 10.995, "2010-06-30": 8.376, "2010-03-31": "8.10900", "2009-12-31": 10.74, "2009-09-30": 18.705, "2009-06-30": 8.413, "2009-03-31": "8.48500", "2008-12-31": 3.545, "2008-09-30": 10.48, "2008-06-30": 12.732, "2008-03-31": "12.35000", "2007-12-31": 18.664, "2007-09-30": 17.441, "2007-06-30": 15.44, "2007-03-31": "19.15000", "2006-12-31": 24.075, "2006-09-30": 20.615, "2006-06-30": 17.634, "2006-03-31": "15.84200", "2005-12-31": 12.312, "2005-09-30": 10.224, "2005-06-30": 10.663, "2005-03-31": "12.52500"}, "Common Stock Dividends Paid": {"2020-12-31": -32.423, "2020-09-30": -32.424, "2020-06-30": -32.592, "2020-03-31": "-32.74000", "2019-12-31": -30.115, "2019-09-30": -30.615, "2019-06-30": -30.818, "2019-03-31": "-30.80200", "2018-12-31": -25.736, "2018-09-30": -25.9, "2018-06-30": -26.037, "2018-03-31": "-26.34700", "2017-12-31": -26.73, "2017-09-30": -27.804, "2017-06-30": -29.112, "2017-03-31": "-29.10200", "2016-12-31": -30.368, "2016-09-30": -31.279, "2016-06-30": -31.451, "2016-03-31": "-31.56800", "2015-12-31": -28.061, "2015-09-30": -28.772, "2015-06-30": -29.509, "2015-03-31": "-29.61600", "2014-12-31": -18.702, "2014-09-30": -18.792, "2014-06-30": -19.087, "2014-03-31": "-19.06500", "2013-12-31": -19.065, "2013-09-30": -19.317, "2013-06-30": 0, "2013-03-31": "0.00000", "2012-12-31": 0, "2012-09-30": 0, "2012-06-30": 0, "2012-03-31": "", "2011-12-31": 0, "2011-09-30": 0, "2011-06-30": 0, "2011-03-31": "", "2010-12-31": 0, "2010-09-30": 0, "2010-06-30": 0, "2010-03-31": "", "2009-12-31": 0, "2009-09-30": 0, "2009-06-30": 0, "2009-03-31": "", "2008-12-31": -10.268, "2008-09-30": -10.293, "2008-06-30": -10.263, "2008-03-31": "-10.29500", "2007-12-31": -10.285, "2007-09-30": -10.238, "2007-06-30": -10.234, "2007-03-31": "-10.24000", "2006-12-31": -10.19, "2006-09-30": -10.195, "2006-06-30": -10.223, "2006-03-31": "-10.27100", "2005-12-31": -10.129, "2005-09-30": -10.458, "2005-06-30": -6.545, "2005-03-31": "-6.41800"}}, "financial ratios": {"Current Ratio": {"2020-12-31": "", "2019-12-31": "", "2018-12-31": "", "2017-12-31": "", "2016-12-31": "", "2015-12-31": "", "2014-12-31": "", "2013-12-31": "", "2012-12-31": "", "2011-12-31": "", "2010-12-31": "", "2009-12-31": "", "2008-12-31": "", "2007-12-31": "", "2006-12-31": "", "2005-12-31": ""}, "Long-term Debt / Capital": {"2020-12-31": "0.29520", "2019-12-31": "0.33620", "2018-12-31": "0.38590", "2017-12-31": "0.41990", "2016-12-31": "0.40180", "2015-12-31": "0.30360", "2014-12-31": "0.27460", "2013-12-31": "0.30690", "2012-12-31": "0.53400", "2011-12-31": "0.61440", "2010-12-31": "0.61370", "2009-12-31": "0.57270", "2008-12-31": "0.52750", "2007-12-31": "0.44600", "2006-12-31": "0.34980", "2005-12-31": "0.36240"}, "Debt/Equity Ratio": {"2020-12-31": "0.48160", "2019-12-31": "0.56640", "2018-12-31": "0.70080", "2017-12-31": "0.82930", "2016-12-31": "0.74280", "2015-12-31": "0.49220", "2014-12-31": "0.40770", "2013-12-31": "0.46540", "2012-12-31": "1.20950", "2011-12-31": "1.59310", "2010-12-31": "1.58850", "2009-12-31": "1.34610", "2008-12-31": "1.20040", "2007-12-31": "0.90710", "2006-12-31": "0.66180", "2005-12-31": "0.71840"}, "Gross Margin": {"2020-12-31": "", "2019-12-31": "", "2018-12-31": "", "2017-12-31": "", "2016-12-31": "", "2015-12-31": "", "2014-12-31": "", "2013-12-31": "", "2012-12-31": "", "2011-12-31": "", "2010-12-31": "", "2009-12-31": "", "2008-12-31": "", "2007-12-31": "", "2006-12-31": "", "2005-12-31": ""}, "Operating Margin": {"2020-12-31": "15.66400", "2019-12-31": "13.11640", "2018-12-31": "13.22630", "2017-12-31": "10.94500", "2016-12-31": "12.16500", "2015-12-31": "13.64140", "2014-12-31": "11.84670", "2013-12-31": "9.29330", "2012-12-31": "3.63900", "2011-12-31": "-7.67130", "2010-12-31": "-27.23090", "2009-12-31": "-47.31120", "2008-12-31": "-27.03600", "2007-12-31": "-24.95130", "2006-12-31": "8.02580", "2005-12-31": "14.98290"}, "EBIT Margin": {"2020-12-31": "15.66400", "2019-12-31": "13.11640", "2018-12-31": "13.22630", "2017-12-31": "10.94500", "2016-12-31": "12.16500", "2015-12-31": "13.64140", "2014-12-31": "11.84670", "2013-12-31": "9.29330", "2012-12-31": "3.63900", "2011-12-31": "-7.67130", "2010-12-31": "-27.23090", "2009-12-31": "-47.31120", "2008-12-31": "-27.03600", "2007-12-31": "-24.95130", "2006-12-31": "8.02580", "2005-12-31": "14.98290"}, "EBITDA Margin": {"2020-12-31": "16.44570", "2019-12-31": "13.64520", "2018-12-31": "13.71150", "2017-12-31": "11.53950", "2016-12-31": "12.86850", "2015-12-31": "14.41410", "2014-12-31": "12.53140", "2013-12-31": "9.84950", "2012-12-31": "4.26200", "2011-12-31": "-1.08050", "2010-12-31": "-11.86840", "2009-12-31": "-32.19910", "2008-12-31": "-25.76450", "2007-12-31": "-20.04800", "2006-12-31": "8.61200", "2005-12-31": "15.40150"}, "Pre-Tax Profit Margin": {"2020-12-31": "15.66400", "2019-12-31": "13.11640", "2018-12-31": "13.22630", "2017-12-31": "10.94500", "2016-12-31": "12.16500", "2015-12-31": "13.64140", "2014-12-31": "11.84670", "2013-12-31": "9.29330", "2012-12-31": "3.80820", "2011-12-31": "-7.50120", "2010-12-31": "-27.01830", "2009-12-31": "-48.35780", "2008-12-31": "-26.86550", "2007-12-31": "-26.97460", "2006-12-31": "7.58510", "2005-12-31": "15.49570"}, "Net Profit Margin": {"2020-12-31": "12.63480", "2019-12-31": "9.85350", "2018-12-31": "9.92150", "2017-12-31": "5.16050", "2016-12-31": "7.78970", "2015-12-31": "8.20610", "2014-12-31": "8.14680", "2013-12-31": "45.78690", "2012-12-31": "4.27690", "2011-12-31": "-5.08590", "2010-12-31": "-24.00220", "2009-12-31": "-28.95330", "2008-12-31": "-23.52070", "2007-12-31": "-24.36940", "2006-12-31": "4.81610", "2005-12-31": "10.15280"}, "Asset Turnover": {"2020-12-31": "0.90420", "2019-12-31": "0.95310", "2018-12-31": "1.00150", "2017-12-31": "0.88550", "2016-12-31": "0.75420", "2015-12-31": "0.65100", "2014-12-31": "0.67940", "2013-12-31": "0.65030", "2012-12-31": "0.71570", "2011-12-31": "0.60080", "2010-12-31": "0.59350", "2009-12-31": "0.40640", "2008-12-31": "0.81250", "2007-12-31": "0.90520", "2006-12-31": "1.08330", "2005-12-31": "1.12510"}, "Inventory Turnover Ratio": {"2020-12-31": "", "2019-12-31": "", "2018-12-31": "", "2017-12-31": "", "2016-12-31": "", "2015-12-31": "", "2014-12-31": "", "2013-12-31": "", "2012-12-31": "", "2011-12-31": "", "2010-12-31": "", "2009-12-31": "", "2008-12-31": "", "2007-12-31": "", "2006-12-31": "", "2005-12-31": ""}, "Receiveable Turnover": {"2020-12-31": "", "2019-12-31": "", "2018-12-31": "", "2017-12-31": "", "2016-12-31": "", "2015-12-31": "", "2014-12-31": "", "2013-12-31": "", "2012-12-31": "", "2011-12-31": "", "2010-12-31": "", "2009-12-31": "", "2008-12-31": "", "2007-12-31": "", "2006-12-31": "", "2005-12-31": ""}, "Days Sales In Receivables": {"2020-12-31": "", "2019-12-31": "", "2018-12-31": "", "2017-12-31": "", "2016-12-31": "", "2015-12-31": "", "2014-12-31": "", "2013-12-31": "", "2012-12-31": "", "2011-12-31": "", "2010-12-31": "", "2009-12-31": "", "2008-12-31": "", "2007-12-31": "", "2006-12-31": "", "2005-12-31": ""}, "ROE - Return On Equity": {"2020-12-31": "21.41310", "2019-12-31": "18.62710", "2018-12-31": "21.21360", "2017-12-31": "10.76600", "2016-12-31": "12.93530", "2015-12-31": "10.38150", "2014-12-31": "9.87190", "2013-12-31": "56.35930", "2012-12-31": "9.41470", "2011-12-31": "-10.85250", "2010-12-31": "-51.36500", "2009-12-31": "-37.01950", "2008-12-31": "-51.94890", "2007-12-31": "-52.64620", "2006-12-31": "10.48520", "2005-12-31": "24.11960"}, "Return On Tangible Equity": {"2020-12-31": "21.95930", "2019-12-31": "19.06370", "2018-12-31": "21.78880", "2017-12-31": "11.14420", "2016-12-31": "13.37980", "2015-12-31": "10.62760", "2014-12-31": "10.13150", "2013-12-31": "58.05960", "2012-12-31": "10.10330", "2011-12-31": "-11.84440", "2010-12-31": "-63.79380", "2009-12-31": "-56.04650", "2008-12-31": "-53.89810", "2007-12-31": "-52.64620", "2006-12-31": "11.33780", "2005-12-31": "26.01910"}, "ROA - Return On Assets": {"2020-12-31": "11.52630", "2019-12-31": "9.48800", "2018-12-31": "10.04650", "2017-12-31": "4.61690", "2016-12-31": "5.92150", "2015-12-31": "5.37670", "2014-12-31": "5.53520", "2013-12-31": "29.99860", "2012-12-31": "3.06110", "2011-12-31": "-3.05550", "2010-12-31": "-14.24440", "2009-12-31": "-11.76540", "2008-12-31": "-19.11040", "2007-12-31": "-22.24220", "2006-12-31": "5.23380", "2005-12-31": "11.00150"}, "ROI - Return On Investment": {"2020-12-31": "15.09110", "2019-12-31": "12.36380", "2018-12-31": "13.02630", "2017-12-31": "6.24520", "2016-12-31": "7.73820", "2015-12-31": "7.23010", "2014-12-31": "7.16140", "2013-12-31": "39.06470", "2012-12-31": "4.38680", "2011-12-31": "-4.18520", "2010-12-31": "-19.84370", "2009-12-31": "-15.81820", "2008-12-31": "-24.54370", "2007-12-31": "-29.16510", "2006-12-31": "6.81780", "2005-12-31": "15.37790"}, "Book Value Per Share": {"2020-12-31": "24.65620", "2019-12-31": "20.19790", "2018-12-31": "17.38580", "2017-12-31": "14.48650", "2016-12-31": "14.60200", "2015-12-31": "13.63130", "2014-12-31": "13.00540", "2013-12-31": "12.19240", "2012-12-31": "5.66370", "2011-12-31": "5.06680", "2010-12-31": "5.58900", "2009-12-31": "8.39120", "2008-12-31": "10.98390", "2007-12-31": "16.80360", "2006-12-31": "25.76180", "2005-12-31": "23.17750"}, "Operating Cash Flow Per Share": {"2020-12-31": 2.7145, "2019-12-31": -1.1756, "2018-12-31": 2.9229, "2017-12-31": 1.9617, "2016-12-31": 1.1378, "2015-12-31": -1.7613, "2014-12-31": -1.4546, "2013-12-31": 0.301, "2012-12-31": 1.9311, "2011-12-31": -1.5185, "2010-12-31": -0.8657, "2009-12-31": -2.3842, "2008-12-31": -0.0168, "2007-12-31": 5.8651, "2006-12-31": -1.1056, "2005-12-31": 0.0712}, "Free Cash Flow Per Share": {"2020-12-31": 2.7091, "2019-12-31": -1.1794, "2018-12-31": 2.8201, "2017-12-31": 1.972, "2016-12-31": 1.1493, "2015-12-31": -1.7572, "2014-12-31": -1.5103, "2013-12-31": 0.2428, "2012-12-31": 1.9427, "2011-12-31": -1.5113, "2010-12-31": -0.7771, "2009-12-31": -2.4546, "2008-12-31": 0.1294, "2007-12-31": 5.973, "2006-12-31": -1.0972, "2005-12-31": -0.2448}}, "financial ratios, quarterly": {"Current Ratio": {"2020-12-31": "", "2020-09-30": "", "2020-06-30": "", "2020-03-31": "", "2019-12-31": "", "2019-09-30": "", "2019-06-30": "", "2019-03-31": "", "2018-12-31": "", "2018-09-30": "", "2018-06-30": "", "2018-03-31": "", "2017-12-31": "", "2017-09-30": "", "2017-06-30": "", "2017-03-31": "", "2016-12-31": "", "2016-09-30": "", "2016-06-30": "", "2016-03-31": "", "2015-12-31": "", "2015-09-30": "", "2015-06-30": "", "2015-03-31": "", "2014-12-31": "", "2014-09-30": "", "2014-06-30": "", "2014-03-31": "", "2013-12-31": "", "2013-09-30": "", "2013-06-30": "", "2013-03-31": "", "2012-12-31": "", "2012-09-30": "", "2012-06-30": "", "2012-03-31": "", "2011-12-31": "", "2011-09-30": "", "2011-06-30": "", "2011-03-31": "", "2010-12-31": "", "2010-09-30": "", "2010-06-30": "", "2010-03-31": "", "2009-12-31": "", "2009-09-30": "", "2009-06-30": "", "2009-03-31": "", "2008-12-31": "", "2008-09-30": "", "2008-06-30": "", "2008-03-31": "", "2007-12-31": "", "2007-09-30": "", "2007-06-30": "", "2007-03-31": "", "2006-12-31": "", "2006-09-30": "", "2006-06-30": "", "2006-03-31": "", "2005-12-31": "", "2005-09-30": "", "2005-06-30": "", "2005-03-31": ""}, "Long-term Debt / Capital": {"2020-12-31": "0.29520", "2020-09-30": "0.30810", "2020-06-30": "0.32130", "2020-03-31": "0.33260", "2019-12-31": "0.33620", "2019-09-30": "0.34620", "2019-06-30": "0.35090", "2019-03-31": "0.38010", "2018-12-31": "0.38590", "2018-09-30": "0.38860", "2018-06-30": "0.39900", "2018-03-31": "0.41940", "2017-12-31": "0.41990", "2017-09-30": "0.41720", "2017-06-30": "0.41170", "2017-03-31": "0.40030", "2016-12-31": "0.40180", "2016-09-30": "0.39960", "2016-06-30": "0.35080", "2016-03-31": "0.39120", "2015-12-31": "0.30360", "2015-09-30": "0.31310", "2015-06-30": "0.25580", "2015-03-31": "0.27740", "2014-12-31": "0.27460", "2014-09-30": "0.27840", "2014-06-30": "0.28130", "2014-03-31": "0.28000", "2013-12-31": "0.30690", "2013-09-30": "0.31410", "2013-06-30": "0.47210", "2013-03-31": "0.52470", "2012-12-31": "0.53400", "2012-09-30": "0.58570", "2012-06-30": "0.61030", "2012-03-31": "0.61580", "2011-12-31": "0.61440", "2011-09-30": "0.63420", "2011-06-30": "0.61920", "2011-03-31": "0.61680", "2010-12-31": "0.61370", "2010-09-30": "0.65110", "2010-06-30": "0.56630", "2010-03-31": "0.57260", "2009-12-31": "0.57270", "2009-09-30": "0.56360", "2009-06-30": "0.58050", "2009-03-31": "0.57630", "2008-12-31": "0.52750", "2008-09-30": "0.49860", "2008-06-30": "0.47710", "2008-03-31": "0.48970", "2007-12-31": "0.44600", "2007-09-30": "0.40130", "2007-06-30": "0.36810", "2007-03-31": "0.35360", "2006-12-31": "0.34980", "2006-09-30": "0.35010", "2006-06-30": "0.35650", "2006-03-31": "0.35390", "2005-12-31": "0.36240", "2005-09-30": "0.39110", "2005-06-30": "0.40850", "2005-03-31": "0.42400"}, "Debt/Equity Ratio": {"2020-12-31": "0.48160", "2020-09-30": "0.48530", "2020-06-30": "0.51730", "2020-03-31": "0.67370", "2019-12-31": "0.56640", "2019-09-30": "0.57770", "2019-06-30": "0.58670", "2019-03-31": "0.65810", "2018-12-31": "0.70080", "2018-09-30": "0.68860", "2018-06-30": "0.72230", "2018-03-31": "0.78010", "2017-12-31": "0.82930", "2017-09-30": "0.79140", "2017-06-30": "0.73440", "2017-03-31": "0.69750", "2016-12-31": "0.74280", "2016-09-30": "0.69970", "2016-06-30": "0.57960", "2016-03-31": "0.66740", "2015-12-31": "0.49220", "2015-09-30": "0.47940", "2015-06-30": "0.36970", "2015-03-31": "0.39810", "2014-12-31": "0.40770", "2014-09-30": "0.40100", "2014-06-30": "0.40410", "2014-03-31": "0.39660", "2013-12-31": "0.46540", "2013-09-30": "0.48350", "2013-06-30": "0.92000", "2013-03-31": "1.12870", "2012-12-31": "1.20950", "2012-09-30": "1.46220", "2012-06-30": "1.56630", "2012-03-31": "1.60250", "2011-12-31": "1.59310", "2011-09-30": "1.73400", "2011-06-30": "1.62570", "2011-03-31": "1.60990", "2010-12-31": "1.58850", "2010-09-30": "1.86650", "2010-06-30": "1.32860", "2010-03-31": "1.35830", "2009-12-31": "1.34610", "2009-09-30": "1.31090", "2009-06-30": "1.39690", "2009-03-31": "1.38910", "2008-12-31": "1.20040", "2008-09-30": "1.05500", "2008-06-30": "0.98780", "2008-03-31": "1.03070", "2007-12-31": "0.90710", "2007-09-30": "0.73020", "2007-06-30": "0.66730", "2007-03-31": "0.59120", "2006-12-31": "0.66180", "2006-09-30": "0.73480", "2006-06-30": "0.72500", "2006-03-31": "0.62400", "2005-12-31": "0.71840", "2005-09-30": "0.72670", "2005-06-30": "0.78010", "2005-03-31": "0.80700"}, "Gross Margin": {"2020-12-31": "", "2020-09-30": "", "2020-06-30": "", "2020-03-31": "", "2019-12-31": "", "2019-09-30": "", "2019-06-30": "", "2019-03-31": "", "2018-12-31": "", "2018-09-30": "", "2018-06-30": "", "2018-03-31": "", "2017-12-31": "", "2017-09-30": "", "2017-06-30": "", "2017-03-31": "", "2016-12-31": "", "2016-09-30": "", "2016-06-30": "", "2016-03-31": "", "2015-12-31": "", "2015-09-30": "", "2015-06-30": "", "2015-03-31": "", "2014-12-31": "", "2014-09-30": "", "2014-06-30": "", "2014-03-31": "", "2013-12-31": "", "2013-09-30": "", "2013-06-30": "", "2013-03-31": "", "2012-12-31": "", "2012-09-30": "", "2012-06-30": "", "2012-03-31": "", "2011-12-31": "", "2011-09-30": "", "2011-06-30": "", "2011-03-31": "", "2010-12-31": "", "2010-09-30": "", "2010-06-30": "", "2010-03-31": "", "2009-12-31": "", "2009-09-30": "", "2009-06-30": "", "2009-03-31": "", "2008-12-31": "", "2008-09-30": "", "2008-06-30": "", "2008-03-31": "", "2007-12-31": "", "2007-09-30": "", "2007-06-30": "", "2007-03-31": "", "2006-12-31": "", "2006-09-30": "", "2006-06-30": "", "2006-03-31": "", "2005-12-31": "", "2005-09-30": "", "2005-06-30": "", "2005-03-31": ""}, "Operating Margin": {"2020-12-31": "16.40630", "2020-09-30": "16.38490", "2020-06-30": "17.61940", "2020-03-31": "11.49330", "2019-12-31": "14.45020", "2019-09-30": "13.50910", "2019-06-30": "12.88780", "2019-03-31": "10.85310", "2018-12-31": "10.98610", "2018-09-30": "14.52000", "2018-06-30": "15.92270", "2018-03-31": "11.37970", "2017-12-31": "14.62550", "2017-09-30": "12.58760", "2017-06-30": "6.06110", "2017-03-31": "8.54450", "2016-12-31": "16.54140", "2016-09-30": "10.92880", "2016-06-30": "10.53270", "2016-03-31": "8.25180", "2015-12-31": "18.10780", "2015-09-30": "11.89820", "2015-06-30": "13.09290", "2015-03-31": "8.45370", "2014-12-31": "15.22080", "2014-09-30": "14.02450", "2014-06-30": "5.08930", "2014-03-31": "11.01450", "2013-12-31": "14.22540", "2013-09-30": "10.93950", "2013-06-30": "2.89110", "2013-03-31": "7.07650", "2012-12-31": "3.18210", "2012-09-30": "8.03040", "2012-06-30": "3.49770", "2012-03-31": "-1.86930", "2011-12-31": "-0.90310", "2011-09-30": "-17.77660", "2011-06-30": "-5.96990", "2011-03-31": "-5.90990", "2010-12-31": "-16.28840", "2010-09-30": "-96.61370", "2010-06-30": "-0.96040", "2010-03-31": "-1.63780", "2009-12-31": "-53.44460", "2009-09-30": "-32.62160", "2009-06-30": "-27.50380", "2009-03-31": "-79.59950", "2008-12-31": "-29.31920", "2008-09-30": "-19.09500", "2008-06-30": "-13.52950", "2008-03-31": "-48.09450", "2007-12-31": "-12.94060", "2007-09-30": "-42.16920", "2007-06-30": "-37.17800", "2007-03-31": "-7.56490", "2006-12-31": "1.78790", "2006-09-30": "8.23900", "2006-06-30": "11.57910", "2006-03-31": "12.98200", "2005-12-31": "15.77640", "2005-09-30": "15.76140", "2005-06-30": "14.21050", "2005-03-31": "13.19000"}, "EBIT Margin": {"2020-12-31": "16.40630", "2020-09-30": "16.38490", "2020-06-30": "17.61940", "2020-03-31": "11.49330", "2019-12-31": "14.45020", "2019-09-30": "13.50910", "2019-06-30": "12.88780", "2019-03-31": "10.85310", "2018-12-31": "10.98620", "2018-09-30": "14.52000", "2018-06-30": "15.92270", "2018-03-31": "11.37970", "2017-12-31": "14.62550", "2017-09-30": "12.58760", "2017-06-30": "6.06110", "2017-03-31": "8.54450", "2016-12-31": "16.54140", "2016-09-30": "10.92880", "2016-06-30": "10.53270", "2016-03-31": "8.25180", "2015-12-31": "18.10780", "2015-09-30": "11.89820", "2015-06-30": "13.09290", "2015-03-31": "8.45370", "2014-12-31": "15.22080", "2014-09-30": "14.02450", "2014-06-30": "5.08930", "2014-03-31": "11.01450", "2013-12-31": "14.22540", "2013-09-30": "10.93950", "2013-06-30": "2.89110", "2013-03-31": "7.07650", "2012-12-31": "3.18210", "2012-09-30": "8.03040", "2012-06-30": "3.49770", "2012-03-31": "-1.86930", "2011-12-31": "-0.90310", "2011-09-30": "-17.77660", "2011-06-30": "-5.96990", "2011-03-31": "-5.90990", "2010-12-31": "-16.28830", "2010-09-30": "-96.61370", "2010-06-30": "-0.96040", "2010-03-31": "-1.63780", "2009-12-31": "-53.44460", "2009-09-30": "-32.62160", "2009-06-30": "-27.50380", "2009-03-31": "-79.59950", "2008-12-31": "-29.31920", "2008-09-30": "-19.09500", "2008-06-30": "-13.52950", "2008-03-31": "-48.09450", "2007-12-31": "-12.94060", "2007-09-30": "-42.16920", "2007-06-30": "-37.17800", "2007-03-31": "-7.56490", "2006-12-31": "1.78790", "2006-09-30": "8.23900", "2006-06-30": "11.57910", "2006-03-31": "12.98200", "2005-12-31": "15.77640", "2005-09-30": "15.76140", "2005-06-30": "14.21050", "2005-03-31": "13.19000"}, "EBITDA Margin": {"2020-12-31": "", "2020-09-30": "", "2020-06-30": "", "2020-03-31": "", "2019-12-31": "", "2019-09-30": "", "2019-06-30": "", "2019-03-31": "", "2018-12-31": "", "2018-09-30": "", "2018-06-30": "", "2018-03-31": "", "2017-12-31": "", "2017-09-30": "", "2017-06-30": "", "2017-03-31": "", "2016-12-31": "", "2016-09-30": "", "2016-06-30": "", "2016-03-31": "", "2015-12-31": "", "2015-09-30": "", "2015-06-30": "", "2015-03-31": "", "2014-12-31": "", "2014-09-30": "", "2014-06-30": "", "2014-03-31": "", "2013-12-31": "", "2013-09-30": "", "2013-06-30": "", "2013-03-31": "", "2012-12-31": "", "2012-09-30": "", "2012-06-30": "", "2012-03-31": "", "2011-12-31": "", "2011-09-30": "", "2011-06-30": "", "2011-03-31": "", "2010-12-31": "", "2010-09-30": "", "2010-06-30": "", "2010-03-31": "", "2009-12-31": "", "2009-09-30": "", "2009-06-30": "", "2009-03-31": "", "2008-12-31": "", "2008-09-30": "", "2008-06-30": "", "2008-03-31": "", "2007-12-31": "", "2007-09-30": "", "2007-06-30": "", "2007-03-31": "", "2006-12-31": "", "2006-09-30": "", "2006-06-30": "", "2006-03-31": "", "2005-12-31": "", "2005-09-30": "", "2005-06-30": "", "2005-03-31": ""}, "Pre-Tax Profit Margin": {"2020-12-31": "16.40630", "2020-09-30": "16.38490", "2020-06-30": "17.61940", "2020-03-31": "11.49330", "2019-12-31": "14.45020", "2019-09-30": "13.50910", "2019-06-30": "12.88780", "2019-03-31": "10.85310", "2018-12-31": "10.98620", "2018-09-30": "14.52000", "2018-06-30": "15.92270", "2018-03-31": "11.37970", "2017-12-31": "14.62550", "2017-09-30": "12.58760", "2017-06-30": "6.06110", "2017-03-31": "8.54450", "2016-12-31": "16.54140", "2016-09-30": "10.92870", "2016-06-30": "10.53270", "2016-03-31": "8.25180", "2015-12-31": "18.10780", "2015-09-30": "11.89820", "2015-06-30": "13.09290", "2015-03-31": "8.45360", "2014-12-31": "14.65630", "2014-09-30": "14.10450", "2014-06-30": "5.26210", "2014-03-31": "11.62120", "2013-12-31": "14.04060", "2013-09-30": "11.04380", "2013-06-30": "2.99590", "2013-03-31": "7.08230", "2012-12-31": "3.26830", "2012-09-30": "8.13040", "2012-06-30": "3.73350", "2012-03-31": "-1.53130", "2011-12-31": "-0.71890", "2011-09-30": "-17.73310", "2011-06-30": "-5.75200", "2011-03-31": "-5.63730", "2010-12-31": "-16.07020", "2010-09-30": "-96.79260", "2010-06-30": "-0.43850", "2010-03-31": "-1.42190", "2009-12-31": "-52.99360", "2009-09-30": "-32.87700", "2009-06-30": "-27.54710", "2009-03-31": "-87.72960", "2008-12-31": "-29.31240", "2008-09-30": "-18.90550", "2008-06-30": "-13.29040", "2008-03-31": "-47.83590", "2007-12-31": "-15.69260", "2007-09-30": "-44.25580", "2007-06-30": "-39.90650", "2007-03-31": "-7.61710", "2006-12-31": "-0.41140", "2006-09-30": "8.29170", "2006-06-30": "11.54300", "2006-03-31": "14.09400", "2005-12-31": "16.18580", "2005-09-30": "16.17490", "2005-06-30": "14.94400", "2005-03-31": "13.77770"}, "Net Profit Margin": {"2020-12-31": "13.58620", "2020-09-30": "13.97690", "2020-06-30": "13.33010", "2020-03-31": "8.79750", "2019-12-31": "11.01280", "2019-09-30": "9.97630", "2019-06-30": "9.58810", "2019-03-31": "8.26560", "2018-12-31": "7.77520", "2018-09-30": "10.80960", "2018-06-30": "12.47240", "2018-03-31": "8.66720", "2017-12-31": "2.74700", "2017-09-30": "8.24000", "2017-06-30": "4.93000", "2017-03-31": "5.55840", "2016-12-31": "10.84920", "2016-09-30": "6.55360", "2016-06-30": "6.48290", "2016-03-31": "5.76660", "2015-12-31": "10.92230", "2015-09-30": "7.15240", "2015-06-30": "8.07040", "2015-03-31": "4.81930", "2014-12-31": "11.93990", "2014-09-30": "8.81310", "2014-06-30": "3.25610", "2014-03-31": "6.64070", "2013-12-31": "13.07720", "2013-09-30": "143.22040", "2013-06-30": "2.84640", "2013-03-31": "7.03170", "2012-12-31": "3.74880", "2012-09-30": "8.95390", "2012-06-30": "3.96820", "2012-03-31": "-1.32410", "2011-12-31": "1.09490", "2011-09-30": "-11.32280", "2011-06-30": "-5.97330", "2011-03-31": "-4.90880", "2010-12-31": "-13.95700", "2010-09-30": "-94.07730", "2010-06-30": "5.84300", "2010-03-31": "-1.22390", "2009-12-31": "-6.75380", "2009-09-30": "-33.12150", "2009-06-30": "-27.92080", "2009-03-31": "-88.17010", "2008-12-31": "-20.66270", "2008-09-30": "-17.99400", "2008-06-30": "-9.78240", "2008-03-31": "-48.04910", "2007-12-31": "-30.24390", "2007-09-30": "-31.87440", "2007-06-30": "-25.11080", "2007-03-31": "-4.57790", "2006-12-31": "-0.19170", "2006-09-30": "5.33730", "2006-06-30": "7.23490", "2006-03-31": "8.86540", "2005-12-31": "11.19610", "2005-09-30": "10.42180", "2005-06-30": "9.34220", "2005-03-31": "8.66790"}, "Asset Turnover": {"2020-12-31": "0.26160", "2020-09-30": "0.26000", "2020-06-30": "0.23670", "2020-03-31": "0.20090", "2019-12-31": "0.28150", "2019-09-30": "0.26410", "2019-06-30": "0.24650", "2019-03-31": "0.19560", "2018-12-31": "0.29480", "2018-09-30": "0.26350", "2018-06-30": "0.26180", "2018-03-31": "0.20300", "2017-12-31": "0.28850", "2017-09-30": "0.21370", "2017-06-30": "0.20600", "2017-03-31": "0.16430", "2016-12-31": "0.24570", "2016-09-30": "0.19680", "2016-06-30": "0.18930", "2016-03-31": "0.14550", "2015-12-31": "0.22430", "2015-09-30": "0.17120", "2015-06-30": "0.15690", "2015-03-31": "0.13440", "2014-12-31": "0.21270", "2014-09-30": "0.18510", "2014-06-30": "0.15190", "2014-03-31": "0.13400", "2013-12-31": "0.18950", "2013-09-30": "0.18200", "2013-06-30": "0.19830", "2013-03-31": "0.17250", "2012-12-31": "0.23270", "2012-09-30": "0.18240", "2012-06-30": "0.15380", "2012-03-31": "0.12840", "2011-12-31": "0.18330", "2011-09-30": "0.15800", "2011-06-30": "0.12490", "2011-03-31": "0.10710", "2010-12-31": "0.15390", "2010-09-30": "0.11630", "2010-06-30": "0.13170", "2010-03-31": "0.10300", "2009-12-31": "0.17220", "2009-09-30": "0.10610", "2009-06-30": "0.10600", "2009-03-31": "0.08570", "2008-12-31": "0.21230", "2008-09-30": "0.19040", "2008-06-30": "0.18880", "2008-03-31": "0.16010", "2007-12-31": "0.28280", "2007-09-30": "0.22610", "2007-06-30": "0.16910", "2007-03-31": "0.15400", "2006-12-31": "0.33310", "2006-09-30": "0.25610", "2006-06-30": "0.24660", "2006-03-31": "0.23320", "2005-12-31": "0.39290", "2005-09-30": "0.30890", "2005-06-30": "0.27950", "2005-03-31": "0.23100"}, "Inventory Turnover Ratio": {"2020-12-31": "", "2020-09-30": "", "2020-06-30": "", "2020-03-31": "", "2019-12-31": "", "2019-09-30": "", "2019-06-30": "", "2019-03-31": "", "2018-12-31": "", "2018-09-30": "", "2018-06-30": "", "2018-03-31": "", "2017-12-31": "", "2017-09-30": "", "2017-06-30": "", "2017-03-31": "", "2016-12-31": "", "2016-09-30": "", "2016-06-30": "", "2016-03-31": "", "2015-12-31": "", "2015-09-30": "", "2015-06-30": "", "2015-03-31": "", "2014-12-31": "", "2014-09-30": "", "2014-06-30": "", "2014-03-31": "", "2013-12-31": "", "2013-09-30": "", "2013-06-30": "", "2013-03-31": "", "2012-12-31": "", "2012-09-30": "", "2012-06-30": "", "2012-03-31": "", "2011-12-31": "", "2011-09-30": "", "2011-06-30": "", "2011-03-31": "", "2010-12-31": "", "2010-09-30": "", "2010-06-30": "", "2010-03-31": "", "2009-12-31": "", "2009-09-30": "", "2009-06-30": "", "2009-03-31": "", "2008-12-31": "", "2008-09-30": "", "2008-06-30": "", "2008-03-31": "", "2007-12-31": "", "2007-09-30": "", "2007-06-30": "", "2007-03-31": "", "2006-12-31": "", "2006-09-30": "", "2006-06-30": "", "2006-03-31": "", "2005-12-31": "", "2005-09-30": "", "2005-06-30": "", "2005-03-31": ""}, "Receiveable Turnover": {"2020-12-31": "", "2020-09-30": "", "2020-06-30": "", "2020-03-31": "", "2019-12-31": "", "2019-09-30": "", "2019-06-30": "", "2019-03-31": "", "2018-12-31": "", "2018-09-30": "", "2018-06-30": "", "2018-03-31": "", "2017-12-31": "", "2017-09-30": "", "2017-06-30": "", "2017-03-31": "", "2016-12-31": "", "2016-09-30": "", "2016-06-30": "", "2016-03-31": "", "2015-12-31": "", "2015-09-30": "", "2015-06-30": "", "2015-03-31": "", "2014-12-31": "", "2014-09-30": "", "2014-06-30": "", "2014-03-31": "", "2013-12-31": "", "2013-09-30": "", "2013-06-30": "", "2013-03-31": "", "2012-12-31": "", "2012-09-30": "", "2012-06-30": "", "2012-03-31": "", "2011-12-31": "", "2011-09-30": "", "2011-06-30": "", "2011-03-31": "", "2010-12-31": "", "2010-09-30": "", "2010-06-30": "", "2010-03-31": "", "2009-12-31": "", "2009-09-30": "", "2009-06-30": "", "2009-03-31": "", "2008-12-31": "", "2008-09-30": "", "2008-06-30": "", "2008-03-31": "", "2007-12-31": "", "2007-09-30": "", "2007-06-30": "", "2007-03-31": "", "2006-12-31": "", "2006-09-30": "", "2006-06-30": "", "2006-03-31": "", "2005-12-31": "", "2005-09-30": "", "2005-06-30": "", "2005-03-31": ""}, "Days Sales In Receivables": {"2020-12-31": "", "2020-09-30": "", "2020-06-30": "", "2020-03-31": "", "2019-12-31": "", "2019-09-30": "", "2019-06-30": "", "2019-03-31": "", "2018-12-31": "", "2018-09-30": "", "2018-06-30": "", "2018-03-31": "", "2017-12-31": "", "2017-09-30": "", "2017-06-30": "", "2017-03-31": "", "2016-12-31": "", "2016-09-30": "", "2016-06-30": "", "2016-03-31": "", "2015-12-31": "", "2015-09-30": "", "2015-06-30": "", "2015-03-31": "", "2014-12-31": "", "2014-09-30": "", "2014-06-30": "", "2014-03-31": "", "2013-12-31": "", "2013-09-30": "", "2013-06-30": "", "2013-03-31": "", "2012-12-31": "", "2012-09-30": "", "2012-06-30": "", "2012-03-31": "", "2011-12-31": "", "2011-09-30": "", "2011-06-30": "", "2011-03-31": "", "2010-12-31": "", "2010-09-30": "", "2010-06-30": "", "2010-03-31": "", "2009-12-31": "", "2009-09-30": "", "2009-06-30": "", "2009-03-31": "", "2008-12-31": "", "2008-09-30": "", "2008-06-30": "", "2008-03-31": "", "2007-12-31": "", "2007-09-30": "", "2007-06-30": "", "2007-03-31": "", "2006-12-31": "", "2006-09-30": "", "2006-06-30": "", "2006-03-31": "", "2005-12-31": "", "2005-09-30": "", "2005-06-30": "", "2005-03-31": ""}, "ROE - Return On Equity": {"2020-12-31": "6.66840", "2020-09-30": "6.67300", "2020-06-30": "5.95760", "2020-03-31": "3.68350", "2019-12-31": "6.15220", "2019-09-30": "5.27070", "2019-06-30": "4.75440", "2019-03-31": "3.38010", "2018-12-31": "4.93270", "2018-09-30": "6.12270", "2018-06-30": "7.15950", "2018-03-31": "3.99450", "2017-12-31": "1.86360", "2017-09-30": "4.08600", "2017-06-30": "2.26710", "2017-03-31": "1.96380", "2016-12-31": "5.86290", "2016-09-30": "2.74980", "2016-06-30": "2.44410", "2016-03-31": "1.74500", "2015-12-31": "4.79110", "2015-09-30": "2.35740", "2015-06-30": "2.24310", "2015-03-31": "1.15920", "2014-12-31": "4.51810", "2014-09-30": "2.98370", "2014-06-30": "0.90300", "2014-03-31": "1.60420", "2013-12-31": "4.73340", "2013-09-30": "50.80240", "2013-06-30": "1.56420", "2013-03-31": "3.59310", "2012-12-31": "2.68280", "2012-09-30": "5.49630", "2012-06-30": "2.14860", "2012-03-31": "-0.60480", "2011-12-31": "0.71290", "2011-09-30": "-6.72210", "2011-06-30": "-2.70210", "2011-03-31": "-1.88210", "2010-12-31": "-7.74780", "2010-09-30": "-43.33330", "2010-06-30": "2.32500", "2010-03-31": "-0.39070", "2009-12-31": "-3.65940", "2009-09-30": "-10.90680", "2009-06-30": "-8.81440", "2009-03-31": "-22.11620", "2008-12-31": "-11.92530", "2008-09-30": "-8.80790", "2008-06-30": "-4.56580", "2008-03-31": "-19.20730", "2007-12-31": "-20.67790", "2007-09-30": "-15.18390", "2007-06-30": "-8.50150", "2007-03-31": "-1.32420", "2006-12-31": "-0.12620", "2006-09-30": "2.91510", "2006-06-30": "3.81940", "2006-03-31": "4.24760", "2005-12-31": "8.92570", "2005-09-30": "6.99460", "2005-06-30": "6.00230", "2005-03-31": "4.56090"}, "Return On Tangible Equity": {"2020-12-31": "6.83850", "2020-09-30": "6.85820", "2020-06-30": "6.13970", "2020-03-31": "3.80640", "2019-12-31": "6.29640", "2019-09-30": "5.40480", "2019-06-30": "4.88170", "2019-03-31": "3.46710", "2018-12-31": "5.06650", "2018-09-30": "6.29670", "2018-06-30": "7.37800", "2018-03-31": "4.12730", "2017-12-31": "1.92910", "2017-09-30": "4.22650", "2017-06-30": "2.34510", "2017-03-31": "2.02980", "2016-12-31": "6.06440", "2016-09-30": "2.84620", "2016-06-30": "2.52880", "2016-03-31": "1.80680", "2015-12-31": "4.90470", "2015-09-30": "2.41730", "2015-06-30": "2.30140", "2015-03-31": "1.18930", "2014-12-31": "4.63690", "2014-09-30": "3.06590", "2014-06-30": "0.92890", "2014-03-31": "1.65120", "2013-12-31": "4.87620", "2013-09-30": "52.42980", "2013-06-30": "1.66630", "2013-03-31": "3.83940", "2012-12-31": "2.87900", "2012-09-30": "5.92190", "2012-06-30": "2.33260", "2012-03-31": "-0.65920", "2011-12-31": "0.77810", "2011-09-30": "-7.35550", "2011-06-30": "-3.37650", "2011-03-31": "-2.34240", "2010-12-31": "-9.62250", "2010-09-30": "-53.01180", "2010-06-30": "3.46150", "2010-03-31": "-0.59030", "2009-12-31": "-5.54020", "2009-09-30": "-20.95460", "2009-06-30": "-8.81430", "2009-03-31": "-22.11620", "2008-12-31": "-12.37280", "2008-09-30": "-8.80790", "2008-06-30": "-4.56580", "2008-03-31": "-19.20730", "2007-12-31": "-20.67780", "2007-09-30": "-15.64470", "2007-06-30": "-9.26250", "2007-03-31": "-1.43340", "2006-12-31": "-0.13650", "2006-09-30": "3.15430", "2006-06-30": "4.14400", "2006-03-31": "4.62220", "2005-12-31": "9.62870", "2005-09-30": "7.61020", "2005-06-30": "6.57700", "2005-03-31": "5.02560"}, "ROA - Return On Assets": {"2020-12-31": "3.58940", "2020-09-30": "3.66390", "2020-06-30": "3.18130", "2020-03-31": "1.78330", "2019-12-31": "3.13370", "2019-09-30": "2.66070", "2019-06-30": "2.38760", "2019-03-31": "1.63370", "2018-12-31": "2.33610", "2018-09-30": "2.87950", "2018-06-30": "3.30180", "2018-03-31": "1.75920", "2017-12-31": "0.79920", "2017-09-30": "1.78050", "2017-06-30": "1.02670", "2017-03-31": "0.92250", "2016-12-31": "2.68390", "2016-09-30": "1.30140", "2016-06-30": "1.23870", "2016-03-31": "0.84620", "2015-12-31": "2.48140", "2015-09-30": "1.22440", "2015-06-30": "1.26650", "2015-03-31": "0.65180", "2014-12-31": "2.53340", "2014-09-30": "1.63150", "2014-06-30": "0.49460", "2014-03-31": "0.89590", "2013-12-31": "2.51950", "2013-09-30": "26.24750", "2013-06-30": "0.56440", "2013-03-31": "1.21290", "2012-12-31": "0.87230", "2012-09-30": "1.63340", "2012-06-30": "0.61030", "2012-03-31": "-0.17010", "2011-12-31": "0.20070", "2011-09-30": "-1.78870", "2011-06-30": "-0.74590", "2011-03-31": "-0.52580", "2010-12-31": "-2.14860", "2010-09-30": "-10.94420", "2010-06-30": "0.76950", "2010-03-31": "-0.12600", "2009-12-31": "-1.16300", "2009-09-30": "-3.51460", "2009-06-30": "-2.95900", "2009-03-31": "-7.55430", "2008-12-31": "-4.38690", "2008-09-30": "-3.42640", "2008-06-30": "-1.84650", "2008-03-31": "-7.69460", "2007-12-31": "-8.73610", "2007-09-30": "-7.20670", "2007-06-30": "-4.24670", "2007-03-31": "-0.70510", "2006-12-31": "-0.06300", "2006-09-30": "1.37570", "2006-06-30": "1.78990", "2006-03-31": "2.06760", "2005-12-31": "4.07120", "2005-09-30": "3.11320", "2005-06-30": "2.62390", "2005-03-31": "1.99560"}, "ROI - Return On Investment": {"2020-12-31": "4.69960", "2020-09-30": "4.61690", "2020-06-30": "4.04320", "2020-03-31": "2.45840", "2019-12-31": "4.08350", "2019-09-30": "3.44580", "2019-06-30": "3.08630", "2019-03-31": "2.09550", "2018-12-31": "3.02900", "2018-09-30": "3.74350", "2018-06-30": "4.30260", "2018-03-31": "2.31920", "2017-12-31": "1.08110", "2017-09-30": "2.38150", "2017-06-30": "1.33370", "2017-03-31": "1.17780", "2016-12-31": "3.50730", "2016-09-30": "1.65080", "2016-06-30": "1.58680", "2016-03-31": "1.06240", "2015-12-31": "3.33670", "2015-09-30": "1.61920", "2015-06-30": "1.66930", "2015-03-31": "0.83770", "2014-12-31": "3.27760", "2014-09-30": "2.15310", "2014-06-30": "0.64890", "2014-03-31": "1.15500", "2013-12-31": "3.28090", "2013-09-30": "34.84680", "2013-06-30": "0.82570", "2013-03-31": "1.70790", "2012-12-31": "1.25000", "2012-09-30": "2.27720", "2012-06-30": "0.83720", "2012-03-31": "-0.23240", "2011-12-31": "0.27490", "2011-09-30": "-2.45870", "2011-06-30": "-1.02910", "2011-03-31": "-0.72110", "2010-12-31": "-2.99320", "2010-09-30": "-15.11690", "2010-06-30": "1.00840", "2010-03-31": "-0.16700", "2009-12-31": "-1.56360", "2009-09-30": "-4.75930", "2009-06-30": "-3.69770", "2009-03-31": "-9.36990", "2008-12-31": "-5.63420", "2008-09-30": "-4.41600", "2008-06-30": "-2.38750", "2008-03-31": "-9.80080", "2007-12-31": "-11.45520", "2007-09-30": "-9.09080", "2007-06-30": "-5.37220", "2007-03-31": "-0.85610", "2006-12-31": "-0.08210", "2006-09-30": "1.89460", "2006-06-30": "2.45770", "2006-03-31": "2.74440", "2005-12-31": "5.69080", "2005-09-30": "4.25930", "2005-06-30": "3.55060", "2005-03-31": "2.62730"}, "Book Value Per Share": {"2020-12-31": "24.65620", "2020-09-30": "23.26810", "2020-06-30": "21.82010", "2020-03-31": "20.62430", "2019-12-31": "20.19790", "2019-09-30": "19.12230", "2019-06-30": "18.43730", "2019-03-31": "17.79380", "2018-12-31": "17.38580", "2018-09-30": "16.76510", "2018-06-30": "15.93810", "2018-03-31": "14.95270", "2017-12-31": "14.48650", "2017-09-30": "14.78240", "2017-06-30": "14.63290", "2017-03-31": "14.74580", "2016-12-31": "14.60200", "2016-09-30": "14.05910", "2016-06-30": "14.01040", "2016-03-31": "13.78110", "2015-12-31": "13.63130", "2015-09-30": "13.09400", "2015-06-30": "12.98200", "2015-03-31": "12.97660", "2014-12-31": "13.00540", "2014-09-30": "12.60220", "2014-06-30": "12.32040", "2014-03-31": "12.30040", "2013-12-31": "12.19240", "2013-09-30": "11.72590", "2013-06-30": "5.99510", "2013-03-31": "5.87210", "2012-12-31": "5.66370", "2012-09-30": "5.49440", "2012-06-30": "5.14680", "2012-03-31": "5.02760", "2011-12-31": "5.06680", "2011-09-30": "5.02500", "2011-06-30": "5.35430", "2011-03-31": "5.48610", "2010-12-31": "5.58900", "2010-09-30": "6.00800", "2010-06-30": "8.57510", "2010-03-31": "8.35500", "2009-12-31": "8.39120", "2009-09-30": "8.71040", "2009-06-30": "8.31120", "2009-03-31": "9.00250", "2008-12-31": "10.98390", "2008-09-30": "12.36340", "2008-06-30": "13.47890", "2008-03-31": "14.08210", "2007-12-31": "16.80360", "2007-09-30": "20.26670", "2007-06-30": "23.32950", "2007-03-31": "25.27480", "2006-12-31": "25.76180", "2006-09-30": "25.79700", "2006-06-30": "25.03480", "2006-03-31": "24.09710", "2005-12-31": "23.17750", "2005-09-30": "21.15250", "2005-06-30": "19.67190", "2005-03-31": "18.49290"}, "Operating Cash Flow Per Share": {"2020-12-31": 1.9062, "2020-09-30": 1.7138, "2020-06-30": 2.2486, "2020-03-31": "0.75440", "2019-12-31": 1.7787, "2019-09-30": 1.0285, "2019-06-30": 0.531, "2019-03-31": "0.57030", "2018-12-31": 1.5187, "2018-09-30": 1.6551, "2018-06-30": 1.3235, "2018-03-31": "0.58680", "2017-12-31": 1.3202, "2017-09-30": 0.2792, "2017-06-30": 0.4374, "2017-03-31": "0.12440", "2016-12-31": 1.0946, "2016-09-30": 0.0247, "2016-06-30": -0.7403, "2016-03-31": "-0.17950", "2015-12-31": -0.2453, "2015-09-30": -0.1683, "2015-06-30": -0.4561, "2015-03-31": "-0.06860", "2014-12-31": 0.288, "2014-09-30": 0.3393, "2014-06-30": -0.04, "2014-03-31": "0.23570", "2013-12-31": 0.8403, "2013-09-30": 0.5808, "2013-06-30": 0.1632, "2013-03-31": "0.69330", "2012-12-31": 0.8813, "2012-09-30": 0.5418, "2012-06-30": 0.2521, "2012-03-31": "0.30140", "2011-12-31": 0.4664, "2011-09-30": 0.1566, "2011-06-30": -0.4467, "2011-03-31": "-0.13080", "2010-12-31": -0.544, "2010-09-30": -0.1266, "2010-06-30": 0.4409, "2010-03-31": "1.79370", "2009-12-31": 1.3737, "2009-09-30": -0.5139, "2009-06-30": 0.4278, "2009-03-31": "1.14210", "2008-12-31": 1.8038, "2008-09-30": 1.0794, "2008-06-30": 1.0623, "2008-03-31": "0.86840", "2007-12-31": 3.5437, "2007-09-30": 1.2583, "2007-06-30": -0.7737, "2007-03-31": "0.80240", "2006-12-31": 3.8903, "2006-09-30": -0.8565, "2006-06-30": -2.5474, "2006-03-31": "-1.52080", "2005-12-31": 1.9631, "2005-09-30": -0.5989, "2005-06-30": -0.2949, "2005-03-31": "-0.99810"}, "Free Cash Flow Per Share": {"2020-12-31": 1.8642, "2020-09-30": 1.6759, "2020-06-30": 2.1862, "2020-03-31": "0.68020", "2019-12-31": 1.7253, "2019-09-30": 0.9773, "2019-06-30": 0.4822, "2019-03-31": "0.51260", "2018-12-31": 1.4748, "2018-09-30": 1.6071, "2018-06-30": 1.2617, "2018-03-31": "0.53320", "2017-12-31": 1.2942, "2017-09-30": 0.2546, "2017-06-30": 0.4148, "2017-03-31": "0.09310", "2016-12-31": 1.069, "2016-09-30": -0.004, "2016-06-30": -0.7738, "2016-03-31": "-0.20650", "2015-12-31": -0.2752, "2015-09-30": -0.2013, "2015-06-30": -0.4803, "2015-03-31": "-0.10780", "2014-12-31": 0.2687, "2014-09-30": 0.315, "2014-06-30": -0.0808, "2014-03-31": "0.18970", "2013-12-31": 0.8131, "2013-09-30": 0.5614, "2013-06-30": 0.1487, "2013-03-31": "0.67970", "2012-12-31": 0.8801, "2012-09-30": 0.5327, "2012-06-30": 0.244, "2012-03-31": "0.30330", "2011-12-31": 0.4534, "2011-09-30": 0.1459, "2011-06-30": -0.4414, "2011-03-31": "-0.14050", "2010-12-31": -0.5518, "2010-09-30": -0.134, "2010-06-30": 0.4283, "2010-03-31": "1.78620", "2009-12-31": 1.3262, "2009-09-30": -0.507, "2009-06-30": 0.4198, "2009-03-31": "1.06680", "2008-12-31": 1.7881, "2008-09-30": 1.069, "2008-06-30": 1.0446, "2008-03-31": "0.85870", "2007-12-31": 3.5212, "2007-09-30": 1.19, "2007-06-30": -0.8274, "2007-03-31": "0.74720", "2006-12-31": 3.8607, "2006-09-30": -0.9265, "2006-06-30": -2.6979, "2006-03-31": "-1.57830", "2005-12-31": 1.8651, "2005-09-30": -0.6864, "2005-06-30": -0.3565, "2005-03-31": "-1.06700"}}, "revenue": {"PulteGroup Annual Revenue (Millions of US $)": {"2020": "$11,036", "2019": "$10,213", "2018": "$10,188", "2017": "$8,578", "2016": "$7,677", "2015": "$5,982", "2014": "$5,822", "2013": "$5,680", "2012": "$4,820", "2011": "$4,137", "2010": "$4,569", "2009": "$4,084", "2008": "$6,263", "2007": "$9,256", "2006": "$14,274", "2005": "$14,695"}, "PulteGroup Quarterly Revenue (Millions of US $)": {"2020-12-31": "$3,192", "2020-09-30": "$2,955", "2020-06-30": "$2,594", "2020-03-31": "$2,295", "2019-12-31": "$3,017", "2019-09-30": "$2,710", "2019-06-30": "$2,489", "2019-03-31": "$1,997", "2018-12-31": "$2,999", "2018-09-30": "$2,649", "2018-06-30": "$2,570", "2018-03-31": "$1,970", "2017-12-31": "$2,795", "2017-09-30": "$2,131", "2017-06-30": "$2,022", "2017-03-31": "$1,630", "2016-12-31": "$2,501", "2016-09-30": "$1,943", "2016-06-30": "$1,800", "2016-03-31": "$1,433", "2015-12-31": "$2,062", "2015-09-30": "$1,507", "2015-06-30": "$1,280", "2015-03-31": "$1,133", "2014-12-31": "$1,823", "2014-09-30": "$1,595", "2014-06-30": "$1,286", "2014-03-31": "$1,119", "2013-12-31": "$1,655", "2013-09-30": "$1,582", "2013-06-30": "$1,279", "2013-03-31": "$1,163", "2012-12-31": "$1,567", "2012-09-30": "$1,303", "2012-06-30": "$1,069", "2012-03-31": "$881", "2011-12-31": "$1,262", "2011-09-30": "$1,142", "2011-06-30": "$927", "2011-03-31": "$805", "2010-12-31": "$1,185", "2010-09-30": "$1,058", "2010-06-30": "$1,306", "2010-03-31": "$1,020", "2009-12-31": "$1,731", "2009-09-30": "$1,091", "2009-06-30": "$679", "2009-03-31": "$584", "2008-12-31": "$1,637", "2008-09-30": "$1,558", "2008-06-30": "$1,619", "2008-03-31": "$1,449", "2007-12-31": "$2,892", "2007-09-30": "$2,472", "2007-06-30": "$2,021", "2007-03-31": "$1,871", "2006-12-31": "$4,389", "2006-09-30": "$3,564", "2006-06-30": "$3,359", "2006-03-31": "$2,963", "2005-12-31": "$5,132", "2005-09-30": "$3,794", "2005-06-30": "$3,251", "2005-03-31": "$2,518"}}, "gross-profit": {"PulteGroup Annual Gross Profit (Millions of US $)": {"2020": "$2,778", "2019": "$2,397", "2018": "$2,373", "2017": "$1,863", "2016": "$1,948", "2015": "$1,628", "2014": "$1,578", "2013": "$1,172", "2012": "$756", "2011": "$495", "2010": "$393", "2009": "$-574", "2008": "$-839", "2007": "$-583", "2006": "$1,146", "2005": "$2,202"}, "PulteGroup Quarterly Gross Profit (Millions of US $)": {"2020-12-31": "$809", "2020-09-30": "$760", "2020-06-30": "$659", "2020-03-31": "$550", "2019-12-31": "$701", "2019-09-30": "$642", "2019-06-30": "$584", "2019-03-31": "$470", "2018-12-31": "$629", "2018-09-30": "$641", "2018-06-30": "$637", "2018-03-31": "$466", "2017-12-31": "$614", "2017-09-30": "$512", "2017-06-30": "$356", "2017-03-31": "$381", "2016-12-31": "$636", "2016-09-30": "$487", "2016-06-30": "$459", "2016-03-31": "$366", "2015-12-31": "$711", "2015-09-30": "$360", "2015-06-30": "$301", "2015-03-31": "$256", "2014-12-31": "$618", "2014-09-30": "$373", "2014-06-30": "$305", "2014-03-31": "$282", "2013-12-31": "$382", "2013-09-30": "$329", "2013-06-30": "$245", "2013-03-31": "$217", "2012-12-31": "$233", "2012-09-30": "$237", "2012-06-30": "$172", "2012-03-31": "$113", "2011-12-31": "$124", "2011-09-30": "$178", "2011-06-30": "$95", "2011-03-31": "$99", "2010-12-31": "$26", "2010-09-30": "$77", "2010-06-30": "$154", "2010-03-31": "$136", "2009-12-31": "$-108", "2009-09-30": "$-45", "2009-06-30": "$-88", "2009-03-31": "$-334", "2008-12-31": "$-33", "2008-09-30": "$-95", "2008-06-30": "$-14", "2008-03-31": "$-697", "2007-12-31": "$1,352", "2007-09-30": "$-1,042", "2007-06-30": "$-751", "2007-03-31": "$-142", "2006-12-31": "$78", "2006-09-30": "$294", "2006-06-30": "$389", "2006-03-31": "$385", "2005-12-31": "$810", "2005-09-30": "$598", "2005-06-30": "$462", "2005-03-31": "$332"}}, "operating-income": {"PulteGroup Annual Operating Income (Millions of US $)": {"2020": "$1,729", "2019": "$1,340", "2018": "$1,348", "2017": "$939", "2016": "$934", "2015": "$816", "2014": "$690", "2013": "$528", "2012": "$175", "2011": "$-317", "2010": "$-1,244", "2009": "$-1,932", "2008": "$-1,693", "2007": "$-2,310", "2006": "$1,146", "2005": "$2,202"}, "PulteGroup Quarterly Operating Income (Millions of US $)": {"2020-12-31": "$524", "2020-09-30": "$484", "2020-06-30": "$457", "2020-03-31": "$264", "2019-12-31": "$436", "2019-09-30": "$366", "2019-06-30": "$321", "2019-03-31": "$217", "2018-12-31": "$329", "2018-09-30": "$385", "2018-06-30": "$409", "2018-03-31": "$224", "2017-12-31": "$409", "2017-09-30": "$268", "2017-06-30": "$123", "2017-03-31": "$139", "2016-12-31": "$414", "2016-09-30": "$212", "2016-06-30": "$190", "2016-03-31": "$118", "2015-12-31": "$373", "2015-09-30": "$179", "2015-06-30": "$168", "2015-03-31": "$96", "2014-12-31": "$277", "2014-09-30": "$224", "2014-06-30": "$65", "2014-03-31": "$123", "2013-12-31": "$235", "2013-09-30": "$173", "2013-06-30": "$37", "2013-03-31": "$82", "2012-12-31": "$50", "2012-09-30": "$105", "2012-06-30": "$37", "2012-03-31": "$-16", "2011-12-31": "$-11", "2011-09-30": "$-203", "2011-06-30": "$-55", "2011-03-31": "$-48", "2010-12-31": "$-193", "2010-09-30": "$-1,022", "2010-06-30": "$-13", "2010-03-31": "$-17", "2009-12-31": "$-925", "2009-09-30": "$-356", "2009-06-30": "$-187", "2009-03-31": "$-465", "2008-12-31": "$-480", "2008-09-30": "$-298", "2008-06-30": "$-219", "2008-03-31": "$-697", "2007-12-31": "$-374", "2007-09-30": "$-1,042", "2007-06-30": "$-751", "2007-03-31": "$-142", "2006-12-31": "$78", "2006-09-30": "$294", "2006-06-30": "$389", "2006-03-31": "$385", "2005-12-31": "$810", "2005-09-30": "$598", "2005-06-30": "$462", "2005-03-31": "$332"}}, "ebitda": {"PulteGroup Annual EBITDA (Millions of US $)": {"2020": "$1,815", "2019": "$1,394", "2018": "$1,397", "2017": "$990", "2016": "$988", "2015": "$862", "2014": "$730", "2013": "$559", "2012": "$205", "2011": "$-45", "2010": "$-542", "2009": "$-1,315", "2008": "$-1,614", "2007": "$-1,856", "2006": "$1,229", "2005": "$2,263"}, "PulteGroup Quarterly EBITDA (Millions of US $)": {"2020-12-31": "$541", "2020-09-30": "$501", "2020-06-30": "$473", "2020-03-31": "$299", "2019-12-31": "$450", "2019-09-30": "$380", "2019-06-30": "$334", "2019-03-31": "$230", "2018-12-31": "$342", "2018-09-30": "$397", "2018-06-30": "$421", "2018-03-31": "$236", "2017-12-31": "$421", "2017-09-30": "$281", "2017-06-30": "$135", "2017-03-31": "$152", "2016-12-31": "$428", "2016-09-30": "$226", "2016-06-30": "$203", "2016-03-31": "$131", "2015-12-31": "$386", "2015-09-30": "$191", "2015-06-30": "$178", "2015-03-31": "$107", "2014-12-31": "$288", "2014-09-30": "$234", "2014-06-30": "$75", "2014-03-31": "$132", "2013-12-31": "$244", "2013-09-30": "$181", "2013-06-30": "$45", "2013-03-31": "$90", "2012-12-31": "$58", "2012-09-30": "$112", "2012-06-30": "$45", "2012-03-31": "$-9", "2011-12-31": "$-4", "2011-09-30": "$45", "2011-06-30": "$-47", "2011-03-31": "$-39", "2010-12-31": "$-182", "2010-09-30": "$-356", "2010-06-30": "$0", "2010-03-31": "$-4", "2009-12-31": "$-347", "2009-09-30": "$-341", "2009-06-30": "$-175", "2009-03-31": "$-452", "2008-12-31": "$-458", "2008-09-30": "$-279", "2008-06-30": "$-200", "2008-03-31": "$-677", "2007-12-31": "$-320", "2007-09-30": "$-686", "2007-06-30": "$-730", "2007-03-31": "$-120", "2006-12-31": "$104", "2006-09-30": "$314", "2006-06-30": "$409", "2006-03-31": "$403", "2005-12-31": "$826", "2005-09-30": "$614", "2005-06-30": "$477", "2005-03-31": "$346"}}, "net-income": {"PulteGroup Annual Net Income (Millions of US $)": {"2020": "$1,394", "2019": "$1,006", "2018": "$1,011", "2017": "$443", "2016": "$598", "2015": "$491", "2014": "$474", "2013": "$2,601", "2012": "$206", "2011": "$-210", "2010": "$-1,097", "2009": "$-1,183", "2008": "$-1,473", "2007": "$-2,256", "2006": "$687", "2005": "$1,492"}, "PulteGroup Quarterly Net Income (Millions of US $)": {"2020-12-31": "$434", "2020-09-30": "$413", "2020-06-30": "$346", "2020-03-31": "$202", "2019-12-31": "$332", "2019-09-30": "$270", "2019-06-30": "$239", "2019-03-31": "$165", "2018-12-31": "$233", "2018-09-30": "$286", "2018-06-30": "$321", "2018-03-31": "$171", "2017-12-31": "$77", "2017-09-30": "$176", "2017-06-30": "$100", "2017-03-31": "$91", "2016-12-31": "$271", "2016-09-30": "$127", "2016-06-30": "$117", "2016-03-31": "$83", "2015-12-31": "$225", "2015-09-30": "$108", "2015-06-30": "$103", "2015-03-31": "$55", "2014-12-31": "$218", "2014-09-30": "$141", "2014-06-30": "$42", "2014-03-31": "$74", "2013-12-31": "$216", "2013-09-30": "$2,266", "2013-06-30": "$36", "2013-03-31": "$82", "2012-12-31": "$59", "2012-09-30": "$117", "2012-06-30": "$42", "2012-03-31": "$-12", "2011-12-31": "$14", "2011-09-30": "$-129", "2011-06-30": "$-55", "2011-03-31": "$-40", "2010-12-31": "$-165", "2010-09-30": "$-995", "2010-06-30": "$76", "2010-03-31": "$-12", "2009-12-31": "$-117", "2009-09-30": "$-361", "2009-06-30": "$-189", "2009-03-31": "$-515", "2008-12-31": "$-338", "2008-09-30": "$-280", "2008-06-30": "$-158", "2008-03-31": "$-696", "2007-12-31": "$-875", "2007-09-30": "$-788", "2007-06-30": "$-508", "2007-03-31": "$-86", "2006-12-31": "$-8", "2006-09-30": "$190", "2006-06-30": "$243", "2006-03-31": "$263", "2005-12-31": "$575", "2005-09-30": "$395", "2005-06-30": "$304", "2005-03-31": "$218"}}, "eps-earnings-per-share-diluted": {"PulteGroup Annual EPS": {"2020": "$5.18", "2019": "$3.66", "2018": "$3.55", "2017": "$1.44", "2016": "$1.75", "2015": "$1.36", "2014": "$1.26", "2013": "$6.72", "2012": "$0.54", "2011": "$-0.55", "2010": "$-2.90", "2009": "$-3.94", "2008": "$-5.81", "2007": "$-8.94", "2006": "$2.66", "2005": "$5.68"}, "PulteGroup Quarterly EPS": {"2020-12-31": "$1.61", "2020-09-30": "$1.54", "2020-06-30": "$1.29", "2020-03-31": "$0.74", "2019-12-31": "$1.22", "2019-09-30": "$0.99", "2019-06-30": "$0.86", "2019-03-31": "$0.59", "2018-12-31": "$0.83", "2018-09-30": "$1.01", "2018-06-30": "$1.12", "2018-03-31": "$0.59", "2017-12-31": "$0.26", "2017-09-30": "$0.58", "2017-06-30": "$0.32", "2017-03-31": "$0.28", "2016-12-31": "$0.80", "2016-09-30": "$0.37", "2016-06-30": "$0.34", "2016-03-31": "$0.24", "2015-12-31": "$0.63", "2015-09-30": "$0.30", "2015-06-30": "$0.28", "2015-03-31": "$0.15", "2014-12-31": "$0.59", "2014-09-30": "$0.37", "2014-06-30": "$0.11", "2014-03-31": "$0.19", "2013-12-31": "$0.55", "2013-09-30": "$5.87", "2013-06-30": "$0.09", "2013-03-31": "$0.21", "2012-12-31": "$0.16", "2012-09-30": "$0.30", "2012-06-30": "$0.11", "2012-03-31": "$-0.03", "2011-12-31": "$0.04", "2011-09-30": "$-0.34", "2011-06-30": "$-0.15", "2011-03-31": "$-0.10", "2010-12-31": "$-0.44", "2010-09-30": "$-2.63", "2010-06-30": "$0.20", "2010-03-31": "$-0.03", "2009-12-31": "$-0.03", "2009-09-30": "$-1.15", "2009-06-30": "$-0.74", "2009-03-31": "$-2.02", "2008-12-31": "$-1.32", "2008-09-30": "$-1.11", "2008-06-30": "$-0.63", "2008-03-31": "$-2.75", "2007-12-31": "$-3.47", "2007-09-30": "$-3.12", "2007-06-30": "$-2.01", "2007-03-31": "$-0.34", "2006-12-31": "$-0.03", "2006-09-30": "$0.74", "2006-06-30": "$0.94", "2006-03-31": "$1.01", "2005-12-31": "$2.20", "2005-09-30": "$1.50", "2005-06-30": "$1.15", "2005-03-31": "$0.83"}}, "shares-outstanding": {"PulteGroup Annual Shares Outstanding (Millions of Shares)": {"2020": "269", "2019": "275", "2018": "285", "2017": "307", "2016": "342", "2015": "360", "2014": "374", "2013": "387", "2012": "385", "2011": "380", "2010": "379", "2009": "300", "2008": "254", "2007": "252", "2006": "259", "2005": "263"}, "PulteGroup Quarterly Shares Outstanding (Millions of Shares)": {"2020-12-31": "269", "2020-09-30": "269", "2020-06-30": "269", "2020-03-31": "271", "2019-12-31": "275", "2019-09-30": "274", "2019-06-30": "278", "2019-03-31": "279", "2018-12-31": "285", "2018-09-30": "285", "2018-06-30": "287", "2018-03-31": "288", "2017-12-31": "307", "2017-09-30": "300", "2017-06-30": "314", "2017-03-31": "320", "2016-12-31": "342", "2016-09-30": "342", "2016-06-30": "348", "2016-03-31": "350", "2015-12-31": "360", "2015-09-30": "353", "2015-06-30": "364", "2015-03-31": "370", "2014-12-31": "374", "2014-09-30": "377", "2014-06-30": "380", "2014-03-31": "388", "2013-12-31": "387", "2013-09-30": "386", "2013-06-30": "391", "2013-03-31": "390", "2012-12-31": "385", "2012-09-30": "385", "2012-06-30": "382", "2012-03-31": "381", "2011-12-31": "380", "2011-09-30": "380", "2011-06-30": "380", "2011-03-31": "380", "2010-12-31": "379", "2010-09-30": "379", "2010-06-30": "380", "2010-03-31": "378", "2009-12-31": "300", "2009-09-30": "313", "2009-06-30": "255", "2009-03-31": "255", "2008-12-31": "254", "2008-09-30": "254", "2008-06-30": "253", "2008-03-31": "253", "2007-12-31": "252", "2007-09-30": "252", "2007-06-30": "252", "2007-03-31": "252", "2006-12-31": "259", "2006-09-30": "257", "2006-06-30": "259", "2006-03-31": "261", "2005-12-31": "263", "2005-09-30": "264", "2005-06-30": "264", "2005-03-31": "263"}}, "total-assets": {"PulteGroup Annual Total Assets (Millions of US $)": {"2020": "$12,206", "2019": "$10,716", "2018": "$10,173", "2017": "$9,687", "2016": "$10,178", "2015": "$9,189", "2014": "$8,569", "2013": "$8,734", "2012": "$6,734", "2011": "$6,886", "2010": "$7,699", "2009": "$10,051", "2008": "$7,708", "2007": "$10,226", "2006": "$13,177", "2005": "$13,061"}, "PulteGroup Quarterly Total Assets (Millions of US $)": {"2020-12-31": "$12,206", "2020-09-30": "$11,365", "2020-06-30": "$10,958", "2020-03-31": "$11,423", "2019-12-31": "$10,716", "2019-09-30": "$10,265", "2019-06-30": "$10,096", "2019-03-31": "$10,207", "2018-12-31": "$10,173", "2018-09-30": "$10,055", "2018-06-30": "$9,816", "2018-03-31": "$9,706", "2017-12-31": "$9,687", "2017-09-30": "$9,971", "2017-06-30": "$9,813", "2017-03-31": "$9,921", "2016-12-31": "$10,178", "2016-09-30": "$9,872", "2016-06-30": "$9,507", "2016-03-31": "$9,843", "2015-12-31": "$9,189", "2015-09-30": "$8,802", "2015-06-30": "$8,158", "2015-03-31": "$8,433", "2014-12-31": "$8,569", "2014-09-30": "$8,615", "2014-06-30": "$8,467", "2014-03-31": "$8,351", "2013-12-31": "$8,734", "2013-09-30": "$8,694", "2013-06-30": "$6,452", "2013-03-31": "$6,741", "2012-12-31": "$6,734", "2012-09-30": "$7,141", "2012-06-30": "$6,953", "2012-03-31": "$6,859", "2011-12-31": "$6,886", "2011-09-30": "$7,229", "2011-06-30": "$7,426", "2011-03-31": "$7,517", "2010-12-31": "$7,699", "2010-09-30": "$9,093", "2010-06-30": "$9,915", "2010-03-31": "$9,909", "2009-12-31": "$10,051", "2009-09-30": "$10,282", "2009-06-30": "$6,403", "2009-03-31": "$6,815", "2008-12-31": "$7,708", "2008-09-30": "$8,183", "2008-06-30": "$8,579", "2008-03-31": "$9,047", "2007-12-31": "$10,226", "2007-09-30": "$10,932", "2007-06-30": "$11,952", "2007-03-31": "$12,151", "2006-12-31": "$13,177", "2006-09-30": "$13,916", "2006-06-30": "$13,624", "2006-03-31": "$12,703", "2005-12-31": "$13,061", "2005-09-30": "$12,284", "2005-06-30": "$11,631", "2005-03-31": "$10,901"}}, "cash-on-hand": {"PulteGroup Annual Cash on Hand (Millions of US $)": {"2020": "$2,632", "2019": "$1,251", "2018": "$1,134", "2017": "$306", "2016": "$723", "2015": "$775", "2014": "$1,309", "2013": "$1,653", "2012": "$1,477", "2011": "$1,185", "2010": "$1,508", "2009": "$1,891", "2008": "$1,655", "2007": "$1,060", "2006": "$551", "2005": "$1,002"}, "PulteGroup Quarterly Cash on Hand (Millions of US $)": {"2020-12-31": "$2,632", "2020-09-30": "$2,114", "2020-06-30": "$1,698", "2020-03-31": "$1,851", "2019-12-31": "$1,251", "2019-09-30": "$769", "2019-06-30": "$659", "2019-03-31": "$1,081", "2018-12-31": "$1,134", "2018-09-30": "$759", "2018-06-30": "$402", "2018-03-31": "$185", "2017-12-31": "$306", "2017-09-30": "$197", "2017-06-30": "$240", "2017-03-31": "$424", "2016-12-31": "$723", "2016-09-30": "$461", "2016-06-30": "$256", "2016-03-31": "$1,018", "2015-12-31": "$775", "2015-09-30": "$760", "2015-06-30": "$478", "2015-03-31": "$1,068", "2014-12-31": "$1,309", "2014-09-30": "$1,247", "2014-06-30": "$1,273", "2014-03-31": "$1,344", "2013-12-31": "$1,653", "2013-09-30": "$1,419", "2013-06-30": "$1,279", "2013-03-31": "$1,660", "2012-12-31": "$1,477", "2012-09-30": "$1,640", "2012-06-30": "$1,397", "2012-03-31": "$1,302", "2011-12-31": "$1,185", "2011-09-30": "$1,256", "2011-06-30": "$1,203", "2011-03-31": "$1,426", "2010-12-31": "$1,508", "2010-09-30": "$2,656", "2010-06-30": "$2,776", "2010-03-31": "$2,612", "2009-12-31": "$1,891", "2009-09-30": "$1,551", "2009-06-30": "$1,636", "2009-03-31": "$1,746", "2008-12-31": "$1,655", "2008-09-30": "$1,174", "2008-06-30": "$988", "2008-03-31": "$1,071", "2007-12-31": "$1,060", "2007-09-30": "$102", "2007-06-30": "$75", "2007-03-31": "$117", "2006-12-31": "$551", "2006-09-30": "$95", "2006-06-30": "$104", "2006-03-31": "$121", "2005-12-31": "$1,002", "2005-09-30": "$215", "2005-06-30": "$451", "2005-03-31": "$351"}}, "long-term-debt": {"PulteGroup Annual Long Term Debt (Millions of US $)": {"2020": "$2,752", "2019": "$2,765", "2018": "$3,028", "2017": "$3,007", "2016": "$3,129", "2015": "$2,075", "2014": "$1,819", "2013": "$2,058", "2012": "$2,510", "2011": "$3,088", "2010": "$3,392", "2009": "$4,282", "2008": "$3,166", "2007": "$3,478", "2006": "$3,538", "2005": "$3,387"}, "PulteGroup Quarterly Long Term Debt (Millions of US $)": {"2020-12-31": "$2,752", "2020-09-30": "$2,779", "2020-06-30": "$2,771", "2020-03-31": "$2,756", "2019-12-31": "$2,765", "2019-09-30": "$2,744", "2019-06-30": "$2,740", "2019-03-31": "$3,024", "2018-12-31": "$3,028", "2018-09-30": "$3,005", "2018-06-30": "$3,006", "2018-03-31": "$3,088", "2017-12-31": "$3,007", "2017-09-30": "$3,110", "2017-06-30": "$3,110", "2017-03-31": "$3,110", "2016-12-31": "$3,129", "2016-09-30": "$3,110", "2016-06-30": "$2,603", "2016-03-31": "$3,067", "2015-12-31": "$2,075", "2015-09-30": "$2,084", "2015-06-30": "$1,584", "2015-03-31": "$1,820", "2014-12-31": "$1,819", "2014-09-30": "$1,817", "2014-06-30": "$1,816", "2014-03-31": "$1,814", "2013-12-31": "$2,058", "2013-09-30": "$2,057", "2013-06-30": "$2,082", "2013-03-31": "$2,512", "2012-12-31": "$2,510", "2012-09-30": "$3,000", "2012-06-30": "$3,094", "2012-03-31": "$3,091", "2011-12-31": "$3,088", "2011-09-30": "$3,335", "2011-06-30": "$3,332", "2011-03-31": "$3,381", "2010-12-31": "$3,392", "2010-09-30": "$4,286", "2010-06-30": "$4,285", "2010-03-31": "$4,283", "2009-12-31": "$4,282", "2009-09-30": "$4,280", "2009-06-30": "$2,974", "2009-03-31": "$3,167", "2008-12-31": "$3,166", "2008-09-30": "$3,166", "2008-06-30": "$3,166", "2008-03-31": "$3,479", "2007-12-31": "$3,478", "2007-09-30": "$3,478", "2007-06-30": "$3,478", "2007-03-31": "$3,538", "2006-12-31": "$3,538", "2006-09-30": "$3,538", "2006-06-30": "$3,537", "2006-03-31": "$3,387", "2005-12-31": "$3,387", "2005-09-30": "$3,511", "2005-06-30": "$3,511", "2005-03-31": "$3,510"}}, "total-liabilities": {"PulteGroup Annual Total Liabilities (Millions of US $)": {"2020": "$5,636", "2019": "$5,257", "2018": "$5,355", "2017": "$5,533", "2016": "$5,519", "2015": "$4,430", "2014": "$3,764", "2013": "$4,085", "2012": "$4,545", "2011": "$4,947", "2010": "$5,564", "2009": "$6,857", "2008": "$4,873", "2007": "$5,906", "2006": "$6,600", "2005": "$7,104"}, "PulteGroup Quarterly Total Liabilities (Millions of US $)": {"2020-12-31": "$5,636", "2020-09-30": "$5,125", "2020-06-30": "$5,107", "2020-03-31": "$5,893", "2019-12-31": "$5,257", "2019-09-30": "$5,083", "2019-06-30": "$5,026", "2019-03-31": "$5,274", "2018-12-31": "$5,355", "2018-09-30": "$5,326", "2018-06-30": "$5,289", "2018-03-31": "$5,432", "2017-12-31": "$5,533", "2017-09-30": "$5,626", "2017-06-30": "$5,369", "2017-03-31": "$5,261", "2016-12-31": "$5,519", "2016-09-30": "$5,200", "2016-06-30": "$4,689", "2016-03-31": "$5,070", "2015-12-31": "$4,430", "2015-09-30": "$4,230", "2015-06-30": "$3,552", "2015-03-31": "$3,691", "2014-12-31": "$3,764", "2014-09-30": "$3,904", "2014-06-30": "$3,829", "2014-03-31": "$3,687", "2013-12-31": "$4,085", "2013-09-30": "$4,202", "2013-06-30": "$4,124", "2013-03-31": "$4,466", "2012-12-31": "$4,545", "2012-09-30": "$5,019", "2012-06-30": "$4,978", "2012-03-31": "$4,931", "2011-12-31": "$4,947", "2011-09-30": "$5,305", "2011-06-30": "$5,376", "2011-03-31": "$5,416", "2010-12-31": "$5,564", "2010-09-30": "$6,796", "2010-06-30": "$6,634", "2010-03-31": "$6,712", "2009-12-31": "$6,857", "2009-09-30": "$6,969", "2009-06-30": "$4,253", "2009-03-31": "$4,487", "2008-12-31": "$4,873", "2008-09-30": "$5,000", "2008-06-30": "$5,110", "2008-03-31": "$5,423", "2007-12-31": "$5,906", "2007-09-30": "$5,744", "2007-06-30": "$5,981", "2007-03-31": "$5,681", "2006-12-31": "$6,600", "2006-09-30": "$7,349", "2006-06-30": "$7,239", "2006-03-31": "$6,520", "2005-12-31": "$7,104", "2005-09-30": "$6,816", "2005-06-30": "$6,547", "2005-03-31": "$6,131"}}, "total-share-holder-equity": {"PulteGroup Annual Share Holder Equity (Millions of US $)": {"2020": "$6,570", "2019": "$5,458", "2018": "$4,818", "2017": "$4,154", "2016": "$4,659", "2015": "$4,759", "2014": "$4,805", "2013": "$4,649", "2012": "$2,190", "2011": "$1,939", "2010": "$2,135", "2009": "$3,194", "2008": "$2,836", "2007": "$4,320", "2006": "$6,577", "2005": "$5,957"}, "PulteGroup Quarterly Share Holder Equity (Millions of US $)": {"2020-12-31": "$6,570", "2020-09-30": "$6,240", "2020-06-30": "$5,852", "2020-03-31": "$5,530", "2019-12-31": "$5,458", "2019-09-30": "$5,182", "2019-06-30": "$5,070", "2019-03-31": "$4,933", "2018-12-31": "$4,818", "2018-09-30": "$4,729", "2018-06-30": "$4,527", "2018-03-31": "$4,275", "2017-12-31": "$4,154", "2017-09-30": "$4,345", "2017-06-30": "$4,444", "2017-03-31": "$4,660", "2016-12-31": "$4,659", "2016-09-30": "$4,672", "2016-06-30": "$4,818", "2016-03-31": "$4,774", "2015-12-31": "$4,759", "2015-09-30": "$4,572", "2015-06-30": "$4,606", "2015-03-31": "$4,742", "2014-12-31": "$4,805", "2014-09-30": "$4,710", "2014-06-30": "$4,638", "2014-03-31": "$4,664", "2013-12-31": "$4,649", "2013-09-30": "$4,492", "2013-06-30": "$2,328", "2013-03-31": "$2,276", "2012-12-31": "$2,190", "2012-09-30": "$2,122", "2012-06-30": "$1,975", "2012-03-31": "$1,929", "2011-12-31": "$1,939", "2011-09-30": "$1,923", "2011-06-30": "$2,050", "2011-03-31": "$2,100", "2010-12-31": "$2,135", "2010-09-30": "$2,296", "2010-06-30": "$3,282", "2010-03-31": "$3,197", "2009-12-31": "$3,194", "2009-09-30": "$3,313", "2009-06-30": "$2,150", "2009-03-31": "$2,328", "2008-12-31": "$2,836", "2008-09-30": "$3,183", "2008-06-30": "$3,470", "2008-03-31": "$3,624", "2007-12-31": "$4,320", "2007-09-30": "$5,189", "2007-06-30": "$5,970", "2007-03-31": "$6,470", "2006-12-31": "$6,577", "2006-09-30": "$6,567", "2006-06-30": "$6,385", "2006-03-31": "$6,183", "2005-12-31": "$5,957", "2005-09-30": "$5,467", "2005-06-30": "$5,084", "2005-03-31": "$4,770"}}, "profit-margins": {"current": "12.75%"}, "gross margin": {"2020-12-31": "25.17%", "2020-09-30": "24.58%", "2020-06-30": "24.04%", "2020-03-31": "23.57%", "2019-12-31": "23.47%", "2019-09-30": "22.81%", "2019-06-30": "22.93%", "2019-03-31": "23.27%", "2018-12-31": "23.29%", "2018-09-30": "23.62%", "2018-06-30": "23.55%", "2018-03-31": "21.84%", "2017-12-31": "21.72%", "2017-09-30": "22.75%", "2017-06-30": "22.97%", "2017-03-31": "24.93%", "2016-12-31": "25.37%", "2016-09-30": "27.95%", "2016-06-30": "27.87%", "2016-03-31": "27.67%", "2015-12-31": "27.21%", "2015-09-30": "26.73%", "2015-06-30": "26.55%", "2015-03-31": "26.59%", "2014-12-31": "27.10%", "2014-09-30": "23.73%", "2014-06-30": "23.01%", "2014-03-31": "21.97%", "2013-12-31": "20.66%", "2013-09-30": "18.32%", "2013-06-30": "17.55%", "2013-03-31": "16.84%", "2012-12-31": "15.66%", "2012-09-30": "14.31%", "2012-06-30": "13.48%", "2012-03-31": "12.11%", "2011-12-31": "11.99%", "2011-09-30": "9.81%", "2011-06-30": "7.47%", "2011-03-31": "8.18%", "2010-12-31": "8.60%", "2010-09-30": "5.06%", "2010-06-30": "2.66%", "2010-03-31": "-2.32%", "2009-12-31": "-14.08%", "2009-09-30": "-12.53%", "2009-06-30": "-12.34%", "2009-03-31": "-8.82%", "2008-12-31": "-13.40%", "2008-09-30": "7.26%", "2008-06-30": "-4.76%", "2008-03-31": "-12.88%", "2007-12-31": "-6.30%", "2007-09-30": "-17.27%", "2007-06-30": "-4.40%", "2007-03-31": "4.70%", "2006-12-31": "8.03%", "2006-09-30": "12.50%", "2006-06-30": "14.31%", "2006-03-31": "14.89%", "2005-12-31": "14.98%"}, "operating margin": {"2020-12-31": "15.67%", "2020-09-30": "15.11%", "2020-06-30": "14.35%", "2020-03-31": "13.20%", "2019-12-31": "13.12%", "2019-09-30": "12.09%", "2019-06-30": "12.35%", "2019-03-31": "13.12%", "2018-12-31": "13.22%", "2018-09-30": "14.29%", "2018-06-30": "13.84%", "2018-03-31": "11.48%", "2017-12-31": "10.95%", "2017-09-30": "11.40%", "2017-06-30": "10.97%", "2017-03-31": "12.13%", "2016-12-31": "12.17%", "2016-09-30": "12.34%", "2016-06-30": "12.64%", "2016-03-31": "13.34%", "2015-12-31": "13.64%", "2015-09-30": "12.54%", "2015-06-30": "13.12%", "2015-03-31": "11.34%", "2014-12-31": "11.83%", "2014-09-30": "11.44%", "2014-06-30": "10.56%", "2014-03-31": "10.08%", "2013-12-31": "9.28%", "2013-09-30": "6.12%", "2013-06-30": "5.16%", "2013-03-31": "5.37%", "2012-12-31": "3.65%", "2012-09-30": "2.55%", "2012-06-30": "-4.43%", "2012-03-31": "-6.77%", "2011-12-31": "-7.66%", "2011-09-30": "-12.29%", "2011-06-30": "-33.16%", "2011-03-31": "-29.31%", "2010-12-31": "-27.25%", "2010-09-30": "-38.65%", "2010-06-30": "-25.47%", "2010-03-31": "-32.85%", "2009-12-31": "-47.32%", "2009-09-30": "-37.28%", "2009-06-30": "-32.08%", "2009-03-31": "-27.08%", "2008-12-31": "-27.05%", "2008-09-30": "-21.12%", "2008-06-30": "-27.66%", "2008-03-31": "-32.42%", "2007-12-31": "-24.95%", "2007-09-30": "-17.27%", "2007-06-30": "-4.40%", "2007-03-31": "4.70%", "2006-12-31": "8.03%", "2006-09-30": "12.50%", "2006-06-30": "14.31%", "2006-03-31": "14.89%", "2005-12-31": "14.98%"}, "ebitda margin": {"2020-12-31": "16.44%", "2020-09-30": "15.86%", "2020-06-30": "15.09%", "2020-03-31": "13.92%", "2019-12-31": "13.65%", "2019-09-30": "12.61%", "2019-06-30": "12.86%", "2019-03-31": "13.61%", "2018-12-31": "13.70%", "2018-09-30": "14.77%", "2018-06-30": "14.36%", "2018-03-31": "12.03%", "2017-12-31": "11.53%", "2017-09-30": "12.02%", "2017-06-30": "11.62%", "2017-03-31": "12.81%", "2016-12-31": "12.87%", "2016-09-30": "13.07%", "2016-06-30": "13.39%", "2016-03-31": "14.10%", "2015-12-31": "14.41%", "2015-09-30": "13.30%", "2015-06-30": "13.84%", "2015-03-31": "12.06%", "2014-12-31": "12.52%", "2014-09-30": "12.11%", "2014-06-30": "11.20%", "2014-03-31": "10.68%", "2013-12-31": "9.86%", "2013-09-30": "6.69%", "2013-06-30": "5.74%", "2013-03-31": "5.98%", "2012-12-31": "4.27%", "2012-09-30": "3.19%", "2012-06-30": "1.77%", "2012-03-31": "-0.36%", "2011-12-31": "-1.09%", "2011-09-30": "-5.49%", "2011-06-30": "-15.70%", "2011-03-31": "-13.25%", "2010-12-31": "-11.86%", "2010-09-30": "-13.82%", "2010-06-30": "-13.44%", "2010-03-31": "-19.18%", "2009-12-31": "-32.19%", "2009-09-30": "-35.73%", "2009-06-30": "-30.60%", "2009-03-31": "-25.73%", "2008-12-31": "-25.77%", "2008-09-30": "-19.63%", "2008-06-30": "-22.33%", "2008-03-31": "-27.31%", "2007-12-31": "-20.05%", "2007-09-30": "-13.32%", "2007-06-30": "-3.65%", "2007-03-31": "5.36%", "2006-12-31": "8.62%", "2006-09-30": "13.00%", "2006-06-30": "14.77%", "2006-03-31": "15.32%", "2005-12-31": "15.40%"}, "pre tax profit margin": {"2020-12-31": "15.67%", "2020-09-30": "15.11%", "2020-06-30": "14.35%", "2020-03-31": "13.20%", "2019-12-31": "13.12%", "2019-09-30": "12.09%", "2019-06-30": "12.35%", "2019-03-31": "13.12%", "2018-12-31": "13.22%", "2018-09-30": "14.29%", "2018-06-30": "13.84%", "2018-03-31": "11.48%", "2017-12-31": "10.95%", "2017-09-30": "11.40%", "2017-06-30": "10.97%", "2017-03-31": "12.13%", "2016-12-31": "12.17%", "2016-09-30": "12.34%", "2016-06-30": "12.64%", "2016-03-31": "13.34%", "2015-12-31": "13.64%", "2015-09-30": "12.36%", "2015-06-30": "12.97%", "2015-03-31": "11.24%", "2014-12-31": "11.85%", "2014-09-30": "11.58%", "2014-06-30": "10.72%", "2014-03-31": "10.20%", "2013-12-31": "9.28%", "2013-09-30": "6.19%", "2013-06-30": "5.21%", "2013-03-31": "5.47%", "2012-12-31": "3.82%", "2012-09-30": "2.75%", "2012-06-30": "-4.25%", "2012-03-31": "-6.60%", "2011-12-31": "-7.50%", "2011-09-30": "-12.10%", "2011-06-30": "-33.01%", "2011-03-31": "-29.05%", "2010-12-31": "-27.03%", "2010-09-30": "-38.36%", "2010-06-30": "-25.19%", "2010-03-31": "-32.69%", "2009-12-31": "-48.35%", "2009-09-30": "-38.54%", "2009-06-30": "-33.06%", "2009-03-31": "-27.83%", "2008-12-31": "-26.87%", "2008-09-30": "-22.04%", "2008-06-30": "-29.13%", "2008-03-31": "-34.50%", "2007-12-31": "-26.99%", "2007-09-30": "-19.18%", "2007-06-30": "-5.67%", "2007-03-31": "3.97%", "2006-12-31": "7.59%", "2006-09-30": "12.87%", "2006-06-30": "14.76%", "2006-03-31": "15.52%", "2005-12-31": "15.50%"}, "net profit margin": {"2020-12-31": "12.64%", "2020-09-30": "11.90%", "2020-06-30": "10.83%", "2020-03-31": "9.92%", "2019-12-31": "9.85%", "2019-09-30": "8.90%", "2019-06-30": "9.11%", "2019-03-31": "9.84%", "2018-12-31": "9.92%", "2018-09-30": "8.56%", "2018-06-30": "7.87%", "2018-03-31": "5.88%", "2017-12-31": "5.18%", "2017-09-30": "7.70%", "2017-06-30": "7.28%", "2017-03-31": "7.70%", "2016-12-31": "7.79%", "2016-09-30": "7.63%", "2016-06-30": "7.84%", "2016-03-31": "8.26%", "2015-12-31": "8.21%", "2015-09-30": "8.43%", "2015-06-30": "8.87%", "2015-03-31": "7.81%", "2014-12-31": "8.16%", "2014-09-30": "8.36%", "2014-06-30": "46.05%", "2014-03-31": "46.00%", "2013-12-31": "45.78%", "2013-09-30": "43.70%", "2013-06-30": "5.53%", "2013-03-31": "5.88%", "2012-12-31": "4.27%", "2012-09-30": "3.57%", "2012-06-30": "-1.95%", "2012-03-31": "-4.32%", "2011-12-31": "-5.08%", "2011-09-30": "-9.58%", "2011-06-30": "-31.57%", "2011-03-31": "-25.82%", "2010-12-31": "-23.99%", "2010-09-30": "-20.49%", "2010-06-30": "-8.04%", "2010-03-31": "-15.02%", "2009-12-31": "-28.94%", "2009-09-30": "-35.15%", "2009-06-30": "-29.65%", "2009-03-31": "-23.92%", "2008-12-31": "-23.50%", "2008-09-30": "-26.72%", "2008-06-30": "-29.85%", "2008-03-31": "-32.45%", "2007-12-31": "-24.38%", "2007-09-30": "-12.93%", "2007-06-30": "-3.48%", "2007-03-31": "2.57%", "2006-12-31": "4.82%", "2006-09-30": "8.46%", "2006-06-30": "9.68%", "2006-03-31": "10.15%", "2005-12-31": "10.15%"}, "pe ratio": {"current": "10.42", "2021-02-11": "9.54", "2020-12-31": "8.31", "2020-09-30": "9.63", "2020-06-30": "7.98", "2020-03-31": "5.80", "2019-12-31": "10.46", "2019-09-30": "10.96", "2019-06-30": "9.40", "2019-03-31": "7.68", "2018-12-31": "7.11", "2018-09-30": "8.06", "2018-06-30": "10.89", "2018-03-31": "16.23", "2017-12-31": "22.17", "2017-09-30": "13.02", "2017-06-30": "13.00", "2017-03-31": "12.30", "2016-12-31": "9.78", "2016-09-30": "11.88", "2016-06-30": "12.03", "2016-03-31": "11.97", "2015-12-31": "12.09", "2015-09-30": "13.32", "2015-06-30": "13.44", "2015-03-31": "16.85", "2014-12-31": "15.68", "2014-09-30": "12.96", "2014-06-30": "2.71", "2014-03-31": "2.58", "2013-12-31": "2.73", "2013-09-30": "2.35", "2013-06-30": "22.64", "2013-03-31": "23.53", "2012-12-31": "30.67", "2012-09-30": "33.04", "2012-06-30": "0.00", "2012-03-31": "0.00", "2011-12-31": "0.00", "2011-09-30": "0.00", "2011-06-30": "0.00", "2011-03-31": "0.00", "2010-12-31": "0.00", "2010-09-30": "0.00", "2010-06-30": "0.00", "2010-03-31": "0.00", "2009-12-31": "0.00", "2009-09-30": "0.00", "2009-06-30": "0.00", "2009-03-31": "0.00", "2008-12-31": "0.00", "2008-09-30": "0.00", "2008-06-30": "0.00", "2008-03-31": "0.00", "2007-12-31": "0.00", "2007-09-30": "0.00", "2007-06-30": "0.00", "2007-03-31": "17.57", "2006-12-31": "10.90"}, "price sales": {"2021-02-11": "1.21", "2020-12-31": "1.05", "2020-09-30": "1.15", "2020-06-30": "0.87", "2020-03-31": "0.58", "2019-12-31": "1.03", "2019-09-30": "0.98", "2019-06-30": "0.86", "2019-03-31": "0.76", "2018-12-31": "0.71", "2018-09-30": "0.70", "2018-06-30": "0.87", "2018-03-31": "0.96", "2017-12-31": "1.15", "2017-09-30": "1.01", "2017-06-30": "0.95", "2017-03-31": "0.96", "2016-12-31": "0.78", "2016-09-30": "0.91", "2016-06-30": "0.95", "2016-03-31": "0.99", "2015-12-31": "1.00", "2015-09-30": "1.11", "2015-06-30": "1.18", "2015-03-31": "1.31", "2014-12-31": "1.28", "2014-09-30": "1.09", "2014-06-30": "1.25", "2014-03-31": "1.20", "2013-12-31": "1.26", "2013-09-30": "1.03", "2013-06-30": "1.24", "2013-03-31": "1.37", "2012-12-31": "1.29", "2012-09-30": "1.17", "2012-06-30": "0.84", "2012-03-31": "0.71", "2011-12-31": "0.52", "2011-09-30": "0.33", "2011-06-30": "0.65", "2011-03-31": "0.58", "2010-12-31": "0.56", "2010-09-30": "0.53", "2010-06-30": "0.48", "2010-03-31": "0.69", "2009-12-31": "0.63", "2009-09-30": "0.66", "2009-06-30": "0.45", "2009-03-31": "0.46", "2008-12-31": "0.40", "2008-09-30": "0.42", "2008-06-30": "0.26", "2008-03-31": "0.37", "2007-12-31": "0.25", "2007-09-30": "0.28", "2007-06-30": "0.43", "2007-03-31": "0.45", "2006-12-31": "0.53"}, "price book": {"current": "1.99", "2021-02-11": "2.01", "2020-12-31": "1.75", "2020-09-30": "1.98", "2020-06-30": "1.55", "2020-03-31": "1.07", "2019-12-31": "1.90", "2019-09-30": "1.88", "2019-06-30": "1.68", "2019-03-31": "1.54", "2018-12-31": "1.45", "2018-09-30": "1.43", "2018-06-30": "1.74", "2018-03-31": "1.90", "2017-12-31": "2.20", "2017-09-30": "1.77", "2017-06-30": "1.60", "2017-03-31": "1.52", "2016-12-31": "1.19", "2016-09-30": "1.34", "2016-06-30": "1.31", "2016-03-31": "1.27", "2015-12-31": "1.21", "2015-09-30": "1.33", "2015-06-30": "1.43", "2015-03-31": "1.57", "2014-12-31": "1.51", "2014-09-30": "1.28", "2014-06-30": "1.48", "2014-03-31": "1.41", "2013-12-31": "1.51", "2013-09-30": "1.27", "2013-06-30": "2.83", "2013-03-31": "3.09", "2012-12-31": "2.87", "2012-09-30": "2.53", "2012-06-30": "1.86", "2012-03-31": "1.58", "2011-12-31": "1.11", "2011-09-30": "0.70", "2011-06-30": "1.28", "2011-03-31": "1.21", "2010-12-31": "1.20", "2010-09-30": "1.31", "2010-06-30": "0.86", "2010-03-31": "1.21", "2009-12-31": "1.07", "2009-09-30": "1.13", "2009-06-30": "0.95", "2009-03-31": "1.09", "2008-12-31": "0.89", "2008-09-30": "1.01", "2008-06-30": "0.64", "2008-03-31": "0.92", "2007-12-31": "0.55", "2007-09-30": "0.59", "2007-06-30": "0.84", "2007-03-31": "0.92", "2006-12-31": "1.13", "2006-09-30": "1.08", "2006-06-30": "1.00", "2006-03-31": "1.39"}, "price fcf": {"2021-02-11": "", "2020-12-31": "$6.41", "2020-09-30": "$6.27", "2020-06-30": "$5.57", "2020-03-31": "$3.87", "2019-12-31": "$3.70", "2019-09-30": "$3.45", "2019-06-30": "$4.08", "2019-03-31": "$4.86", "2018-12-31": "$4.88", "2018-09-30": "$4.70", "2018-06-30": "$3.34", "2018-03-31": "$2.50", "2017-12-31": "$2.06", "2017-09-30": "$1.83", "2017-06-30": "$1.57", "2017-03-31": "$0.38", "2016-12-31": "$0.08", "2016-09-30": "$-1.26", "2016-06-30": "$-1.46", "2016-03-31": "$-1.16", "2015-12-31": "$-1.06", "2015-09-30": "$-0.52", "2015-06-30": "$-0.00", "2015-03-31": "$0.40", "2014-12-31": "$0.69", "2014-09-30": "$1.24", "2014-06-30": "$1.48", "2014-03-31": "$1.71", "2013-12-31": "$2.20", "2013-09-30": "$2.27", "2013-06-30": "$2.24", "2013-03-31": "$2.34", "2012-12-31": "$1.96", "2012-09-30": "$1.53", "2012-06-30": "$1.15", "2012-03-31": "$0.46", "2011-12-31": "$0.02", "2011-09-30": "$-0.99", "2011-06-30": "$-1.27", "2011-03-31": "$-0.40", "2010-12-31": "$1.53", "2010-09-30": "$3.41", "2010-06-30": "$3.03", "2010-03-31": "$3.03", "2009-12-31": "$2.31", "2009-09-30": "$2.77", "2009-06-30": "$4.34", "2009-03-31": "$4.97", "2008-12-31": "$4.76", "2008-09-30": "$6.49", "2008-06-30": "$6.61", "2008-03-31": "$4.74", "2007-12-31": "$4.63", "2007-09-30": "$4.97", "2007-06-30": "$2.85", "2007-03-31": "$0.98", "2006-12-31": "$-1.34"}, "net worth": {"value": "$13.08B"}, "current ratio": {"2020-12-31": "1.37", "2020-09-30": "1.31", "2020-06-30": "1.13", "2020-03-31": "0.82", "2019-12-31": "0.80", "2019-09-30": "0.59", "2019-06-30": "0.52", "2019-03-31": "0.73", "2018-12-31": "0.77", "2018-09-30": "0.56", "2018-06-30": "0.41", "2018-03-31": "0.30", "2017-12-31": "0.40", "2017-09-30": "0.25", "2017-06-30": "0.31", "2017-03-31": "0.41", "2016-12-31": "0.58", "2016-09-30": "0.45", "2016-06-30": "0.34", "2016-03-31": "0.75", "2015-12-31": "0.58", "2015-09-30": "0.56", "2015-06-30": "0.44", "2015-03-31": "0.79", "2014-12-31": "0.94", "2014-09-30": "0.87", "2014-06-30": "0.93", "2014-03-31": "1.04", "2013-12-31": "1.15", "2013-09-30": "0.97", "2013-06-30": "0.91", "2013-03-31": "1.16", "2012-12-31": "1.04", "2012-09-30": "1.12", "2012-06-30": "1.05", "2012-03-31": "0.96", "2011-12-31": "0.90", "2011-09-30": "0.86", "2011-06-30": "0.81", "2011-03-31": "0.94", "2010-12-31": "0.92", "2010-09-30": "1.33", "2010-06-30": "1.54", "2010-03-31": "1.41", "2009-12-31": "0.96", "2009-09-30": "0.77", "2009-06-30": "1.59", "2009-03-31": "1.63", "2008-12-31": "1.27", "2008-09-30": "0.90", "2008-06-30": "0.76", "2008-03-31": "0.80", "2007-12-31": "0.70", "2007-09-30": "0.23", "2007-06-30": "0.20", "2007-03-31": "0.24", "2006-12-31": "0.51", "2006-09-30": "0.20", "2006-06-30": "0.20", "2006-03-31": "0.26", "2005-12-31": "0.66", "2005-09-30": "0.30", "2005-06-30": "0.41", "2005-03-31": "0.36"}, "quick ratio": {"2020-12-31": "0.00", "2020-09-30": "0.00", "2020-06-30": "0.00", "2020-03-31": "0.00", "2019-12-31": "0.00", "2019-09-30": "0.00", "2019-06-30": "0.00", "2019-03-31": "0.00", "2018-12-31": "0.00", "2018-09-30": "0.00", "2018-06-30": "0.00", "2018-03-31": "0.00", "2017-12-31": "0.00", "2017-09-30": "0.00", "2017-06-30": "0.00", "2017-03-31": "0.00", "2016-12-31": "0.00", "2016-09-30": "0.00", "2016-06-30": "0.00", "2016-03-31": "0.00", "2015-12-31": "0.00", "2015-09-30": "0.00", "2015-06-30": "0.00", "2015-03-31": "0.00", "2014-12-31": "0.00", "2014-09-30": "0.00", "2014-06-30": "0.00", "2014-03-31": "0.00", "2013-12-31": "0.00", "2013-09-30": "0.00", "2013-06-30": "0.00", "2013-03-31": "0.00", "2012-12-31": "0.00", "2012-09-30": "0.00", "2012-06-30": "0.00", "2012-03-31": "0.00", "2011-12-31": "0.00", "2011-09-30": "0.00", "2011-06-30": "0.00", "2011-03-31": "0.00", "2010-12-31": "0.00", "2010-09-30": "0.00", "2010-06-30": "0.00", "2010-03-31": "0.00", "2009-12-31": "0.00", "2009-09-30": "0.00", "2009-06-30": "0.00", "2009-03-31": "0.00", "2008-12-31": "0.00", "2008-09-30": "0.00", "2008-06-30": "0.00", "2008-03-31": "0.00", "2007-12-31": "0.00", "2007-09-30": "0.00", "2007-06-30": "0.00", "2007-03-31": "0.00", "2006-12-31": "0.00", "2006-09-30": "0.00", "2006-06-30": "0.00", "2006-03-31": "0.00", "2005-12-31": "0.00", "2005-09-30": "0.00", "2005-06-30": "0.00", "2005-03-31": "0.00"}, "debt equity ratio": {"current": "0.42", "2020-12-31": "0.86", "2020-09-30": "0.82", "2020-06-30": "0.87", "2020-03-31": "1.07", "2019-12-31": "0.96", "2019-09-30": "0.98", "2019-06-30": "0.99", "2019-03-31": "1.07", "2018-12-31": "1.11", "2018-09-30": "1.13", "2018-06-30": "1.17", "2018-03-31": "1.27", "2017-12-31": "1.33", "2017-09-30": "1.30", "2017-06-30": "1.21", "2017-03-31": "1.13", "2016-12-31": "1.18", "2016-09-30": "1.11", "2016-06-30": "0.97", "2016-03-31": "1.06", "2015-12-31": "0.93", "2015-09-30": "0.93", "2015-06-30": "0.77", "2015-03-31": "0.78", "2014-12-31": "0.78", "2014-09-30": "0.83", "2014-06-30": "0.83", "2014-03-31": "0.79", "2013-12-31": "0.88", "2013-09-30": "0.94", "2013-06-30": "1.77", "2013-03-31": "1.96", "2012-12-31": "2.08", "2012-09-30": "2.37", "2012-06-30": "2.52", "2012-03-31": "2.56", "2011-12-31": "2.55", "2011-09-30": "2.76", "2011-06-30": "2.62", "2011-03-31": "2.58", "2010-12-31": "2.61", "2010-09-30": "2.96", "2010-06-30": "2.02", "2010-03-31": "2.10", "2009-12-31": "2.15", "2009-09-30": "2.10", "2009-06-30": "1.98", "2009-03-31": "1.93", "2008-12-31": "1.72", "2008-09-30": "1.57", "2008-06-30": "1.47", "2008-03-31": "1.50", "2007-12-31": "1.37", "2007-09-30": "1.11", "2007-06-30": "1.00", "2007-03-31": "0.88", "2006-12-31": "1.00", "2006-09-30": "1.12", "2006-06-30": "1.13", "2006-03-31": "1.05", "2005-12-31": "1.19", "2005-09-30": "1.25", "2005-06-30": "1.29", "2005-03-31": "1.29"}, "return on equity": {"2020-12-31": "23.07%", "2020-09-30": "22.41%", "2020-06-30": "20.89%", "2020-03-31": "19.64%", "2019-12-31": "19.49%", "2019-09-30": "18.14%", "2019-06-30": "18.88%", "2019-03-31": "21.15%", "2018-12-31": "22.04%", "2018-09-30": "19.34%", "2018-06-30": "17.22%", "2018-03-31": "12.17%", "2017-12-31": "10.09%", "2017-09-30": "14.09%", "2017-06-30": "12.78%", "2017-03-31": "12.89%", "2016-12-31": "12.64%", "2016-09-30": "11.61%", "2016-06-30": "11.27%", "2016-03-31": "11.10%", "2015-12-31": "10.51%", "2015-09-30": "10.34%", "2015-06-30": "10.96%", "2015-03-31": "9.65%", "2014-12-31": "10.10%", "2014-09-30": "10.14%", "2014-06-30": "56.35%", "2014-03-31": "64.27%", "2013-12-31": "75.66%", "2013-09-30": "86.59%", "2013-06-30": "13.19%", "2013-03-31": "14.01%", "2012-12-31": "10.03%", "2012-09-30": "8.09%", "2012-06-30": "-4.38%", "2012-03-31": "-9.28%", "2011-12-31": "-10.48%", "2011-09-30": "-18.96%", "2011-06-30": "-58.50%", "2011-03-31": "-45.82%", "2010-12-31": "-40.18%", "2010-09-30": "-35.02%", "2010-06-30": "-12.75%", "2010-03-31": "-22.91%", "2009-12-31": "-43.04%", "2009-09-30": "-52.81%", "2009-06-30": "-50.38%", "2009-03-31": "-43.70%", "2008-12-31": "-44.90%", "2008-09-30": "-55.05%", "2008-06-30": "-60.64%", "2008-03-31": "-60.03%", "2007-12-31": "-41.13%", "2007-09-30": "-22.97%", "2007-06-30": "-6.44%", "2007-03-31": "5.22%", "2006-12-31": "10.70%", "2006-09-30": "20.26%", "2006-06-30": "24.61%", "2006-03-31": "27.09%", "2005-12-31": "28.05%"}, "return on assets": {"2020-12-31": "12.14%", "2020-09-30": "11.63%", "2020-06-30": "10.61%", "2020-03-31": "9.82%", "2019-12-31": "9.75%", "2019-09-30": "8.91%", "2019-06-30": "9.11%", "2019-03-31": "9.99%", "2018-12-31": "10.17%", "2018-09-30": "8.71%", "2018-06-30": "7.61%", "2018-03-31": "5.35%", "2017-12-31": "4.51%", "2017-09-30": "6.40%", "2017-06-30": "5.92%", "2017-03-31": "6.14%", "2016-12-31": "6.07%", "2016-09-30": "5.75%", "2016-06-30": "5.71%", "2016-03-31": "5.77%", "2015-12-31": "5.68%", "2015-09-30": "5.70%", "2015-06-30": "6.12%", "2015-03-31": "5.35%", "2014-12-31": "5.59%", "2014-09-30": "5.54%", "2014-06-30": "30.35%", "2014-03-31": "32.17%", "2013-12-31": "33.96%", "2013-09-30": "34.14%", "2013-06-30": "4.34%", "2013-03-31": "4.35%", "2012-12-31": "2.98%", "2012-09-30": "2.31%", "2012-06-30": "-1.22%", "2012-03-31": "-2.56%", "2011-12-31": "-2.89%", "2011-09-30": "-5.21%", "2011-06-30": "-15.82%", "2011-03-31": "-13.14%", "2010-12-31": "-11.97%", "2010-09-30": "-10.76%", "2010-06-30": "-4.12%", "2010-03-31": "-7.41%", "2009-12-31": "-14.09%", "2009-09-30": "-17.98%", "2009-06-30": "-18.17%", "2009-03-31": "-16.51%", "2008-12-31": "-17.57%", "2008-09-30": "-22.30%", "2008-06-30": "-25.96%", "2008-03-31": "-27.20%", "2007-12-31": "-19.95%", "2007-09-30": "-11.53%", "2007-06-30": "-3.22%", "2007-03-31": "2.56%", "2006-12-31": "5.15%", "2006-09-30": "9.54%", "2006-06-30": "11.43%", "2006-03-31": "12.38%", "2005-12-31": "12.47%"}, "return on investments": {"2020-12-31": "19.62%", "2020-09-30": "19.22%", "2020-06-30": "18.43%", "2020-03-31": "17.21%", "2019-12-31": "16.79%", "2019-09-30": "15.64%", "2019-06-30": "15.98%", "2019-03-31": "17.25%", "2018-12-31": "17.68%", "2018-09-30": "19.16%", "2018-06-30": "17.76%", "2018-03-31": "13.87%", "2017-12-31": "12.55%", "2017-09-30": "12.35%", "2017-06-30": "11.50%", "2017-03-31": "12.42%", "2016-12-31": "12.12%", "2016-09-30": "11.96%", "2016-06-30": "11.96%", "2016-03-31": "12.18%", "2015-12-31": "12.44%", "2015-09-30": "11.06%", "2015-06-30": "11.81%", "2015-03-31": "10.12%", "2014-12-31": "10.57%", "2014-09-30": "9.89%", "2014-06-30": "9.10%", "2014-03-31": "9.41%", "2013-12-31": "9.39%", "2013-09-30": "6.69%", "2013-06-30": "5.76%", "2013-03-31": "5.57%", "2012-12-31": "3.54%", "2012-09-30": "2.27%", "2012-06-30": "-3.79%", "2012-03-31": "-5.51%", "2011-12-31": "-6.00%", "2011-09-30": "-9.22%", "2011-06-30": "-22.95%", "2011-03-31": "-20.29%", "2010-12-31": "-18.34%", "2010-09-30": "-27.17%", "2010-06-30": "-17.41%", "2010-03-31": "-21.46%", "2009-12-31": "-30.10%", "2009-09-30": "-24.58%", "2009-06-30": "-24.90%", "2009-03-31": "-23.89%", "2008-12-31": "-25.97%", "2008-09-30": "-22.78%", "2008-06-30": "-30.88%", "2008-03-31": "-34.70%", "2007-12-31": "-25.71%", "2007-09-30": "-19.43%", "2007-06-30": "-5.25%", "2007-03-31": "6.17%", "2006-12-31": "11.54%", "2006-09-30": "19.29%", "2006-06-30": "23.08%", "2006-03-31": "24.72%", "2005-12-31": "25.02%"}, "return on tangible equity": {"2020-12-31": "23.74%", "2020-09-30": "23.05%", "2020-06-30": "21.48%", "2020-03-31": "20.18%", "2019-12-31": "19.99%", "2019-09-30": "18.61%", "2019-06-30": "19.39%", "2019-03-31": "21.74%", "2018-12-31": "22.69%", "2018-09-30": "19.95%", "2018-06-30": "17.80%", "2018-03-31": "12.59%", "2017-12-31": "10.44%", "2017-09-30": "14.57%", "2017-06-30": "13.22%", "2017-03-31": "13.33%", "2016-12-31": "13.08%", "2016-09-30": "11.98%", "2016-06-30": "11.60%", "2016-03-31": "11.40%", "2015-12-31": "10.78%", "2015-09-30": "10.61%", "2015-06-30": "11.25%", "2015-03-31": "9.92%", "2014-12-31": "10.38%", "2014-09-30": "10.43%", "2014-06-30": "58.04%", "2014-03-31": "66.54%", "2013-12-31": "78.90%", "2013-09-30": "91.26%", "2013-06-30": "14.12%", "2013-03-31": "15.08%", "2012-12-31": "10.84%", "2012-09-30": "8.78%", "2012-06-30": "-4.77%", "2012-03-31": "-10.48%", "2011-12-31": "-12.24%", "2011-09-30": "-22.87%", "2011-06-30": "-72.51%", "2011-03-31": "-60.05%", "2010-12-31": "-55.39%", "2010-09-30": "-50.47%", "2010-06-30": "-20.31%", "2010-03-31": "-33.53%", "2009-12-31": "-56.87%", "2009-09-30": "-62.80%", "2009-06-30": "-50.88%", "2009-03-31": "-44.08%", "2008-12-31": "-45.26%", "2008-09-30": "-55.05%", "2008-06-30": "-61.20%", "2008-03-31": "-62.12%", "2007-12-31": "-43.38%", "2007-09-30": "-24.63%", "2007-06-30": "-6.98%", "2007-03-31": "5.65%", "2006-12-31": "11.60%", "2006-09-30": "21.95%", "2006-06-30": "26.70%", "2006-03-31": "29.46%", "2005-12-31": "30.58%"}, "dividend yield history": {"last payout": "$0.56", "last yield": "1.14%"}}