{"ticker": "PPC", "price": {"title": "Pilgrim's Pride Historical Annual Stock Price Data", "value": 21.1, "historical": {"2021": {"Average Stock Price": "19.8488", "Year Open": "18.9600", "Year High": "21.1000", "Year Low": "18.7300", "Year Close": "21.1000", "Annual % Change": "7.60%"}, "2020": {"Average Stock Price": "19.4516", "Year Open": "32.1800", "Year High": "32.2900", "Year Low": "14.3450", "Year Close": "19.6100", "Annual % Change": "-40.06%"}, "2019": {"Average Stock Price": "26.4991", "Year Open": "15.3900", "Year High": "33.4400", "Year Low": "15.3900", "Year Close": "32.7150", "Annual % Change": "110.93%"}, "2018": {"Average Stock Price": "21.1404", "Year Open": "30.1800", "Year High": "31.2200", "Year Low": "15.1700", "Year Close": "15.5100", "Annual % Change": "-50.06%"}, "2017": {"Average Stock Price": "25.7674", "Year Open": "19.4000", "Year High": "37.7500", "Year Low": "18.3000", "Year Close": "31.0600", "Annual % Change": "63.56%"}, "2016": {"Average Stock Price": "22.7733", "Year Open": "21.8800", "Year High": "27.5000", "Year Low": "17.3800", "Year Close": "18.9900", "Annual % Change": "-14.03%"}, "2015": {"Average Stock Price": "23.7164", "Year Open": "31.6600", "Year High": "37.0200", "Year Low": "18.1400", "Year Close": "22.0900", "Annual % Change": "-32.63%"}, "2014": {"Average Stock Price": "25.8083", "Year Open": "15.9500", "Year High": "37.5900", "Year Low": "15.4600", "Year Close": "32.7900", "Annual % Change": "101.78%"}, "2013": {"Average Stock Price": "13.0829", "Year Open": "7.7000", "Year High": "18.5800", "Year Low": "7.7000", "Year Close": "16.2500", "Annual % Change": "124.45%"}, "2012": {"Average Stock Price": "6.2083", "Year Open": "5.4200", "Year High": "8.5600", "Year Low": "4.2800", "Year Close": "7.2400", "Annual % Change": "25.69%"}, "2011": {"Average Stock Price": "5.5636", "Year Open": "7.0300", "Year High": "8.4000", "Year Low": "2.9600", "Year Close": "5.7600", "Annual % Change": "-18.76%"}, "2010": {"Average Stock Price": "7.8826", "Year Open": "8.9200", "Year High": "12.8600", "Year Low": "5.5500", "Year Close": "7.0900", "Annual % Change": "-20.34%"}, "2009": {"Average Stock Price": "4.2071", "Year Open": "0.6800", "Year High": "8.9300", "Year Low": "0.4600", "Year Close": "8.9000", "Annual % Change": "1312.70%"}, "2008": {"Average Stock Price": "14.9088", "Year Open": "28.3000", "Year High": "28.3000", "Year Low": "0.1500", "Year Close": "0.6300", "Annual % Change": "-97.82%"}, "2007": {"Average Stock Price": "33.0260", "Year Open": "29.4400", "Year High": "40.5900", "Year Low": "23.7300", "Year Close": "28.9500", "Annual % Change": "-1.63%"}, "2006": {"Average Stock Price": "25.1680", "Year Open": "25.3600", "Year High": "29.5400", "Year Low": "21.0000", "Year Close": "29.4300", "Annual % Change": "-11.25%"}, "2005": {"Average Stock Price": "34.8919", "Year Open": "29.7000", "Year High": "39.3600", "Year Low": "29.1700", "Year Close": "33.1600", "Annual % Change": "8.08%"}, "2004": {"Average Stock Price": "25.9001", "Year Open": "16.9800", "Year High": "34.9900", "Year Low": "16.8000", "Year Close": "30.6800", "Annual % Change": "87.88%"}, "2003": {"Average Stock Price": "10.8021", "Year Open": "8.4000", "Year High": "18.1300", "Year Low": "7.0900", "Year Close": "16.3300", "Annual % Change": "99.15%"}, "2002": {"Average Stock Price": "11.1453", "Year Open": "13.6400", "Year High": "14.8400", "Year Low": "5.2800", "Year Close": "8.2000", "Annual % Change": "-39.48%"}, "2001": {"Average Stock Price": "12.1434", "Year Open": "7.4400", "Year High": "15.3500", "Year Low": "7.4400", "Year Close": "13.5500", "Annual % Change": "80.19%"}, "2000": {"Average Stock Price": "7.2164", "Year Open": "8.0800", "Year High": "8.3600", "Year Low": "6.0400", "Year Close": "7.5200", "Annual % Change": "-8.29%"}, "1999": {"Average Stock Price": "15.3929", "Year Open": "20.5600", "Year High": "30.0000", "Year Low": "6.1600", "Year Close": "8.2000", "Annual % Change": "-58.16%"}, "1998": {"Average Stock Price": "18.3130", "Year Open": "15.4400", "Year High": "25.0800", "Year Low": "10.4800", "Year Close": "19.6000", "Annual % Change": "27.60%"}, "1997": {"Average Stock Price": "12.0669", "Year Open": "8.4000", "Year High": "16.3600", "Year Low": "8.4000", "Year Close": "15.3600", "Annual % Change": "82.86%"}, "1996": {"Average Stock Price": "7.6079", "Year Open": "6.5600", "Year High": "9.0000", "Year Low": "6.4800", "Year Close": "8.4000", "Annual % Change": "28.05%"}, "1995": {"Average Stock Price": "7.7651", "Year Open": "9.4800", "Year High": "9.4800", "Year Low": "6.4000", "Year Close": "6.5600", "Annual % Change": "-30.80%"}, "1994": {"Average Stock Price": "8.5149", "Year Open": "6.5600", "Year High": "10.2400", "Year Low": "6.2400", "Year Close": "9.4800", "Annual % Change": "44.51%"}, "1993": {"Average Stock Price": "7.7734", "Year Open": "6.2400", "Year High": "9.1600", "Year Low": "6.2400", "Year Close": "6.5600", "Annual % Change": "7.89%"}, "1992": {"Average Stock Price": "6.3080", "Year Open": "6.2400", "Year High": "8.0000", "Year Low": "5.0800", "Year Close": "6.0800", "Annual % Change": "-3.80%"}, "1991": {"Average Stock Price": "7.0346", "Year Open": "5.3200", "Year High": "8.4000", "Year Low": "5.2400", "Year Close": "6.3200", "Annual % Change": "18.80%"}, "1990": {"Average Stock Price": "6.8021", "Year Open": "7.2400", "Year High": "8.4000", "Year Low": "4.5600", "Year Close": "5.3200", "Annual % Change": "-18.90%"}, "1989": {"Average Stock Price": "7.7460", "Year Open": "6.1600", "Year High": "10.5600", "Year Low": "5.4800", "Year Close": "6.5600", "Annual % Change": "9.33%"}, "1988": {"Average Stock Price": "5.2473", "Year Open": "4.2400", "Year High": "7.0800", "Year Low": "4.0000", "Year Close": "6.0000", "Annual % Change": "50.00%"}}}, "market cap": {"value": "$5.14B"}, "income statement": {"Revenue": {"2019-12-31": "11409.22000", "2018-12-31": "10937.78000", "2017-12-31": "10767.86000", "2016-12-31": "9878.56400", "2015-12-31": "8752.67200", "2014-12-31": "8583.36500", "2013-12-31": "8411.14800", "2012-12-31": "8121.38200", "2011-12-31": "7535.69800", "2010-12-31": "6881.62900", "2009-09-30": "7088.05500", "2008-09-30": "8518.75700", "2007-09-30": "7498.61200", "2006-09-30": "5152.72900", "2005-09-30": "5666.27500"}, "Cost Of Goods Sold": {"2019-12-31": "10338.83000", "2018-12-31": "10094.31000", "2017-12-31": "9296.24900", "2016-12-31": "8774.58100", "2015-12-31": "7453.94800", "2014-12-31": "7189.37000", "2013-12-31": "7565.70900", "2012-12-31": "7685.55000", "2011-12-31": "7677.23500", "2010-12-31": "6420.63600", "2009-09-30": "6777.25200", "2008-09-30": "8766.11600", "2007-09-30": "6905.88200", "2006-09-30": "4855.64600", "2005-09-30": "4921.07600"}, "Gross Profit": {"2019-12-31": "1070.39400", "2018-12-31": "843.47660", "2017-12-31": "1471.61400", "2016-12-31": "1103.98300", "2015-12-31": "1298.72400", "2014-12-31": "1393.99500", "2013-12-31": "845.43950", "2012-12-31": "435.83200", "2011-12-31": "-141.53660", "2010-12-31": "460.99270", "2009-09-30": "310.80320", "2008-09-30": "-247.35940", "2007-09-30": "592.73000", "2006-09-30": "297.08300", "2005-09-30": "745.19870"}, "Research And Development Expenses": {"2019-12-31": "", "2018-12-31": "", "2017-12-31": "", "2016-12-31": "", "2015-12-31": "", "2014-12-31": "", "2013-12-31": "", "2012-12-31": "", "2011-12-31": "", "2010-12-31": "", "2009-09-30": "", "2008-09-30": "", "2007-09-30": "", "2006-09-30": "", "2005-09-30": ""}, "SG&A Expenses": {"2019-12-31": "379.82600", "2018-12-31": "347.79000", "2017-12-31": "399.29200", "2016-12-31": "311.90100", "2015-12-31": "231.83800", "2014-12-31": "190.88000", "2013-12-31": "186.57600", "2012-12-31": "185.49000", "2011-12-31": "232.05400", "2010-12-31": "275.56600", "2009-09-30": "243.47600", "2008-09-30": "308.89100", "2007-09-30": "355.53900", "2006-09-30": "285.97800", "2005-09-30": "309.38700"}, "Other Operating Income Or Expenses": {"2019-12-31": "", "2018-12-31": "", "2017-12-31": "", "2016-12-31": "", "2015-12-31": "", "2014-12-31": "", "2013-12-31": "", "2012-12-31": "", "2011-12-31": "", "2010-12-31": "", "2009-09-30": "", "2008-09-30": "", "2007-09-30": "", "2006-09-30": "", "2005-09-30": ""}, "Operating Expenses": {"2019-12-31": "10718.65000", "2018-12-31": "10442.10000", "2017-12-31": "9695.54100", "2016-12-31": "9086.48200", "2015-12-31": "7691.54000", "2014-12-31": "7380.25000", "2013-12-31": "7752.28500", "2012-12-31": "7871.04000", "2011-12-31": "7909.28900", "2010-12-31": "6696.20200", "2009-09-30": "7020.72800", "2008-09-30": "9576.45300", "2007-09-30": "7261.42100", "2006-09-30": "5141.62400", "2005-09-30": "5230.46300"}, "Operating Income": {"2019-12-31": "690.56740", "2018-12-31": "495.68650", "2017-12-31": "1072.32200", "2016-12-31": "792.08200", "2015-12-31": "1061.13200", "2014-12-31": "1203.11500", "2013-12-31": "658.86330", "2012-12-31": "250.34180", "2011-12-31": "-373.59080", "2010-12-31": "185.42680", "2009-09-30": "67.32720", "2008-09-30": "-1057.69600", "2007-09-30": "237.19090", "2006-09-30": "11.10500", "2005-09-30": "435.81150"}, "Total Non-Operating Income/Expense": {"2019-12-31": "-73.02300", "2018-12-31": "-163.45900", "2017-12-31": "-90.25600", "2016-12-31": "-68.04600", "2015-12-31": "-59.80800", "2014-12-31": "-100.72400", "2013-12-31": "-84.92300", "2012-12-31": "-97.28000", "2011-12-31": "-113.53500", "2010-12-31": "-118.93900", "2009-09-30": "-241.17600", "2008-09-30": "-128.21300", "2007-09-30": "-138.35600", "2006-09-30": "-37.73100", "2005-09-30": "-32.28900"}, "Pre-Tax Income": {"2019-12-31": "617.54500", "2018-12-31": "332.22700", "2017-12-31": "982.06600", "2016-12-31": "724.03600", "2015-12-31": "1001.32400", "2014-12-31": "1102.39100", "2013-12-31": "573.94000", "2012-12-31": "153.06200", "2011-12-31": "-487.12600", "2010-12-31": "66.48800", "2009-09-30": "-173.84900", "2008-09-30": "-1185.90900", "2007-09-30": "98.83500", "2006-09-30": "-26.62600", "2005-09-30": "403.52300"}, "Income Taxes": {"2019-12-31": "161.00900", "2018-12-31": "85.42300", "2017-12-31": "263.89900", "2016-12-31": "243.91900", "2015-12-31": "338.35200", "2014-12-31": "390.95300", "2013-12-31": "24.22700", "2012-12-31": "-20.98000", "2011-12-31": "8.56400", "2010-12-31": "-23.83800", "2009-09-30": "-21.58600", "2008-09-30": "-194.92100", "2007-09-30": "47.31900", "2006-09-30": "1.57300", "2005-09-30": "138.54400"}, "Income After Taxes": {"2019-12-31": "456.53600", "2018-12-31": "246.80400", "2017-12-31": "718.16700", "2016-12-31": "480.11700", "2015-12-31": "662.97200", "2014-12-31": "711.43800", "2013-12-31": "549.71300", "2012-12-31": "174.04200", "2011-12-31": "-495.69000", "2010-12-31": "90.32600", "2009-09-30": "-152.26300", "2008-09-30": "-990.98800", "2007-09-30": "51.51600", "2006-09-30": "-28.19900", "2005-09-30": "264.97900"}, "Other Income": {"2019-12-31": "", "2018-12-31": "", "2017-12-31": "", "2016-12-31": "", "2015-12-31": "", "2014-12-31": "", "2013-12-31": "", "2012-12-31": "", "2011-12-31": "", "2010-12-31": "", "2009-09-30": "", "2008-09-30": "", "2007-09-30": "", "2006-09-30": "", "2005-09-30": ""}, "Income From Continuous Operations": {"2019-12-31": "456.53600", "2018-12-31": "246.80400", "2017-12-31": "718.16700", "2016-12-31": "480.11700", "2015-12-31": "662.97200", "2014-12-31": "711.43800", "2013-12-31": "549.71300", "2012-12-31": "174.04200", "2011-12-31": "-495.69000", "2010-12-31": "90.32600", "2009-09-30": "-152.26300", "2008-09-30": "-990.98800", "2007-09-30": "51.51600", "2006-09-30": "-28.19900", "2005-09-30": "264.97900"}, "Income From Discontinued Operations": {"2019-12-31": "", "2018-12-31": "", "2017-12-31": "", "2016-12-31": "", "2015-12-31": "", "2014-12-31": "", "2013-12-31": "", "2012-12-31": "", "2011-12-31": "", "2010-12-31": "", "2009-09-30": "0.59900", "2008-09-30": "-6.40900", "2007-09-30": "-4.49900", "2006-09-30": "-6.03300", "2005-09-30": ""}, "Net Income": {"2019-12-31": "455.92400", "2018-12-31": "247.94500", "2017-12-31": "694.57900", "2016-12-31": "440.53200", "2015-12-31": "645.91400", "2014-12-31": "711.64800", "2013-12-31": "549.55500", "2012-12-31": "174.23400", "2011-12-31": "-496.77200", "2010-12-31": "87.14100", "2009-09-30": "-151.58200", "2008-09-30": "-998.58100", "2007-09-30": "47.01700", "2006-09-30": "-34.23200", "2005-09-30": "264.97900"}, "EBITDA": {"2019-12-31": "981.95040", "2018-12-31": "774.67550", "2017-12-31": "1349.93400", "2016-12-31": "1023.79000", "2015-12-31": "1234.94900", "2014-12-31": "1361.18200", "2013-12-31": "809.38630", "2012-12-31": "397.75580", "2011-12-31": "-164.07680", "2010-12-31": "416.47170", "2009-09-30": "303.33220", "2008-09-30": "-315.94530", "2007-09-30": "442.09390", "2006-09-30": "146.23800", "2005-09-30": "570.75550"}, "EBIT": {"2019-12-31": "690.56740", "2018-12-31": "495.68650", "2017-12-31": "1072.32200", "2016-12-31": "792.08200", "2015-12-31": "1061.13200", "2014-12-31": "1203.11500", "2013-12-31": "658.86330", "2012-12-31": "250.34180", "2011-12-31": "-373.59080", "2010-12-31": "185.42680", "2009-09-30": "67.32720", "2008-09-30": "-1057.69600", "2007-09-30": "237.19090", "2006-09-30": "11.10500", "2005-09-30": "435.81150"}, "Basic Shares Outstanding": {"2019-12-31": "249.40100", "2018-12-31": "248.94500", "2017-12-31": "248.73800", "2016-12-31": "253.66900", "2015-12-31": "258.44200", "2014-12-31": "258.97400", "2013-12-31": "258.82600", "2012-12-31": "250.10100", "2011-12-31": "224.99600", "2010-12-31": "224.99600", "2009-09-30": "74.05600", "2008-09-30": "74.05600", "2007-09-30": "66.55600", "2006-09-30": "66.55600", "2005-09-30": "66.55600"}, "Shares Outstanding": {"2019-12-31": "249.70900", "2018-12-31": "249.14900", "2017-12-31": "248.97100", "2016-12-31": "254.12600", "2015-12-31": "258.67600", "2014-12-31": "259.47100", "2013-12-31": "259.24100", "2012-12-31": "250.21600", "2011-12-31": "224.99600", "2010-12-31": "224.99600", "2009-09-30": "76.11600", "2008-09-30": "76.11600", "2007-09-30": "66.55600", "2006-09-30": "66.55600", "2005-09-30": "66.55600"}, "Basic EPS": {"2019-12-31": "1.83000", "2018-12-31": "1.00000", "2017-12-31": "2.79000", "2016-12-31": "1.74000", "2015-12-31": "2.50000", "2014-12-31": "2.75000", "2013-12-31": "2.12000", "2012-12-31": "0.70000", "2011-12-31": "-2.21000", "2010-12-31": "0.39000", "2009-09-30": "-2.05000", "2008-09-30": "-14.40000", "2007-09-30": "0.71000", "2006-09-30": "-0.51000", "2005-09-30": "3.98000"}, "EPS - Earnings Per Share": {"2019-12-31": "1.83000", "2018-12-31": "1.00000", "2017-12-31": "2.79000", "2016-12-31": "1.73000", "2015-12-31": "2.50000", "2014-12-31": "2.74000", "2013-12-31": "2.12000", "2012-12-31": "0.70000", "2011-12-31": "-2.21000", "2010-12-31": "0.39000", "2009-09-30": "-2.05000", "2008-09-30": "-14.40000", "2007-09-30": "0.71000", "2006-09-30": "-0.51000", "2005-09-30": "3.98000"}}, "income statement, quarterly": {"Revenue": {"2020-09-30": "3075.12100", "2020-06-30": "2824.02300", "2020-03-31": "3074.92800", "2019-12-31": "3063.48900", "2019-09-30": "2777.97000", "2019-06-30": "2843.08500", "2019-03-31": "2724.67500", "2018-12-31": "2656.78900", "2018-09-30": "2697.60400", "2018-06-30": "2836.71300", "2018-03-31": "2746.67800", "2017-12-31": "2742.35200", "2017-09-30": "2793.88500", "2017-06-30": "2752.28600", "2017-03-31": "2479.34000", "2016-12-31": "3392.03100", "2016-09-30": "2495.28100", "2016-06-30": "2028.31500", "2016-03-31": "1962.93700", "2015-12-31": "2533.34800", "2015-09-30": "2112.52900", "2015-06-30": "2053.87600", "2015-03-31": "2052.91900", "2014-12-31": "2110.43700", "2014-09-30": "2268.04800", "2014-06-30": "2186.81600", "2014-03-31": "2018.06500", "2013-12-31": "2047.28600", "2013-09-30": "2142.81500", "2013-06-30": "2184.11900", "2013-03-31": "2036.92900", "2012-12-31": "2189.66200", "2012-09-30": "2068.47800", "2012-06-30": "1974.46900", "2012-03-31": "1888.77300", "2011-12-31": "1829.30800", "2011-09-30": "1891.22400", "2011-06-30": "1922.69000", "2011-03-31": "1892.47600", "2010-12-31": "1811.29300", "2010-09-30": "1719.85000", "2010-06-30": "1707.56800", "2010-03-31": "1642.91800", "2009-12-31": "1602.73400", "2009-09-30": "1736.14900", "2009-06-30": "1776.81300", "2009-03-31": "1698.10200", "2008-12-31": "1876.99100", "2008-09-30": "", "2008-06-30": "2207.47600", "2008-03-31": "2100.79400", "2007-12-31": "2047.35300", "2007-09-30": "", "2007-06-30": "2104.49900", "2007-03-31": "1987.18500", "2006-12-31": "1337.13200", "2006-09-30": "", "2006-06-30": "1287.64600", "2006-03-31": "1265.70900", "2005-12-31": "1343.81200", "2005-09-30": "", "2005-06-30": "1440.03900", "2005-03-31": "1375.32100"}, "Cost Of Goods Sold": {"2020-09-30": "2761.27900", "2020-06-30": "2704.16400", "2020-03-31": "2897.82900", "2019-12-31": "2862.09500", "2019-09-30": "2495.77300", "2019-06-30": "2475.22100", "2019-03-31": "2505.73600", "2018-12-31": "2544.94000", "2018-09-30": "2527.86300", "2018-06-30": "2562.49100", "2018-03-31": "2459.01300", "2017-12-31": "2480.68900", "2017-09-30": "2315.30100", "2017-06-30": "2277.45400", "2017-03-31": "2222.80500", "2016-12-31": "3064.80100", "2016-09-30": "2242.22100", "2016-06-30": "1742.18400", "2016-03-31": "1725.37500", "2015-12-31": "2328.30900", "2015-09-30": "1827.98500", "2015-06-30": "1621.85600", "2015-03-31": "1675.79900", "2014-12-31": "1731.28700", "2014-09-30": "1817.78300", "2014-06-30": "1837.34100", "2014-03-31": "1802.95900", "2013-12-31": "1839.36100", "2013-09-30": "1906.24200", "2013-06-30": "1901.61100", "2013-03-31": "1918.49500", "2012-12-31": "2114.11900", "2012-09-30": "1962.34300", "2012-06-30": "1830.38000", "2012-03-31": "1778.70800", "2011-12-31": "1809.12000", "2011-09-30": "1953.61100", "2011-06-30": "1968.91800", "2011-03-31": "1945.58600", "2010-12-31": "1692.10400", "2010-09-30": "1562.55600", "2010-06-30": "1575.07700", "2010-03-31": "1590.89900", "2009-12-31": "1520.15000", "2009-09-30": "1573.39800", "2009-06-30": "1611.33700", "2009-03-31": "1619.35900", "2008-12-31": "1960.37300", "2008-09-30": "", "2008-06-30": "2154.26500", "2008-03-31": "2136.19500", "2007-12-31": "1942.25000", "2007-09-30": "", "2007-06-30": "1869.67400", "2007-03-31": "1903.13600", "2006-12-31": "1271.60600", "2006-09-30": "", "2006-06-30": "1244.95000", "2006-03-31": "1228.50800", "2005-12-31": "1225.41200", "2005-09-30": "", "2005-06-30": "1220.81800", "2005-03-31": "1211.26600"}, "Gross Profit": {"2020-09-30": "313.84200", "2020-06-30": "119.85890", "2020-03-31": "177.09890", "2019-12-31": "201.39400", "2019-09-30": "282.19700", "2019-06-30": "367.86400", "2019-03-31": "218.93900", "2018-12-31": "111.84860", "2018-09-30": "169.74100", "2018-06-30": "274.22190", "2018-03-31": "287.66500", "2017-12-31": "261.66310", "2017-09-30": "478.58400", "2017-06-30": "474.83180", "2017-03-31": "256.53520", "2016-12-31": "327.23000", "2016-09-30": "253.06010", "2016-06-30": "286.13100", "2016-03-31": "237.56200", "2015-12-31": "205.03910", "2015-09-30": "284.54410", "2015-06-30": "432.02000", "2015-03-31": "377.12000", "2014-12-31": "379.14940", "2014-09-30": "450.26510", "2014-06-30": "349.47500", "2014-03-31": "215.10600", "2013-12-31": "207.92470", "2013-09-30": "236.57300", "2013-06-30": "282.50790", "2013-03-31": "118.43400", "2012-12-31": "75.54270", "2012-09-30": "106.13500", "2012-06-30": "144.08900", "2012-03-31": "110.06490", "2011-12-31": "20.18820", "2011-09-30": "-62.38700", "2011-06-30": "-46.22820", "2011-03-31": "-53.11010", "2010-12-31": "119.18910", "2010-09-30": "157.29390", "2010-06-30": "132.49100", "2010-03-31": "52.01890", "2009-12-31": "82.58410", "2009-09-30": "162.75110", "2009-06-30": "165.47600", "2009-03-31": "78.74300", "2008-12-31": "-83.38210", "2008-09-30": "", "2008-06-30": "53.21120", "2008-03-31": "-35.40110", "2007-12-31": "105.10300", "2007-09-30": "", "2007-06-30": "234.82510", "2007-03-31": "84.04910", "2006-12-31": "65.52600", "2006-09-30": "", "2006-06-30": "42.69600", "2006-03-31": "37.20090", "2005-12-31": "118.40000", "2005-09-30": "", "2005-06-30": "219.22090", "2005-03-31": "164.05510"}, "Research And Development Expenses": {"2020-09-30": "", "2020-06-30": "", "2020-03-31": "", "2019-12-31": "", "2019-09-30": "", "2019-06-30": "", "2019-03-31": "", "2018-12-31": "", "2018-09-30": "", "2018-06-30": "", "2018-03-31": "", "2017-12-31": "", "2017-09-30": "", "2017-06-30": "", "2017-03-31": "", "2016-12-31": "", "2016-09-30": "", "2016-06-30": "", "2016-03-31": "", "2015-12-31": "", "2015-09-30": "", "2015-06-30": "", "2015-03-31": "", "2014-12-31": "", "2014-09-30": "", "2014-06-30": "", "2014-03-31": "", "2013-12-31": "", "2013-09-30": "", "2013-06-30": "", "2013-03-31": "", "2012-12-31": "", "2012-09-30": "", "2012-06-30": "", "2012-03-31": "", "2011-12-31": "", "2011-09-30": "", "2011-06-30": "", "2011-03-31": "", "2010-12-31": "", "2010-09-30": "", "2010-06-30": "", "2010-03-31": "", "2009-12-31": "", "2009-09-30": "", "2009-06-30": "", "2009-03-31": "", "2008-12-31": "", "2008-09-30": "", "2008-06-30": "", "2008-03-31": "", "2007-12-31": "", "2007-09-30": "", "2007-06-30": "", "2007-03-31": "", "2006-12-31": "", "2006-09-30": "", "2006-06-30": "", "2006-03-31": "", "2005-12-31": "", "2005-09-30": "", "2005-06-30": "", "2005-03-31": ""}, "SG&A Expenses": {"2020-09-30": "219.55400", "2020-06-30": "92.57000", "2020-03-31": "92.71300", "2019-12-31": "115.60300", "2019-09-30": "94.01200", "2019-06-30": "88.31400", "2019-03-31": "81.89700", "2018-12-31": "88.21300", "2018-09-30": "84.39500", "2018-06-30": "89.11000", "2018-03-31": "86.07200", "2017-12-31": "106.64600", "2017-09-30": "106.33800", "2017-06-30": "96.49700", "2017-03-31": "89.81100", "2016-12-31": "137.38100", "2016-09-30": "76.21200", "2016-06-30": "49.52000", "2016-03-31": "48.78800", "2015-12-31": "75.27200", "2015-09-30": "53.41200", "2015-06-30": "53.64700", "2015-03-31": "49.50700", "2014-12-31": "50.73000", "2014-09-30": "44.62900", "2014-06-30": "48.60700", "2014-03-31": "46.91400", "2013-12-31": "50.06600", "2013-09-30": "47.45500", "2013-06-30": "44.57900", "2013-03-31": "44.47600", "2012-12-31": "48.09200", "2012-09-30": "44.42900", "2012-06-30": "44.82800", "2012-03-31": "48.14100", "2011-12-31": "63.24100", "2011-09-30": "62.66900", "2011-06-30": "52.47800", "2011-03-31": "53.66600", "2010-12-31": "66.45600", "2010-09-30": "44.09000", "2010-06-30": "80.60000", "2010-03-31": "84.42000", "2009-12-31": "76.35400", "2009-09-30": "46.08600", "2009-06-30": "56.88000", "2009-03-31": "58.89800", "2008-12-31": "", "2008-09-30": "", "2008-06-30": "92.29100", "2008-03-31": "102.55900", "2007-12-31": "", "2007-09-30": "", "2007-06-30": "97.92900", "2007-03-31": "94.72300", "2006-12-31": "", "2006-09-30": "", "2006-06-30": "69.43300", "2006-03-31": "75.13700", "2005-12-31": "", "2005-09-30": "", "2005-06-30": "83.22800", "2005-03-31": "75.10000"}, "Other Operating Income Or Expenses": {"2020-09-30": "", "2020-06-30": "", "2020-03-31": "", "2019-12-31": "", "2019-09-30": "", "2019-06-30": "", "2019-03-31": "", "2018-12-31": "", "2018-09-30": "", "2018-06-30": "", "2018-03-31": "", "2017-12-31": "", "2017-09-30": "", "2017-06-30": "", "2017-03-31": "", "2016-12-31": "", "2016-09-30": "", "2016-06-30": "", "2016-03-31": "", "2015-12-31": "", "2015-09-30": "", "2015-06-30": "", "2015-03-31": "", "2014-12-31": "", "2014-09-30": "", "2014-06-30": "", "2014-03-31": "", "2013-12-31": "", "2013-09-30": "", "2013-06-30": "", "2013-03-31": "", "2012-12-31": "", "2012-09-30": "", "2012-06-30": "", "2012-03-31": "", "2011-12-31": "", "2011-09-30": "", "2011-06-30": "", "2011-03-31": "", "2010-12-31": "", "2010-09-30": "", "2010-06-30": "", "2010-03-31": "", "2009-12-31": "", "2009-09-30": "", "2009-06-30": "", "2009-03-31": "", "2008-12-31": "", "2008-09-30": "", "2008-06-30": "", "2008-03-31": "", "2007-12-31": "", "2007-09-30": "", "2007-06-30": "", "2007-03-31": "", "2006-12-31": "", "2006-09-30": "", "2006-06-30": "", "2006-03-31": "", "2005-12-31": "", "2005-09-30": "", "2005-06-30": "", "2005-03-31": ""}, "Operating Expenses": {"2020-09-30": "2980.83300", "2020-06-30": "2796.73400", "2020-03-31": "2990.54200", "2019-12-31": "2977.69800", "2019-09-30": "2589.78500", "2019-06-30": "2563.53500", "2019-03-31": "2587.63300", "2018-12-31": "2633.15400", "2018-09-30": "2612.25800", "2018-06-30": "2651.60100", "2018-03-31": "2545.08500", "2017-12-31": "2587.33500", "2017-09-30": "2421.63900", "2017-06-30": "2373.95100", "2017-03-31": "2312.61600", "2016-12-31": "3202.18300", "2016-09-30": "2318.43300", "2016-06-30": "1791.70400", "2016-03-31": "1774.16300", "2015-12-31": "2409.33400", "2015-09-30": "1881.39700", "2015-06-30": "1675.50300", "2015-03-31": "1725.30600", "2014-12-31": "1781.44400", "2014-09-30": "1862.54700", "2014-06-30": "1886.38600", "2014-03-31": "1849.87300", "2013-12-31": "1889.42700", "2013-09-30": "1953.69700", "2013-06-30": "1946.19000", "2013-03-31": "1962.97100", "2012-12-31": "2162.21100", "2012-09-30": "2006.77200", "2012-06-30": "1875.20800", "2012-03-31": "1826.84900", "2011-12-31": "1872.36100", "2011-09-30": "2016.28000", "2011-06-30": "2021.39600", "2011-03-31": "1999.25200", "2010-12-31": "1758.56000", "2010-09-30": "1606.64600", "2010-06-30": "1655.67700", "2010-03-31": "1675.31900", "2009-12-31": "1595.14500", "2009-09-30": "1619.48400", "2009-06-30": "1668.21700", "2009-03-31": "1677.82200", "2008-12-31": "", "2008-09-30": "", "2008-06-30": "2250.00700", "2008-03-31": "2244.42300", "2007-12-31": "", "2007-09-30": "", "2007-06-30": "1967.60300", "2007-03-31": "1997.85900", "2006-12-31": "", "2006-09-30": "", "2006-06-30": "1314.38300", "2006-03-31": "1303.64500", "2005-12-31": "", "2005-09-30": "", "2005-06-30": "1304.04600", "2005-03-31": "1286.36600"}, "Operating Income": {"2020-09-30": "94.28810", "2020-06-30": "27.28880", "2020-03-31": "84.38600", "2019-12-31": "85.79100", "2019-09-30": "188.18510", "2019-06-30": "279.55000", "2019-03-31": "137.04200", "2018-12-31": "23.63500", "2018-09-30": "85.34600", "2018-06-30": "185.11180", "2018-03-31": "201.59300", "2017-12-31": "155.01710", "2017-09-30": "372.24610", "2017-06-30": "378.33470", "2017-03-31": "166.72410", "2016-12-31": "189.84860", "2016-09-30": "176.84810", "2016-06-30": "236.61100", "2016-03-31": "188.77400", "2015-12-31": "124.01340", "2015-09-30": "231.13210", "2015-06-30": "378.37300", "2015-03-31": "327.61300", "2014-12-31": "328.99240", "2014-09-30": "405.50110", "2014-06-30": "300.42990", "2014-03-31": "168.19190", "2013-12-31": "157.85820", "2013-09-30": "189.11800", "2013-06-30": "237.92900", "2013-03-31": "73.95800", "2012-12-31": "27.45090", "2012-09-30": "61.70610", "2012-06-30": "99.26100", "2012-03-31": "61.92400", "2011-12-31": "-43.05300", "2011-09-30": "-125.05590", "2011-06-30": "-98.70620", "2011-03-31": "-106.77610", "2010-12-31": "52.73290", "2010-09-30": "113.20400", "2010-06-30": "51.89100", "2010-03-31": "-32.40110", "2009-12-31": "7.58910", "2009-09-30": "116.66520", "2009-06-30": "108.59590", "2009-03-31": "20.28020", "2008-12-31": "1876.99100", "2008-09-30": "", "2008-06-30": "-42.53080", "2008-03-31": "-143.62920", "2007-12-31": "2047.35300", "2007-09-30": "", "2007-06-30": "136.89610", "2007-03-31": "-10.67400", "2006-12-31": "1337.13200", "2006-09-30": "", "2006-06-30": "-26.73690", "2006-03-31": "-37.93600", "2005-12-31": "1343.81200", "2005-09-30": "", "2005-06-30": "135.99290", "2005-03-31": "88.95510"}, "Total Non-Operating Income/Expense": {"2020-09-30": "-38.25300", "2020-06-30": "-36.64500", "2020-03-31": "21.57500", "2019-12-31": "25.12500", "2019-09-30": "-31.72400", "2019-06-30": "-33.92300", "2019-03-31": "-32.50100", "2018-12-31": "-52.80600", "2018-09-30": "-25.03500", "2018-06-30": "-40.24600", "2018-03-31": "-45.37200", "2017-12-31": "-35.23900", "2017-09-30": "-20.53700", "2017-06-30": "-17.88800", "2017-03-31": "-16.59200", "2016-12-31": "-33.65200", "2016-09-30": "-21.06400", "2016-06-30": "-5.17100", "2016-03-31": "-8.15900", "2015-12-31": "-19.35300", "2015-09-30": "-20.88400", "2015-06-30": "-7.64500", "2015-03-31": "-11.92600", "2014-12-31": "-55.96800", "2014-09-30": "-16.00500", "2014-06-30": "-10.75800", "2014-03-31": "-17.99300", "2013-12-31": "-14.17700", "2013-09-30": "-22.51600", "2013-06-30": "-31.25400", "2013-03-31": "-16.97600", "2012-12-31": "-25.42500", "2012-09-30": "-17.71600", "2012-06-30": "-32.46600", "2012-03-31": "-21.67300", "2011-12-31": "-26.98400", "2011-09-30": "-37.80400", "2011-06-30": "-25.75600", "2011-03-31": "-22.99100", "2010-12-31": "-29.69600", "2010-09-30": "-24.17000", "2010-06-30": "-18.80600", "2010-03-31": "-46.26700", "2009-12-31": "-76.03500", "2009-09-30": "-59.13100", "2009-06-30": "-54.82200", "2009-03-31": "-77.09900", "2008-12-31": "", "2008-09-30": "", "2008-06-30": "-34.26400", "2008-03-31": "-32.16500", "2007-12-31": "", "2007-09-30": "", "2007-06-30": "-36.95100", "2007-03-31": "-47.81900", "2006-12-31": "", "2006-09-30": "", "2006-06-30": "-11.23700", "2006-03-31": "-9.16500", "2005-12-31": "", "2005-09-30": "", "2005-06-30": "-12.31600", "2005-03-31": "1.63800"}, "Pre-Tax Income": {"2020-09-30": "56.03500", "2020-06-30": "-9.35600", "2020-03-31": "105.96100", "2019-12-31": "110.91600", "2019-09-30": "156.46100", "2019-06-30": "245.62700", "2019-03-31": "104.54100", "2018-12-31": "-29.17100", "2018-09-30": "60.31100", "2018-06-30": "144.86600", "2018-03-31": "156.22100", "2017-12-31": "119.77790", "2017-09-30": "351.70900", "2017-06-30": "360.44700", "2017-03-31": "150.13200", "2016-12-31": "156.19700", "2016-09-30": "155.78400", "2016-06-30": "231.44000", "2016-03-31": "180.61500", "2015-12-31": "104.66100", "2015-09-30": "210.24800", "2015-06-30": "370.72800", "2015-03-31": "315.68700", "2014-12-31": "273.02400", "2014-09-30": "389.49600", "2014-06-30": "289.67200", "2014-03-31": "150.19900", "2013-12-31": "143.68100", "2013-09-30": "166.60200", "2013-06-30": "206.67500", "2013-03-31": "56.98200", "2012-12-31": "2.02600", "2012-09-30": "43.99000", "2012-06-30": "66.79500", "2012-03-31": "40.25100", "2011-12-31": "-70.03700", "2011-09-30": "-162.86000", "2011-06-30": "-124.46200", "2011-03-31": "-129.76700", "2010-12-31": "23.03700", "2010-09-30": "89.03400", "2010-06-30": "33.08500", "2010-03-31": "-78.66800", "2009-12-31": "-68.44600", "2009-09-30": "57.53400", "2009-06-30": "53.77400", "2009-03-31": "-56.81900", "2008-12-31": "-229.08900", "2008-09-30": "", "2008-06-30": "-76.79500", "2008-03-31": "-175.79400", "2007-12-31": "-25.89900", "2007-09-30": "", "2007-06-30": "99.94500", "2007-03-31": "-58.49300", "2006-12-31": "-14.50000", "2006-09-30": "", "2006-06-30": "-37.97400", "2006-03-31": "-47.10100", "2005-12-31": "36.64000", "2005-09-30": "", "2005-06-30": "123.67700", "2005-03-31": "90.59300"}, "Income Taxes": {"2020-09-30": "22.34400", "2020-06-30": "-2.95600", "2020-03-31": "38.51200", "2019-12-31": "18.68100", "2019-09-30": "46.36500", "2019-06-30": "75.54700", "2019-03-31": "20.41600", "2018-12-31": "-20.94400", "2018-09-30": "30.84800", "2018-06-30": "38.52200", "2018-03-31": "36.99700", "2017-12-31": "-14.14700", "2017-09-30": "113.39600", "2017-06-30": "115.25600", "2017-03-31": "49.39400", "2016-12-31": "49.09800", "2016-09-30": "53.81900", "2016-06-30": "78.39800", "2016-03-31": "62.60400", "2015-12-31": "24.60100", "2015-09-30": "73.15300", "2015-06-30": "129.10400", "2015-03-31": "111.49400", "2014-12-31": "106.02100", "2014-09-30": "133.69300", "2014-06-30": "99.22700", "2014-03-31": "52.01200", "2013-12-31": "0.01100", "2013-09-30": "5.57800", "2013-06-30": "15.88400", "2013-03-31": "2.75400", "2012-12-31": "-20.32400", "2012-09-30": "1.04900", "2012-06-30": "-2.35800", "2012-03-31": "0.65300", "2011-12-31": "15.02600", "2011-09-30": "-0.06000", "2011-06-30": "3.47000", "2011-03-31": "-9.87200", "2010-12-31": "-19.54300", "2010-09-30": "30.51200", "2010-06-30": "-1.50300", "2010-03-31": "-33.30400", "2009-12-31": "-102.37100", "2009-09-30": "-24.76600", "2009-06-30": "0.55500", "2009-03-31": "2.34700", "2008-12-31": "0.27800", "2008-09-30": "", "2008-06-30": "-28.45100", "2008-03-31": "-64.29300", "2007-12-31": "7.26700", "2007-09-30": "", "2007-06-30": "36.66800", "2007-03-31": "-19.42600", "2006-12-31": "-5.76400", "2006-09-30": "", "2006-06-30": "-17.50100", "2006-03-31": "-15.14700", "2005-12-31": "10.96200", "2005-09-30": "", "2005-06-30": "38.32400", "2005-03-31": "34.20400"}, "Income After Taxes": {"2020-09-30": "33.69100", "2020-06-30": "-6.40000", "2020-03-31": "67.44900", "2019-12-31": "92.23500", "2019-09-30": "110.09600", "2019-06-30": "170.08000", "2019-03-31": "84.12500", "2018-12-31": "-8.22700", "2018-09-30": "29.46300", "2018-06-30": "106.34400", "2018-03-31": "119.22400", "2017-12-31": "133.92500", "2017-09-30": "238.31300", "2017-06-30": "245.19100", "2017-03-31": "100.73800", "2016-12-31": "107.09900", "2016-09-30": "101.96500", "2016-06-30": "153.04200", "2016-03-31": "118.01100", "2015-12-31": "80.06000", "2015-09-30": "137.09500", "2015-06-30": "241.62400", "2015-03-31": "204.19300", "2014-12-31": "167.00300", "2014-09-30": "255.80300", "2014-06-30": "190.44500", "2014-03-31": "98.18700", "2013-12-31": "143.67000", "2013-09-30": "161.02400", "2013-06-30": "190.79100", "2013-03-31": "54.22800", "2012-12-31": "22.35000", "2012-09-30": "42.94100", "2012-06-30": "69.15300", "2012-03-31": "39.59800", "2011-12-31": "-85.06300", "2011-09-30": "-162.80000", "2011-06-30": "-127.93200", "2011-03-31": "-119.89500", "2010-12-31": "42.58000", "2010-09-30": "58.52200", "2010-06-30": "34.58800", "2010-03-31": "-45.36400", "2009-12-31": "33.92500", "2009-09-30": "82.30000", "2009-06-30": "53.21900", "2009-03-31": "-59.16600", "2008-12-31": "", "2008-09-30": "", "2008-06-30": "-48.34400", "2008-03-31": "-111.50100", "2007-12-31": "", "2007-09-30": "", "2007-06-30": "63.27700", "2007-03-31": "-39.06700", "2006-12-31": "", "2006-09-30": "", "2006-06-30": "-20.47300", "2006-03-31": "-31.95400", "2005-12-31": "", "2005-09-30": "", "2005-06-30": "85.35300", "2005-03-31": "56.38900"}, "Other Income": {"2020-09-30": "", "2020-06-30": "", "2020-03-31": "", "2019-12-31": "", "2019-09-30": "", "2019-06-30": "", "2019-03-31": "", "2018-12-31": "", "2018-09-30": "", "2018-06-30": "", "2018-03-31": "", "2017-12-31": "", "2017-09-30": "", "2017-06-30": "", "2017-03-31": "", "2016-12-31": "", "2016-09-30": "", "2016-06-30": "", "2016-03-31": "", "2015-12-31": "", "2015-09-30": "", "2015-06-30": "", "2015-03-31": "", "2014-12-31": "", "2014-09-30": "", "2014-06-30": "", "2014-03-31": "", "2013-12-31": "", "2013-09-30": "", "2013-06-30": "", "2013-03-31": "", "2012-12-31": "", "2012-09-30": "", "2012-06-30": "", "2012-03-31": "", "2011-12-31": "", "2011-09-30": "", "2011-06-30": "", "2011-03-31": "", "2010-12-31": "", "2010-09-30": "", "2010-06-30": "", "2010-03-31": "", "2009-12-31": "", "2009-09-30": "", "2009-06-30": "", "2009-03-31": "", "2008-12-31": "", "2008-09-30": "", "2008-06-30": "", "2008-03-31": "", "2007-12-31": "", "2007-09-30": "", "2007-06-30": "", "2007-03-31": "", "2006-12-31": "", "2006-09-30": "", "2006-06-30": "", "2006-03-31": "", "2005-12-31": "", "2005-09-30": "", "2005-06-30": "", "2005-03-31": ""}, "Income From Continuous Operations": {"2020-09-30": "33.69100", "2020-06-30": "-6.40000", "2020-03-31": "67.44900", "2019-12-31": "92.23500", "2019-09-30": "110.09600", "2019-06-30": "170.08000", "2019-03-31": "84.12500", "2018-12-31": "-8.22700", "2018-09-30": "29.46300", "2018-06-30": "106.34400", "2018-03-31": "119.22400", "2017-12-31": "133.92500", "2017-09-30": "238.31300", "2017-06-30": "245.19100", "2017-03-31": "100.73800", "2016-12-31": "107.09900", "2016-09-30": "101.96500", "2016-06-30": "153.04200", "2016-03-31": "118.01100", "2015-12-31": "80.06000", "2015-09-30": "137.09500", "2015-06-30": "241.62400", "2015-03-31": "204.19300", "2014-12-31": "167.00300", "2014-09-30": "255.80300", "2014-06-30": "190.44500", "2014-03-31": "98.18700", "2013-12-31": "143.67000", "2013-09-30": "161.02400", "2013-06-30": "190.79100", "2013-03-31": "54.22800", "2012-12-31": "22.35000", "2012-09-30": "42.94100", "2012-06-30": "69.15300", "2012-03-31": "39.59800", "2011-12-31": "-85.06300", "2011-09-30": "-162.80000", "2011-06-30": "-127.93200", "2011-03-31": "-119.89500", "2010-12-31": "42.58000", "2010-09-30": "58.52200", "2010-06-30": "34.58800", "2010-03-31": "-45.36400", "2009-12-31": "33.92500", "2009-09-30": "82.30000", "2009-06-30": "53.21900", "2009-03-31": "-59.16600", "2008-12-31": "-229.36700", "2008-09-30": "", "2008-06-30": "-48.34400", "2008-03-31": "-111.50100", "2007-12-31": "-33.16600", "2007-09-30": "", "2007-06-30": "63.27700", "2007-03-31": "-39.06700", "2006-12-31": "", "2006-09-30": "", "2006-06-30": "-20.47300", "2006-03-31": "-31.95400", "2005-12-31": "", "2005-09-30": "", "2005-06-30": "85.35300", "2005-03-31": "56.38900"}, "Income From Discontinued Operations": {"2020-09-30": "", "2020-06-30": "", "2020-03-31": "", "2019-12-31": "", "2019-09-30": "", "2019-06-30": "", "2019-03-31": "", "2018-12-31": "", "2018-09-30": "", "2018-06-30": "", "2018-03-31": "", "2017-12-31": "", "2017-09-30": "", "2017-06-30": "", "2017-03-31": "", "2016-12-31": "", "2016-09-30": "", "2016-06-30": "", "2016-03-31": "", "2015-12-31": "", "2015-09-30": "", "2015-06-30": "", "2015-03-31": "", "2014-12-31": "", "2014-09-30": "", "2014-06-30": "", "2014-03-31": "", "2013-12-31": "", "2013-09-30": "", "2013-06-30": "", "2013-03-31": "", "2012-12-31": "", "2012-09-30": "", "2012-06-30": "", "2012-03-31": "", "2011-12-31": "", "2011-09-30": "", "2011-06-30": "", "2011-03-31": "", "2010-12-31": "", "2010-09-30": "", "2010-06-30": "", "2010-03-31": "", "2009-12-31": "", "2009-09-30": "", "2009-06-30": "", "2009-03-31": "0.02500", "2008-12-31": "0.57400", "2008-09-30": "", "2008-06-30": "-4.43700", "2008-03-31": "0.05300", "2007-12-31": "0.83700", "2007-09-30": "", "2007-06-30": "-0.63600", "2007-03-31": "-1.01000", "2006-12-31": "", "2006-09-30": "", "2006-06-30": "", "2006-03-31": "", "2005-12-31": "", "2005-09-30": "", "2005-06-30": "", "2005-03-31": ""}, "Net Income": {"2020-09-30": "33.44600", "2020-06-30": "-6.03600", "2020-03-31": "67.26800", "2019-12-31": "92.08000", "2019-09-30": "109.76500", "2019-06-30": "170.06800", "2019-03-31": "84.01100", "2018-12-31": "-7.32400", "2018-09-30": "29.31000", "2018-06-30": "106.54100", "2018-03-31": "119.41800", "2017-12-31": "134.33700", "2017-09-30": "232.68000", "2017-06-30": "233.64100", "2017-03-31": "93.92100", "2016-12-31": "70.61800", "2016-09-30": "98.65700", "2016-06-30": "152.88600", "2016-03-31": "118.37100", "2015-12-31": "63.14800", "2015-09-30": "137.06200", "2015-06-30": "241.48900", "2015-03-31": "204.21500", "2014-12-31": "167.18700", "2014-09-30": "255.98400", "2014-06-30": "190.36000", "2014-03-31": "98.11700", "2013-12-31": "143.35100", "2013-09-30": "160.91700", "2013-06-30": "190.70500", "2013-03-31": "54.58200", "2012-12-31": "22.77200", "2012-09-30": "42.93100", "2012-06-30": "69.35800", "2012-03-31": "39.17300", "2011-12-31": "-85.35500", "2011-09-30": "-162.51600", "2011-06-30": "-128.14100", "2011-03-31": "-120.76000", "2010-12-31": "41.84400", "2010-09-30": "57.92600", "2010-06-30": "32.91800", "2010-03-31": "-45.54700", "2009-12-31": "33.61300", "2009-09-30": "82.72500", "2009-06-30": "53.23900", "2009-03-31": "-58.76500", "2008-12-31": "-228.78000", "2008-09-30": "", "2008-06-30": "-52.78100", "2008-03-31": "-111.44800", "2007-12-31": "-32.32900", "2007-09-30": "", "2007-06-30": "62.64100", "2007-03-31": "-40.07700", "2006-12-31": "-8.73600", "2006-09-30": "", "2006-06-30": "-20.47300", "2006-03-31": "-31.95400", "2005-12-31": "25.67800", "2005-09-30": "", "2005-06-30": "85.35300", "2005-03-31": "56.38900"}, "EBITDA": {"2020-09-30": "179.84510", "2020-06-30": "113.17980", "2020-03-31": "165.45000", "2019-12-31": "162.94800", "2019-09-30": "261.32310", "2019-06-30": "352.17610", "2019-03-31": "205.50400", "2018-12-31": "91.10800", "2018-09-30": "157.39600", "2018-06-30": "255.46780", "2018-03-31": "270.70300", "2017-12-31": "228.00410", "2017-09-30": "444.25810", "2017-06-30": "448.27570", "2017-03-31": "229.39610", "2016-12-31": "247.42860", "2016-09-30": "262.29320", "2016-06-30": "282.90300", "2016-03-31": "231.16500", "2015-12-31": "181.34540", "2015-09-30": "272.54710", "2015-06-30": "417.29100", "2015-03-31": "363.76500", "2014-12-31": "374.31940", "2014-09-30": "441.72010", "2014-06-30": "338.69090", "2014-03-31": "206.45190", "2013-12-31": "194.18620", "2013-09-30": "227.14600", "2013-06-30": "276.19200", "2013-03-31": "111.86200", "2012-12-31": "66.11190", "2012-09-30": "98.25110", "2012-06-30": "135.70300", "2012-03-31": "97.69000", "2011-12-31": "9.75500", "2011-09-30": "-71.42490", "2011-06-30": "-46.48320", "2011-03-31": "-55.92410", "2010-12-31": "108.38090", "2010-09-30": "171.12800", "2010-06-30": "111.59600", "2010-03-31": "25.36690", "2009-12-31": "-111.55290", "2009-09-30": "174.83820", "2009-06-30": "165.75700", "2009-03-31": "80.79320", "2008-12-31": "1876.99100", "2008-09-30": "", "2008-06-30": "17.97520", "2008-03-31": "-27.33320", "2007-12-31": "2047.35300", "2007-09-30": "", "2007-06-30": "194.90110", "2007-03-31": "76.99910", "2006-12-31": "1337.13200", "2006-09-30": "", "2006-06-30": "8.22310", "2006-03-31": "27.15600", "2005-12-31": "1343.81200", "2005-09-30": "", "2005-06-30": "166.41390", "2005-03-31": "152.79710"}, "EBIT": {"2020-09-30": "94.28810", "2020-06-30": "27.28880", "2020-03-31": "84.38600", "2019-12-31": "85.79030", "2019-09-30": "188.18510", "2019-06-30": "279.55000", "2019-03-31": "137.04200", "2018-12-31": "23.63570", "2018-09-30": "85.34600", "2018-06-30": "185.11180", "2018-03-31": "201.59300", "2017-12-31": "155.01730", "2017-09-30": "372.24610", "2017-06-30": "378.33470", "2017-03-31": "166.72410", "2016-12-31": "189.84890", "2016-09-30": "176.84810", "2016-06-30": "236.61100", "2016-03-31": "188.77400", "2015-12-31": "124.01370", "2015-09-30": "231.13210", "2015-06-30": "378.37300", "2015-03-31": "327.61300", "2014-12-31": "328.99230", "2014-09-30": "405.50110", "2014-06-30": "300.42990", "2014-03-31": "168.19190", "2013-12-31": "157.85830", "2013-09-30": "189.11800", "2013-06-30": "237.92900", "2013-03-31": "73.95800", "2012-12-31": "27.45080", "2012-09-30": "61.70610", "2012-06-30": "99.26100", "2012-03-31": "61.92400", "2011-12-31": "-43.05260", "2011-09-30": "-125.05590", "2011-06-30": "-98.70620", "2011-03-31": "-106.77610", "2010-12-31": "52.73290", "2010-09-30": "113.20400", "2010-06-30": "51.89100", "2010-03-31": "-32.40110", "2009-12-31": "7.58910", "2009-09-30": "116.66520", "2009-06-30": "108.59590", "2009-03-31": "20.28020", "2008-12-31": "", "2008-09-30": "", "2008-06-30": "-42.53080", "2008-03-31": "-143.62920", "2007-12-31": "", "2007-09-30": "", "2007-06-30": "136.89610", "2007-03-31": "-10.67400", "2006-12-31": "", "2006-09-30": "", "2006-06-30": "-26.73690", "2006-03-31": "-37.93600", "2005-12-31": "", "2005-09-30": "", "2005-06-30": "135.99290", "2005-03-31": "88.95510"}, "Basic Shares Outstanding": {"2020-09-30": "244.18600", "2020-06-30": "246.68700", "2020-03-31": "249.34700", "2019-12-31": "249.40100", "2019-09-30": "249.46700", "2019-06-30": "249.40000", "2019-03-31": "249.16700", "2018-12-31": "248.94500", "2018-09-30": "248.98100", "2018-06-30": "248.98100", "2018-03-31": "248.83800", "2017-12-31": "248.73800", "2017-09-30": "248.75300", "2017-06-30": "248.75300", "2017-03-31": "248.69200", "2016-12-31": "253.66900", "2016-09-30": "254.46000", "2016-06-30": "254.55400", "2016-03-31": "254.80700", "2015-12-31": "258.44200", "2015-09-30": "259.28000", "2015-06-30": "259.68500", "2015-03-31": "259.65300", "2014-12-31": "258.97400", "2014-09-30": "258.99900", "2014-06-30": "258.97700", "2014-03-31": "258.92300", "2013-12-31": "258.82600", "2013-09-30": "258.82600", "2013-06-30": "258.82600", "2013-03-31": "258.82300", "2012-12-31": "250.10100", "2012-09-30": "258.72600", "2012-06-30": "258.72600", "2012-03-31": "223.56200", "2011-12-31": "224.99600", "2011-09-30": "224.99600", "2011-06-30": "224.99600", "2011-03-31": "224.99600", "2010-12-31": "224.99600", "2010-09-30": "214.28200", "2010-06-30": "214.28200", "2010-03-31": "214.28200", "2009-12-31": "74.37400", "2009-09-30": "74.05600", "2009-06-30": "74.05600", "2009-03-31": "74.05600", "2008-12-31": "74.05600", "2008-09-30": "", "2008-06-30": "70.18200", "2008-03-31": "66.55600", "2007-12-31": "66.55600", "2007-09-30": "", "2007-06-30": "66.55600", "2007-03-31": "66.55600", "2006-12-31": "66.55600", "2006-09-30": "", "2006-06-30": "66.55600", "2006-03-31": "66.55600", "2005-12-31": "66.55600", "2005-09-30": "", "2005-06-30": "66.55600", "2005-03-31": "66.55600"}, "Shares Outstanding": {"2020-09-30": "244.37600", "2020-06-30": "247.01800", "2020-03-31": "249.62200", "2019-12-31": "249.70900", "2019-09-30": "249.72900", "2019-06-30": "249.63600", "2019-03-31": "249.55700", "2018-12-31": "249.14900", "2018-09-30": "249.17900", "2018-06-30": "249.05700", "2018-03-31": "248.98900", "2017-12-31": "248.97100", "2017-09-30": "248.98800", "2017-06-30": "248.97300", "2017-03-31": "248.92600", "2016-12-31": "254.12600", "2016-09-30": "254.92000", "2016-06-30": "254.94400", "2016-03-31": "255.14700", "2015-12-31": "258.67600", "2015-09-30": "259.50300", "2015-06-30": "259.89700", "2015-03-31": "259.92900", "2014-12-31": "259.47100", "2014-09-30": "259.52200", "2014-06-30": "259.57400", "2014-03-31": "259.44600", "2013-12-31": "259.24100", "2013-09-30": "259.38600", "2013-06-30": "259.15800", "2013-03-31": "258.95300", "2012-12-31": "250.21600", "2012-09-30": "258.83700", "2012-06-30": "258.84100", "2012-03-31": "223.63100", "2011-12-31": "224.99600", "2011-09-30": "224.99600", "2011-06-30": "224.99600", "2011-03-31": "224.99600", "2010-12-31": "224.99600", "2010-09-30": "214.28200", "2010-06-30": "214.28200", "2010-03-31": "214.28200", "2009-12-31": "77.14100", "2009-09-30": "77.14100", "2009-06-30": "74.05600", "2009-03-31": "74.05600", "2008-12-31": "74.05600", "2008-09-30": "", "2008-06-30": "70.18200", "2008-03-31": "66.55600", "2007-12-31": "66.55600", "2007-09-30": "", "2007-06-30": "66.55600", "2007-03-31": "66.55600", "2006-12-31": "66.55600", "2006-09-30": "", "2006-06-30": "66.55600", "2006-03-31": "66.55600", "2005-12-31": "66.55600", "2005-09-30": "", "2005-06-30": "66.55600", "2005-03-31": "66.55600"}, "Basic EPS": {"2020-09-30": "0.14000", "2020-06-30": "-0.02000", "2020-03-31": "0.27000", "2019-12-31": "0.37000", "2019-09-30": "0.44000", "2019-06-30": "0.68000", "2019-03-31": "0.34000", "2018-12-31": "-0.03000", "2018-09-30": "0.12000", "2018-06-30": "0.43000", "2018-03-31": "0.48000", "2017-12-31": "0.53000", "2017-09-30": "0.94000", "2017-06-30": "0.94000", "2017-03-31": "0.38000", "2016-12-31": "0.29000", "2016-09-30": "0.39000", "2016-06-30": "0.60000", "2016-03-31": "0.46000", "2015-12-31": "0.25000", "2015-09-30": "0.53000", "2015-06-30": "0.93000", "2015-03-31": "0.79000", "2014-12-31": "0.65000", "2014-09-30": "0.99000", "2014-06-30": "0.73000", "2014-03-31": "0.38000", "2013-12-31": "0.55000", "2013-09-30": "0.62000", "2013-06-30": "0.74000", "2013-03-31": "0.21000", "2012-12-31": "0.08000", "2012-09-30": "0.17000", "2012-06-30": "0.27000", "2012-03-31": "0.18000", "2011-12-31": "-0.38000", "2011-09-30": "-0.72000", "2011-06-30": "-0.57000", "2011-03-31": "-0.54000", "2010-12-31": "0.18000", "2010-09-30": "0.27000", "2010-06-30": "0.15000", "2010-03-31": "-0.21000", "2009-12-31": "0.45000", "2009-09-30": "1.12000", "2009-06-30": "0.72000", "2009-03-31": "-0.79000", "2008-12-31": "-3.09000", "2008-09-30": "", "2008-06-30": "-0.75000", "2008-03-31": "-1.67000", "2007-12-31": "-0.49000", "2007-09-30": "", "2007-06-30": "0.94000", "2007-03-31": "-0.60000", "2006-12-31": "-0.13000", "2006-09-30": "", "2006-06-30": "-0.31000", "2006-03-31": "-0.48000", "2005-12-31": "0.39000", "2005-09-30": "", "2005-06-30": "1.28000", "2005-03-31": "0.85000"}, "EPS - Earnings Per Share": {"2020-09-30": "0.14000", "2020-06-30": "-0.02000", "2020-03-31": "0.27000", "2019-12-31": "0.37000", "2019-09-30": "0.44000", "2019-06-30": "0.68000", "2019-03-31": "0.34000", "2018-12-31": "-0.03000", "2018-09-30": "0.12000", "2018-06-30": "0.43000", "2018-03-31": "0.48000", "2017-12-31": "0.54000", "2017-09-30": "0.93000", "2017-06-30": "0.94000", "2017-03-31": "0.38000", "2016-12-31": "0.28000", "2016-09-30": "0.39000", "2016-06-30": "0.60000", "2016-03-31": "0.46000", "2015-12-31": "0.25000", "2015-09-30": "0.53000", "2015-06-30": "0.93000", "2015-03-31": "0.79000", "2014-12-31": "0.64000", "2014-09-30": "0.99000", "2014-06-30": "0.73000", "2014-03-31": "0.38000", "2013-12-31": "0.55000", "2013-09-30": "0.62000", "2013-06-30": "0.74000", "2013-03-31": "0.21000", "2012-12-31": "0.08000", "2012-09-30": "0.17000", "2012-06-30": "0.27000", "2012-03-31": "0.18000", "2011-12-31": "-0.38000", "2011-09-30": "-0.72000", "2011-06-30": "-0.57000", "2011-03-31": "-0.54000", "2010-12-31": "0.18000", "2010-09-30": "0.27000", "2010-06-30": "0.15000", "2010-03-31": "-0.21000", "2009-12-31": "0.44000", "2009-09-30": "1.07000", "2009-06-30": "0.72000", "2009-03-31": "-0.79000", "2008-12-31": "-3.09000", "2008-09-30": "0.00000", "2008-06-30": "-0.75000", "2008-03-31": "-1.67000", "2007-12-31": "-0.49000", "2007-09-30": "0.00000", "2007-06-30": "0.94000", "2007-03-31": "-0.60000", "2006-12-31": "-0.13000", "2006-09-30": "0.00000", "2006-06-30": "-0.31000", "2006-03-31": "-0.48000", "2005-12-31": "0.39000", "2005-09-30": "0.00000", "2005-06-30": "1.28000", "2005-03-31": "0.85000"}}, "balance sheet": {"Cash On Hand": {"2019-12-31": "280.57700", "2018-12-31": "361.57800", "2017-12-31": "589.53100", "2016-12-31": "297.52300", "2015-12-31": "439.63800", "2014-12-31": "576.14300", "2013-12-31": "605.10800", "2012-12-31": "68.18000", "2011-12-31": "49.44600", "2010-12-31": "168.58400", "2009-09-30": "225.33100", "2008-09-30": "71.99200", "2007-09-30": "74.32100", "2006-09-30": "177.65000", "2005-09-30": "132.56700"}, "Receivables": {"2019-12-31": "802.42900", "2018-12-31": "601.35900", "2017-12-31": "568.42900", "2016-12-31": "449.56300", "2015-12-31": "423.07200", "2014-12-31": "394.42800", "2013-12-31": "443.93400", "2012-12-31": "441.16300", "2011-12-31": "429.48700", "2010-12-31": "380.23000", "2009-09-30": "331.98100", "2008-09-30": "165.81200", "2007-09-30": "176.57900", "2006-09-30": "302.31600", "2005-09-30": "288.52800"}, "Inventory": {"2019-12-31": "1383.53500", "2018-12-31": "1159.51900", "2017-12-31": "1255.07000", "2016-12-31": "975.60800", "2015-12-31": "801.35700", "2014-12-31": "790.30500", "2013-12-31": "808.83200", "2012-12-31": "950.29600", "2011-12-31": "879.09400", "2010-12-31": "1029.25400", "2009-09-30": "763.86900", "2008-09-30": "1036.16300", "2007-09-30": "925.34000", "2006-09-30": "585.94000", "2005-09-30": "527.32900"}, "Pre-Paid Expenses": {"2019-12-31": "131.69500", "2018-12-31": "112.20100", "2017-12-31": "102.55000", "2016-12-31": "81.93200", "2015-12-31": "75.60200", "2014-12-31": "95.43900", "2013-12-31": "61.84800", "2012-12-31": "56.04700", "2011-12-31": "52.35000", "2010-12-31": "81.25000", "2009-09-30": "44.54000", "2008-09-30": "88.92200", "2007-09-30": "47.95900", "2006-09-30": "", "2005-09-30": ""}, "Other Current Assets": {"2019-12-31": "", "2018-12-31": "", "2017-12-31": "0.70800", "2016-12-31": "5.25900", "2015-12-31": "6.55500", "2014-12-31": "1.41900", "2013-12-31": "7.03300", "2012-12-31": "27.04200", "2011-12-31": "53.81600", "2010-12-31": "47.67100", "2009-09-30": "0.47300", "2008-09-30": "", "2007-09-30": "15.53400", "2006-09-30": "32.48000", "2005-09-30": "25.88400"}, "Total Current Assets": {"2019-12-31": "2598.23600", "2018-12-31": "2234.65700", "2017-12-31": "2516.28800", "2016-12-31": "1809.88500", "2015-12-31": "1746.22400", "2014-12-31": "1857.73400", "2013-12-31": "1928.98200", "2012-12-31": "1542.72800", "2011-12-31": "1464.19300", "2010-12-31": "1710.46500", "2009-09-30": "1366.19400", "2008-09-30": "1450.72000", "2007-09-30": "1301.06000", "2006-09-30": "1105.67400", "2005-09-30": "999.41500"}, "Property, Plant, And Equipment": {"2019-12-31": "2592.06100", "2018-12-31": "2161.70200", "2017-12-31": "2095.14700", "2016-12-31": "1833.98500", "2015-12-31": "1352.52900", "2014-12-31": "1182.79500", "2013-12-31": "1151.81100", "2012-12-31": "1189.92100", "2011-12-31": "1241.75200", "2010-12-31": "1358.13600", "2009-09-30": "1499.47600", "2008-09-30": "1673.00400", "2007-09-30": "1783.42900", "2006-09-30": "1154.99400", "2005-09-30": "1154.09700"}, "Long-Term Investments": {"2019-12-31": "", "2018-12-31": "", "2017-12-31": "", "2016-12-31": "", "2015-12-31": "", "2014-12-31": "", "2013-12-31": "", "2012-12-31": "", "2011-12-31": "0.49700", "2010-12-31": "11.59500", "2009-09-30": "57.31400", "2008-09-30": "55.85400", "2007-09-30": "46.03500", "2006-09-30": "115.37500", "2005-09-30": "304.59300"}, "Goodwill And Intangible Assets": {"2019-12-31": "1569.80300", "2018-12-31": "1513.87800", "2017-12-31": "1619.05200", "2016-12-31": "1358.81200", "2015-12-31": "204.01800", "2014-12-31": "26.78300", "2013-12-31": "32.52500", "2012-12-31": "38.26600", "2011-12-31": "44.08300", "2010-12-31": "48.95000", "2009-09-30": "57.17900", "2008-09-30": "67.36300", "2007-09-30": "583.59900", "2006-09-30": "", "2005-09-30": ""}, "Other Long-Term Assets": {"2019-12-31": "36.32500", "2018-12-31": "16.71700", "2017-12-31": "18.16500", "2016-12-31": "19.26000", "2015-12-31": "15.67200", "2014-12-31": "24.40600", "2013-12-31": "40.16300", "2012-12-31": "45.52300", "2011-12-31": "57.92100", "2010-12-31": "67.14300", "2009-09-30": "63.60900", "2008-09-30": "51.76800", "2007-09-30": "60.11300", "2006-09-30": "50.82500", "2005-09-30": "53.79800"}, "Total Long-Term Assets": {"2019-12-31": "4504.12800", "2018-12-31": "3696.54500", "2017-12-31": "3732.36400", "2016-12-31": "3212.05700", "2015-12-31": "1572.21900", "2014-12-31": "1233.98400", "2013-12-31": "1243.42000", "2012-12-31": "1371.14100", "2011-12-31": "1415.35200", "2010-12-31": "1508.43300", "2009-09-30": "1694.31000", "2008-09-30": "1847.98900", "2007-09-30": "2473.17600", "2006-09-30": "1321.19400", "2005-09-30": "1512.48800"}, "Total Assets": {"2019-12-31": "7102.36400", "2018-12-31": "5931.20200", "2017-12-31": "6248.65200", "2016-12-31": "5021.94200", "2015-12-31": "3318.44300", "2014-12-31": "3091.71800", "2013-12-31": "3172.40200", "2012-12-31": "2913.86900", "2011-12-31": "2879.54500", "2010-12-31": "3218.89800", "2009-09-30": "3060.50400", "2008-09-30": "3298.70900", "2007-09-30": "3774.23600", "2006-09-30": "2426.86800", "2005-09-30": "2511.90300"}, "Total Current Liabilities": {"2019-12-31": "1648.15500", "2018-12-31": "1296.22300", "2017-12-31": "1452.52300", "2016-12-31": "1185.15700", "2015-12-31": "846.96000", "2014-12-31": "719.55700", "2013-12-31": "1083.39800", "2012-12-31": "730.17700", "2011-12-31": "717.17300", "2010-12-31": "738.63500", "2009-09-30": "508.16400", "2008-09-30": "2712.96200", "2007-09-30": "905.20200", "2006-09-30": "576.83700", "2005-09-30": "594.81400"}, "Long Term Debt": {"2019-12-31": "2276.02900", "2018-12-31": "2295.19000", "2017-12-31": "2635.61700", "2016-12-31": "1396.12400", "2015-12-31": "985.50900", "2014-12-31": "3.98000", "2013-12-31": "501.99900", "2012-12-31": "1148.87000", "2011-12-31": "1458.00100", "2010-12-31": "1281.16000", "2009-09-30": "41.06200", "2008-09-30": "67.51400", "2007-09-30": "1318.55800", "2006-09-30": "554.87600", "2005-09-30": "518.86300"}, "Other Non-Current Liabilities": {"2019-12-31": "104.83100", "2018-12-31": "82.78200", "2017-12-31": "96.35900", "2016-12-31": "102.72200", "2015-12-31": "92.28200", "2014-12-31": "97.20800", "2013-12-31": "80.45900", "2012-12-31": "125.82500", "2011-12-31": "145.94100", "2010-12-31": "117.03100", "2009-09-30": "2331.94400", "2008-09-30": "85.73700", "2007-09-30": "51.68500", "2006-09-30": "", "2005-09-30": ""}, "Total Long Term Liabilities": {"2019-12-31": "2918.14900", "2018-12-31": "2615.39400", "2017-12-31": "2940.46800", "2016-12-31": "1750.65300", "2015-12-31": "1209.67300", "2014-12-31": "175.36000", "2013-12-31": "596.40200", "2012-12-31": "1274.69500", "2011-12-31": "1603.94200", "2010-12-31": "1401.66700", "2009-09-30": "2395.21900", "2008-09-30": "234.00600", "2007-09-30": "1696.81300", "2006-09-30": "732.70300", "2005-09-30": "693.49100"}, "Total Liabilities": {"2019-12-31": "4566.30400", "2018-12-31": "3911.61700", "2017-12-31": "4392.99100", "2016-12-31": "2935.81000", "2015-12-31": "2056.63300", "2014-12-31": "894.91700", "2013-12-31": "1679.80000", "2012-12-31": "2004.87200", "2011-12-31": "2321.11500", "2010-12-31": "2140.30200", "2009-09-30": "2903.38300", "2008-09-30": "2946.96800", "2007-09-30": "2602.01500", "2006-09-30": "1309.54000", "2005-09-30": "1288.30500"}, "Common Stock Net": {"2019-12-31": "2.61100", "2018-12-31": "2.60400", "2017-12-31": "2.60200", "2016-12-31": "307.28800", "2015-12-31": "2.59700", "2014-12-31": "2.59000", "2013-12-31": "2.59000", "2012-12-31": "2.59000", "2011-12-31": "2.14300", "2010-12-31": "2.14300", "2009-09-30": "0.77100", "2008-09-30": "0.74000", "2007-09-30": "0.66500", "2006-09-30": "0.66500", "2005-09-30": "0.66800"}, "Retained Earnings (Accumulated Deficit)": {"2019-12-31": "877.81200", "2018-12-31": "421.88800", "2017-12-31": "173.94300", "2016-12-31": "-782.78500", "2015-12-31": "-261.25200", "2014-12-31": "591.49200", "2013-12-31": "-120.15600", "2012-12-31": "-669.71100", "2011-12-31": "-843.94500", "2010-12-31": "-348.65300", "2009-09-30": "-469.40700", "2008-09-30": "-317.08200", "2007-09-30": "687.77500", "2006-09-30": "646.75000", "2005-09-30": "753.52700"}, "Comprehensive Income": {"2019-12-31": "-75.12900", "2018-12-31": "-127.83400", "2017-12-31": "-31.14000", "2016-12-31": "-329.85800", "2015-12-31": "-58.93000", "2014-12-31": "-62.54100", "2013-12-31": "-45.73500", "2012-12-31": "-68.51100", "2011-12-31": "-46.07000", "2010-12-31": "-23.63700", "2009-09-30": "-27.23700", "2008-09-30": "21.16100", "2007-09-30": "14.00200", "2006-09-30": "0.13400", "2005-09-30": "-0.37300"}, "Other Share Holders Equity": {"2019-12-31": "", "2018-12-31": "", "2017-12-31": "", "2016-12-31": "", "2015-12-31": "", "2014-12-31": "", "2013-12-31": "", "2012-12-31": "", "2011-12-31": "", "2010-12-31": "", "2009-09-30": "", "2008-09-30": "", "2007-09-30": "", "2006-09-30": "", "2005-09-30": ""}, "Share Holder Equity": {"2019-12-31": "2536.06000", "2018-12-31": "2019.58500", "2017-12-31": "1855.66100", "2016-12-31": "2086.13200", "2015-12-31": "1261.81000", "2014-12-31": "2196.80100", "2013-12-31": "1492.60200", "2012-12-31": "908.99700", "2011-12-31": "558.43000", "2010-12-31": "1078.59600", "2009-09-30": "157.12100", "2008-09-30": "351.74100", "2007-09-30": "1172.22100", "2006-09-30": "1117.32800", "2005-09-30": "1223.59800"}, "Total Liabilities And Share Holders Equity": {"2019-12-31": "7102.36400", "2018-12-31": "5931.20200", "2017-12-31": "6248.65200", "2016-12-31": "5021.94200", "2015-12-31": "3318.44300", "2014-12-31": "3091.71800", "2013-12-31": "3172.40200", "2012-12-31": "2913.86900", "2011-12-31": "2879.54500", "2010-12-31": "3218.89800", "2009-09-30": "3060.50400", "2008-09-30": "3298.70900", "2007-09-30": "3774.23600", "2006-09-30": "2426.86800", "2005-09-30": "2511.90300"}}, "balance sheet, quarterly": {"Cash On Hand": {"2020-09-30": "785.13600", "2020-06-30": "534.47300", "2020-03-31": "536.41700", "2019-12-31": "280.57700", "2019-09-30": "625.00400", "2019-06-30": "571.60600", "2019-03-31": "398.89100", "2018-12-31": "361.57800", "2018-09-30": "415.84000", "2018-06-30": "674.02700", "2018-03-31": "591.46800", "2017-12-31": "589.53100", "2017-09-30": "406.63000", "2017-06-30": "324.28500", "2017-03-31": "35.17700", "2016-12-31": "297.52300", "2016-09-30": "85.99400", "2016-06-30": "41.04700", "2016-03-31": "574.88800", "2015-12-31": "439.63800", "2015-09-30": "396.71900", "2015-06-30": "574.19400", "2015-03-31": "478.03700", "2014-12-31": "576.14300", "2014-09-30": "868.59700", "2014-06-30": "527.41200", "2014-03-31": "551.98000", "2013-12-31": "605.10800", "2013-09-30": "330.31600", "2013-06-30": "78.23100", "2013-03-31": "43.56000", "2012-12-31": "68.18000", "2012-09-30": "59.55600", "2012-06-30": "54.04900", "2012-03-31": "52.41000", "2011-12-31": "49.44600", "2011-09-30": "104.26400", "2011-06-30": "96.87100", "2011-03-31": "125.52100", "2010-12-31": "168.58400", "2010-09-30": "55.01300", "2010-06-30": "46.22400", "2010-03-31": "56.27200", "2009-12-31": "244.17600", "2009-09-30": "225.33100", "2009-06-30": "113.75800", "2009-03-31": "59.74600", "2008-12-31": "46.78200", "2008-09-30": "71.99200", "2008-06-30": "64.86100", "2008-03-31": "107.40000", "2007-12-31": "103.47500", "2007-09-30": "74.32100", "2007-06-30": "71.17200", "2007-03-31": "93.17000", "2006-12-31": "169.08100", "2006-09-30": "177.65000", "2006-06-30": "98.39100", "2006-03-31": "67.68000", "2005-12-31": "170.27600", "2005-09-30": "132.56700", "2005-06-30": "297.82100", "2005-03-31": "147.83700"}, "Receivables": {"2020-09-30": "784.39000", "2020-06-30": "769.84000", "2020-03-31": "808.48390", "2019-12-31": "802.42900", "2019-09-30": "619.75400", "2019-06-30": "605.52600", "2019-03-31": "596.89400", "2018-12-31": "601.35900", "2018-09-30": "564.77900", "2018-06-30": "591.11200", "2018-03-31": "631.46000", "2017-12-31": "568.42900", "2017-09-30": "642.13400", "2017-06-30": "424.29500", "2017-03-31": "377.38700", "2016-12-31": "449.56300", "2016-09-30": "405.35800", "2016-06-30": "433.41000", "2016-03-31": "377.66100", "2015-12-31": "423.07200", "2015-09-30": "377.23300", "2015-06-30": "413.47200", "2015-03-31": "369.71000", "2014-12-31": "394.42800", "2014-09-30": "413.64200", "2014-06-30": "409.24200", "2014-03-31": "397.46400", "2013-12-31": "443.93400", "2013-09-30": "478.10500", "2013-06-30": "454.74100", "2013-03-31": "452.55600", "2012-12-31": "441.16300", "2012-09-30": "440.96800", "2012-06-30": "437.81600", "2012-03-31": "434.12200", "2011-12-31": "429.48700", "2011-09-30": "419.26600", "2011-06-30": "436.53800", "2011-03-31": "446.87400", "2010-12-31": "380.23000", "2010-09-30": "408.70900", "2010-06-30": "384.24700", "2010-03-31": "352.20300", "2009-12-31": "486.97600", "2009-09-30": "331.98100", "2009-06-30": "314.85200", "2009-03-31": "334.22400", "2008-12-31": "377.45200", "2008-09-30": "165.81200", "2008-06-30": "133.48000", "2008-03-31": "151.53900", "2007-12-31": "177.07200", "2007-09-30": "176.57900", "2007-06-30": "488.35900", "2007-03-31": "468.25200", "2006-12-31": "384.46900", "2006-09-30": "302.31600", "2006-06-30": "239.79200", "2006-03-31": "247.22700", "2005-12-31": "290.26800", "2005-09-30": "288.52800", "2005-06-30": "266.27800", "2005-03-31": "291.08900"}, "Inventory": {"2020-09-30": "1328.70400", "2020-06-30": "1347.14100", "2020-03-31": "1362.35800", "2019-12-31": "1383.53500", "2019-09-30": "1261.36200", "2019-06-30": "1186.65500", "2019-03-31": "1166.00200", "2018-12-31": "1159.51900", "2018-09-30": "1182.96200", "2018-06-30": "1190.01700", "2018-03-31": "1242.35200", "2017-12-31": "1255.07000", "2017-09-30": "1196.20100", "2017-06-30": "967.57700", "2017-03-31": "924.16900", "2016-12-31": "975.60800", "2016-09-30": "796.80800", "2016-06-30": "832.56500", "2016-03-31": "778.52800", "2015-12-31": "801.35700", "2015-09-30": "841.27300", "2015-06-30": "787.11300", "2015-03-31": "788.72200", "2014-12-31": "790.30500", "2014-09-30": "817.89200", "2014-06-30": "837.33300", "2014-03-31": "793.51600", "2013-12-31": "808.83200", "2013-09-30": "911.08600", "2013-06-30": "952.19100", "2013-03-31": "972.35800", "2012-12-31": "950.29600", "2012-09-30": "979.24300", "2012-06-30": "987.99200", "2012-03-31": "910.43000", "2011-12-31": "879.09400", "2011-09-30": "919.55000", "2011-06-30": "967.06700", "2011-03-31": "967.06600", "2010-12-31": "1029.25400", "2010-09-30": "910.62500", "2010-06-30": "782.47600", "2010-03-31": "731.76300", "2009-12-31": "740.81000", "2009-09-30": "763.86900", "2009-06-30": "798.84600", "2009-03-31": "825.52000", "2008-12-31": "796.03900", "2008-09-30": "1036.16300", "2008-06-30": "1103.16800", "2008-03-31": "1085.51500", "2007-12-31": "1027.22300", "2007-09-30": "925.34000", "2007-06-30": "944.59300", "2007-03-31": "896.33100", "2006-12-31": "860.64300", "2006-09-30": "585.94000", "2006-06-30": "602.12000", "2006-03-31": "608.68100", "2005-12-31": "561.75100", "2005-09-30": "527.32900", "2005-06-30": "573.26000", "2005-03-31": "571.65000"}, "Pre-Paid Expenses": {"2020-09-30": "159.64300", "2020-06-30": "151.53200", "2020-03-31": "152.92000", "2019-12-31": "131.69500", "2019-09-30": "107.39800", "2019-06-30": "113.40900", "2019-03-31": "124.26500", "2018-12-31": "112.20100", "2018-09-30": "116.53600", "2018-06-30": "132.82000", "2018-03-31": "124.35800", "2017-12-31": "102.55000", "2017-09-30": "102.91400", "2017-06-30": "66.57200", "2017-03-31": "77.58700", "2016-12-31": "81.93200", "2016-09-30": "75.68600", "2016-06-30": "95.42000", "2016-03-31": "76.21000", "2015-12-31": "75.60200", "2015-09-30": "96.85700", "2015-06-30": "88.20400", "2015-03-31": "84.99700", "2014-12-31": "95.43900", "2014-09-30": "77.39300", "2014-06-30": "82.06600", "2014-03-31": "72.91400", "2013-12-31": "61.84800", "2013-09-30": "72.82500", "2013-06-30": "71.16600", "2013-03-31": "64.43600", "2012-12-31": "56.04700", "2012-09-30": "54.88400", "2012-06-30": "43.39500", "2012-03-31": "40.58800", "2011-12-31": "52.35000", "2011-09-30": "44.98700", "2011-06-30": "96.28900", "2011-03-31": "70.33100", "2010-12-31": "81.25000", "2010-09-30": "63.49000", "2010-06-30": "55.53000", "2010-03-31": "55.16800", "2009-12-31": "37.24800", "2009-09-30": "44.54000", "2009-06-30": "45.32600", "2009-03-31": "49.59500", "2008-12-31": "54.95200", "2008-09-30": "122.44100", "2008-06-30": "", "2008-03-31": "", "2007-12-31": "", "2007-09-30": "", "2007-06-30": "22.99300", "2007-03-31": "", "2006-12-31": "", "2006-09-30": "10.30700", "2006-06-30": "", "2006-03-31": "", "2005-12-31": "", "2005-09-30": "", "2005-06-30": "", "2005-03-31": ""}, "Other Current Assets": {"2020-09-30": "", "2020-06-30": "", "2020-03-31": "", "2019-12-31": "", "2019-09-30": "", "2019-06-30": "0.14600", "2019-03-31": "0.17800", "2018-12-31": "", "2018-09-30": "2.61600", "2018-06-30": "2.90400", "2018-03-31": "2.92300", "2017-12-31": "0.70800", "2017-09-30": "2.77700", "2017-06-30": "5.54200", "2017-03-31": "5.01500", "2016-12-31": "5.25900", "2016-09-30": "6.04900", "2016-06-30": "6.54900", "2016-03-31": "6.55500", "2015-12-31": "6.55500", "2015-09-30": "6.55500", "2015-06-30": "6.58000", "2015-03-31": "1.41900", "2014-12-31": "1.41900", "2014-09-30": "1.41900", "2014-06-30": "5.41500", "2014-03-31": "5.84900", "2013-12-31": "7.03300", "2013-09-30": "25.32000", "2013-06-30": "28.83000", "2013-03-31": "26.83200", "2012-12-31": "27.04200", "2012-09-30": "28.82600", "2012-06-30": "44.71300", "2012-03-31": "50.22000", "2011-12-31": "53.81600", "2011-09-30": "46.22000", "2011-06-30": "48.16200", "2011-03-31": "50.84000", "2010-12-31": "47.67100", "2010-09-30": "59.21800", "2010-06-30": "27.17900", "2010-03-31": "", "2009-12-31": "", "2009-09-30": "0.47300", "2009-06-30": "", "2009-03-31": "52.05700", "2008-12-31": "17.40000", "2008-09-30": "", "2008-06-30": "86.23100", "2008-03-31": "83.93200", "2007-12-31": "48.22500", "2007-09-30": "63.49300", "2007-06-30": "29.96800", "2007-03-31": "48.48900", "2006-12-31": "50.14400", "2006-09-30": "22.17300", "2006-06-30": "35.16600", "2006-03-31": "37.35600", "2005-12-31": "29.11600", "2005-09-30": "25.88400", "2005-06-30": "41.52200", "2005-03-31": "40.50800"}, "Total Current Assets": {"2020-09-30": "3057.87300", "2020-06-30": "2802.98600", "2020-03-31": "2860.17900", "2019-12-31": "2598.23600", "2019-09-30": "2613.51800", "2019-06-30": "2477.34200", "2019-03-31": "2286.23000", "2018-12-31": "2234.65700", "2018-09-30": "2282.73300", "2018-06-30": "2590.88000", "2018-03-31": "2592.56100", "2017-12-31": "2516.28800", "2017-09-30": "2350.65600", "2017-06-30": "1788.27100", "2017-03-31": "1419.33500", "2016-12-31": "1809.88500", "2016-09-30": "1369.89500", "2016-06-30": "1408.99100", "2016-03-31": "1813.84200", "2015-12-31": "1746.22400", "2015-09-30": "1756.19800", "2015-06-30": "1903.71900", "2015-03-31": "1753.63600", "2014-12-31": "1857.73400", "2014-09-30": "2181.17000", "2014-06-30": "1863.69500", "2014-03-31": "1823.95000", "2013-12-31": "1928.98200", "2013-09-30": "1817.65200", "2013-06-30": "1585.15900", "2013-03-31": "1559.74200", "2012-12-31": "1542.72800", "2012-09-30": "1563.47700", "2012-06-30": "1567.96500", "2012-03-31": "1487.77000", "2011-12-31": "1464.19300", "2011-09-30": "1537.46300", "2011-06-30": "1648.53900", "2011-03-31": "1664.21500", "2010-12-31": "1710.46500", "2010-09-30": "1497.05500", "2010-06-30": "1295.65600", "2010-03-31": "1195.40600", "2009-12-31": "1509.21000", "2009-09-30": "1366.19400", "2009-06-30": "1291.07900", "2009-03-31": "1388.90900", "2008-12-31": "1370.46300", "2008-09-30": "1450.72000", "2008-06-30": "1454.00300", "2008-03-31": "1486.26300", "2007-12-31": "1365.99600", "2007-09-30": "1301.06000", "2007-06-30": "1649.92000", "2007-03-31": "1587.73500", "2006-12-31": "1487.67400", "2006-09-30": "1105.67400", "2006-06-30": "992.62200", "2006-03-31": "985.98200", "2005-12-31": "1076.51800", "2005-09-30": "999.41500", "2005-06-30": "1185.45800", "2005-03-31": "1057.66100"}, "Property, Plant, And Equipment": {"2020-09-30": "2585.81800", "2020-06-30": "2548.55500", "2020-03-31": "2562.79400", "2019-12-31": "2592.06100", "2019-09-30": "2211.12400", "2019-06-30": "2210.21200", "2019-03-31": "2195.70600", "2018-12-31": "2161.70200", "2018-09-30": "2120.64600", "2018-06-30": "2113.95300", "2018-03-31": "2121.63000", "2017-12-31": "2095.14700", "2017-09-30": "2076.34700", "2017-06-30": "1721.94800", "2017-03-31": "1709.84300", "2016-12-31": "1833.98500", "2016-09-30": "1450.35200", "2016-06-30": "1414.89500", "2016-03-31": "1350.89000", "2015-12-31": "1352.52900", "2015-09-30": "1347.23900", "2015-06-30": "1189.12100", "2015-03-31": "1181.40800", "2014-12-31": "1182.79500", "2014-09-30": "1180.41400", "2014-06-30": "1173.86800", "2014-03-31": "1165.43400", "2013-12-31": "1151.81100", "2013-09-30": "1159.35800", "2013-06-30": "1166.98500", "2013-03-31": "1181.51800", "2012-12-31": "1189.92100", "2012-09-30": "1196.96400", "2012-06-30": "1209.79600", "2012-03-31": "1224.88000", "2011-12-31": "1241.75200", "2011-09-30": "1317.69200", "2011-06-30": "1358.37800", "2011-03-31": "1368.79100", "2010-12-31": "1358.13600", "2010-09-30": "1343.69400", "2010-06-30": "1393.79500", "2010-03-31": "1453.27300", "2009-12-31": "1474.70700", "2009-09-30": "1499.47600", "2009-06-30": "1531.58200", "2009-03-31": "1573.49600", "2008-12-31": "1645.51800", "2008-09-30": "1673.00400", "2008-06-30": "1715.62700", "2008-03-31": "1736.81700", "2007-12-31": "1789.81400", "2007-09-30": "1783.42900", "2007-06-30": "1896.80300", "2007-03-31": "1911.55000", "2006-12-31": "1792.54400", "2006-09-30": "1154.99400", "2006-06-30": "1147.68700", "2006-03-31": "1157.81100", "2005-12-31": "1166.96200", "2005-09-30": "1154.09700", "2005-06-30": "1169.36700", "2005-03-31": "1162.25700"}, "Long-Term Investments": {"2020-09-30": "", "2020-06-30": "", "2020-03-31": "", "2019-12-31": "", "2019-09-30": "", "2019-06-30": "", "2019-03-31": "", "2018-12-31": "", "2018-09-30": "", "2018-06-30": "", "2018-03-31": "", "2017-12-31": "", "2017-09-30": "", "2017-06-30": "", "2017-03-31": "", "2016-12-31": "", "2016-09-30": "", "2016-06-30": "", "2016-03-31": "", "2015-12-31": "", "2015-09-30": "", "2015-06-30": "", "2015-03-31": "", "2014-12-31": "", "2014-09-30": "", "2014-06-30": "", "2014-03-31": "", "2013-12-31": "", "2013-09-30": "", "2013-06-30": "", "2013-03-31": "", "2012-12-31": "", "2012-09-30": "", "2012-06-30": "0.47400", "2012-03-31": "0.59100", "2011-12-31": "0.49700", "2011-09-30": "1.79700", "2011-06-30": "12.22400", "2011-03-31": "12.02600", "2010-12-31": "11.59500", "2010-09-30": "56.23500", "2010-06-30": "56.39400", "2010-03-31": "60.64600", "2009-12-31": "58.10400", "2009-09-30": "57.31400", "2009-06-30": "60.18100", "2009-03-31": "55.50000", "2008-12-31": "57.20200", "2008-09-30": "55.85400", "2008-06-30": "54.34200", "2008-03-31": "44.22700", "2007-12-31": "45.89600", "2007-09-30": "46.03500", "2007-06-30": "44.00300", "2007-03-31": "31.04200", "2006-12-31": "147.14100", "2006-09-30": "115.37500", "2006-06-30": "148.12300", "2006-03-31": "199.75400", "2005-12-31": "268.97500", "2005-09-30": "304.59300", "2005-06-30": "", "2005-03-31": ""}, "Goodwill And Intangible Assets": {"2020-09-30": "1521.78300", "2020-06-30": "1488.00900", "2020-03-31": "1503.44900", "2019-12-31": "1569.80300", "2019-09-30": "1458.49900", "2019-06-30": "1502.79100", "2019-03-31": "1540.51000", "2018-12-31": "1513.87800", "2018-09-30": "1552.73000", "2018-06-30": "1576.31100", "2018-03-31": "1661.54000", "2017-12-31": "1619.05200", "2017-09-30": "1616.27500", "2017-06-30": "329.29900", "2017-03-31": "344.65800", "2016-12-31": "1358.81200", "2016-09-30": "166.15500", "2016-06-30": "168.11000", "2016-03-31": "206.03600", "2015-12-31": "204.01800", "2015-09-30": "206.60800", "2015-06-30": "23.91200", "2015-03-31": "25.34800", "2014-12-31": "26.78300", "2014-09-30": "28.21900", "2014-06-30": "29.65400", "2014-03-31": "31.08900", "2013-12-31": "32.52500", "2013-09-30": "33.96000", "2013-06-30": "35.39500", "2013-03-31": "36.83100", "2012-12-31": "38.26600", "2012-09-30": "39.80300", "2012-06-30": "41.23000", "2012-03-31": "42.65600", "2011-12-31": "44.08300", "2011-09-30": "45.51900", "2011-06-30": "46.95400", "2011-03-31": "47.52900", "2010-12-31": "48.95000", "2010-09-30": "50.37100", "2010-06-30": "51.79200", "2010-03-31": "53.21300", "2009-12-31": "54.63300", "2009-09-30": "57.17900", "2009-06-30": "59.72500", "2009-03-31": "62.27100", "2008-12-31": "64.81700", "2008-09-30": "67.36300", "2008-06-30": "499.66900", "2008-03-31": "499.66900", "2007-12-31": "499.66900", "2007-09-30": "505.16600", "2007-06-30": "509.05900", "2007-03-31": "515.38700", "2006-12-31": "537.51600", "2006-09-30": "", "2006-06-30": "", "2006-03-31": "", "2005-12-31": "", "2005-09-30": "", "2005-06-30": "", "2005-03-31": ""}, "Other Long-Term Assets": {"2020-09-30": "15.07900", "2020-06-30": "29.89600", "2020-03-31": "34.51100", "2019-12-31": "36.32500", "2019-09-30": "15.21100", "2019-06-30": "15.28900", "2019-03-31": "16.27500", "2018-12-31": "16.71700", "2018-09-30": "17.16200", "2018-06-30": "18.27600", "2018-03-31": "18.62900", "2017-12-31": "18.16500", "2017-09-30": "20.00700", "2017-06-30": "17.48400", "2017-03-31": "16.50900", "2016-12-31": "19.26000", "2016-09-30": "15.88700", "2016-06-30": "15.95400", "2016-03-31": "15.98200", "2015-12-31": "15.67200", "2015-09-30": "31.81300", "2015-06-30": "30.48900", "2015-03-31": "31.48800", "2014-12-31": "24.40600", "2014-09-30": "30.76600", "2014-06-30": "31.66400", "2014-03-31": "33.89500", "2013-12-31": "40.16300", "2013-09-30": "38.83100", "2013-06-30": "38.94100", "2013-03-31": "42.78900", "2012-12-31": "45.52300", "2012-09-30": "48.93100", "2012-06-30": "48.84300", "2012-03-31": "51.44500", "2011-12-31": "57.92100", "2011-09-30": "62.12400", "2011-06-30": "64.80400", "2011-03-31": "65.56000", "2010-12-31": "67.14300", "2010-09-30": "70.62600", "2010-06-30": "117.93800", "2010-03-31": "125.10300", "2009-12-31": "112.80900", "2009-09-30": "63.60900", "2009-06-30": "88.66300", "2009-03-31": "85.23300", "2008-12-31": "77.10300", "2008-09-30": "51.76800", "2008-06-30": "123.54400", "2008-03-31": "125.05300", "2007-12-31": "135.33700", "2007-09-30": "138.54600", "2007-06-30": "87.76500", "2007-03-31": "101.28300", "2006-12-31": "112.30800", "2006-09-30": "50.82500", "2006-06-30": "47.13900", "2006-03-31": "48.91600", "2005-12-31": "50.66400", "2005-09-30": "53.79800", "2005-06-30": "48.02500", "2005-03-31": "49.61800"}, "Total Long-Term Assets": {"2020-09-30": "4411.62600", "2020-06-30": "4353.59500", "2020-03-31": "4391.80300", "2019-12-31": "4504.12800", "2019-09-30": "3989.61500", "2019-06-30": "4050.57600", "2019-03-31": "4086.69700", "2018-12-31": "3696.54500", "2018-09-30": "3693.70500", "2018-06-30": "3711.68900", "2018-03-31": "3805.07400", "2017-12-31": "3732.36400", "2017-09-30": "3712.62900", "2017-06-30": "2068.73100", "2017-03-31": "2071.01000", "2016-12-31": "3212.05700", "2016-09-30": "1632.39400", "2016-06-30": "1598.95900", "2016-03-31": "1572.90800", "2015-12-31": "1572.21900", "2015-09-30": "1585.66000", "2015-06-30": "1243.52200", "2015-03-31": "1238.24400", "2014-12-31": "1233.98400", "2014-09-30": "1324.61200", "2014-06-30": "1322.73000", "2014-03-31": "1246.46700", "2013-12-31": "1243.42000", "2013-09-30": "1291.76900", "2013-06-30": "1338.75500", "2013-03-31": "1358.59300", "2012-12-31": "1371.14100", "2012-09-30": "1356.79700", "2012-06-30": "1371.44200", "2012-03-31": "1390.67100", "2011-12-31": "1415.35200", "2011-09-30": "1462.22300", "2011-06-30": "1514.66300", "2011-03-31": "1527.70000", "2010-12-31": "1508.43300", "2010-09-30": "1520.92600", "2010-06-30": "1631.58400", "2010-03-31": "1692.53100", "2009-12-31": "1700.25300", "2009-09-30": "1694.31000", "2009-06-30": "1740.15100", "2009-03-31": "1776.50000", "2008-12-31": "1844.64000", "2008-09-30": "1847.98900", "2008-06-30": "2393.18200", "2008-03-31": "2405.76600", "2007-12-31": "2470.71600", "2007-09-30": "2473.17600", "2007-06-30": "2537.63000", "2007-03-31": "2559.26200", "2006-12-31": "2589.50900", "2006-09-30": "1321.19400", "2006-06-30": "1342.94900", "2006-03-31": "1406.48100", "2005-12-31": "1486.60100", "2005-09-30": "1512.48800", "2005-06-30": "1217.39200", "2005-03-31": "1211.87500"}, "Total Assets": {"2020-09-30": "7469.49900", "2020-06-30": "7156.58100", "2020-03-31": "7251.98200", "2019-12-31": "7102.36400", "2019-09-30": "6603.13300", "2019-06-30": "6527.91800", "2019-03-31": "6372.92700", "2018-12-31": "5931.20200", "2018-09-30": "5976.43800", "2018-06-30": "6302.56900", "2018-03-31": "6397.63500", "2017-12-31": "6248.65200", "2017-09-30": "6063.28500", "2017-06-30": "3857.00200", "2017-03-31": "3490.34500", "2016-12-31": "5021.94200", "2016-09-30": "3002.28900", "2016-06-30": "3007.95000", "2016-03-31": "3386.75000", "2015-12-31": "3318.44300", "2015-09-30": "3341.85800", "2015-06-30": "3147.24100", "2015-03-31": "2991.88000", "2014-12-31": "3091.71800", "2014-09-30": "3505.78200", "2014-06-30": "3186.42500", "2014-03-31": "3070.41700", "2013-12-31": "3172.40200", "2013-09-30": "3109.42100", "2013-06-30": "2923.91400", "2013-03-31": "2918.33500", "2012-12-31": "2913.86900", "2012-09-30": "2920.27400", "2012-06-30": "2939.40700", "2012-03-31": "2878.44100", "2011-12-31": "2879.54500", "2011-09-30": "2999.68600", "2011-06-30": "3163.20200", "2011-03-31": "3191.91500", "2010-12-31": "3218.89800", "2010-09-30": "3017.98100", "2010-06-30": "2927.24000", "2010-03-31": "2887.93700", "2009-12-31": "3209.46300", "2009-09-30": "3060.50400", "2009-06-30": "3031.23000", "2009-03-31": "3165.40900", "2008-12-31": "3215.10300", "2008-09-30": "3298.70900", "2008-06-30": "3847.18500", "2008-03-31": "3892.02900", "2007-12-31": "3836.71200", "2007-09-30": "3774.23600", "2007-06-30": "4187.55000", "2007-03-31": "4146.99700", "2006-12-31": "4077.18300", "2006-09-30": "2426.86800", "2006-06-30": "2335.57100", "2006-03-31": "2392.46300", "2005-12-31": "2563.11900", "2005-09-30": "2511.90300", "2005-06-30": "2402.85000", "2005-03-31": "2269.53600"}, "Total Current Liabilities": {"2020-09-30": "1695.44800", "2020-06-30": "1485.36500", "2020-03-31": "1516.08200", "2019-12-31": "1648.15500", "2019-09-30": "1437.74500", "2019-06-30": "1392.62900", "2019-03-31": "1357.73000", "2018-12-31": "1296.22300", "2018-09-30": "1323.13600", "2018-06-30": "1387.05900", "2018-03-31": "1441.09600", "2017-12-31": "1452.52300", "2017-09-30": "1420.33800", "2017-06-30": "982.17700", "2017-03-31": "916.79300", "2016-12-31": "1185.15700", "2016-09-30": "844.32900", "2016-06-30": "824.62200", "2016-03-31": "795.33000", "2015-12-31": "846.96000", "2015-09-30": "906.09900", "2015-06-30": "818.56500", "2015-03-31": "756.18900", "2014-12-31": "719.55700", "2014-09-30": "884.38400", "2014-06-30": "819.68200", "2014-03-31": "884.47100", "2013-12-31": "1083.39800", "2013-09-30": "759.26700", "2013-06-30": "733.52400", "2013-03-31": "702.62200", "2012-12-31": "730.17700", "2012-09-30": "731.68500", "2012-06-30": "724.58200", "2012-03-31": "687.04900", "2011-12-31": "717.17300", "2011-09-30": "710.73200", "2011-06-30": "719.84800", "2011-03-31": "718.51700", "2010-12-31": "738.63500", "2010-09-30": "675.96800", "2010-06-30": "641.59400", "2010-03-31": "657.13500", "2009-12-31": "850.83200", "2009-09-30": "508.16400", "2009-06-30": "476.10000", "2009-03-31": "675.44300", "2008-12-31": "612.68200", "2008-09-30": "2712.96200", "2008-06-30": "918.33700", "2008-03-31": "904.85900", "2007-12-31": "925.66700", "2007-09-30": "905.20200", "2007-06-30": "948.26900", "2007-03-31": "862.76300", "2006-12-31": "861.93500", "2006-09-30": "576.83700", "2006-06-30": "553.76600", "2006-03-31": "583.78100", "2005-12-31": "698.51200", "2005-09-30": "594.81400", "2005-06-30": "616.51100", "2005-03-31": "565.41000"}, "Long Term Debt": {"2020-09-30": "2610.66800", "2020-06-30": "2615.95100", "2020-03-31": "2620.90700", "2019-12-31": "2276.02900", "2019-09-30": "2279.87100", "2019-06-30": "2283.84700", "2019-03-31": "2303.73500", "2018-12-31": "2295.19000", "2018-09-30": "2302.19400", "2018-06-30": "2584.48600", "2018-03-31": "2625.69800", "2017-12-31": "2635.61700", "2017-09-30": "2548.57500", "2017-06-30": "1404.26400", "2017-03-31": "1346.99000", "2016-12-31": "1396.12400", "2016-09-30": "1004.84000", "2016-06-30": "1117.97900", "2016-03-31": "986.40000", "2015-12-31": "985.50900", "2015-09-30": "1000.39800", "2015-06-30": "1000.42000", "2015-03-31": "1150.44100", "2014-12-31": "3.98000", "2014-09-30": "502.11500", "2014-06-30": "502.03900", "2014-03-31": "502.07700", "2013-12-31": "501.99900", "2013-09-30": "912.01900", "2013-06-30": "911.93900", "2013-03-31": "1126.47700", "2012-12-31": "1148.87000", "2012-09-30": "1151.12700", "2012-06-30": "1214.61900", "2012-03-31": "1249.51000", "2011-12-31": "1458.00100", "2011-09-30": "1508.89000", "2011-06-30": "1498.28000", "2011-03-31": "1397.06800", "2010-12-31": "1281.16000", "2010-09-30": "1166.60600", "2010-06-30": "1167.93000", "2010-03-31": "1145.75500", "2009-12-31": "1859.40000", "2009-09-30": "41.06200", "2009-06-30": "42.13300", "2009-03-31": "38.95000", "2008-12-31": "41.52000", "2008-09-30": "67.51400", "2008-06-30": "1518.97900", "2008-03-31": "1629.93000", "2007-12-31": "1404.06200", "2007-09-30": "1318.55800", "2007-06-30": "1718.77400", "2007-03-31": "1789.51900", "2006-12-31": "713.10500", "2006-09-30": "554.87600", "2006-06-30": "484.97000", "2006-03-31": "486.90300", "2005-12-31": "508.51600", "2005-09-30": "518.86300", "2005-06-30": "521.08700", "2005-03-31": "523.40400"}, "Other Non-Current Liabilities": {"2020-09-30": "177.09600", "2020-06-30": "156.69900", "2020-03-31": "109.17100", "2019-12-31": "104.83100", "2019-09-30": "89.03800", "2019-06-30": "99.03000", "2019-03-31": "77.75000", "2018-12-31": "82.78200", "2018-09-30": "77.96100", "2018-06-30": "80.04500", "2018-03-31": "84.75800", "2017-12-31": "96.35900", "2017-09-30": "98.09800", "2017-06-30": "89.42200", "2017-03-31": "88.71700", "2016-12-31": "102.72200", "2016-09-30": "91.89000", "2016-06-30": "101.78000", "2016-03-31": "101.07600", "2015-12-31": "92.28200", "2015-09-30": "103.10400", "2015-06-30": "87.46700", "2015-03-31": "102.27500", "2014-12-31": "97.20800", "2014-09-30": "88.49000", "2014-06-30": "90.20500", "2014-03-31": "87.42800", "2013-12-31": "80.45900", "2013-09-30": "84.56600", "2013-06-30": "87.03100", "2013-03-31": "115.05300", "2012-12-31": "125.82500", "2012-09-30": "144.74600", "2012-06-30": "145.46900", "2012-03-31": "144.90600", "2011-12-31": "145.94100", "2011-09-30": "111.39100", "2011-06-30": "113.76500", "2011-03-31": "114.44100", "2010-12-31": "117.03100", "2010-09-30": "88.52200", "2010-06-30": "90.17500", "2010-03-31": "93.22400", "2009-12-31": "240.25900", "2009-09-30": "2331.94400", "2009-06-30": "2354.88400", "2009-03-31": "2297.43300", "2008-12-31": "2339.35200", "2008-09-30": "85.73700", "2008-06-30": "84.72100", "2008-03-31": "83.99000", "2007-12-31": "55.77100", "2007-09-30": "51.68500", "2007-06-30": "79.74700", "2007-03-31": "85.04800", "2006-12-31": "1090.45700", "2006-09-30": "", "2006-06-30": "", "2006-03-31": "", "2005-12-31": "", "2005-09-30": "", "2005-06-30": "", "2005-03-31": ""}, "Total Long Term Liabilities": {"2020-09-30": "3342.73900", "2020-06-30": "3296.81700", "2020-03-31": "3259.40900", "2019-12-31": "2918.14900", "2019-09-30": "2835.28400", "2019-06-30": "2862.02500", "2019-03-31": "2870.69700", "2018-12-31": "2615.39400", "2018-09-30": "2585.75900", "2018-06-30": "2861.09200", "2018-03-31": "2922.77200", "2017-12-31": "2940.46800", "2017-09-30": "2932.71100", "2017-06-30": "1664.72800", "2017-03-31": "1594.20100", "2016-12-31": "1750.65300", "2016-09-30": "1241.15300", "2016-06-30": "1364.63500", "2016-03-31": "1220.23100", "2015-12-31": "1209.67300", "2015-09-30": "1193.09100", "2015-06-30": "1168.72300", "2015-03-31": "1326.62400", "2014-12-31": "175.36000", "2014-09-30": "590.60500", "2014-06-30": "592.24400", "2014-03-31": "599.95700", "2013-12-31": "596.40200", "2013-09-30": "996.58500", "2013-06-30": "998.97000", "2013-03-31": "1241.53000", "2012-12-31": "1274.69500", "2012-09-30": "1295.87300", "2012-06-30": "1360.08800", "2012-03-31": "1394.41600", "2011-12-31": "1603.94200", "2011-09-30": "1625.03200", "2011-06-30": "1615.65700", "2011-03-31": "1515.09200", "2010-12-31": "1401.66700", "2010-09-30": "1305.77400", "2010-06-30": "1300.48900", "2010-03-31": "1280.17600", "2009-12-31": "2165.82300", "2009-09-30": "2395.21900", "2009-06-30": "2437.84300", "2009-03-31": "2424.94100", "2008-12-31": "2479.38200", "2008-09-30": "234.00600", "2008-06-30": "1781.80200", "2008-03-31": "1962.40600", "2007-12-31": "1772.81700", "2007-09-30": "1696.81300", "2007-06-30": "2109.24700", "2007-03-31": "2215.38800", "2006-12-31": "2104.91800", "2006-09-30": "732.70300", "2006-06-30": "656.94400", "2006-03-31": "661.32700", "2005-12-31": "683.47700", "2005-09-30": "693.49100", "2005-06-30": "675.71100", "2005-03-31": "678.01000"}, "Total Liabilities": {"2020-09-30": "5038.18700", "2020-06-30": "4782.18200", "2020-03-31": "4775.49100", "2019-12-31": "4566.30400", "2019-09-30": "4273.02900", "2019-06-30": "4254.65400", "2019-03-31": "4228.42700", "2018-12-31": "3911.61700", "2018-09-30": "3908.89500", "2018-06-30": "4248.15100", "2018-03-31": "4363.86800", "2017-12-31": "4392.99100", "2017-09-30": "4353.04900", "2017-06-30": "2646.90500", "2017-03-31": "2510.99400", "2016-12-31": "2935.81000", "2016-09-30": "2085.48200", "2016-06-30": "2189.25700", "2016-03-31": "2015.56100", "2015-12-31": "2056.63300", "2015-09-30": "2099.19000", "2015-06-30": "1987.28800", "2015-03-31": "2082.81300", "2014-12-31": "894.91700", "2014-09-30": "1474.98900", "2014-06-30": "1411.92600", "2014-03-31": "1484.42800", "2013-12-31": "1679.80000", "2013-09-30": "1755.85200", "2013-06-30": "1732.49400", "2013-03-31": "1944.15200", "2012-12-31": "2004.87200", "2012-09-30": "2027.55800", "2012-06-30": "2084.67000", "2012-03-31": "2081.46500", "2011-12-31": "2321.11500", "2011-09-30": "2335.76400", "2011-06-30": "2335.50500", "2011-03-31": "2233.60900", "2010-12-31": "2140.30200", "2010-09-30": "1981.74200", "2010-06-30": "1942.08300", "2010-03-31": "1937.31100", "2009-12-31": "3016.65500", "2009-09-30": "2903.38300", "2009-06-30": "2913.94300", "2009-03-31": "3100.38400", "2008-12-31": "3092.06400", "2008-09-30": "2946.96800", "2008-06-30": "2700.13900", "2008-03-31": "2867.26500", "2007-12-31": "2698.48400", "2007-09-30": "2602.01500", "2007-06-30": "3057.51600", "2007-03-31": "3078.15100", "2006-12-31": "2966.85300", "2006-09-30": "1309.54000", "2006-06-30": "1210.71000", "2006-03-31": "1245.10800", "2005-12-31": "1381.98900", "2005-09-30": "1288.30500", "2005-06-30": "1292.22200", "2005-03-31": "1243.42000"}, "Common Stock Net": {"2020-09-30": "2.61200", "2020-06-30": "2.61200", "2020-03-31": "2.61200", "2019-12-31": "2.61100", "2019-09-30": "2.61100", "2019-06-30": "2.60900", "2019-03-31": "2.60900", "2018-12-31": "2.60400", "2018-09-30": "2.60400", "2018-06-30": "2.60400", "2018-03-31": "2.60400", "2017-12-31": "2.60200", "2017-09-30": "2.60200", "2017-06-30": "2.60200", "2017-03-31": "2.60200", "2016-12-31": "307.28800", "2016-09-30": "2.59700", "2016-06-30": "2.59700", "2016-03-31": "2.59700", "2015-12-31": "2.59700", "2015-09-30": "2.59700", "2015-06-30": "2.59700", "2015-03-31": "2.59700", "2014-12-31": "2.59000", "2014-09-30": "2.59000", "2014-06-30": "2.59000", "2014-03-31": "2.59000", "2013-12-31": "2.59000", "2013-09-30": "2.59000", "2013-06-30": "2.59000", "2013-03-31": "2.59000", "2012-12-31": "2.59000", "2012-09-30": "2.59000", "2012-06-30": "2.58900", "2012-03-31": "2.58900", "2011-12-31": "2.14300", "2011-09-30": "2.14300", "2011-06-30": "2.14300", "2011-03-31": "2.14300", "2010-12-31": "2.14300", "2010-09-30": "2.14300", "2010-06-30": "2.14300", "2010-03-31": "2.14300", "2009-12-31": "0.77100", "2009-09-30": "0.77100", "2009-06-30": "0.74000", "2009-03-31": "0.74000", "2008-12-31": "0.74000", "2008-09-30": "0.74000", "2008-06-30": "0.74100", "2008-03-31": "0.66500", "2007-12-31": "0.66500", "2007-09-30": "0.66500", "2007-06-30": "0.66500", "2007-03-31": "0.66500", "2006-12-31": "0.66500", "2006-09-30": "0.66500", "2006-06-30": "0.66800", "2006-03-31": "0.66800", "2005-12-31": "0.66800", "2005-09-30": "0.66800", "2005-06-30": "0.66800", "2005-03-31": "0.66800"}, "Retained Earnings (Accumulated Deficit)": {"2020-09-30": "972.49000", "2020-06-30": "939.04400", "2020-03-31": "945.08000", "2019-12-31": "877.81200", "2019-09-30": "785.73200", "2019-06-30": "675.96700", "2019-03-31": "505.89900", "2018-12-31": "421.88800", "2018-09-30": "429.21200", "2018-06-30": "399.90200", "2018-03-31": "293.36100", "2017-12-31": "173.94300", "2017-09-30": "39.60600", "2017-06-30": "-193.07300", "2017-03-31": "-426.71400", "2016-12-31": "-782.78500", "2016-09-30": "-591.25300", "2016-06-30": "-689.91000", "2016-03-31": "-142.88100", "2015-12-31": "-261.25200", "2015-09-30": "-324.40000", "2015-06-30": "-461.27400", "2015-03-31": "-702.76300", "2014-12-31": "591.49200", "2014-09-30": "424.30500", "2014-06-30": "168.32100", "2014-03-31": "-22.03900", "2013-12-31": "-120.15600", "2013-09-30": "-263.50700", "2013-06-30": "-424.42400", "2013-03-31": "-615.12900", "2012-12-31": "-669.71100", "2012-09-30": "-692.48300", "2012-06-30": "-735.41400", "2012-03-31": "-804.77200", "2011-12-31": "-843.94500", "2011-09-30": "-758.59000", "2011-06-30": "-596.07400", "2011-03-31": "-469.41300", "2010-12-31": "-348.65300", "2010-09-30": "-390.49700", "2010-06-30": "-448.42100", "2010-03-31": "-481.33900", "2009-12-31": "-435.79400", "2009-09-30": "-469.40700", "2009-06-30": "-551.60200", "2009-03-31": "-604.15600", "2008-12-31": "-545.86200", "2008-09-30": "-317.08200", "2008-06-30": "486.55700", "2008-03-31": "541.00400", "2007-12-31": "653.94800", "2007-09-30": "687.77500", "2007-06-30": "656.08600", "2007-03-31": "594.94200", "2006-12-31": "636.51600", "2006-09-30": "646.75000", "2006-06-30": "655.72900", "2006-03-31": "677.70000", "2005-12-31": "711.14900", "2005-09-30": "753.52700", "2005-06-30": "679.79700", "2005-03-31": "595.44200"}, "Comprehensive Income": {"2020-09-30": "-165.52000", "2020-06-30": "-223.42700", "2020-03-31": "-174.91700", "2019-12-31": "-75.12900", "2019-09-30": "-186.04000", "2019-06-30": "-130.67900", "2019-03-31": "-88.92600", "2018-12-31": "-127.83400", "2018-09-30": "-83.54800", "2018-06-30": "-63.58400", "2018-03-31": "26.46900", "2017-12-31": "-31.14000", "2017-09-30": "-36.51700", "2017-06-30": "-66.73500", "2017-03-31": "-62.92100", "2016-12-31": "-329.85800", "2016-09-30": "-65.84800", "2016-06-30": "-67.72600", "2016-03-31": "-65.78500", "2015-12-31": "-58.93000", "2015-09-30": "-66.00200", "2015-06-30": "-55.83800", "2015-03-31": "-64.62900", "2014-12-31": "-62.54100", "2014-09-30": "-55.81500", "2014-06-30": "-55.17900", "2014-03-31": "-51.55700", "2013-12-31": "-45.73500", "2013-09-30": "-32.39700", "2013-06-30": "-32.71000", "2013-03-31": "-58.10100", "2012-12-31": "-68.51100", "2012-09-30": "-62.22200", "2012-06-30": "-57.09500", "2012-03-31": "-45.65000", "2011-12-31": "-46.07000", "2011-09-30": "-25.49200", "2011-06-30": "-24.36800", "2011-03-31": "-24.15200", "2010-12-31": "-23.63700", "2010-09-30": "-23.57200", "2010-06-30": "-23.88300", "2010-03-31": "-23.96600", "2009-12-31": "-27.26600", "2009-09-30": "-27.23700", "2009-06-30": "21.32500", "2009-03-31": "21.61700", "2008-12-31": "21.33700", "2008-09-30": "21.16100", "2008-06-30": "12.82500", "2008-03-31": "13.31600", "2007-12-31": "13.83600", "2007-09-30": "14.00200", "2007-06-30": "3.50400", "2007-03-31": "3.46000", "2006-12-31": "3.37000", "2006-09-30": "0.13400", "2006-06-30": "-1.31200", "2006-03-31": "-0.78900", "2005-12-31": "-0.46300", "2005-09-30": "-0.37300", "2005-06-30": "0.06900", "2005-03-31": "-0.08800"}, "Other Share Holders Equity": {"2020-09-30": "", "2020-06-30": "", "2020-03-31": "", "2019-12-31": "", "2019-09-30": "", "2019-06-30": "", "2019-03-31": "", "2018-12-31": "", "2018-09-30": "", "2018-06-30": "", "2018-03-31": "", "2017-12-31": "", "2017-09-30": "", "2017-06-30": "", "2017-03-31": "", "2016-12-31": "", "2016-09-30": "", "2016-06-30": "", "2016-03-31": "", "2015-12-31": "", "2015-09-30": "", "2015-06-30": "", "2015-03-31": "", "2014-12-31": "", "2014-09-30": "", "2014-06-30": "", "2014-03-31": "", "2013-12-31": "", "2013-09-30": "", "2013-06-30": "", "2013-03-31": "", "2012-12-31": "", "2012-09-30": "", "2012-06-30": "", "2012-03-31": "", "2011-12-31": "", "2011-09-30": "", "2011-06-30": "", "2011-03-31": "", "2010-12-31": "", "2010-09-30": "", "2010-06-30": "", "2010-03-31": "", "2009-12-31": "", "2009-09-30": "", "2009-06-30": "", "2009-03-31": "", "2008-12-31": "", "2008-09-30": "", "2008-06-30": "", "2008-03-31": "", "2007-12-31": "", "2007-09-30": "", "2007-06-30": "", "2007-03-31": "", "2006-12-31": "", "2006-09-30": "", "2006-06-30": "", "2006-03-31": "", "2005-12-31": "", "2005-09-30": "", "2005-06-30": "", "2005-03-31": ""}, "Share Holder Equity": {"2020-09-30": "2431.31200", "2020-06-30": "2374.39900", "2020-03-31": "2476.49100", "2019-12-31": "2536.06000", "2019-09-30": "2330.10400", "2019-06-30": "2273.26400", "2019-03-31": "2144.50000", "2018-12-31": "2019.58500", "2018-09-30": "2067.54300", "2018-06-30": "2054.41800", "2018-03-31": "2033.76700", "2017-12-31": "1855.66100", "2017-09-30": "1710.23600", "2017-06-30": "1210.09700", "2017-03-31": "979.35100", "2016-12-31": "2086.13200", "2016-09-30": "916.80700", "2016-06-30": "818.69300", "2016-03-31": "1371.18900", "2015-12-31": "1261.81000", "2015-09-30": "1242.66800", "2015-06-30": "1159.95300", "2015-03-31": "909.06700", "2014-12-31": "2196.80100", "2014-09-30": "2030.79300", "2014-06-30": "1774.49900", "2014-03-31": "1585.98900", "2013-12-31": "1492.60200", "2013-09-30": "1353.56900", "2013-06-30": "1191.42000", "2013-03-31": "974.18300", "2012-12-31": "908.99700", "2012-09-30": "892.71600", "2012-06-30": "854.73700", "2012-03-31": "796.97600", "2011-12-31": "558.43000", "2011-09-30": "663.92200", "2011-06-30": "827.69700", "2011-03-31": "958.30600", "2010-12-31": "1078.59600", "2010-09-30": "1036.23900", "2010-06-30": "985.15700", "2010-03-31": "950.62600", "2009-12-31": "192.80800", "2009-09-30": "157.12100", "2009-06-30": "117.28700", "2009-03-31": "65.02500", "2008-12-31": "123.03900", "2008-09-30": "351.74100", "2008-06-30": "1147.04600", "2008-03-31": "1024.76400", "2007-12-31": "1138.22800", "2007-09-30": "1172.22100", "2007-06-30": "1130.03400", "2007-03-31": "1068.84600", "2006-12-31": "1110.33000", "2006-09-30": "1117.32800", "2006-06-30": "1124.86100", "2006-03-31": "1147.35500", "2005-12-31": "1181.13000", "2005-09-30": "1223.59800", "2005-06-30": "1110.62800", "2005-03-31": "1026.11600"}, "Total Liabilities And Share Holders Equity": {"2020-09-30": "7469.49900", "2020-06-30": "7156.58100", "2020-03-31": "7251.98200", "2019-12-31": "7102.36400", "2019-09-30": "6603.13300", "2019-06-30": "6527.91800", "2019-03-31": "6372.92700", "2018-12-31": "5931.20200", "2018-09-30": "5976.43800", "2018-06-30": "6302.56900", "2018-03-31": "6397.63500", "2017-12-31": "6248.65200", "2017-09-30": "6063.28500", "2017-06-30": "3857.00200", "2017-03-31": "3490.34500", "2016-12-31": "5021.94200", "2016-09-30": "3002.28900", "2016-06-30": "3007.95000", "2016-03-31": "3386.75000", "2015-12-31": "3318.44300", "2015-09-30": "3341.85800", "2015-06-30": "3147.24100", "2015-03-31": "2991.88000", "2014-12-31": "3091.71800", "2014-09-30": "3505.78200", "2014-06-30": "3186.42500", "2014-03-31": "3070.41700", "2013-12-31": "3172.40200", "2013-09-30": "3109.42100", "2013-06-30": "2923.91400", "2013-03-31": "2918.33500", "2012-12-31": "2913.86900", "2012-09-30": "2920.27400", "2012-06-30": "2939.40700", "2012-03-31": "2878.44100", "2011-12-31": "2879.54500", "2011-09-30": "2999.68600", "2011-06-30": "3163.20200", "2011-03-31": "3191.91500", "2010-12-31": "3218.89800", "2010-09-30": "3017.98100", "2010-06-30": "2927.24000", "2010-03-31": "2887.93700", "2009-12-31": "3209.46300", "2009-09-30": "3060.50400", "2009-06-30": "3031.23000", "2009-03-31": "3165.40900", "2008-12-31": "3215.10300", "2008-09-30": "3298.70900", "2008-06-30": "3847.18500", "2008-03-31": "3892.02900", "2007-12-31": "3836.71200", "2007-09-30": "3774.23600", "2007-06-30": "4187.55000", "2007-03-31": "4146.99700", "2006-12-31": "4077.18300", "2006-09-30": "2426.86800", "2006-06-30": "2335.57100", "2006-03-31": "2392.46300", "2005-12-31": "2563.11900", "2005-09-30": "2511.90300", "2005-06-30": "2402.85000", "2005-03-31": "2269.53600"}}, "cash flow statement": {"Net Income/Loss": {"2019-12-31": "456.53600", "2018-12-31": "246.80400", "2017-12-31": "718.16700", "2016-12-31": "480.11700", "2015-12-31": "662.97200", "2014-12-31": "711.43800", "2013-12-31": "549.71300", "2012-12-31": "174.04200", "2011-12-31": "-495.69000", "2010-12-31": "90.32600", "2009-09-30": "-151.66400", "2008-09-30": "-998.58100", "2007-09-30": "47.01700", "2006-09-30": "-34.23200", "2005-09-30": "264.97900"}, "Total Depreciation And Amortization - Cash Flow": {"2019-12-31": "291.38300", "2018-12-31": "278.98900", "2017-12-31": "277.61200", "2016-12-31": "231.70800", "2015-12-31": "173.81700", "2014-12-31": "158.06700", "2013-12-31": "150.52300", "2012-12-31": "147.41400", "2011-12-31": "209.51400", "2010-12-31": "231.04500", "2009-09-30": "236.00500", "2008-09-30": "741.75100", "2007-09-30": "204.90300", "2006-09-30": "135.13300", "2005-09-30": "134.94400"}, "Other Non-Cash Items": {"2019-12-31": "-19.21700", "2018-12-31": "69.14200", "2017-12-31": "-43.73900", "2016-12-31": "-6.60400", "2015-12-31": "17.28800", "2014-12-31": "120.59300", "2013-12-31": "8.58300", "2012-12-31": "2.85700", "2011-12-31": "22.07400", "2010-12-31": "-18.87000", "2009-09-30": "-47.52400", "2008-09-30": "-197.61000", "2007-09-30": "92.98100", "2006-09-30": "26.00300", "2005-09-30": "6.57300"}, "Total Non-Cash Items": {"2019-12-31": "272.16600", "2018-12-31": "348.13100", "2017-12-31": "233.87300", "2016-12-31": "225.10400", "2015-12-31": "191.10500", "2014-12-31": "278.66000", "2013-12-31": "159.10600", "2012-12-31": "150.27100", "2011-12-31": "231.58800", "2010-12-31": "212.17500", "2009-09-30": "188.48100", "2008-09-30": "544.14110", "2007-09-30": "297.88400", "2006-09-30": "161.13600", "2005-09-30": "141.51700"}, "Change In Accounts Receivable": {"2019-12-31": "-25.00000", "2018-12-31": "-10.91800", "2017-12-31": "-82.16900", "2016-12-31": "-32.42800", "2015-12-31": "76.13000", "2014-12-31": "-9.52600", "2013-12-31": "7.23500", "2012-12-31": "-14.13700", "2011-12-31": "-63.98700", "2010-12-31": "-9.04500", "2009-09-30": "-173.91500", "2008-09-30": "-19.86400", "2007-09-30": "247.21700", "2006-09-30": "31.12100", "2005-09-30": "21.19200"}, "Change In Inventories": {"2019-12-31": "-111.74800", "2018-12-31": "83.17400", "2017-12-31": "-207.39900", "2016-12-31": "-33.08300", "2015-12-31": "83.59500", "2014-12-31": "10.63800", "2013-12-31": "142.67500", "2012-12-31": "-65.87000", "2011-12-31": "122.82700", "2010-12-31": "-285.83900", "2009-09-30": "284.67800", "2008-09-30": "-103.93700", "2007-09-30": "-129.64500", "2006-09-30": "-58.61200", "2005-09-30": "82.66900"}, "Change In Accounts Payable": {"2019-12-31": "", "2018-12-31": "", "2017-12-31": "", "2016-12-31": "", "2015-12-31": "", "2014-12-31": "", "2013-12-31": "", "2012-12-31": "", "2011-12-31": "", "2010-12-31": "", "2009-09-30": "", "2008-09-30": "", "2007-09-30": "", "2006-09-30": "", "2005-09-30": ""}, "Change In Assets/Liabilities": {"2019-12-31": "-18.94700", "2018-12-31": "-13.90500", "2017-12-31": "-26.44400", "2016-12-31": "4.52100", "2015-12-31": "25.58800", "2014-12-31": "-44.05600", "2013-12-31": "-8.27500", "2012-12-31": "5.55200", "2011-12-31": "78.86200", "2010-12-31": "-46.94900", "2009-09-30": "20.87800", "2008-09-30": "-29.76600", "2007-09-30": "1.01800", "2006-09-30": "-10.22000", "2005-09-30": "21.57700"}, "Total Change In Assets/Liabilities": {"2019-12-31": "-62.18100", "2018-12-31": "-103.28500", "2017-12-31": "-150.71900", "2016-12-31": "90.14100", "2015-12-31": "166.30300", "2014-12-31": "76.59400", "2013-12-31": "169.71400", "2012-12-31": "-124.68900", "2011-12-31": "135.11100", "2010-12-31": "-287.89600", "2009-09-30": "28.11700", "2008-09-30": "-226.41200", "2007-09-30": "119.06300", "2006-09-30": "-96.57500", "2005-09-30": "86.57700"}, "Cash Flow From Operating Activities": {"2019-12-31": "666.52100", "2018-12-31": "491.65000", "2017-12-31": "801.32100", "2016-12-31": "795.36200", "2015-12-31": "1020.38000", "2014-12-31": "1066.69200", "2013-12-31": "878.53300", "2012-12-31": "199.62400", "2011-12-31": "-128.99100", "2010-12-31": "14.60500", "2009-09-30": "64.93400", "2008-09-30": "-680.85200", "2007-09-30": "463.96400", "2006-09-30": "30.32900", "2005-09-30": "493.07300"}, "Net Change In Property, Plant, And Equipment": {"2019-12-31": "-332.36700", "2018-12-31": "-338.89100", "2017-12-31": "-335.39700", "2016-12-31": "-327.58500", "2015-12-31": "-175.65200", "2014-12-31": "-160.33500", "2013-12-31": "-84.88600", "2012-12-31": "-60.92700", "2011-12-31": "-106.92400", "2010-12-31": "-164.63400", "2009-09-30": "-2.45700", "2008-09-30": "-111.13400", "2007-09-30": "-166.03700", "2006-09-30": "-139.73400", "2005-09-30": "-111.62500"}, "Net Change In Intangible Assets": {"2019-12-31": "", "2018-12-31": "", "2017-12-31": "", "2016-12-31": "", "2015-12-31": "", "2014-12-31": "", "2013-12-31": "", "2012-12-31": "", "2011-12-31": "", "2010-12-31": "", "2009-09-30": "", "2008-09-30": "", "2007-09-30": "", "2006-09-30": "", "2005-09-30": ""}, "Net Acquisitions/Divestitures": {"2019-12-31": "-384.69400", "2018-12-31": "", "2017-12-31": "-658.52000", "2016-12-31": "", "2015-12-31": "-373.53200", "2014-12-31": "", "2013-12-31": "", "2012-12-31": "", "2011-12-31": "37.47900", "2010-12-31": "", "2009-09-30": "", "2008-09-30": "", "2007-09-30": "-1102.06900", "2006-09-30": "", "2005-09-30": ""}, "Net Change In Short-term Investments": {"2019-12-31": "", "2018-12-31": "", "2017-12-31": "", "2016-12-31": "", "2015-12-31": "", "2014-12-31": "", "2013-12-31": "", "2012-12-31": "", "2011-12-31": "", "2010-12-31": "", "2009-09-30": "", "2008-09-30": "", "2007-09-30": "", "2006-09-30": "", "2005-09-30": ""}, "Net Change In Long-Term Investments": {"2019-12-31": "", "2018-12-31": "", "2017-12-31": "", "2016-12-31": "", "2015-12-31": "", "2014-12-31": "96.95000", "2013-12-31": "-96.90200", "2012-12-31": "0.52600", "2011-12-31": "11.25600", "2010-12-31": "50.89900", "2009-09-30": "-1.01200", "2008-09-30": "-10.49800", "2007-09-30": "83.63100", "2006-09-30": "172.49800", "2005-09-30": "-305.45800"}, "Net Change In Investments - Total": {"2019-12-31": "", "2018-12-31": "", "2017-12-31": "", "2016-12-31": "", "2015-12-31": "", "2014-12-31": "96.95000", "2013-12-31": "-96.90200", "2012-12-31": "0.52600", "2011-12-31": "11.25600", "2010-12-31": "50.89900", "2009-09-30": "-1.01200", "2008-09-30": "-10.49800", "2007-09-30": "83.63100", "2006-09-30": "172.49800", "2005-09-30": "-305.45800"}, "Investing Activities - Other": {"2019-12-31": "", "2018-12-31": "", "2017-12-31": "1.84500", "2016-12-31": "", "2015-12-31": "", "2014-12-31": "", "2013-12-31": "", "2012-12-31": "", "2011-12-31": "", "2010-12-31": "", "2009-09-30": "", "2008-09-30": "", "2007-09-30": "", "2006-09-30": "-0.50600", "2005-09-30": "-0.52400"}, "Cash Flow From Investing Activities": {"2019-12-31": "-717.06100", "2018-12-31": "-338.89100", "2017-12-31": "-992.07200", "2016-12-31": "-327.58500", "2015-12-31": "-549.18400", "2014-12-31": "-63.38500", "2013-12-31": "-181.78800", "2012-12-31": "-60.40100", "2011-12-31": "-58.18900", "2010-12-31": "-113.73500", "2009-09-30": "-3.46900", "2008-09-30": "-121.63200", "2007-09-30": "-1184.47500", "2006-09-30": "32.25800", "2005-09-30": "-417.60700"}, "Net Long-Term Debt": {"2019-12-31": "-289.91700", "2018-12-31": "-1117.00900", "2017-12-31": "-1382.18900", "2016-12-31": "-570.01500", "2015-12-31": "-690.13800", "2014-12-31": "-910.23400", "2013-12-31": "-252.97800", "2012-12-31": "-309.31100", "2011-12-31": "133.85600", "2010-12-31": "-758.54390", "2009-09-30": "113.66200", "2008-09-30": "618.88420", "2007-09-30": "612.55510", "2006-09-30": "37.73300", "2005-09-30": "-16.82900"}, "Net Current Debt": {"2019-12-31": "259.46600", "2018-12-31": "748.38200", "2017-12-31": "1871.81800", "2016-12-31": "564.28900", "2015-12-31": "1708.72600", "2014-12-31": "", "2013-12-31": "", "2012-12-31": "", "2011-12-31": "", "2010-12-31": "", "2009-09-30": "", "2008-09-30": "", "2007-09-30": "", "2006-09-30": "", "2005-09-30": ""}, "Debt Issuance/Retirement Net - Total": {"2019-12-31": "-30.45100", "2018-12-31": "-368.62700", "2017-12-31": "489.62900", "2016-12-31": "-5.72600", "2015-12-31": "1018.58800", "2014-12-31": "-910.23400", "2013-12-31": "-252.97800", "2012-12-31": "-309.31100", "2011-12-31": "133.85600", "2010-12-31": "-758.54390", "2009-09-30": "113.66200", "2008-09-30": "618.88420", "2007-09-30": "612.55510", "2006-09-30": "37.73300", "2005-09-30": "-16.82900"}, "Net Common Equity Issued/Repurchased": {"2019-12-31": "-3.42300", "2018-12-31": "5.32200", "2017-12-31": "-9.60300", "2016-12-31": "-114.26700", "2015-12-31": "-99.23300", "2014-12-31": "4.18100", "2013-12-31": "", "2012-12-31": "198.28200", "2011-12-31": "", "2010-12-31": "800.00000", "2009-09-30": "", "2008-09-30": "177.21800", "2007-09-30": "", "2006-09-30": "", "2005-09-30": "39.68200"}, "Net Total Equity Issued/Repurchased": {"2019-12-31": "-3.42300", "2018-12-31": "5.32200", "2017-12-31": "-9.60300", "2016-12-31": "-114.26700", "2015-12-31": "-99.23300", "2014-12-31": "4.18100", "2013-12-31": "", "2012-12-31": "198.28200", "2011-12-31": "", "2010-12-31": "800.00000", "2009-09-30": "", "2008-09-30": "177.21800", "2007-09-30": "", "2006-09-30": "", "2005-09-30": "39.68200"}, "Total Common And Preferred Stock Dividends Paid": {"2019-12-31": "", "2018-12-31": "", "2017-12-31": "", "2016-12-31": "-714.78500", "2015-12-31": "-1498.47000", "2014-12-31": "", "2013-12-31": "", "2012-12-31": "", "2011-12-31": "", "2010-12-31": "", "2009-09-30": "", "2008-09-30": "", "2007-09-30": "-5.99200", "2006-09-30": "-72.54500", "2005-09-30": "-3.99300"}, "Financial Activities - Other": {"2019-12-31": "-0.65200", "2018-12-31": "-20.94100", "2017-12-31": "-13.63100", "2016-12-31": "6.55900", "2015-12-31": "-5.89000", "2014-12-31": "0.45800", "2013-12-31": "2.76400", "2012-12-31": "", "2011-12-31": "-7.00600", "2010-12-31": "-70.93600", "2009-09-30": "-12.50900", "2008-09-30": "1.64100", "2007-09-30": "23.66600", "2006-09-30": "-3.93800", "2005-09-30": ""}, "Cash Flow From Financial Activities": {"2019-12-31": "-34.52600", "2018-12-31": "-384.24600", "2017-12-31": "466.39500", "2016-12-31": "-828.21900", "2015-12-31": "-585.00500", "2014-12-31": "-905.59500", "2013-12-31": "-250.21400", "2012-12-31": "-111.02900", "2011-12-31": "126.85000", "2010-12-31": "-29.48000", "2009-09-30": "101.15300", "2008-09-30": "797.74300", "2007-09-30": "630.22900", "2006-09-30": "-38.75000", "2005-09-30": "18.86000"}, "Net Cash Flow": {"2019-12-31": "-81.00100", "2018-12-31": "-227.95300", "2017-12-31": "292.00800", "2016-12-31": "-399.02900", "2015-12-31": "-118.07300", "2014-12-31": "67.93700", "2013-12-31": "440.02600", "2012-12-31": "26.57100", "2011-12-31": "-64.46800", "2010-12-31": "-130.22300", "2009-09-30": "158.47600", "2008-09-30": "-4.61500", "2007-09-30": "-90.23600", "2006-09-30": "23.83700", "2005-09-30": "94.40200"}, "Stock-Based Compensation": {"2019-12-31": "10.13200", "2018-12-31": "13.15300", "2017-12-31": "3.02000", "2016-12-31": "6.10200", "2015-12-31": "2.97500", "2014-12-31": "4.92800", "2013-12-31": "3.34500", "2012-12-31": "0.68400", "2011-12-31": "0.56700", "2010-12-31": "0.00000", "2009-09-30": "", "2008-09-30": "", "2007-09-30": "", "2006-09-30": "", "2005-09-30": ""}, "Common Stock Dividends Paid": {"2019-12-31": "", "2018-12-31": "", "2017-12-31": "", "2016-12-31": "-714.78500", "2015-12-31": "-1498.47000", "2014-12-31": "", "2013-12-31": "0.00000", "2012-12-31": "", "2011-12-31": "", "2010-12-31": "", "2009-09-30": "", "2008-09-30": "", "2007-09-30": "-5.99200", "2006-09-30": "-72.54500", "2005-09-30": "-3.99300"}}, "cash flow statement, quarterly": {"Net Income/Loss": {"2020-09-30": 33.691, "2020-06-30": -6.4, "2020-03-31": "67.44900", "2019-12-31": 92.235, "2019-09-30": 110.096, "2019-06-30": 170.08, "2019-03-31": "84.12500", "2018-12-31": -8.227, "2018-09-30": 29.463, "2018-06-30": 106.344, "2018-03-31": "119.22400", "2017-12-31": 133.925, "2017-09-30": 238.313, "2017-06-30": 245.191, "2017-03-31": "100.73800", "2016-12-31": 85.432, "2016-09-30": 123.632, "2016-06-30": 153.042, "2016-03-31": "118.01100", "2015-12-31": 80.06, "2015-09-30": 137.095, "2015-06-30": 241.624, "2015-03-31": "204.19300", "2014-12-31": 167.003, "2014-09-30": 255.803, "2014-06-30": 190.445, "2014-03-31": "98.18700", "2013-12-31": 143.67, "2013-09-30": 161.024, "2013-06-30": 190.791, "2013-03-31": "54.22800", "2012-12-31": 22.35, "2012-09-30": 42.941, "2012-06-30": 69.153, "2012-03-31": "39.59800", "2011-12-31": -85.063, "2011-09-30": -162.8, "2011-06-30": -127.932, "2011-03-31": "-119.89500", "2010-12-31": 42.58, "2010-09-30": 58.522, "2010-06-30": 34.588, "2010-03-31": "-45.36400", "2009-12-31": -43.586, "2009-09-30": 82.725, "2009-06-30": 53.239, "2009-03-31": "-58.76500", "2008-12-31": -228.78, "2008-09-30": 196.558, "2008-06-30": -52.781, "2008-03-31": "-143.77700", "2007-12-31": -32.329, "2007-09-30": -13.829, "2007-06-30": 62.641, "2007-03-31": "-48.81200", "2006-12-31": -8.736, "2006-09-30": 26.749, "2006-06-30": -20.473, "2006-03-31": "-6.27600", "2005-12-31": 25.678, "2005-09-30": -190.25, "2005-06-30": 85.352, "2005-03-31": "104.89800"}, "Total Depreciation And Amortization - Cash Flow": {"2020-09-30": 85.557, "2020-06-30": 85.891, "2020-03-31": "81.06400", "2019-12-31": 77.157, "2019-09-30": 73.138, "2019-06-30": 72.626, "2019-03-31": "68.46200", "2018-12-31": 67.473, "2018-09-30": 72.05, "2018-06-30": 70.356, "2018-03-31": "69.11000", "2017-12-31": 72.987, "2017-09-30": 72.012, "2017-06-30": 69.941, "2017-03-31": "62.67200", "2016-12-31": 57.58, "2016-09-30": 85.445, "2016-06-30": 46.292, "2016-03-31": "42.39100", "2015-12-31": 57.332, "2015-09-30": 41.415, "2015-06-30": 38.918, "2015-03-31": "36.15200", "2014-12-31": 45.327, "2014-09-30": 36.219, "2014-06-30": 38.261, "2014-03-31": "38.26000", "2013-12-31": 36.328, "2013-09-30": 38.028, "2013-06-30": 38.263, "2013-03-31": "37.90400", "2012-12-31": 38.661, "2012-09-30": 36.545, "2012-06-30": 36.442, "2012-03-31": "35.76600", "2011-12-31": 52.808, "2011-09-30": 53.631, "2011-06-30": 52.223, "2011-03-31": "50.85200", "2010-12-31": 55.648, "2010-09-30": 57.924, "2010-06-30": 59.705, "2010-03-31": "57.76800", "2009-12-31": -119.142, "2009-09-30": 58.173, "2009-06-30": 57.161, "2009-03-31": "60.51300", "2008-12-31": 60.158, "2008-09-30": -176.802, "2008-06-30": 60.506, "2008-03-31": "116.29600", "2007-12-31": 55.923, "2007-09-30": -145.678, "2007-06-30": 58.005, "2007-03-31": "87.67300", "2006-12-31": 32.697, "2006-09-30": -100.052, "2006-06-30": 34.96, "2006-03-31": "65.09200", "2005-12-31": 30.348, "2005-09-30": -94.263, "2005-06-30": 30.421, "2005-03-31": "63.84200"}, "Other Non-Cash Items": {"2020-09-30": 3.303, "2020-06-30": 9.952, "2020-03-31": "19.22700", "2019-12-31": -20.6, "2019-09-30": -0.715, "2019-06-30": 5.463, "2019-03-31": "-3.36500", "2018-12-31": 51.388, "2018-09-30": 14.129, "2018-06-30": -3.11, "2018-03-31": "6.73500", "2017-12-31": -83.154, "2017-09-30": 3.241, "2017-06-30": 19.671, "2017-03-31": "16.50300", "2016-12-31": -4.881, "2016-09-30": 3.863, "2016-06-30": -6.122, "2016-03-31": "0.53600", "2015-12-31": 27.374, "2015-09-30": -10.055, "2015-06-30": -9.613, "2015-03-31": "9.58200", "2014-12-31": 188.942, "2014-09-30": 10.929, "2014-06-30": -81.872, "2014-03-31": "2.59400", "2013-12-31": -0.514, "2013-09-30": 6.98, "2013-06-30": 10.461, "2013-03-31": "-8.34400", "2012-12-31": 1.536, "2012-09-30": -2.896, "2012-06-30": 7.16, "2012-03-31": "-2.94300", "2011-12-31": 10.613, "2011-09-30": 18.196, "2011-06-30": 8.051, "2011-03-31": "-14.78600", "2010-12-31": -32.594, "2010-09-30": 22.008, "2010-06-30": 5.122, "2010-03-31": "-13.40600", "2009-12-31": -119.243, "2009-09-30": -26.938, "2009-06-30": -9.07, "2009-03-31": "-6.36300", "2008-12-31": -0.051, "2008-09-30": 79.608, "2008-06-30": -33.978, "2008-03-31": "-45.63000", "2007-12-31": -9.002, "2007-09-30": -8.002, "2007-06-30": -4.985, "2007-03-31": "12.98700", "2006-12-31": -2.517, "2006-09-30": 3.31, "2006-06-30": -7.687, "2006-03-31": "4.37700", "2005-12-31": 1.096, "2005-09-30": -3.782, "2005-06-30": 0.962, "2005-03-31": "2.82000"}, "Total Non-Cash Items": {"2020-09-30": 88.86, "2020-06-30": 95.843, "2020-03-31": "100.29100", "2019-12-31": 56.557, "2019-09-30": 72.423, "2019-06-30": 78.089, "2019-03-31": "65.09700", "2018-12-31": 118.861, "2018-09-30": 86.179, "2018-06-30": 67.246, "2018-03-31": "75.84500", "2017-12-31": -10.167, "2017-09-30": 75.253, "2017-06-30": 89.612, "2017-03-31": "79.17500", "2016-12-31": 52.699, "2016-09-30": 89.308, "2016-06-30": 40.17, "2016-03-31": "42.92700", "2015-12-31": 84.706, "2015-09-30": 31.36, "2015-06-30": 29.305, "2015-03-31": "45.73400", "2014-12-31": 234.269, "2014-09-30": 47.148, "2014-06-30": -43.611, "2014-03-31": "40.85400", "2013-12-31": 35.814, "2013-09-30": 45.008, "2013-06-30": 48.724, "2013-03-31": "29.56000", "2012-12-31": 40.197, "2012-09-30": 33.649, "2012-06-30": 43.602, "2012-03-31": "32.82300", "2011-12-31": 63.421, "2011-09-30": 71.827, "2011-06-30": 60.274, "2011-03-31": "36.06600", "2010-12-31": 23.054, "2010-09-30": 79.932, "2010-06-30": 64.827, "2010-03-31": "44.36200", "2009-12-31": -238.385, "2009-09-30": 31.235, "2009-06-30": 48.091, "2009-03-31": "54.15000", "2008-12-31": 60.107, "2008-09-30": -97.194, "2008-06-30": 26.528, "2008-03-31": "70.66600", "2007-12-31": 46.921, "2007-09-30": -153.68, "2007-06-30": 53.02, "2007-03-31": "100.66000", "2006-12-31": 30.18, "2006-09-30": -96.742, "2006-06-30": 27.273, "2006-03-31": "69.46900", "2005-12-31": 31.444, "2005-09-30": -98.045, "2005-06-30": 31.383, "2005-03-31": "66.66200"}, "Change In Accounts Receivable": {"2020-09-30": 14.695, "2020-06-30": 56.216, "2020-03-31": "-26.29600", "2019-12-31": 21.648, "2019-09-30": -26.263, "2019-06-30": -22.766, "2019-03-31": "2.38100", "2018-12-31": -7.481, "2018-09-30": 28.476, "2018-06-30": 30.032, "2018-03-31": "-61.94500", "2017-12-31": 64.308, "2017-09-30": -53.086, "2017-06-30": -42.899, "2017-03-31": "-50.49200", "2016-12-31": 33.221, "2016-09-30": -72.259, "2016-06-30": 8.504, "2016-03-31": "-1.89400", "2015-12-31": 35.436, "2015-09-30": 5.68, "2015-06-30": 21.725, "2015-03-31": "13.28900", "2014-12-31": 26.259, "2014-09-30": -6.083, "2014-06-30": -31.847, "2014-03-31": "2.14500", "2013-12-31": 32.693, "2013-09-30": -17.804, "2013-06-30": -2.471, "2013-03-31": "-5.18300", "2012-12-31": -10.965, "2012-09-30": -1.049, "2012-06-30": -5.166, "2012-03-31": "3.04300", "2011-12-31": -21.116, "2011-09-30": 12.805, "2011-06-30": 11.607, "2011-03-31": "-67.28300", "2010-12-31": 33.521, "2010-09-30": -24.445, "2010-06-30": -30.31, "2010-03-31": "12.18900", "2009-12-31": -25.577, "2009-09-30": -52.54, "2009-06-30": 40.328, "2009-03-31": "44.36600", "2008-12-31": -206.069, "2008-09-30": -12.106, "2008-06-30": -24.773, "2008-03-31": "36.87900", "2007-12-31": -0.249, "2007-09-30": 58.066, "2007-06-30": -44.683, "2007-03-31": "-13.38300", "2006-12-31": 17.948, "2006-09-30": -97.242, "2006-06-30": 38.05, "2006-03-31": "59.19200", "2005-12-31": 1.417, "2005-09-30": -57.909, "2005-06-30": 24.81, "2005-03-31": "33.09900"}, "Change In Inventories": {"2020-09-30": 24.942, "2020-06-30": 7.017, "2020-03-31": "9.33300", "2019-12-31": -3.631, "2019-09-30": -80.905, "2019-06-30": -25.844, "2019-03-31": "-1.36800", "2018-12-31": 18.387, "2018-09-30": 4.484, "2018-06-30": 40.762, "2018-03-31": "19.54100", "2017-12-31": -57.593, "2017-09-30": -55.905, "2017-06-30": -31.371, "2017-03-31": "-62.53000", "2016-12-31": -14.984, "2016-09-30": 13.109, "2016-06-30": -54.037, "2016-03-31": "22.82900", "2015-12-31": 66.433, "2015-09-30": 13.97, "2015-06-30": 5.505, "2015-03-31": "-2.31300", "2014-12-31": 20.977, "2014-09-30": 17.918, "2014-06-30": -42.567, "2014-03-31": "14.31000", "2013-12-31": 103.254, "2013-09-30": 40, "2013-06-30": 16.482, "2013-03-31": "-17.06100", "2012-12-31": 29.102, "2012-09-30": 14.666, "2012-06-30": -83.825, "2012-03-31": "-25.81300", "2011-12-31": 21.262, "2011-09-30": 36.817, "2011-06-30": 0.475, "2011-03-31": "64.27300", "2010-12-31": -117.661, "2010-09-30": -127.605, "2010-06-30": -51.261, "2010-03-31": "10.68800", "2009-12-31": 9.003, "2009-09-30": 33.773, "2009-06-30": 12.592, "2009-03-31": "-29.36200", "2008-12-31": 267.675, "2008-09-30": 175.458, "2008-06-30": -20.584, "2008-03-31": "-154.87400", "2007-12-31": -65.366, "2007-09-30": 112.353, "2007-06-30": -48.263, "2007-03-31": "-64.09000", "2006-12-31": -29.46, "2006-09-30": 74.792, "2006-06-30": 6.561, "2006-03-31": "-81.35300", "2005-12-31": -34.422, "2005-09-30": -36.737, "2005-06-30": -1.611, "2005-03-31": "38.34800"}, "Change In Accounts Payable": {"2020-09-30": 0, "2020-06-30": 0, "2020-03-31": "", "2019-12-31": 0, "2019-09-30": 0, "2019-06-30": 0, "2019-03-31": "", "2018-12-31": 0, "2018-09-30": 0, "2018-06-30": 0, "2018-03-31": "", "2017-12-31": 0, "2017-09-30": 0, "2017-06-30": 0, "2017-03-31": "", "2016-12-31": 0, "2016-09-30": 0, "2016-06-30": 0, "2016-03-31": "", "2015-12-31": 0, "2015-09-30": 0, "2015-06-30": 0, "2015-03-31": "", "2014-12-31": 0, "2014-09-30": 0, "2014-06-30": 0, "2014-03-31": "", "2013-12-31": 0, "2013-09-30": 0, "2013-06-30": 0, "2013-03-31": "", "2012-12-31": 0, "2012-09-30": 0, "2012-06-30": 0, "2012-03-31": "", "2011-12-31": 0, "2011-09-30": 0, "2011-06-30": 0, "2011-03-31": "", "2010-12-31": 0, "2010-09-30": 0, "2010-06-30": 0, "2010-03-31": "", "2009-12-31": 0, "2009-09-30": 0, "2009-06-30": 0, "2009-03-31": "", "2008-12-31": 0, "2008-09-30": 0, "2008-06-30": 0, "2008-03-31": "", "2007-12-31": 0, "2007-09-30": 0, "2007-06-30": 0, "2007-03-31": "", "2006-12-31": 0, "2006-09-30": 0, "2006-06-30": 0, "2006-03-31": "", "2005-12-31": 0, "2005-09-30": 0, "2005-06-30": 0, "2005-03-31": ""}, "Change In Assets/Liabilities": {"2020-09-30": -6.366, "2020-06-30": 8.507, "2020-03-31": "-21.69300", "2019-12-31": -21.449, "2019-09-30": 3.609, "2019-06-30": 13.37, "2019-03-31": "-14.47700", "2018-12-31": 9.004, "2018-09-30": 12.571, "2018-06-30": -11.41, "2018-03-31": "-24.07000", "2017-12-31": 0.022, "2017-09-30": -5.89, "2017-06-30": -0.176, "2017-03-31": "-20.40000", "2016-12-31": 17.015, "2016-09-30": 12.013, "2016-06-30": -28.857, "2016-03-31": "4.35000", "2015-12-31": 26.436, "2015-09-30": -11.483, "2015-06-30": -2.611, "2015-03-31": "13.24600", "2014-12-31": -27.132, "2014-09-30": 2.667, "2014-06-30": -10.301, "2014-03-31": "-9.29000", "2013-12-31": 6.384, "2013-09-30": 1.268, "2013-06-30": -9.032, "2013-03-31": "-6.89500", "2012-12-31": 8.421, "2012-09-30": -17.071, "2012-06-30": -3.953, "2012-03-31": "18.15500", "2011-12-31": 44.231, "2011-09-30": 51.591, "2011-06-30": -28.458, "2011-03-31": "11.49800", "2010-12-31": -78.131, "2010-09-30": 33.085, "2010-06-30": 4.072, "2010-03-31": "-5.97500", "2009-12-31": -13.198, "2009-09-30": 7.016, "2009-06-30": 13.395, "2009-03-31": "-0.00600", "2008-12-31": 3.223, "2008-09-30": 46.533, "2008-06-30": -24.811, "2008-03-31": "-21.72200", "2007-12-31": 2.932, "2007-09-30": -1.028, "2007-06-30": -12.09, "2007-03-31": "13.11800", "2006-12-31": -3.169, "2006-09-30": 11.701, "2006-06-30": 1.904, "2006-03-31": "-13.60500", "2005-12-31": -5.136, "2005-09-30": 2.921, "2005-06-30": -0.896, "2005-03-31": "-2.02500"}, "Total Change In Assets/Liabilities": {"2020-09-30": 245.058, "2020-06-30": 30.219, "2020-03-31": "-146.67600", "2019-12-31": -17.775, "2019-09-30": -50.379, "2019-06-30": 34.826, "2019-03-31": "-28.85300", "2018-12-31": -44.264, "2018-09-30": 5.649, "2018-06-30": 129.759, "2018-03-31": "-194.42900", "2017-12-31": 59.072, "2017-09-30": -28.624, "2017-06-30": -67.549, "2017-03-31": "-113.61800", "2016-12-31": 105.248, "2016-09-30": 50.059, "2016-06-30": -89.722, "2016-03-31": "24.55600", "2015-12-31": -0.7, "2015-09-30": 99.756, "2015-06-30": 21.088, "2015-03-31": "46.15900", "2014-12-31": -136.988, "2014-09-30": 83.266, "2014-06-30": 73.656, "2014-03-31": "56.66000", "2013-12-31": 102.333, "2013-09-30": 79.757, "2013-06-30": 50.773, "2013-03-31": "-63.14900", "2012-12-31": -18.884, "2012-09-30": -0.951, "2012-06-30": -61.815, "2012-03-31": "-43.03900", "2011-12-31": 22.131, "2011-09-30": 101.665, "2011-06-30": 29.889, "2011-03-31": "-18.57400", "2010-12-31": -73.337, "2010-09-30": -101.204, "2010-06-30": -109.602, "2010-03-31": "-3.75300", "2009-12-31": 93.308, "2009-09-30": 17.548, "2009-06-30": 3.028, "2009-03-31": "-46.64500", "2008-12-31": 56.936, "2008-09-30": 252.635, "2008-06-30": -79.971, "2008-03-31": "-172.66400", "2007-12-31": -49.791, "2007-09-30": 152.901, "2007-06-30": -48.824, "2007-03-31": "-104.07700", "2006-12-31": -27.173, "2006-09-30": 59.472, "2006-06-30": 1.758, "2006-03-31": "-61.23000", "2005-12-31": -1.056, "2005-09-30": -74.61, "2005-06-30": 73.352, "2005-03-31": "1.25800"}, "Cash Flow From Operating Activities": {"2020-09-30": 367.609, "2020-06-30": 119.662, "2020-03-31": "21.06400", "2019-12-31": 131.017, "2019-09-30": 132.14, "2019-06-30": 282.995, "2019-03-31": "120.36900", "2018-12-31": 66.37, "2018-09-30": 121.291, "2018-06-30": 303.349, "2018-03-31": "0.64000", "2017-12-31": 182.83, "2017-09-30": 284.942, "2017-06-30": 267.254, "2017-03-31": "66.29500", "2016-12-31": 243.379, "2016-09-30": 262.999, "2016-06-30": 103.49, "2016-03-31": "185.49400", "2015-12-31": 164.066, "2015-09-30": 268.211, "2015-06-30": 292.017, "2015-03-31": "296.08600", "2014-12-31": 264.284, "2014-09-30": 386.217, "2014-06-30": 220.49, "2014-03-31": "195.70100", "2013-12-31": 281.817, "2013-09-30": 285.789, "2013-06-30": 290.288, "2013-03-31": "20.63900", "2012-12-31": 43.663, "2012-09-30": 75.639, "2012-06-30": 50.94, "2012-03-31": "29.38200", "2011-12-31": 0.489, "2011-09-30": 10.692, "2011-06-30": -37.769, "2011-03-31": "-102.40300", "2010-12-31": -7.703, "2010-09-30": 37.25, "2010-06-30": -10.187, "2010-03-31": "-4.75500", "2009-12-31": -188.663, "2009-09-30": 131.508, "2009-06-30": 104.358, "2009-03-31": "-51.26000", "2008-12-31": -111.737, "2008-09-30": 351.999, "2008-06-30": -106.224, "2008-03-31": "-245.77500", "2007-12-31": -35.199, "2007-09-30": -14.608, "2007-06-30": 66.837, "2007-03-31": "-52.22900", "2006-12-31": -5.729, "2006-09-30": -10.521, "2006-06-30": 8.558, "2006-03-31": "1.96300", "2005-12-31": 56.066, "2005-09-30": -362.905, "2005-06-30": 190.087, "2005-03-31": "172.81800"}, "Net Change In Property, Plant, And Equipment": {"2020-09-30": -82.607, "2020-06-30": -61.745, "2020-03-31": "-76.53600", "2019-12-31": -88.81, "2019-09-30": -67.688, "2019-06-30": -88.467, "2019-03-31": "-87.40200", "2018-12-31": -109.723, "2018-09-30": -75.185, "2018-06-30": -78.323, "2018-03-31": "-75.66000", "2017-12-31": -79.618, "2017-09-30": -59.256, "2017-06-30": -75.065, "2017-03-31": "-121.45800", "2016-12-31": -119.527, "2016-09-30": -122.177, "2016-06-30": -49.417, "2016-03-31": "-36.46400", "2015-12-31": -59.357, "2015-09-30": -30.716, "2015-06-30": -53.855, "2015-03-31": "-31.72400", "2014-12-31": -37.408, "2014-09-30": -36.47, "2014-06-30": -40.208, "2014-03-31": "-46.24900", "2013-12-31": -11.923, "2013-09-30": -26.877, "2013-06-30": -21.968, "2013-03-31": "-24.11800", "2012-12-31": -27.504, "2012-09-30": -8.323, "2012-06-30": -11.496, "2012-03-31": "-13.60400", "2011-12-31": 7.443, "2011-09-30": -16.092, "2011-06-30": -38.717, "2011-03-31": "-59.55800", "2010-12-31": -67.178, "2010-09-30": -31.639, "2010-06-30": -35.496, "2010-03-31": "-30.32100", "2009-12-31": -53.78, "2009-09-30": -15.077, "2009-06-30": 52.583, "2009-03-31": "-11.66700", "2008-12-31": -28.296, "2008-09-30": 78.424, "2008-06-30": -26.925, "2008-03-31": "-51.49900", "2007-12-31": -42.534, "2007-09-30": 129.767, "2007-06-30": -40.277, "2007-03-31": "-89.49000", "2006-12-31": -36.793, "2006-09-30": 97.605, "2006-06-30": -25.803, "2006-03-31": "-71.80200", "2005-12-31": -43.135, "2005-09-30": 85.87, "2005-06-30": -37.393, "2005-03-31": "-48.47700"}, "Net Change In Intangible Assets": {"2020-09-30": 0, "2020-06-30": 0, "2020-03-31": "", "2019-12-31": 0, "2019-09-30": 0, "2019-06-30": 0, "2019-03-31": "", "2018-12-31": 0, "2018-09-30": 0, "2018-06-30": 0, "2018-03-31": "", "2017-12-31": 0, "2017-09-30": 0, "2017-06-30": 0, "2017-03-31": "", "2016-12-31": 0, "2016-09-30": 0, "2016-06-30": 0, "2016-03-31": "", "2015-12-31": 0, "2015-09-30": 0, "2015-06-30": 0, "2015-03-31": "", "2014-12-31": 0, "2014-09-30": 0, "2014-06-30": 0, "2014-03-31": "", "2013-12-31": 0, "2013-09-30": 0, "2013-06-30": 0, "2013-03-31": "", "2012-12-31": 0, "2012-09-30": 0, "2012-06-30": 0, "2012-03-31": "", "2011-12-31": 0, "2011-09-30": 0, "2011-06-30": 0, "2011-03-31": "", "2010-12-31": 0, "2010-09-30": 0, "2010-06-30": 0, "2010-03-31": "", "2009-12-31": 0, "2009-09-30": 0, "2009-06-30": 0, "2009-03-31": "", "2008-12-31": 0, "2008-09-30": 0, "2008-06-30": 0, "2008-03-31": "", "2007-12-31": 0, "2007-09-30": 0, "2007-06-30": 0, "2007-03-31": "", "2006-12-31": 0, "2006-09-30": 0, "2006-06-30": 0, "2006-03-31": "", "2005-12-31": 0, "2005-09-30": 0, "2005-06-30": 0, "2005-03-31": ""}, "Net Acquisitions/Divestitures": {"2020-09-30": 0, "2020-06-30": -2.476, "2020-03-31": "-1.74000", "2019-12-31": -384.694, "2019-09-30": 0, "2019-06-30": 0, "2019-03-31": "", "2018-12-31": 0, "2018-09-30": 0, "2018-06-30": 0, "2018-03-31": "", "2017-12-31": 0, "2017-09-30": -298.822, "2017-06-30": 0, "2017-03-31": "-359.69800", "2016-12-31": 0, "2016-09-30": 0, "2016-06-30": 0, "2016-03-31": "", "2015-12-31": 0, "2015-09-30": -373.532, "2015-06-30": 0, "2015-03-31": "", "2014-12-31": 0, "2014-09-30": 0, "2014-06-30": 0, "2014-03-31": "", "2013-12-31": 0, "2013-09-30": 0, "2013-06-30": 0, "2013-03-31": "", "2012-12-31": 0, "2012-09-30": 0, "2012-06-30": 0, "2012-03-31": "", "2011-12-31": 37.479, "2011-09-30": 0, "2011-06-30": 0, "2011-03-31": "", "2010-12-31": 0, "2010-09-30": 0, "2010-06-30": 0, "2010-03-31": "", "2009-12-31": 0, "2009-09-30": 0, "2009-06-30": 0, "2009-03-31": "", "2008-12-31": 0, "2008-09-30": 0, "2008-06-30": 0, "2008-03-31": "", "2007-12-31": 0, "2007-09-30": 1108.817, "2007-06-30": 0, "2007-03-31": "-1108.81700", "2006-12-31": 34.065, "2006-09-30": 0, "2006-06-30": 0, "2006-03-31": "", "2005-12-31": 0, "2005-09-30": 0, "2005-06-30": 0, "2005-03-31": ""}, "Net Change In Short-term Investments": {"2020-09-30": 0, "2020-06-30": 0, "2020-03-31": "", "2019-12-31": 0, "2019-09-30": 0, "2019-06-30": 0, "2019-03-31": "", "2018-12-31": 0, "2018-09-30": 0, "2018-06-30": 0, "2018-03-31": "", "2017-12-31": 0, "2017-09-30": 0, "2017-06-30": 0, "2017-03-31": "", "2016-12-31": 0, "2016-09-30": 0, "2016-06-30": 0, "2016-03-31": "", "2015-12-31": 0, "2015-09-30": 0, "2015-06-30": 0, "2015-03-31": "", "2014-12-31": 0, "2014-09-30": 0, "2014-06-30": 0, "2014-03-31": "", "2013-12-31": 0, "2013-09-30": 0, "2013-06-30": 0, "2013-03-31": "", "2012-12-31": 0, "2012-09-30": 0, "2012-06-30": 0, "2012-03-31": "", "2011-12-31": 0, "2011-09-30": 0, "2011-06-30": 0, "2011-03-31": "", "2010-12-31": 0, "2010-09-30": 0, "2010-06-30": 0, "2010-03-31": "", "2009-12-31": 0, "2009-09-30": 0, "2009-06-30": 0, "2009-03-31": "", "2008-12-31": 0, "2008-09-30": 0, "2008-06-30": 0, "2008-03-31": "", "2007-12-31": 0, "2007-09-30": 0, "2007-06-30": 0, "2007-03-31": "", "2006-12-31": 0, "2006-09-30": 0, "2006-06-30": 0, "2006-03-31": "", "2005-12-31": 0, "2005-09-30": 0, "2005-06-30": 0, "2005-03-31": ""}, "Net Change In Long-Term Investments": {"2020-09-30": 0, "2020-06-30": 0, "2020-03-31": "", "2019-12-31": 0, "2019-09-30": 0, "2019-06-30": 0, "2019-03-31": "", "2018-12-31": 0, "2018-09-30": 0, "2018-06-30": 0, "2018-03-31": "", "2017-12-31": 0, "2017-09-30": 0, "2017-06-30": 0, "2017-03-31": "", "2016-12-31": 0, "2016-09-30": 0, "2016-06-30": 0, "2016-03-31": "", "2015-12-31": 0, "2015-09-30": 0, "2015-06-30": 0, "2015-03-31": "", "2014-12-31": 0, "2014-09-30": 0, "2014-06-30": 37, "2014-03-31": "59.95000", "2013-12-31": -96.902, "2013-09-30": 0, "2013-06-30": 0, "2013-03-31": "", "2012-12-31": 0, "2012-09-30": 0.63, "2012-06-30": -0.016, "2012-03-31": "-0.08800", "2011-12-31": 1.161, "2011-09-30": 10.844, "2011-06-30": -0.227, "2011-03-31": "-0.52200", "2010-12-31": 50.627, "2010-09-30": 1.015, "2010-06-30": -0.356, "2010-03-31": "-0.38700", "2009-12-31": -1.539, "2009-09-30": 2.832, "2009-06-30": -0.525, "2009-03-31": "-2.28100", "2008-12-31": -1.038, "2008-09-30": 6.721, "2008-06-30": -2.224, "2008-03-31": "-4.49700", "2007-12-31": -0.537, "2007-09-30": -81.502, "2007-06-30": 2.214, "2007-03-31": "79.28800", "2006-12-31": -31.913, "2006-09-30": -104.357, "2006-06-30": -2.5, "2006-03-31": "106.85700", "2005-12-31": -2.5, "2005-09-30": 0, "2005-06-30": 0, "2005-03-31": ""}, "Net Change In Investments - Total": {"2020-09-30": 0, "2020-06-30": 0, "2020-03-31": "", "2019-12-31": 0, "2019-09-30": 0, "2019-06-30": 0, "2019-03-31": "", "2018-12-31": 0, "2018-09-30": 0, "2018-06-30": 0, "2018-03-31": "", "2017-12-31": 0, "2017-09-30": 0, "2017-06-30": 0, "2017-03-31": "", "2016-12-31": 0, "2016-09-30": 0, "2016-06-30": 0, "2016-03-31": "", "2015-12-31": 0, "2015-09-30": 0, "2015-06-30": 0, "2015-03-31": "", "2014-12-31": 0, "2014-09-30": 0, "2014-06-30": 37, "2014-03-31": "59.95000", "2013-12-31": -96.902, "2013-09-30": 0, "2013-06-30": 0, "2013-03-31": "", "2012-12-31": 0, "2012-09-30": 0.63, "2012-06-30": -0.016, "2012-03-31": "-0.08800", "2011-12-31": 1.161, "2011-09-30": 10.844, "2011-06-30": -0.227, "2011-03-31": "-0.52200", "2010-12-31": 50.627, "2010-09-30": 1.015, "2010-06-30": -0.356, "2010-03-31": "-0.38700", "2009-12-31": -1.539, "2009-09-30": 2.832, "2009-06-30": -0.525, "2009-03-31": "-2.28100", "2008-12-31": -1.038, "2008-09-30": 6.721, "2008-06-30": -2.224, "2008-03-31": "-4.49700", "2007-12-31": -0.537, "2007-09-30": -81.502, "2007-06-30": 2.214, "2007-03-31": "79.28800", "2006-12-31": -31.913, "2006-09-30": -104.357, "2006-06-30": -2.5, "2006-03-31": "106.85700", "2005-12-31": -2.5, "2005-09-30": 0, "2005-06-30": 0, "2005-03-31": ""}, "Investing Activities - Other": {"2020-09-30": 0, "2020-06-30": 0, "2020-03-31": "", "2019-12-31": 0, "2019-09-30": 0, "2019-06-30": 0, "2019-03-31": "", "2018-12-31": 0, "2018-09-30": 0, "2018-06-30": 0, "2018-03-31": "", "2017-12-31": 1.845, "2017-09-30": 0, "2017-06-30": 0, "2017-03-31": "", "2016-12-31": 0, "2016-09-30": 0, "2016-06-30": 0, "2016-03-31": "", "2015-12-31": 0, "2015-09-30": 0, "2015-06-30": 0, "2015-03-31": "", "2014-12-31": 0, "2014-09-30": 0, "2014-06-30": 0, "2014-03-31": "", "2013-12-31": 0, "2013-09-30": 0, "2013-06-30": 0, "2013-03-31": "", "2012-12-31": 0, "2012-09-30": 0, "2012-06-30": 0, "2012-03-31": "", "2011-12-31": 0, "2011-09-30": 0, "2011-06-30": 0, "2011-03-31": "", "2010-12-31": 0, "2010-09-30": 0, "2010-06-30": 0, "2010-03-31": "", "2009-12-31": 1, "2009-09-30": 0, "2009-06-30": 0, "2009-03-31": "", "2008-12-31": -6.667, "2008-09-30": 0, "2008-06-30": 0, "2008-03-31": "", "2007-12-31": 0, "2007-09-30": 0, "2007-06-30": 0, "2007-03-31": "", "2006-12-31": -2.139, "2006-09-30": -0.295, "2006-06-30": 0.298, "2006-03-31": "-0.00300", "2005-12-31": -1.026, "2005-09-30": -0.196, "2005-06-30": 0.495, "2005-03-31": "-0.29900"}, "Cash Flow From Investing Activities": {"2020-09-30": -82.607, "2020-06-30": -64.221, "2020-03-31": "-78.27600", "2019-12-31": -473.504, "2019-09-30": -67.688, "2019-06-30": -88.467, "2019-03-31": "-87.40200", "2018-12-31": -109.723, "2018-09-30": -75.185, "2018-06-30": -78.323, "2018-03-31": "-75.66000", "2017-12-31": -77.773, "2017-09-30": -358.078, "2017-06-30": -75.065, "2017-03-31": "-481.15600", "2016-12-31": -119.527, "2016-09-30": -122.177, "2016-06-30": -49.417, "2016-03-31": "-36.46400", "2015-12-31": -59.357, "2015-09-30": -404.248, "2015-06-30": -53.855, "2015-03-31": "-31.72400", "2014-12-31": -37.408, "2014-09-30": -36.47, "2014-06-30": -3.208, "2014-03-31": "13.70100", "2013-12-31": -108.825, "2013-09-30": -26.877, "2013-06-30": -21.968, "2013-03-31": "-24.11800", "2012-12-31": -27.504, "2012-09-30": -7.693, "2012-06-30": -11.512, "2012-03-31": "-13.69200", "2011-12-31": 46.083, "2011-09-30": -5.248, "2011-06-30": -38.944, "2011-03-31": "-60.08000", "2010-12-31": -16.551, "2010-09-30": -30.624, "2010-06-30": -35.852, "2010-03-31": "-30.70800", "2009-12-31": -54.319, "2009-09-30": -12.245, "2009-06-30": 52.058, "2009-03-31": "-13.94800", "2008-12-31": -36.001, "2008-09-30": 85.145, "2008-06-30": -29.149, "2008-03-31": "-55.99600", "2007-12-31": -43.071, "2007-09-30": 1157.082, "2007-06-30": -38.063, "2007-03-31": "-1119.01900", "2006-12-31": -36.78, "2006-09-30": -7.047, "2006-06-30": -28.005, "2006-03-31": "35.05200", "2005-12-31": -46.661, "2005-09-30": 85.674, "2005-06-30": -36.898, "2005-03-31": "-48.77600"}, "Net Long-Term Debt": {"2020-09-30": -36.658, "2020-06-30": -6.709, "2020-03-31": "-13.39600", "2019-12-31": -166.641, "2019-09-30": -10.197, "2019-06-30": -50.786, "2019-03-31": "-62.29300", "2018-12-31": -45.568, "2018-09-30": -397.989, "2018-06-30": -239.902, "2018-03-31": "-433.55000", "2017-12-31": -772.511, "2017-09-30": -17.774, "2017-06-30": -257.451, "2017-03-31": "-334.45300", "2016-12-31": -37.211, "2016-09-30": -312.992, "2016-06-30": -219.791, "2016-03-31": "-0.02100", "2015-12-31": -6.396, "2015-09-30": -0.037, "2015-06-30": -150.036, "2015-03-31": "-533.66900", "2014-12-31": -500.035, "2014-09-30": -0.034, "2014-06-30": -205.252, "2014-03-31": "-204.91300", "2013-12-31": 505.305, "2013-09-30": -0.032, "2013-06-30": -447.246, "2013-03-31": "-311.00500", "2012-12-31": 593.697, "2012-09-30": -659.404, "2012-06-30": -35.002, "2012-03-31": "-208.60200", "2011-12-31": -51.0011, "2011-09-30": 10.4991, "2011-06-30": 54.683, "2011-03-31": "119.67500", "2010-12-31": 97.3052, "2010-09-30": 11.3908, "2010-06-30": 35.3051, "2010-03-31": "-902.54500", "2009-12-31": 70.239, "2009-09-30": 2.152, "2009-06-30": 0.373, "2009-03-31": "-22.53800", "2008-12-31": 133.675, "2008-09-30": -200.037, "2008-06-30": -111.547, "2008-03-31": "311.58400", "2007-12-31": 85.728, "2007-09-30": 207.932, "2007-06-30": -76.05, "2007-03-31": "-131.88200", "2006-12-31": 9.163, "2006-09-30": 34.728, "2006-06-30": -2.378, "2006-03-31": "-32.35000", "2005-12-31": -10.291, "2005-09-30": 14.655, "2005-06-30": -2.265, "2005-03-31": "-12.39000"}, "Net Current Debt": {"2020-09-30": 30.149, "2020-06-30": 0, "2020-03-31": "356.54700", "2019-12-31": 159.828, "2019-09-30": 0.002, "2019-06-30": 32.443, "2019-03-31": "67.19300", "2018-12-31": 45.292, "2018-09-30": 99.028, "2018-06-30": 101.721, "2018-03-31": "502.34100", "2017-12-31": 858.156, "2017-09-30": 0, "2017-06-30": 350.867, "2017-03-31": "662.79500", "2016-12-31": 48.997, "2016-09-30": 192.929, "2016-06-30": 329.512, "2016-03-31": "-7.14900", "2015-12-31": 22.857, "2015-09-30": 5.869, "2015-06-30": 0, "2015-03-31": "1680.00000", "2014-12-31": 0, "2014-09-30": 0, "2014-06-30": 0, "2014-03-31": "", "2013-12-31": -505.6, "2013-09-30": 0, "2013-06-30": 217.1, "2013-03-31": "288.50000", "2012-12-31": -595.8, "2012-09-30": 595.8, "2012-06-30": 0, "2012-03-31": "", "2011-12-31": 0, "2011-09-30": 0, "2011-06-30": 0, "2011-03-31": "", "2010-12-31": 0, "2010-09-30": 0, "2010-06-30": 0, "2010-03-31": "", "2009-12-31": 101.192, "2009-09-30": 0, "2009-06-30": -89.792, "2009-03-31": "-11.40000", "2008-12-31": 101.192, "2008-09-30": 0, "2008-06-30": 0, "2008-03-31": "", "2007-12-31": 0, "2007-09-30": 0, "2007-06-30": 0, "2007-03-31": "", "2006-12-31": 0, "2006-09-30": 0, "2006-06-30": 0, "2006-03-31": "", "2005-12-31": 0, "2005-09-30": 0, "2005-06-30": 0, "2005-03-31": ""}, "Debt Issuance/Retirement Net - Total": {"2020-09-30": -6.509, "2020-06-30": -6.709, "2020-03-31": "343.15100", "2019-12-31": -6.813, "2019-09-30": -10.195, "2019-06-30": -18.343, "2019-03-31": "4.90000", "2018-12-31": -0.276, "2018-09-30": -298.961, "2018-06-30": -138.181, "2018-03-31": "68.79100", "2017-12-31": 85.645, "2017-09-30": -17.774, "2017-06-30": 93.416, "2017-03-31": "328.34200", "2016-12-31": 11.786, "2016-09-30": -120.063, "2016-06-30": 109.721, "2016-03-31": "-7.17000", "2015-12-31": 16.461, "2015-09-30": 5.832, "2015-06-30": -150.036, "2015-03-31": "1146.33100", "2014-12-31": -500.035, "2014-09-30": -0.034, "2014-06-30": -205.252, "2014-03-31": "-204.91300", "2013-12-31": -0.295, "2013-09-30": -0.032, "2013-06-30": -230.146, "2013-03-31": "-22.50500", "2012-12-31": -2.103, "2012-09-30": -63.604, "2012-06-30": -35.002, "2012-03-31": "-208.60200", "2011-12-31": -51.0011, "2011-09-30": 10.4991, "2011-06-30": 54.683, "2011-03-31": "119.67500", "2010-12-31": 97.3052, "2010-09-30": 11.3908, "2010-06-30": 35.3051, "2010-03-31": "-902.54500", "2009-12-31": 171.431, "2009-09-30": 2.152, "2009-06-30": -89.419, "2009-03-31": "-33.93800", "2008-12-31": 234.867, "2008-09-30": -200.037, "2008-06-30": -111.547, "2008-03-31": "311.58400", "2007-12-31": 85.728, "2007-09-30": 207.932, "2007-06-30": -76.05, "2007-03-31": "-131.88200", "2006-12-31": 9.163, "2006-09-30": 34.728, "2006-06-30": -2.378, "2006-03-31": "-32.35000", "2005-12-31": -10.291, "2005-09-30": 14.655, "2005-06-30": -2.265, "2005-03-31": "-12.39000"}, "Net Common Equity Issued/Repurchased": {"2020-09-30": -29.927, "2020-06-30": -49.973, "2020-03-31": "-27.90600", "2019-12-31": -0.525, "2019-09-30": 0, "2019-06-30": -2.373, "2019-03-31": "-0.52500", "2018-12-31": -0.236, "2018-09-30": 0, "2018-06-30": 0, "2018-03-31": "5.55800", "2017-12-31": 0, "2017-09-30": 0, "2017-06-30": 0, "2017-03-31": "-9.60300", "2016-12-31": -97.552, "2016-09-30": -13.078, "2016-06-30": -4.671, "2016-03-31": "1.03400", "2015-12-31": -54.153, "2015-09-30": -45.08, "2015-06-30": 0, "2015-03-31": "", "2014-12-31": 3.849, "2014-09-30": 0, "2014-06-30": 0.332, "2014-03-31": "", "2013-12-31": 0, "2013-09-30": 0, "2013-06-30": 0, "2013-03-31": "", "2012-12-31": 0, "2012-09-30": 0, "2012-06-30": -0.097, "2012-03-31": "198.37900", "2011-12-31": 2.504, "2011-09-30": -2.504, "2011-06-30": 0, "2011-03-31": "", "2010-12-31": 7.637, "2010-09-30": -7.637, "2010-06-30": 0, "2010-03-31": "800.00000", "2009-12-31": 0, "2009-09-30": 0, "2009-06-30": 0, "2009-03-31": "", "2008-12-31": 0, "2008-09-30": -177.22, "2008-06-30": 177.22, "2008-03-31": "", "2007-12-31": 0, "2007-09-30": 0, "2007-06-30": 0, "2007-03-31": "", "2006-12-31": 0, "2006-09-30": 0, "2006-06-30": 0, "2006-03-31": "", "2005-12-31": 0, "2005-09-30": 0, "2005-06-30": 0, "2005-03-31": ""}, "Net Total Equity Issued/Repurchased": {"2020-09-30": -29.927, "2020-06-30": -49.973, "2020-03-31": "-27.90600", "2019-12-31": -0.525, "2019-09-30": 0, "2019-06-30": -2.373, "2019-03-31": "-0.52500", "2018-12-31": -0.236, "2018-09-30": 0, "2018-06-30": 0, "2018-03-31": "5.55800", "2017-12-31": 0, "2017-09-30": 0, "2017-06-30": 0, "2017-03-31": "-9.60300", "2016-12-31": -97.552, "2016-09-30": -13.078, "2016-06-30": -4.671, "2016-03-31": "1.03400", "2015-12-31": -54.153, "2015-09-30": -45.08, "2015-06-30": 0, "2015-03-31": "", "2014-12-31": 3.849, "2014-09-30": 0, "2014-06-30": 0.332, "2014-03-31": "", "2013-12-31": 0, "2013-09-30": 0, "2013-06-30": 0, "2013-03-31": "", "2012-12-31": 0, "2012-09-30": 0, "2012-06-30": -0.097, "2012-03-31": "198.37900", "2011-12-31": 2.504, "2011-09-30": -2.504, "2011-06-30": 0, "2011-03-31": "", "2010-12-31": 7.637, "2010-09-30": -7.637, "2010-06-30": 0, "2010-03-31": "800.00000", "2009-12-31": 0, "2009-09-30": 0, "2009-06-30": 0, "2009-03-31": "", "2008-12-31": 0, "2008-09-30": -177.22, "2008-06-30": 177.22, "2008-03-31": "", "2007-12-31": 0, "2007-09-30": 0, "2007-06-30": 0, "2007-03-31": "", "2006-12-31": 0, "2006-09-30": 0, "2006-06-30": 0, "2006-03-31": "", "2005-12-31": 0, "2005-09-30": 0, "2005-06-30": 0, "2005-03-31": ""}, "Total Common And Preferred Stock Dividends Paid": {"2020-09-30": 0, "2020-06-30": 0, "2020-03-31": "", "2019-12-31": 0, "2019-09-30": 0, "2019-06-30": 0, "2019-03-31": "", "2018-12-31": 0, "2018-09-30": 0, "2018-06-30": 0, "2018-03-31": "", "2017-12-31": 0, "2017-09-30": 0, "2017-06-30": 0, "2017-03-31": "", "2016-12-31": 0.926, "2016-09-30": -15.796, "2016-06-30": -699.915, "2016-03-31": "", "2015-12-31": 0, "2015-09-30": 0, "2015-06-30": 0, "2015-03-31": "-1498.47000", "2014-12-31": 0, "2014-09-30": 0, "2014-06-30": 0, "2014-03-31": "", "2013-12-31": 0, "2013-09-30": 0, "2013-06-30": 0, "2013-03-31": "", "2012-12-31": 0, "2012-09-30": 0, "2012-06-30": 0, "2012-03-31": "", "2011-12-31": 0, "2011-09-30": 0, "2011-06-30": 0, "2011-03-31": "", "2010-12-31": 0, "2010-09-30": 0, "2010-06-30": 0, "2010-03-31": "", "2009-12-31": 0, "2009-09-30": 0, "2009-06-30": 0, "2009-03-31": "", "2008-12-31": 0, "2008-09-30": 4.661, "2008-06-30": -1.666, "2008-03-31": "-2.99500", "2007-12-31": -1.497, "2007-09-30": 4.493, "2007-06-30": -1.498, "2007-03-31": "-2.99500", "2006-12-31": -1.498, "2006-09-30": 71.048, "2006-06-30": -1.497, "2006-03-31": "-69.55100", "2005-12-31": -1.498, "2005-09-30": 2.995, "2005-06-30": -0.998, "2005-03-31": "-1.99700"}, "Financial Activities - Other": {"2020-09-30": 0, "2020-06-30": 0, "2020-03-31": "", "2019-12-31": 0.525, "2019-09-30": -0.056, "2019-06-30": -0.663, "2019-03-31": "-0.45800", "2018-12-31": -9.86, "2018-09-30": -5.373, "2018-06-30": -1.647, "2018-03-31": "-4.06100", "2017-12-31": -9.081, "2017-09-30": -1.773, "2017-06-30": -2.777, "2017-03-31": "", "2016-12-31": 0, "2016-09-30": 7.252, "2016-06-30": -0.68, "2016-03-31": "-0.01300", "2015-12-31": -1.402, "2015-09-30": -2.19, "2015-06-30": -1.27, "2015-03-31": "-1.02800", "2014-12-31": 0.458, "2014-09-30": 0, "2014-06-30": 0, "2014-03-31": "", "2013-12-31": 7.77, "2013-09-30": -5.006, "2013-06-30": 0, "2013-03-31": "", "2012-12-31": 0, "2012-09-30": 0, "2012-06-30": 0, "2012-03-31": "", "2011-12-31": -2.505, "2011-09-30": 2.504, "2011-06-30": -6.316, "2011-03-31": "-0.68900", "2010-12-31": -20.602, "2010-09-30": -0.112, "2010-06-30": -0.121, "2010-03-31": "-50.10100", "2009-12-31": -104.87, "2009-09-30": -0.529, "2009-06-30": -8.295, "2009-03-31": "111.71800", "2008-12-31": -115.403, "2008-09-30": -52.221, "2008-06-30": 28.053, "2008-03-31": "24.16800", "2007-12-31": 22.533, "2007-09-30": -1255.885, "2007-06-30": 36.994, "2007-03-31": "1218.89100", "2006-12-31": 24.984, "2006-09-30": 0, "2006-06-30": 0, "2006-03-31": "", "2005-12-31": 0, "2005-09-30": 0, "2005-06-30": 0, "2005-03-31": ""}, "Cash Flow From Financial Activities": {"2020-09-30": -36.436, "2020-06-30": -56.682, "2020-03-31": "315.24500", "2019-12-31": -6.813, "2019-09-30": -10.251, "2019-06-30": -21.379, "2019-03-31": "3.91700", "2018-12-31": -10.372, "2018-09-30": -304.334, "2018-06-30": -139.828, "2018-03-31": "70.28800", "2017-12-31": 76.564, "2017-09-30": -19.547, "2017-06-30": 90.639, "2017-03-31": "318.73900", "2016-12-31": -84.84, "2016-09-30": -141.685, "2016-06-30": -595.545, "2016-03-31": "-6.14900", "2015-12-31": -39.094, "2015-09-30": -41.438, "2015-06-30": -151.306, "2015-03-31": "-353.16700", "2014-12-31": -495.728, "2014-09-30": -0.034, "2014-06-30": -204.92, "2014-03-31": "-204.91300", "2013-12-31": 7.475, "2013-09-30": -5.038, "2013-06-30": -230.146, "2013-03-31": "-22.50500", "2012-12-31": -2.103, "2012-09-30": -63.604, "2012-06-30": -35.099, "2012-03-31": "-10.22300", "2011-12-31": -51.002, "2011-09-30": 10.499, "2011-06-30": 48.367, "2011-03-31": "118.98600", "2010-12-31": 84.34, "2010-09-30": 3.642, "2010-06-30": 35.184, "2010-03-31": "-152.64600", "2009-12-31": 66.561, "2009-09-30": 1.623, "2009-06-30": -97.714, "2009-03-31": "77.78000", "2008-12-31": 119.464, "2008-09-30": -424.817, "2008-06-30": 92.06, "2008-03-31": "332.75700", "2007-12-31": 106.764, "2007-09-30": -1043.46, "2007-06-30": -40.554, "2007-03-31": "1084.01400", "2006-12-31": 32.649, "2006-09-30": 105.776, "2006-06-30": -3.875, "2006-03-31": "-101.90100", "2005-12-31": -11.789, "2005-09-30": 17.65, "2005-06-30": -3.263, "2005-03-31": "-14.38700"}, "Net Cash Flow": {"2020-09-30": 250.663, "2020-06-30": -1.944, "2020-03-31": "255.84000", "2019-12-31": -344.427, "2019-09-30": 53.398, "2019-06-30": 172.715, "2019-03-31": "37.31300", "2018-12-31": -54.262, "2018-09-30": -258.187, "2018-06-30": 82.559, "2018-03-31": "1.93700", "2017-12-31": 182.901, "2017-09-30": -86.872, "2017-06-30": 289.919, "2017-03-31": "-93.94000", "2016-12-31": 29.362, "2016-09-30": -29.8, "2016-06-30": -541.472, "2016-03-31": "142.88100", "2015-12-31": 61.351, "2015-09-30": -177.475, "2015-06-30": 96.157, "2015-03-31": "-98.10600", "2014-12-31": -292.454, "2014-09-30": 341.185, "2014-06-30": 12.437, "2014-03-31": "6.76900", "2013-12-31": 177.89, "2013-09-30": 252.085, "2013-06-30": 34.671, "2013-03-31": "-24.62000", "2012-12-31": 13.15, "2012-09-30": 5.803, "2012-06-30": 1.657, "2012-03-31": "5.96100", "2011-12-31": -5.295, "2011-09-30": 12.34, "2011-06-30": -28.449, "2011-03-31": "-43.06400", "2010-12-31": 59.864, "2010-09-30": 9.73, "2010-06-30": -11.915, "2010-03-31": "-187.90200", "2009-12-31": -171.113, "2009-09-30": 118.85, "2009-06-30": 56.223, "2009-03-31": "12.31100", "2008-12-31": -28.908, "2008-09-30": 12.097, "2008-06-30": -43.124, "2008-03-31": "31.02700", "2007-12-31": 28.494, "2007-09-30": 99.014, "2007-06-30": -11.78, "2007-03-31": "-87.23400", "2006-12-31": -9.86, "2006-09-30": 88.498, "2006-06-30": -23.611, "2006-03-31": "-64.88700", "2005-12-31": -2.291, "2005-09-30": -259.656, "2005-06-30": 149.984, "2005-03-31": "109.67200"}, "Stock-Based Compensation": {"2020-09-30": -4.758, "2020-06-30": 2.791, "2020-03-31": "0.67600", "2019-12-31": 2.81, "2019-09-30": 2.105, "2019-06-30": 3.335, "2019-03-31": "1.88200", "2018-12-31": 3.894, "2018-09-30": 3.626, "2018-06-30": 4.36, "2018-03-31": "1.27300", "2017-12-31": 0.566, "2017-09-30": 0.507, "2017-06-30": 0.487, "2017-03-31": "1.46000", "2016-12-31": 0.698, "2016-09-30": 3.535, "2016-06-30": 0.989, "2016-03-31": "0.88000", "2015-12-31": 0.843, "2015-09-30": 0.864, "2015-06-30": 0.471, "2015-03-31": "0.79700", "2014-12-31": 1.424, "2014-09-30": 1.127, "2014-06-30": 1.355, "2014-03-31": "1.02200", "2013-12-31": 0.93, "2013-09-30": 0.812, "2013-06-30": 1.055, "2013-03-31": "0.54800", "2012-12-31": 0.219, "2012-09-30": 0.166, "2012-06-30": 0.15, "2012-03-31": "0.14900", "2011-12-31": 0.149, "2011-09-30": 0.149, "2011-06-30": 0.149, "2011-03-31": "0.12000", "2010-12-31": 0, "2010-09-30": 0, "2010-06-30": 0, "2010-03-31": "", "2009-12-31": 1.79, "2009-09-30": 0, "2009-06-30": 0, "2009-03-31": "", "2008-12-31": 0, "2008-09-30": 0, "2008-06-30": 0, "2008-03-31": "", "2007-12-31": 0, "2007-09-30": 0, "2007-06-30": 0, "2007-03-31": "", "2006-12-31": 0, "2006-09-30": 0, "2006-06-30": 0, "2006-03-31": "", "2005-12-31": 0, "2005-09-30": 0, "2005-06-30": 0, "2005-03-31": ""}, "Common Stock Dividends Paid": {"2020-09-30": 0, "2020-06-30": 0, "2020-03-31": "", "2019-12-31": 0, "2019-09-30": 0, "2019-06-30": 0, "2019-03-31": "", "2018-12-31": 0, "2018-09-30": 0, "2018-06-30": 0, "2018-03-31": "", "2017-12-31": 0, "2017-09-30": 0, "2017-06-30": 0, "2017-03-31": "", "2016-12-31": 0.926, "2016-09-30": -15.796, "2016-06-30": -699.915, "2016-03-31": "", "2015-12-31": 0, "2015-09-30": 0, "2015-06-30": 0, "2015-03-31": "-1498.47000", "2014-12-31": 0, "2014-09-30": 0, "2014-06-30": 0, "2014-03-31": "", "2013-12-31": 0, "2013-09-30": 0, "2013-06-30": 0, "2013-03-31": "", "2012-12-31": 0, "2012-09-30": 0, "2012-06-30": 0, "2012-03-31": "", "2011-12-31": 0, "2011-09-30": 0, "2011-06-30": 0, "2011-03-31": "", "2010-12-31": 0, "2010-09-30": 0, "2010-06-30": 0, "2010-03-31": "", "2009-12-31": 0, "2009-09-30": 0, "2009-06-30": 0, "2009-03-31": "", "2008-12-31": 0, "2008-09-30": 4.661, "2008-06-30": -1.666, "2008-03-31": "-2.99500", "2007-12-31": -1.497, "2007-09-30": 4.493, "2007-06-30": -1.498, "2007-03-31": "-2.99500", "2006-12-31": -1.498, "2006-09-30": 71.048, "2006-06-30": -1.497, "2006-03-31": "-69.55100", "2005-12-31": -1.498, "2005-09-30": 2.995, "2005-06-30": -0.998, "2005-03-31": "-1.99700"}}, "financial ratios": {"Current Ratio": {"2019-12-31": "1.57650", "2018-12-31": "1.72400", "2017-12-31": "1.73240", "2016-12-31": "1.52710", "2015-12-31": "2.06180", "2014-12-31": "2.58180", "2013-12-31": "1.78050", "2012-12-31": "2.11280", "2011-12-31": "2.04160", "2010-12-31": "2.31570", "2009-09-30": "2.68850", "2008-09-30": "0.53470", "2007-09-30": "1.43730", "2006-09-30": "1.91680", "2005-09-30": "1.68020"}, "Long-term Debt / Capital": {"2019-12-31": "0.47300", "2018-12-31": "0.53190", "2017-12-31": "0.58680", "2016-12-31": "0.40090", "2015-12-31": "0.43850", "2014-12-31": "0.00180", "2013-12-31": "0.25170", "2012-12-31": "0.55830", "2011-12-31": "0.72310", "2010-12-31": "0.54290", "2009-09-30": "0.20720", "2008-09-30": "0.16100", "2007-09-30": "0.52940", "2006-09-30": "0.33180", "2005-09-30": "0.29780"}, "Debt/Equity Ratio": {"2019-12-31": "0.90790", "2018-12-31": "1.15150", "2017-12-31": "1.44610", "2016-12-31": "0.67680", "2015-12-31": "0.80390", "2014-12-31": "0.00190", "2013-12-31": "0.61120", "2012-12-31": "1.28140", "2011-12-31": "2.63880", "2010-12-31": "1.24170", "2009-09-30": "0.26130", "2008-09-30": "5.52110", "2007-09-30": "1.12730", "2006-09-30": "0.50580", "2005-09-30": "0.43110"}, "Gross Margin": {"2019-12-31": "9.38180", "2018-12-31": "7.71160", "2017-12-31": "13.66670", "2016-12-31": "11.17550", "2015-12-31": "14.83800", "2014-12-31": "16.24070", "2013-12-31": "10.05140", "2012-12-31": "5.36650", "2011-12-31": "-1.87820", "2010-12-31": "6.69890", "2009-09-30": "4.38490", "2008-09-30": "-2.90370", "2007-09-30": "7.90450", "2006-09-30": "5.76550", "2005-09-30": "13.15150"}, "Operating Margin": {"2019-12-31": "6.05270", "2018-12-31": "4.53190", "2017-12-31": "9.95850", "2016-12-31": "8.01820", "2015-12-31": "12.12350", "2014-12-31": "14.01680", "2013-12-31": "7.83320", "2012-12-31": "3.08250", "2011-12-31": "-4.95760", "2010-12-31": "2.69450", "2009-09-30": "0.94990", "2008-09-30": "-12.41610", "2007-09-30": "3.16310", "2006-09-30": "0.21550", "2005-09-30": "7.69130"}, "EBIT Margin": {"2019-12-31": "6.05270", "2018-12-31": "4.53190", "2017-12-31": "9.95850", "2016-12-31": "8.01820", "2015-12-31": "12.12350", "2014-12-31": "14.01680", "2013-12-31": "7.83320", "2012-12-31": "3.08250", "2011-12-31": "-4.95760", "2010-12-31": "2.69450", "2009-09-30": "0.94990", "2008-09-30": "-12.41610", "2007-09-30": "3.16310", "2006-09-30": "0.21550", "2005-09-30": "7.69130"}, "EBITDA Margin": {"2019-12-31": "8.60660", "2018-12-31": "7.08260", "2017-12-31": "12.53670", "2016-12-31": "10.36380", "2015-12-31": "14.10940", "2014-12-31": "15.85840", "2013-12-31": "9.62280", "2012-12-31": "4.89760", "2011-12-31": "-2.17730", "2010-12-31": "6.05190", "2009-09-30": "4.27950", "2008-09-30": "-3.70880", "2007-09-30": "5.89570", "2006-09-30": "2.83810", "2005-09-30": "10.07290"}, "Pre-Tax Profit Margin": {"2019-12-31": "5.41270", "2018-12-31": "3.03740", "2017-12-31": "9.12030", "2016-12-31": "7.32940", "2015-12-31": "11.44020", "2014-12-31": "12.84330", "2013-12-31": "6.82360", "2012-12-31": "1.88470", "2011-12-31": "-6.46420", "2010-12-31": "0.96620", "2009-09-30": "-2.45270", "2008-09-30": "-13.92120", "2007-09-30": "1.31800", "2006-09-30": "-0.51670", "2005-09-30": "7.12150"}, "Net Profit Margin": {"2019-12-31": "3.99610", "2018-12-31": "2.26690", "2017-12-31": "6.45050", "2016-12-31": "4.45950", "2015-12-31": "7.37960", "2014-12-31": "8.29100", "2013-12-31": "6.53360", "2012-12-31": "2.14540", "2011-12-31": "-6.59220", "2010-12-31": "1.26630", "2009-09-30": "-2.13860", "2008-09-30": "-11.72210", "2007-09-30": "0.62700", "2006-09-30": "-0.66430", "2005-09-30": "4.67640"}, "Asset Turnover": {"2019-12-31": "1.60640", "2018-12-31": "1.84410", "2017-12-31": "1.72320", "2016-12-31": "1.96710", "2015-12-31": "2.63760", "2014-12-31": "2.77620", "2013-12-31": "2.65140", "2012-12-31": "2.78710", "2011-12-31": "2.61700", "2010-12-31": "2.13790", "2009-09-30": "2.31600", "2008-09-30": "2.58250", "2007-09-30": "1.98680", "2006-09-30": "2.12320", "2005-09-30": "2.25580"}, "Inventory Turnover Ratio": {"2019-12-31": "7.47280", "2018-12-31": "8.70560", "2017-12-31": "7.40700", "2016-12-31": "8.99400", "2015-12-31": "9.30170", "2014-12-31": "9.09700", "2013-12-31": "9.35390", "2012-12-31": "8.08750", "2011-12-31": "8.73310", "2010-12-31": "6.23810", "2009-09-30": "8.87230", "2008-09-30": "8.46020", "2007-09-30": "7.46310", "2006-09-30": "8.28690", "2005-09-30": "9.33210"}, "Receiveable Turnover": {"2019-12-31": "14.21840", "2018-12-31": "18.18840", "2017-12-31": "18.94320", "2016-12-31": "21.97370", "2015-12-31": "20.68840", "2014-12-31": "21.76160", "2013-12-31": "18.94680", "2012-12-31": "18.40900", "2011-12-31": "17.54580", "2010-12-31": "18.09860", "2009-09-30": "21.35080", "2008-09-30": "51.37600", "2007-09-30": "42.46600", "2006-09-30": "17.04420", "2005-09-30": "19.63860"}, "Days Sales In Receivables": {"2019-12-31": "25.67100", "2018-12-31": "20.06770", "2017-12-31": "19.26810", "2016-12-31": "16.61080", "2015-12-31": "17.64280", "2014-12-31": "16.77270", "2013-12-31": "19.26440", "2012-12-31": "19.82720", "2011-12-31": "20.80270", "2010-12-31": "20.16730", "2009-09-30": "17.09540", "2008-09-30": "7.10450", "2007-09-30": "8.59510", "2006-09-30": "21.41490", "2005-09-30": "18.58590"}, "ROE - Return On Equity": {"2019-12-31": "18.00180", "2018-12-31": "12.22050", "2017-12-31": "38.70140", "2016-12-31": "23.01470", "2015-12-31": "52.54140", "2014-12-31": "32.38520", "2013-12-31": "36.82920", "2012-12-31": "19.14660", "2011-12-31": "-88.76490", "2010-12-31": "8.37440", "2009-09-30": "-96.90810", "2008-09-30": "-281.73800", "2007-09-30": "4.39470", "2006-09-30": "-2.52380", "2005-09-30": "21.65570"}, "Return On Tangible Equity": {"2019-12-31": "47.24790", "2018-12-31": "48.80370", "2017-12-31": "303.52530", "2016-12-31": "66.01180", "2015-12-31": "62.67510", "2014-12-31": "32.78490", "2013-12-31": "37.64960", "2012-12-31": "19.98800", "2011-12-31": "-96.37270", "2010-12-31": "8.77250", "2009-09-30": "-152.35160", "2008-09-30": "-348.47570", "2007-09-30": "8.75200", "2006-09-30": "-2.52380", "2005-09-30": "21.65570"}, "ROA - Return On Assets": {"2019-12-31": "6.42790", "2018-12-31": "4.16110", "2017-12-31": "11.49320", "2016-12-31": "9.56040", "2015-12-31": "19.97840", "2014-12-31": "23.01110", "2013-12-31": "17.32800", "2012-12-31": "5.97290", "2011-12-31": "-17.21420", "2010-12-31": "2.80610", "2009-09-30": "-4.97510", "2008-09-30": "-30.04170", "2007-09-30": "1.36490", "2006-09-30": "-1.16200", "2005-09-30": "10.54890"}, "ROI - Return On Investment": {"2019-12-31": "9.48730", "2018-12-31": "5.72000", "2017-12-31": "15.99030", "2016-12-31": "13.78750", "2015-12-31": "29.50060", "2014-12-31": "32.32660", "2013-12-31": "27.56010", "2012-12-31": "8.45740", "2011-12-31": "-24.58250", "2010-12-31": "3.82780", "2009-09-30": "-76.82950", "2008-09-30": "-236.36880", "2007-09-30": "2.06830", "2006-09-30": "-1.68630", "2005-09-30": "15.20720"}, "Book Value Per Share": {"2019-12-31": "10.16160", "2018-12-31": "8.11190", "2017-12-31": "7.45990", "2016-12-31": "8.37650", "2015-12-31": "4.95170", "2014-12-31": "8.48090", "2013-12-31": "5.76230", "2012-12-31": "3.50970", "2011-12-31": "2.60610", "2010-12-31": "5.03350", "2009-09-30": "2.03680", "2008-09-30": "4.74970", "2007-09-30": "17.61260", "2006-09-30": "16.78780", "2005-09-30": "18.38450"}, "Operating Cash Flow Per Share": {"2019-12-31": 0.6959, "2018-12-31": -1.2452, "2017-12-31": 0.0887, "2016-12-31": -0.8148, "2015-12-31": -0.1664, "2014-12-31": 0.7221, "2013-12-31": 2.5911, "2012-12-31": 1.3711, "2011-12-31": -0.6382, "2010-12-31": -0.7882, "2009-09-30": 9.798, "2008-09-30": -15.9159, "2007-09-30": 6.5153, "2006-09-30": -6.9527, "2005-09-30": 7.4084}, "Free Cash Flow Per Share": {"2019-12-31": 0.7251, "2018-12-31": -1.2583, "2017-12-31": 0.0307, "2016-12-31": -1.4249, "2015-12-31": -0.2275, "2014-12-31": 0.4317, "2013-12-31": 2.5071, "2012-12-31": 1.6028, "2011-12-31": -0.3817, "2010-12-31": -1.4876, "2009-09-30": 11.2258, "2008-09-30": -14.8813, "2007-09-30": 6.1201, "2006-09-30": -7.375, "2005-09-30": 5.7312}}, "financial ratios, quarterly": {"Current Ratio": {"2020-09-30": "1.80360", "2020-06-30": "1.88710", "2020-03-31": "1.88660", "2019-12-31": "1.57650", "2019-09-30": "1.81780", "2019-06-30": "1.77890", "2019-03-31": "1.68390", "2018-12-31": "1.72400", "2018-09-30": "1.72520", "2018-06-30": "1.86790", "2018-03-31": "1.79900", "2017-12-31": "1.73240", "2017-09-30": "1.65500", "2017-06-30": "1.82070", "2017-03-31": "1.54820", "2016-12-31": "1.52710", "2016-09-30": "1.62250", "2016-06-30": "1.70870", "2016-03-31": "2.28060", "2015-12-31": "2.06180", "2015-09-30": "1.93820", "2015-06-30": "2.32570", "2015-03-31": "2.31900", "2014-12-31": "2.58180", "2014-09-30": "2.46630", "2014-06-30": "2.27370", "2014-03-31": "2.06220", "2013-12-31": "1.78050", "2013-09-30": "2.39400", "2013-06-30": "2.16100", "2013-03-31": "2.21990", "2012-12-31": "2.11280", "2012-09-30": "2.13680", "2012-06-30": "2.16400", "2012-03-31": "2.16550", "2011-12-31": "2.04160", "2011-09-30": "2.16320", "2011-06-30": "2.29010", "2011-03-31": "2.31620", "2010-12-31": "2.31570", "2010-09-30": "2.21470", "2010-06-30": "2.01940", "2010-03-31": "1.81910", "2009-12-31": "1.77380", "2009-09-30": "2.68850", "2009-06-30": "2.71180", "2009-03-31": "2.05630", "2008-12-31": "2.23680", "2008-09-30": "", "2008-06-30": "1.58330", "2008-03-31": "1.64250", "2007-12-31": "1.47570", "2007-09-30": "", "2007-06-30": "1.73990", "2007-03-31": "1.84030", "2006-12-31": "1.72600", "2006-09-30": "", "2006-06-30": "1.79250", "2006-03-31": "1.68900", "2005-12-31": "1.54120", "2005-09-30": "", "2005-06-30": "1.92290", "2005-03-31": "1.87060"}, "Long-term Debt / Capital": {"2020-09-30": "0.51780", "2020-06-30": "0.52420", "2020-03-31": "0.51420", "2019-12-31": "0.47300", "2019-09-30": "0.49460", "2019-06-30": "0.50120", "2019-03-31": "0.51790", "2018-12-31": "0.53190", "2018-09-30": "0.52680", "2018-06-30": "0.55710", "2018-03-31": "0.56350", "2017-12-31": "0.58680", "2017-09-30": "0.59840", "2017-06-30": "0.53710", "2017-03-31": "0.57900", "2016-12-31": "0.40090", "2016-09-30": "0.52290", "2016-06-30": "0.57730", "2016-03-31": "0.41840", "2015-12-31": "0.43850", "2015-09-30": "0.44600", "2015-06-30": "0.46310", "2015-03-31": "0.55860", "2014-12-31": "0.00180", "2014-09-30": "0.19820", "2014-06-30": "0.22050", "2014-03-31": "0.24050", "2013-12-31": "0.25170", "2013-09-30": "0.40260", "2013-06-30": "0.43360", "2013-03-31": "0.53620", "2012-12-31": "0.55830", "2012-09-30": "0.56320", "2012-06-30": "0.58700", "2012-03-31": "0.61060", "2011-12-31": "0.72310", "2011-09-30": "0.69440", "2011-06-30": "0.64420", "2011-03-31": "0.59310", "2010-12-31": "0.54290", "2010-09-30": "0.52960", "2010-06-30": "0.54240", "2010-03-31": "0.54650", "2009-12-31": "0.90600", "2009-09-30": "0.20720", "2009-06-30": "0.26430", "2009-03-31": "0.37460", "2008-12-31": "0.25230", "2008-09-30": "", "2008-06-30": "0.56980", "2008-03-31": "0.61400", "2007-12-31": "0.55230", "2007-09-30": "", "2007-06-30": "0.60330", "2007-03-31": "0.62610", "2006-12-31": "0.39110", "2006-09-30": "", "2006-06-30": "0.30130", "2006-03-31": "0.29790", "2005-12-31": "0.30100", "2005-09-30": "", "2005-06-30": "0.31930", "2005-03-31": "0.33780"}, "Debt/Equity Ratio": {"2020-09-30": "1.08430", "2020-06-30": "1.11250", "2020-03-31": "1.06880", "2019-12-31": "0.90790", "2019-09-30": "0.98990", "2019-06-30": "1.01800", "2019-03-31": "1.08710", "2018-12-31": "1.15150", "2018-09-30": "1.12510", "2018-06-30": "1.27970", "2018-03-31": "1.36450", "2017-12-31": "1.44610", "2017-09-30": "1.52630", "2017-06-30": "1.19360", "2017-03-31": "1.37550", "2016-12-31": "0.67680", "2016-09-30": "1.09610", "2016-06-30": "1.36570", "2016-03-31": "0.73520", "2015-12-31": "0.80390", "2015-09-30": "0.80980", "2015-06-30": "0.86260", "2015-03-31": "1.26570", "2014-12-31": "0.00190", "2014-09-30": "0.24740", "2014-06-30": "0.28310", "2014-03-31": "0.44610", "2013-12-31": "0.61120", "2013-09-30": "0.67410", "2013-06-30": "0.76580", "2013-03-31": "1.17260", "2012-12-31": "1.28140", "2012-09-30": "1.30700", "2012-06-30": "1.43930", "2012-03-31": "1.58740", "2011-12-31": "2.63880", "2011-09-30": "2.29620", "2011-06-30": "1.82900", "2011-03-31": "1.52260", "2010-12-31": "1.24170", "2010-09-30": "1.19850", "2010-06-30": "1.24930", "2010-03-31": "1.25820", "2009-12-31": "10.87860", "2009-09-30": "0.26130", "2009-06-30": "0.35920", "2009-03-31": "1.97990", "2008-12-31": "1.15990", "2008-09-30": "", "2008-06-30": "1.32630", "2008-03-31": "1.59340", "2007-12-31": "1.23610", "2007-09-30": "", "2007-06-30": "1.52380", "2007-03-31": "1.68200", "2006-12-31": "0.64650", "2006-09-30": "", "2006-06-30": "0.43800", "2006-03-31": "0.43150", "2005-12-31": "0.43790", "2005-09-30": "", "2005-06-30": "0.47690", "2005-03-31": "0.51840"}, "Gross Margin": {"2020-09-30": "10.20580", "2020-06-30": "4.24430", "2020-03-31": "5.75950", "2019-12-31": "6.57400", "2019-09-30": "10.15840", "2019-06-30": "12.93890", "2019-03-31": "8.03540", "2018-12-31": "4.20990", "2018-09-30": "6.29230", "2018-06-30": "9.66690", "2018-03-31": "10.47320", "2017-12-31": "9.54160", "2017-09-30": "17.12970", "2017-06-30": "17.25230", "2017-03-31": "10.34690", "2016-12-31": "9.64700", "2016-09-30": "10.14150", "2016-06-30": "14.10680", "2016-03-31": "12.10240", "2015-12-31": "8.09360", "2015-09-30": "13.46940", "2015-06-30": "21.03440", "2015-03-31": "18.36990", "2014-12-31": "17.96540", "2014-09-30": "19.85250", "2014-06-30": "15.98100", "2014-03-31": "10.65900", "2013-12-31": "10.15610", "2013-09-30": "11.04030", "2013-06-30": "12.93460", "2013-03-31": "5.81430", "2012-12-31": "3.45000", "2012-09-30": "5.13110", "2012-06-30": "7.29760", "2012-03-31": "5.82730", "2011-12-31": "1.10360", "2011-09-30": "-3.29880", "2011-06-30": "-2.40430", "2011-03-31": "-2.80640", "2010-12-31": "6.58030", "2010-09-30": "9.14580", "2010-06-30": "7.75900", "2010-03-31": "3.16630", "2009-12-31": "5.15270", "2009-09-30": "9.37430", "2009-06-30": "9.31310", "2009-03-31": "4.63710", "2008-12-31": "-4.44230", "2008-09-30": "", "2008-06-30": "2.41050", "2008-03-31": "-1.68510", "2007-12-31": "5.13360", "2007-09-30": "", "2007-06-30": "11.15820", "2007-03-31": "4.22960", "2006-12-31": "", "2006-09-30": "", "2006-06-30": "3.31580", "2006-03-31": "2.93910", "2005-12-31": "", "2005-09-30": "", "2005-06-30": "15.22330", "2005-03-31": "11.92850"}, "Operating Margin": {"2020-09-30": "3.06620", "2020-06-30": "0.96630", "2020-03-31": "2.74430", "2019-12-31": "2.80040", "2019-09-30": "6.77420", "2019-06-30": "9.83260", "2019-03-31": "5.02970", "2018-12-31": "0.88960", "2018-09-30": "3.16380", "2018-06-30": "6.52560", "2018-03-31": "7.33950", "2017-12-31": "5.65270", "2017-09-30": "13.32360", "2017-06-30": "13.74620", "2017-03-31": "6.72450", "2016-12-31": "5.59690", "2016-09-30": "7.08730", "2016-06-30": "11.66540", "2016-03-31": "9.61690", "2015-12-31": "4.89520", "2015-09-30": "10.94100", "2015-06-30": "18.42240", "2015-03-31": "15.95840", "2014-12-31": "15.58880", "2014-09-30": "17.87890", "2014-06-30": "13.73820", "2014-03-31": "8.33430", "2013-12-31": "7.71060", "2013-09-30": "8.82570", "2013-06-30": "10.89360", "2013-03-31": "3.63090", "2012-12-31": "1.25370", "2012-09-30": "2.98320", "2012-06-30": "5.02720", "2012-03-31": "3.27850", "2011-12-31": "-2.35350", "2011-09-30": "-6.61240", "2011-06-30": "-5.13380", "2011-03-31": "-5.64210", "2010-12-31": "2.91130", "2010-09-30": "6.58220", "2010-06-30": "3.03890", "2010-03-31": "-1.97220", "2009-12-31": "0.47350", "2009-09-30": "6.71980", "2009-06-30": "6.11180", "2009-03-31": "1.19430", "2008-12-31": "100.00000", "2008-09-30": "", "2008-06-30": "-1.92670", "2008-03-31": "-6.83690", "2007-12-31": "100.00000", "2007-09-30": "", "2007-06-30": "6.50490", "2007-03-31": "-0.53710", "2006-12-31": "100.00000", "2006-09-30": "", "2006-06-30": "-2.07640", "2006-03-31": "-2.99720", "2005-12-31": "100.00000", "2005-09-30": "", "2005-06-30": "9.44370", "2005-03-31": "6.46800"}, "EBIT Margin": {"2020-09-30": "3.06620", "2020-06-30": "0.96630", "2020-03-31": "2.74430", "2019-12-31": "2.80040", "2019-09-30": "6.77420", "2019-06-30": "9.83260", "2019-03-31": "5.02970", "2018-12-31": "0.88960", "2018-09-30": "3.16380", "2018-06-30": "6.52560", "2018-03-31": "7.33950", "2017-12-31": "5.65270", "2017-09-30": "13.32360", "2017-06-30": "13.74620", "2017-03-31": "6.72450", "2016-12-31": "5.59690", "2016-09-30": "7.08730", "2016-06-30": "11.66540", "2016-03-31": "9.61690", "2015-12-31": "4.89520", "2015-09-30": "10.94100", "2015-06-30": "18.42240", "2015-03-31": "15.95840", "2014-12-31": "15.58880", "2014-09-30": "17.87890", "2014-06-30": "13.73820", "2014-03-31": "8.33430", "2013-12-31": "7.71060", "2013-09-30": "8.82570", "2013-06-30": "10.89360", "2013-03-31": "3.63090", "2012-12-31": "1.25370", "2012-09-30": "2.98320", "2012-06-30": "5.02720", "2012-03-31": "3.27850", "2011-12-31": "-2.35350", "2011-09-30": "-6.61240", "2011-06-30": "-5.13380", "2011-03-31": "-5.64210", "2010-12-31": "2.91130", "2010-09-30": "6.58220", "2010-06-30": "3.03890", "2010-03-31": "-1.97220", "2009-12-31": "0.47350", "2009-09-30": "6.71980", "2009-06-30": "6.11180", "2009-03-31": "1.19430", "2008-12-31": "", "2008-09-30": "", "2008-06-30": "-1.92670", "2008-03-31": "-6.83690", "2007-12-31": "", "2007-09-30": "", "2007-06-30": "6.50490", "2007-03-31": "-0.53710", "2006-12-31": "", "2006-09-30": "", "2006-06-30": "-2.07640", "2006-03-31": "-2.99720", "2005-12-31": "", "2005-09-30": "", "2005-06-30": "9.44370", "2005-03-31": "6.46800"}, "EBITDA Margin": {"2020-09-30": "", "2020-06-30": "", "2020-03-31": "", "2019-12-31": "", "2019-09-30": "", "2019-06-30": "", "2019-03-31": "", "2018-12-31": "", "2018-09-30": "", "2018-06-30": "", "2018-03-31": "", "2017-12-31": "", "2017-09-30": "", "2017-06-30": "", "2017-03-31": "", "2016-12-31": "", "2016-09-30": "", "2016-06-30": "", "2016-03-31": "", "2015-12-31": "", "2015-09-30": "", "2015-06-30": "", "2015-03-31": "", "2014-12-31": "", "2014-09-30": "", "2014-06-30": "", "2014-03-31": "", "2013-12-31": "", "2013-09-30": "", "2013-06-30": "", "2013-03-31": "", "2012-12-31": "", "2012-09-30": "", "2012-06-30": "", "2012-03-31": "", "2011-12-31": "", "2011-09-30": "", "2011-06-30": "", "2011-03-31": "", "2010-12-31": "", "2010-09-30": "", "2010-06-30": "", "2010-03-31": "", "2009-12-31": "", "2009-09-30": "", "2009-06-30": "", "2009-03-31": "", "2008-12-31": "", "2008-09-30": "", "2008-06-30": "", "2008-03-31": "", "2007-12-31": "", "2007-09-30": "", "2007-06-30": "", "2007-03-31": "", "2006-12-31": "", "2006-09-30": "", "2006-06-30": "", "2006-03-31": "", "2005-12-31": "", "2005-09-30": "", "2005-06-30": "", "2005-03-31": ""}, "Pre-Tax Profit Margin": {"2020-09-30": "1.82220", "2020-06-30": "-0.33130", "2020-03-31": "3.44600", "2019-12-31": "3.62060", "2019-09-30": "5.63220", "2019-06-30": "8.63950", "2019-03-31": "3.83680", "2018-12-31": "-1.09800", "2018-09-30": "2.23570", "2018-06-30": "5.10680", "2018-03-31": "5.68760", "2017-12-31": "4.36770", "2017-09-30": "12.58850", "2017-06-30": "13.09630", "2017-03-31": "6.05530", "2016-12-31": "4.60480", "2016-09-30": "6.24310", "2016-06-30": "11.41050", "2016-03-31": "9.20130", "2015-12-31": "4.13130", "2015-09-30": "9.95240", "2015-06-30": "18.05020", "2015-03-31": "15.37750", "2014-12-31": "12.93690", "2014-09-30": "17.17320", "2014-06-30": "13.24630", "2014-03-31": "7.44270", "2013-12-31": "7.01810", "2013-09-30": "7.77490", "2013-06-30": "9.46260", "2013-03-31": "2.79740", "2012-12-31": "0.09250", "2012-09-30": "2.12670", "2012-06-30": "3.38290", "2012-03-31": "2.13110", "2011-12-31": "-3.82860", "2011-09-30": "-8.61140", "2011-06-30": "-6.47330", "2011-03-31": "-6.85700", "2010-12-31": "1.27190", "2010-09-30": "5.17680", "2010-06-30": "1.93760", "2010-03-31": "-4.78830", "2009-12-31": "-4.27060", "2009-09-30": "3.31390", "2009-06-30": "3.02640", "2009-03-31": "-3.34600", "2008-12-31": "-12.20510", "2008-09-30": "", "2008-06-30": "-3.47890", "2008-03-31": "-8.36800", "2007-12-31": "-1.26500", "2007-09-30": "", "2007-06-30": "4.74910", "2007-03-31": "-2.94350", "2006-12-31": "-1.08440", "2006-09-30": "", "2006-06-30": "-2.94910", "2006-03-31": "-3.72130", "2005-12-31": "2.72660", "2005-09-30": "", "2005-06-30": "8.58840", "2005-03-31": "6.58700"}, "Net Profit Margin": {"2020-09-30": "1.08760", "2020-06-30": "-0.21370", "2020-03-31": "2.18760", "2019-12-31": "3.00570", "2019-09-30": "3.95130", "2019-06-30": "5.98180", "2019-03-31": "3.08330", "2018-12-31": "-0.27570", "2018-09-30": "1.08650", "2018-06-30": "3.75580", "2018-03-31": "4.34770", "2017-12-31": "4.89860", "2017-09-30": "8.32820", "2017-06-30": "8.48900", "2017-03-31": "3.78810", "2016-12-31": "2.08190", "2016-09-30": "3.95370", "2016-06-30": "7.53760", "2016-03-31": "6.03030", "2015-12-31": "2.49270", "2015-09-30": "6.48810", "2015-06-30": "11.75770", "2015-03-31": "9.94750", "2014-12-31": "7.92190", "2014-09-30": "11.28650", "2014-06-30": "8.70490", "2014-03-31": "4.86190", "2013-12-31": "7.00200", "2013-09-30": "7.50960", "2013-06-30": "8.73140", "2013-03-31": "2.67960", "2012-12-31": "1.04000", "2012-09-30": "2.07550", "2012-06-30": "3.51270", "2012-03-31": "2.07400", "2011-12-31": "-4.66600", "2011-09-30": "-8.59320", "2011-06-30": "-6.66470", "2011-03-31": "-6.38110", "2010-12-31": "2.31020", "2010-09-30": "3.36810", "2010-06-30": "1.92780", "2010-03-31": "-2.77230", "2009-12-31": "2.09720", "2009-09-30": "4.76490", "2009-06-30": "2.99630", "2009-03-31": "-3.46060", "2008-12-31": "-12.18870", "2008-09-30": "", "2008-06-30": "-2.39100", "2008-03-31": "-5.30500", "2007-12-31": "-1.57910", "2007-09-30": "", "2007-06-30": "2.97650", "2007-03-31": "-2.01680", "2006-12-31": "-0.65330", "2006-09-30": "", "2006-06-30": "-1.59000", "2006-03-31": "-2.52460", "2005-12-31": "1.91080", "2005-09-30": "", "2005-06-30": "5.92710", "2005-03-31": "4.10010"}, "Asset Turnover": {"2020-09-30": "0.41170", "2020-06-30": "0.39460", "2020-03-31": "0.42400", "2019-12-31": "0.43130", "2019-09-30": "0.42070", "2019-06-30": "0.43550", "2019-03-31": "0.42750", "2018-12-31": "0.44790", "2018-09-30": "0.45140", "2018-06-30": "0.45010", "2018-03-31": "0.42930", "2017-12-31": "0.43890", "2017-09-30": "0.46080", "2017-06-30": "0.71360", "2017-03-31": "0.71030", "2016-12-31": "0.67540", "2016-09-30": "0.83110", "2016-06-30": "0.67430", "2016-03-31": "0.57960", "2015-12-31": "0.76340", "2015-09-30": "0.63210", "2015-06-30": "0.65260", "2015-03-31": "0.68620", "2014-12-31": "0.68260", "2014-09-30": "0.64690", "2014-06-30": "0.68630", "2014-03-31": "0.65730", "2013-12-31": "0.64530", "2013-09-30": "0.68910", "2013-06-30": "0.74700", "2013-03-31": "0.69800", "2012-12-31": "0.75150", "2012-09-30": "0.70830", "2012-06-30": "0.67170", "2012-03-31": "0.65620", "2011-12-31": "0.63530", "2011-09-30": "0.63050", "2011-06-30": "0.60780", "2011-03-31": "0.59290", "2010-12-31": "0.56270", "2010-09-30": "0.56990", "2010-06-30": "0.58330", "2010-03-31": "0.56890", "2009-12-31": "0.49940", "2009-09-30": "0.56730", "2009-06-30": "0.58620", "2009-03-31": "0.53650", "2008-12-31": "0.58380", "2008-09-30": "", "2008-06-30": "0.57380", "2008-03-31": "0.53980", "2007-12-31": "0.53360", "2007-09-30": "", "2007-06-30": "0.50260", "2007-03-31": "0.47920", "2006-12-31": "0.32800", "2006-09-30": "", "2006-06-30": "0.55130", "2006-03-31": "0.52900", "2005-12-31": "0.52430", "2005-09-30": "", "2005-06-30": "0.59930", "2005-03-31": "0.60600"}, "Inventory Turnover Ratio": {"2020-09-30": "2.07820", "2020-06-30": "2.00730", "2020-03-31": "2.12710", "2019-12-31": "2.06870", "2019-09-30": "1.97860", "2019-06-30": "2.08590", "2019-03-31": "2.14900", "2018-12-31": "2.19480", "2018-09-30": "2.13690", "2018-06-30": "2.15330", "2018-03-31": "1.97930", "2017-12-31": "1.97650", "2017-09-30": "1.93550", "2017-06-30": "2.35380", "2017-03-31": "2.40520", "2016-12-31": "3.14140", "2016-09-30": "2.81400", "2016-06-30": "2.09260", "2016-03-31": "2.21620", "2015-12-31": "2.90550", "2015-09-30": "2.17290", "2015-06-30": "2.06050", "2015-03-31": "2.12470", "2014-12-31": "2.19070", "2014-09-30": "2.22250", "2014-06-30": "2.19430", "2014-03-31": "2.27210", "2013-12-31": "2.27410", "2013-09-30": "2.09230", "2013-06-30": "1.99710", "2013-03-31": "1.97300", "2012-12-31": "2.22470", "2012-09-30": "2.00390", "2012-06-30": "1.85260", "2012-03-31": "1.95370", "2011-12-31": "2.05790", "2011-09-30": "2.12450", "2011-06-30": "2.03600", "2011-03-31": "2.01180", "2010-12-31": "1.64400", "2010-09-30": "1.71590", "2010-06-30": "2.01290", "2010-03-31": "2.17410", "2009-12-31": "2.05200", "2009-09-30": "2.05980", "2009-06-30": "2.01710", "2009-03-31": "1.96160", "2008-12-31": "2.46270", "2008-09-30": "", "2008-06-30": "1.95280", "2008-03-31": "1.96790", "2007-12-31": "1.89080", "2007-09-30": "", "2007-06-30": "1.97930", "2007-03-31": "2.12330", "2006-12-31": "1.47750", "2006-09-30": "", "2006-06-30": "2.06760", "2006-03-31": "2.01830", "2005-12-31": "2.18140", "2005-09-30": "", "2005-06-30": "2.12960", "2005-03-31": "2.11890"}, "Receiveable Turnover": {"2020-09-30": "3.92040", "2020-06-30": "3.66830", "2020-03-31": "3.80330", "2019-12-31": "3.81780", "2019-09-30": "4.48240", "2019-06-30": "4.69520", "2019-03-31": "4.56480", "2018-12-31": "4.41800", "2018-09-30": "4.77640", "2018-06-30": "4.79890", "2018-03-31": "4.34970", "2017-12-31": "4.82440", "2017-09-30": "4.35090", "2017-06-30": "6.48670", "2017-03-31": "6.56980", "2016-12-31": "7.54520", "2016-09-30": "6.15570", "2016-06-30": "4.67990", "2016-03-31": "5.19760", "2015-12-31": "5.98800", "2015-09-30": "5.60010", "2015-06-30": "4.96740", "2015-03-31": "5.55280", "2014-12-31": "5.35060", "2014-09-30": "5.48310", "2014-06-30": "5.34360", "2014-03-31": "5.07740", "2013-12-31": "4.61170", "2013-09-30": "4.48190", "2013-06-30": "4.80300", "2013-03-31": "4.50090", "2012-12-31": "4.96340", "2012-09-30": "4.69080", "2012-06-30": "4.50980", "2012-03-31": "4.35080", "2011-12-31": "4.25930", "2011-09-30": "4.51080", "2011-06-30": "4.40440", "2011-03-31": "4.23490", "2010-12-31": "4.76370", "2010-09-30": "4.20800", "2010-06-30": "4.44390", "2010-03-31": "4.66470", "2009-12-31": "3.29120", "2009-09-30": "5.22970", "2009-06-30": "5.64330", "2009-03-31": "5.08070", "2008-12-31": "4.97280", "2008-09-30": "", "2008-06-30": "16.53790", "2008-03-31": "13.86310", "2007-12-31": "11.56230", "2007-09-30": "", "2007-06-30": "4.30930", "2007-03-31": "4.24380", "2006-12-31": "3.47790", "2006-09-30": "", "2006-06-30": "5.36980", "2006-03-31": "5.11960", "2005-12-31": "4.62960", "2005-09-30": "", "2005-06-30": "5.40800", "2005-03-31": "4.72470"}, "Days Sales In Receivables": {"2020-09-30": "22.95690", "2020-06-30": "24.53440", "2020-03-31": "23.66350", "2019-12-31": "23.57400", "2019-09-30": "20.07860", "2019-06-30": "19.16840", "2019-03-31": "19.71630", "2018-12-31": "20.37130", "2018-09-30": "18.84270", "2018-06-30": "18.75410", "2018-03-31": "20.69100", "2017-12-31": "18.65500", "2017-09-30": "20.68520", "2017-06-30": "13.87450", "2017-03-31": "13.69910", "2016-12-31": "11.92820", "2016-09-30": "14.62050", "2016-06-30": "19.23120", "2016-03-31": "17.31560", "2015-12-31": "15.03010", "2015-09-30": "16.07120", "2015-06-30": "18.11820", "2015-03-31": "16.20810", "2014-12-31": "16.82050", "2014-09-30": "16.41400", "2014-06-30": "16.84270", "2014-03-31": "17.72580", "2013-12-31": "19.51560", "2013-09-30": "20.08080", "2013-06-30": "18.73830", "2013-03-31": "19.99580", "2012-12-31": "18.13280", "2012-09-30": "19.18660", "2012-06-30": "19.95650", "2012-03-31": "20.68590", "2011-12-31": "21.13030", "2011-09-30": "19.95210", "2011-06-30": "20.43410", "2011-03-31": "21.25190", "2010-12-31": "18.89300", "2010-09-30": "21.38780", "2010-06-30": "20.25230", "2010-03-31": "19.29390", "2009-12-31": "27.34570", "2009-09-30": "17.20950", "2009-06-30": "15.94800", "2009-03-31": "17.71400", "2008-12-31": "18.09850", "2008-09-30": "", "2008-06-30": "5.44210", "2008-03-31": "6.49210", "2007-12-31": "7.78390", "2007-09-30": "", "2007-06-30": "20.88490", "2007-03-31": "21.20720", "2006-12-31": "25.87790", "2006-09-30": "", "2006-06-30": "16.76030", "2006-03-31": "17.57940", "2005-12-31": "19.44030", "2005-09-30": "", "2005-06-30": "16.64190", "2005-03-31": "19.04870"}, "ROE - Return On Equity": {"2020-09-30": "1.38570", "2020-06-30": "-0.26950", "2020-03-31": "2.72360", "2019-12-31": "3.63690", "2019-09-30": "4.72490", "2019-06-30": "7.48180", "2019-03-31": "3.92280", "2018-12-31": "-0.40740", "2018-09-30": "1.42500", "2018-06-30": "5.17640", "2018-03-31": "5.86220", "2017-12-31": "7.21710", "2017-09-30": "13.93450", "2017-06-30": "20.26210", "2017-03-31": "10.28620", "2016-12-31": "5.13390", "2016-09-30": "11.12180", "2016-06-30": "18.69350", "2016-03-31": "8.60650", "2015-12-31": "6.34490", "2015-09-30": "11.03230", "2015-06-30": "20.83050", "2015-03-31": "22.46180", "2014-12-31": "7.60210", "2014-09-30": "12.59620", "2014-06-30": "10.73230", "2014-03-31": "6.19090", "2013-12-31": "9.62550", "2013-09-30": "11.89630", "2013-06-30": "16.01380", "2013-03-31": "5.56650", "2012-12-31": "2.45880", "2012-09-30": "4.81020", "2012-06-30": "8.09060", "2012-03-31": "4.96850", "2011-12-31": "-15.23250", "2011-09-30": "-24.52100", "2011-06-30": "-15.45640", "2011-03-31": "-12.51110", "2010-12-31": "3.94770", "2010-09-30": "5.64750", "2010-06-30": "3.51090", "2010-03-31": "-4.77200", "2009-12-31": "17.59520", "2009-09-30": "52.38000", "2009-06-30": "45.37500", "2009-03-31": "-90.98970", "2008-12-31": "-186.41820", "2008-09-30": "", "2008-06-30": "-4.21470", "2008-03-31": "-10.88070", "2007-12-31": "-2.91380", "2007-09-30": "", "2007-06-30": "5.59960", "2007-03-31": "-3.65510", "2006-12-31": "", "2006-09-30": "", "2006-06-30": "-1.82000", "2006-03-31": "-2.78500", "2005-12-31": "", "2005-09-30": "", "2005-06-30": "7.68510", "2005-03-31": "5.49540"}, "Return On Tangible Equity": {"2020-09-30": "3.70420", "2020-06-30": "-0.72200", "2020-03-31": "6.93180", "2019-12-31": "9.54560", "2019-09-30": "12.63140", "2019-06-30": "22.07480", "2019-03-31": "13.92820", "2018-12-31": "-1.62680", "2018-09-30": "5.72310", "2018-06-30": "22.24270", "2018-03-31": "32.03000", "2017-12-31": "56.60190", "2017-09-30": "253.62860", "2017-06-30": "27.83740", "2017-03-31": "15.87190", "2016-12-31": "14.72520", "2016-09-30": "13.58350", "2016-06-30": "23.52380", "2016-03-31": "10.12840", "2015-12-31": "7.56860", "2015-09-30": "13.23230", "2015-06-30": "21.26900", "2015-03-31": "23.10610", "2014-12-31": "7.69590", "2014-09-30": "12.77370", "2014-06-30": "10.91470", "2014-03-31": "6.31470", "2013-12-31": "9.83990", "2013-09-30": "12.20240", "2013-06-30": "16.50410", "2013-03-31": "5.78520", "2012-12-31": "2.56680", "2012-09-30": "5.03460", "2012-06-30": "8.50060", "2012-03-31": "5.24950", "2011-12-31": "-16.53810", "2011-09-30": "-26.32590", "2011-06-30": "-16.38590", "2011-03-31": "-13.16400", "2010-12-31": "4.13540", "2010-09-30": "5.93610", "2010-06-30": "3.70570", "2010-03-31": "-5.05500", "2009-12-31": "24.55220", "2009-09-30": "82.34790", "2009-06-30": "92.45530", "2009-03-31": "-2148.44200", "2008-12-31": "-393.95210", "2008-09-30": "", "2008-06-30": "-7.46770", "2008-03-31": "-21.23440", "2007-12-31": "-5.19390", "2007-09-30": "", "2007-06-30": "10.19000", "2007-03-31": "-7.05870", "2006-12-31": "", "2006-09-30": "", "2006-06-30": "-1.82000", "2006-03-31": "-2.78500", "2005-12-31": "", "2005-09-30": "", "2005-06-30": "7.68510", "2005-03-31": "5.49540"}, "ROA - Return On Assets": {"2020-09-30": "0.45100", "2020-06-30": "-0.08940", "2020-03-31": "0.93010", "2019-12-31": "1.29870", "2019-09-30": "1.66730", "2019-06-30": "2.60540", "2019-03-31": "1.32000", "2018-12-31": "-0.13870", "2018-09-30": "0.49300", "2018-06-30": "1.68730", "2018-03-31": "1.86360", "2017-12-31": "2.14330", "2017-09-30": "3.93040", "2017-06-30": "6.35700", "2017-03-31": "2.88620", "2016-12-31": "2.13260", "2016-09-30": "3.39620", "2016-06-30": "5.08790", "2016-03-31": "3.48450", "2015-12-31": "2.41260", "2015-09-30": "4.10240", "2015-06-30": "7.67730", "2015-03-31": "6.82490", "2014-12-31": "5.40160", "2014-09-30": "7.29660", "2014-06-30": "5.97680", "2014-03-31": "3.19780", "2013-12-31": "4.52870", "2013-09-30": "5.17860", "2013-06-30": "6.52520", "2013-03-31": "1.85820", "2012-12-31": "0.76700", "2012-09-30": "1.47040", "2012-06-30": "2.35260", "2012-03-31": "1.37570", "2011-12-31": "-2.95400", "2011-09-30": "-5.42720", "2011-06-30": "-4.04440", "2011-03-31": "-3.75620", "2010-12-31": "1.32280", "2010-09-30": "1.93910", "2010-06-30": "1.18160", "2010-03-31": "-1.57080", "2009-12-31": "1.05700", "2009-09-30": "2.68910", "2009-06-30": "1.75570", "2009-03-31": "-1.86910", "2008-12-31": "-7.13400", "2008-09-30": "", "2008-06-30": "-1.25660", "2008-03-31": "-2.86490", "2007-12-31": "-0.86440", "2007-09-30": "", "2007-06-30": "1.51110", "2007-03-31": "-0.94210", "2006-12-31": "", "2006-09-30": "", "2006-06-30": "-0.87660", "2006-03-31": "-1.33560", "2005-12-31": "", "2005-09-30": "", "2005-06-30": "3.55220", "2005-03-31": "2.48460"}, "ROI - Return On Investment": {"2020-09-30": "0.66820", "2020-06-30": "-0.12820", "2020-03-31": "1.32320", "2019-12-31": "1.91670", "2019-09-30": "2.38820", "2019-06-30": "3.73220", "2019-03-31": "1.89120", "2018-12-31": "-0.19070", "2018-09-30": "0.67430", "2018-06-30": "2.29240", "2018-03-31": "2.55870", "2017-12-31": "2.98190", "2017-09-30": "5.59580", "2017-06-30": "9.37860", "2017-03-31": "4.33030", "2016-12-31": "3.07560", "2016-09-30": "5.30610", "2016-06-30": "7.90230", "2016-03-31": "5.00560", "2015-12-31": "3.56250", "2015-09-30": "6.11190", "2015-06-30": "11.18440", "2015-03-31": "9.91470", "2014-12-31": "7.58840", "2014-09-30": "10.09920", "2014-06-30": "8.36560", "2014-03-31": "4.70230", "2013-12-31": "7.20290", "2013-09-30": "7.10740", "2013-06-30": "9.07080", "2013-03-31": "2.58150", "2012-12-31": "1.08610", "2012-09-30": "2.10100", "2012-06-30": "3.34180", "2012-03-31": "1.93490", "2011-12-31": "-4.21850", "2011-09-30": "-7.49260", "2011-06-30": "-5.50010", "2011-03-31": "-5.09030", "2010-12-31": "1.80440", "2010-09-30": "2.65670", "2010-06-30": "1.60640", "2010-03-31": "-2.16390", "2009-12-31": "1.65310", "2009-09-30": "41.52730", "2009-06-30": "33.38290", "2009-03-31": "-56.90410", "2008-12-31": "-139.38280", "2008-09-30": "", "2008-06-30": "-1.81330", "2008-03-31": "-4.20010", "2007-12-31": "-1.30460", "2007-09-30": "", "2007-06-30": "2.22120", "2007-03-31": "-1.36680", "2006-12-31": "", "2006-09-30": "", "2006-06-30": "-1.27170", "2006-03-31": "-1.95530", "2005-12-31": "", "2005-09-30": "", "2005-06-30": "5.23090", "2005-03-31": "3.63910"}, "Book Value Per Share": {"2020-09-30": "9.97810", "2020-06-30": "9.67100", "2020-03-31": "9.97890", "2019-12-31": "10.16160", "2019-09-30": "9.33640", "2019-06-30": "9.11830", "2019-03-31": "8.59780", "2018-12-31": "8.11190", "2018-09-30": "8.30410", "2018-06-30": "8.25130", "2018-03-31": "8.16840", "2017-12-31": "7.45990", "2017-09-30": "6.87530", "2017-06-30": "4.86470", "2017-03-31": "3.93710", "2016-12-31": "8.37650", "2016-09-30": "3.61100", "2016-06-30": "3.21670", "2016-03-31": "5.38700", "2015-12-31": "4.95170", "2015-09-30": "4.87040", "2015-06-30": "4.46680", "2015-03-31": "3.50050", "2014-12-31": "8.48090", "2014-09-30": "7.84000", "2014-06-30": "6.85060", "2014-03-31": "6.12280", "2013-12-31": "5.76230", "2013-09-30": "5.22560", "2013-06-30": "4.59960", "2013-03-31": "3.76090", "2012-12-31": "3.50970", "2012-09-30": "3.44680", "2012-06-30": "3.30110", "2012-03-31": "3.07800", "2011-12-31": "2.60610", "2011-09-30": "3.09840", "2011-06-30": "3.86270", "2011-03-31": "4.47220", "2010-12-31": "5.03350", "2010-09-30": "4.83590", "2010-06-30": "4.59750", "2010-03-31": "4.43630", "2009-12-31": "2.49940", "2009-09-30": "2.03680", "2009-06-30": "1.58380", "2009-03-31": "0.87810", "2008-12-31": "1.66140", "2008-09-30": "", "2008-06-30": "15.48890", "2008-03-31": "15.39700", "2007-12-31": "17.10180", "2007-09-30": "", "2007-06-30": "16.97870", "2007-03-31": "16.05940", "2006-12-31": "16.68260", "2006-09-30": "", "2006-06-30": "16.90100", "2006-03-31": "17.23890", "2005-12-31": "17.74640", "2005-09-30": "", "2005-06-30": "16.68710", "2005-03-31": "15.41730"}, "Operating Cash Flow Per Share": {"2020-09-30": 1.5104, "2020-06-30": 0.4853, "2020-03-31": "0.08440", "2019-12-31": 0.5249, "2019-09-30": 0.5285, "2019-06-30": 1.1335, "2019-03-31": "0.48230", "2018-12-31": 0.2666, "2018-09-30": 0.4861, "2018-06-30": 1.218, "2018-03-31": "0.00260", "2017-12-31": 0.7345, "2017-09-30": 1.1443, "2017-06-30": 1.0734, "2017-03-31": "0.26630", "2016-12-31": 0.9645, "2016-09-30": 1.0318, "2016-06-30": 0.4065, "2016-03-31": "0.72700", "2015-12-31": 0.6448, "2015-09-30": 1.037, "2015-06-30": 1.1237, "2015-03-31": "1.13910", "2014-12-31": 1.0191, "2014-09-30": 1.4885, "2014-06-30": 0.8491, "2014-03-31": "0.75430", "2013-12-31": 1.0884, "2013-09-30": 1.1007, "2013-06-30": 1.1201, "2013-03-31": "0.07970", "2012-12-31": 0.1953, "2012-09-30": 0.2922, "2012-06-30": 0.1789, "2012-03-31": "0.13140", "2011-12-31": 0.0022, "2011-09-30": 0.0475, "2011-06-30": -0.1679, "2011-03-31": "-0.45510", "2010-12-31": -0.0392, "2010-09-30": 0.1738, "2010-06-30": -0.0475, "2010-03-31": "-0.02220", "2009-12-31": -2.4457, "2009-09-30": 1.6761, "2009-06-30": 1.4092, "2009-03-31": "-0.69220", "2008-12-31": -1.5088, "2008-09-30": 5.0155, "2008-06-30": -1.3227, "2008-03-31": "-3.69280", "2007-12-31": -0.5289, "2007-09-30": -0.2195, "2007-06-30": 1.0042, "2007-03-31": "-0.78470", "2006-12-31": -0.0861, "2006-09-30": -0.1581, "2006-06-30": 0.1286, "2006-03-31": "0.02950", "2005-12-31": 0.8424, "2005-09-30": -5.4526, "2005-06-30": 2.856, "2005-03-31": "2.59660"}, "Free Cash Flow Per Share": {"2020-09-30": 1.1663, "2020-06-30": 0.2321, "2020-03-31": "-0.22220", "2019-12-31": 0.1691, "2019-09-30": 0.2578, "2019-06-30": 0.7792, "2019-03-31": "0.13210", "2018-12-31": -0.1739, "2018-09-30": 0.1847, "2018-06-30": 0.9036, "2018-03-31": "-0.30130", "2017-12-31": 0.4147, "2017-09-30": 0.9063, "2017-06-30": 0.772, "2017-03-31": "-0.22160", "2016-12-31": 0.4916, "2016-09-30": 0.5524, "2016-06-30": 0.2126, "2016-03-31": "0.58410", "2015-12-31": 0.4139, "2015-09-30": 0.9181, "2015-06-30": 0.9165, "2015-03-31": "1.01710", "2014-12-31": 0.8749, "2014-09-30": 1.3479, "2014-06-30": 0.6943, "2014-03-31": "0.57600", "2013-12-31": 1.0422, "2013-09-30": 0.9973, "2013-06-30": 1.0353, "2013-03-31": "-0.01340", "2012-12-31": 0.0809, "2012-09-30": 0.2601, "2012-06-30": 0.1427, "2012-03-31": "0.07060", "2011-12-31": 0.0353, "2011-09-30": -0.024, "2011-06-30": -0.34, "2011-03-31": "-0.71980", "2010-12-31": -0.3161, "2010-09-30": 0.0262, "2010-06-30": -0.2132, "2010-03-31": "-0.16370", "2009-12-31": -3.1429, "2009-09-30": 1.4586, "2009-06-30": 2.1192, "2009-03-31": "-0.84970", "2008-12-31": -1.8909, "2008-09-30": 6.133, "2008-06-30": -1.6665, "2008-03-31": "-4.46650", "2007-12-31": -1.1679, "2007-09-30": 1.7303, "2007-06-30": 0.399, "2007-03-31": "-2.12930", "2006-12-31": -0.6389, "2006-09-30": 1.3084, "2006-06-30": -0.2591, "2006-03-31": "-1.04930", "2005-12-31": 0.1943, "2005-09-30": -4.1624, "2005-06-30": 2.2942, "2005-03-31": "1.86820"}}, "revenue": {"Pilgrim's Pride Annual Revenue (Millions of US $)": {"2019": "$11,409", "2018": "$10,938", "2017": "$10,768", "2016": "$9,879", "2015": "$8,753", "2014": "$8,583", "2013": "$8,411", "2012": "$8,121", "2011": "$7,536", "2010": "$6,882", "2009": "$7,088", "2008": "$8,519", "2007": "$7,499", "2006": "$5,153", "2005": "$5,666"}, "Pilgrim's Pride Quarterly Revenue (Millions of US $)": {"2020-09-30": "$3,075", "2020-06-30": "$2,824", "2020-03-31": "$3,075", "2019-12-31": "$3,063", "2019-09-30": "$2,778", "2019-06-30": "$2,843", "2019-03-31": "$2,725", "2018-12-31": "$2,657", "2018-09-30": "$2,698", "2018-06-30": "$2,837", "2018-03-31": "$2,747", "2017-12-31": "$2,742", "2017-09-30": "$2,794", "2017-06-30": "$2,752", "2017-03-31": "$2,479", "2016-12-31": "$3,392", "2016-09-30": "$2,495", "2016-06-30": "$2,028", "2016-03-31": "$1,963", "2015-12-31": "$2,533", "2015-09-30": "$2,113", "2015-06-30": "$2,054", "2015-03-31": "$2,053", "2014-12-31": "$2,110", "2014-09-30": "$2,268", "2014-06-30": "$2,187", "2014-03-31": "$2,018", "2013-12-31": "$2,047", "2013-09-30": "$2,143", "2013-06-30": "$2,184", "2013-03-31": "$2,037", "2012-12-31": "$2,190", "2012-09-30": "$2,068", "2012-06-30": "$1,974", "2012-03-31": "$1,889", "2011-12-31": "$1,829", "2011-09-30": "$1,891", "2011-06-30": "$1,923", "2011-03-31": "$1,892", "2010-12-31": "$1,811", "2010-09-30": "$1,720", "2010-06-30": "$1,708", "2010-03-31": "$1,643", "2009-12-31": "$1,603", "2009-09-30": "$1,736", "2009-06-30": "$1,777", "2009-03-31": "$1,698", "2008-12-31": "$1,877", "2008-09-30": "", "2008-06-30": "$2,207", "2008-03-31": "$2,101", "2007-12-31": "$2,047", "2007-09-30": "", "2007-06-30": "$2,104", "2007-03-31": "$1,987", "2006-12-31": "$1,337", "2006-09-30": "", "2006-06-30": "$1,288", "2006-03-31": "$1,266", "2005-12-31": "$1,344", "2005-09-30": "", "2005-06-30": "$1,440", "2005-03-31": "$1,375"}}, "gross-profit": {"Pilgrim's Pride Annual Gross Profit (Millions of US $)": {"2019": "$1,070", "2018": "$843", "2017": "$1,472", "2016": "$1,104", "2015": "$1,299", "2014": "$1,394", "2013": "$845", "2012": "$436", "2011": "$-142", "2010": "$461", "2009": "$311", "2008": "$-247", "2007": "$593", "2006": "$297", "2005": "$745"}, "Pilgrim's Pride Quarterly Gross Profit (Millions of US $)": {"2020-09-30": "$314", "2020-06-30": "$120", "2020-03-31": "$177", "2019-12-31": "$201", "2019-09-30": "$282", "2019-06-30": "$368", "2019-03-31": "$219", "2018-12-31": "$112", "2018-09-30": "$170", "2018-06-30": "$274", "2018-03-31": "$288", "2017-12-31": "$262", "2017-09-30": "$479", "2017-06-30": "$475", "2017-03-31": "$257", "2016-12-31": "$327", "2016-09-30": "$253", "2016-06-30": "$286", "2016-03-31": "$238", "2015-12-31": "$205", "2015-09-30": "$285", "2015-06-30": "$432", "2015-03-31": "$377", "2014-12-31": "$379", "2014-09-30": "$450", "2014-06-30": "$349", "2014-03-31": "$215", "2013-12-31": "$208", "2013-09-30": "$237", "2013-06-30": "$283", "2013-03-31": "$118", "2012-12-31": "$76", "2012-09-30": "$106", "2012-06-30": "$144", "2012-03-31": "$110", "2011-12-31": "$20", "2011-09-30": "$-62", "2011-06-30": "$-46", "2011-03-31": "$-53", "2010-12-31": "$119", "2010-09-30": "$157", "2010-06-30": "$132", "2010-03-31": "$52", "2009-12-31": "$83", "2009-09-30": "$163", "2009-06-30": "$165", "2009-03-31": "$79", "2008-12-31": "$-83", "2008-09-30": "", "2008-06-30": "$53", "2008-03-31": "$-35", "2007-12-31": "$105", "2007-09-30": "", "2007-06-30": "$235", "2007-03-31": "$84", "2006-12-31": "$66", "2006-09-30": "", "2006-06-30": "$43", "2006-03-31": "$37", "2005-12-31": "$118", "2005-09-30": "", "2005-06-30": "$219", "2005-03-31": "$164"}}, "operating-income": {"Pilgrim's Pride Annual Operating Income (Millions of US $)": {"2019": "$691", "2018": "$496", "2017": "$1,072", "2016": "$792", "2015": "$1,061", "2014": "$1,203", "2013": "$659", "2012": "$250", "2011": "$-374", "2010": "$185", "2009": "$67", "2008": "$-1,058", "2007": "$237", "2006": "$11", "2005": "$436"}, "Pilgrim's Pride Quarterly Operating Income (Millions of US $)": {"2020-09-30": "$94", "2020-06-30": "$27", "2020-03-31": "$84", "2019-12-31": "$86", "2019-09-30": "$188", "2019-06-30": "$280", "2019-03-31": "$137", "2018-12-31": "$24", "2018-09-30": "$85", "2018-06-30": "$185", "2018-03-31": "$202", "2017-12-31": "$155", "2017-09-30": "$372", "2017-06-30": "$378", "2017-03-31": "$167", "2016-12-31": "$190", "2016-09-30": "$177", "2016-06-30": "$237", "2016-03-31": "$189", "2015-12-31": "$124", "2015-09-30": "$231", "2015-06-30": "$378", "2015-03-31": "$328", "2014-12-31": "$329", "2014-09-30": "$406", "2014-06-30": "$300", "2014-03-31": "$168", "2013-12-31": "$158", "2013-09-30": "$189", "2013-06-30": "$238", "2013-03-31": "$74", "2012-12-31": "$27", "2012-09-30": "$62", "2012-06-30": "$99", "2012-03-31": "$62", "2011-12-31": "$-43", "2011-09-30": "$-125", "2011-06-30": "$-99", "2011-03-31": "$-107", "2010-12-31": "$53", "2010-09-30": "$113", "2010-06-30": "$52", "2010-03-31": "$-32", "2009-12-31": "$8", "2009-09-30": "$117", "2009-06-30": "$109", "2009-03-31": "$20", "2008-12-31": "$1,877", "2008-09-30": "", "2008-06-30": "$-43", "2008-03-31": "$-144", "2007-12-31": "$2,047", "2007-09-30": "", "2007-06-30": "$137", "2007-03-31": "$-11", "2006-12-31": "$1,337", "2006-09-30": "", "2006-06-30": "$-27", "2006-03-31": "$-38", "2005-12-31": "$1,344", "2005-09-30": "", "2005-06-30": "$136", "2005-03-31": "$89"}}, "ebitda": {"Pilgrim's Pride Annual EBITDA (Millions of US $)": {"2019": "$982", "2018": "$775", "2017": "$1,350", "2016": "$1,024", "2015": "$1,235", "2014": "$1,361", "2013": "$809", "2012": "$398", "2011": "$-164", "2010": "$416", "2009": "$303", "2008": "$-316", "2007": "$442", "2006": "$146", "2005": "$571"}, "Pilgrim's Pride Quarterly EBITDA (Millions of US $)": {"2020-09-30": "$180", "2020-06-30": "$113", "2020-03-31": "$165", "2019-12-31": "$163", "2019-09-30": "$261", "2019-06-30": "$352", "2019-03-31": "$206", "2018-12-31": "$91", "2018-09-30": "$157", "2018-06-30": "$255", "2018-03-31": "$271", "2017-12-31": "$228", "2017-09-30": "$444", "2017-06-30": "$448", "2017-03-31": "$229", "2016-12-31": "$247", "2016-09-30": "$262", "2016-06-30": "$283", "2016-03-31": "$231", "2015-12-31": "$181", "2015-09-30": "$273", "2015-06-30": "$417", "2015-03-31": "$364", "2014-12-31": "$374", "2014-09-30": "$442", "2014-06-30": "$339", "2014-03-31": "$206", "2013-12-31": "$194", "2013-09-30": "$227", "2013-06-30": "$276", "2013-03-31": "$112", "2012-12-31": "$66", "2012-09-30": "$98", "2012-06-30": "$136", "2012-03-31": "$98", "2011-12-31": "$10", "2011-09-30": "$-71", "2011-06-30": "$-46", "2011-03-31": "$-56", "2010-12-31": "$108", "2010-09-30": "$171", "2010-06-30": "$112", "2010-03-31": "$25", "2009-12-31": "$-112", "2009-09-30": "$175", "2009-06-30": "$166", "2009-03-31": "$81", "2008-12-31": "$1,877", "2008-09-30": "", "2008-06-30": "$18", "2008-03-31": "$-27", "2007-12-31": "$2,047", "2007-09-30": "", "2007-06-30": "$195", "2007-03-31": "$77", "2006-12-31": "$1,337", "2006-09-30": "", "2006-06-30": "$8", "2006-03-31": "$27", "2005-12-31": "$1,344", "2005-09-30": "", "2005-06-30": "$166", "2005-03-31": "$153"}}, "net-income": {"Pilgrim's Pride Annual Net Income (Millions of US $)": {"2019": "$456", "2018": "$248", "2017": "$695", "2016": "$441", "2015": "$646", "2014": "$712", "2013": "$550", "2012": "$174", "2011": "$-497", "2010": "$87", "2009": "$-152", "2008": "$-999", "2007": "$47", "2006": "$-34", "2005": "$265"}, "Pilgrim's Pride Quarterly Net Income (Millions of US $)": {"2020-09-30": "$33", "2020-06-30": "$-6", "2020-03-31": "$67", "2019-12-31": "$92", "2019-09-30": "$110", "2019-06-30": "$170", "2019-03-31": "$84", "2018-12-31": "$-7", "2018-09-30": "$29", "2018-06-30": "$107", "2018-03-31": "$119", "2017-12-31": "$134", "2017-09-30": "$233", "2017-06-30": "$234", "2017-03-31": "$94", "2016-12-31": "$71", "2016-09-30": "$99", "2016-06-30": "$153", "2016-03-31": "$118", "2015-12-31": "$63", "2015-09-30": "$137", "2015-06-30": "$241", "2015-03-31": "$204", "2014-12-31": "$167", "2014-09-30": "$256", "2014-06-30": "$190", "2014-03-31": "$98", "2013-12-31": "$143", "2013-09-30": "$161", "2013-06-30": "$191", "2013-03-31": "$55", "2012-12-31": "$23", "2012-09-30": "$43", "2012-06-30": "$69", "2012-03-31": "$39", "2011-12-31": "$-85", "2011-09-30": "$-163", "2011-06-30": "$-128", "2011-03-31": "$-121", "2010-12-31": "$42", "2010-09-30": "$58", "2010-06-30": "$33", "2010-03-31": "$-46", "2009-12-31": "$34", "2009-09-30": "$83", "2009-06-30": "$53", "2009-03-31": "$-59", "2008-12-31": "$-229", "2008-09-30": "", "2008-06-30": "$-53", "2008-03-31": "$-111", "2007-12-31": "$-32", "2007-09-30": "", "2007-06-30": "$63", "2007-03-31": "$-40", "2006-12-31": "$-9", "2006-09-30": "", "2006-06-30": "$-20", "2006-03-31": "$-32", "2005-12-31": "$26", "2005-09-30": "", "2005-06-30": "$85", "2005-03-31": "$56"}}, "eps-earnings-per-share-diluted": {"Pilgrim's Pride Annual EPS": {"2019": "$1.83", "2018": "$1.00", "2017": "$2.79", "2016": "$1.73", "2015": "$2.50", "2014": "$2.74", "2013": "$2.12", "2012": "$0.70", "2011": "$-2.21", "2010": "$0.39", "2009": "$-2.05", "2008": "$-14.40", "2007": "$0.71", "2006": "$-0.51", "2005": "$3.98"}, "Pilgrim's Pride Quarterly EPS": {"2020-09-30": "$0.14", "2020-06-30": "$-0.02", "2020-03-31": "$0.27", "2019-12-31": "$0.37", "2019-09-30": "$0.44", "2019-06-30": "$0.68", "2019-03-31": "$0.34", "2018-12-31": "$-0.03", "2018-09-30": "$0.12", "2018-06-30": "$0.43", "2018-03-31": "$0.48", "2017-12-31": "$0.54", "2017-09-30": "$0.93", "2017-06-30": "$0.94", "2017-03-31": "$0.38", "2016-12-31": "$0.28", "2016-09-30": "$0.39", "2016-06-30": "$0.60", "2016-03-31": "$0.46", "2015-12-31": "$0.25", "2015-09-30": "$0.53", "2015-06-30": "$0.93", "2015-03-31": "$0.79", "2014-12-31": "$0.64", "2014-09-30": "$0.99", "2014-06-30": "$0.73", "2014-03-31": "$0.38", "2013-12-31": "$0.55", "2013-09-30": "$0.62", "2013-06-30": "$0.74", "2013-03-31": "$0.21", "2012-12-31": "$0.08", "2012-09-30": "$0.17", "2012-06-30": "$0.27", "2012-03-31": "$0.18", "2011-12-31": "$-0.38", "2011-09-30": "$-0.72", "2011-06-30": "$-0.57", "2011-03-31": "$-0.54", "2010-12-31": "$0.18", "2010-09-30": "$0.27", "2010-06-30": "$0.15", "2010-03-31": "$-0.21", "2009-12-31": "$0.44", "2009-09-30": "$1.07", "2009-06-30": "$0.72", "2009-03-31": "$-0.79", "2008-12-31": "$-3.09", "2008-09-30": "$0.00", "2008-06-30": "$-0.75", "2008-03-31": "$-1.67", "2007-12-31": "$-0.49", "2007-09-30": "$0.00", "2007-06-30": "$0.94", "2007-03-31": "$-0.60", "2006-12-31": "$-0.13", "2006-09-30": "$0.00", "2006-06-30": "$-0.31", "2006-03-31": "$-0.48", "2005-12-31": "$0.39", "2005-09-30": "$0.00", "2005-06-30": "$1.28", "2005-03-31": "$0.85"}}, "shares-outstanding": {"Pilgrim's Pride Annual Shares Outstanding (Millions of Shares)": {"2019": "250", "2018": "249", "2017": "249", "2016": "254", "2015": "259", "2014": "259", "2013": "259", "2012": "250", "2011": "225", "2010": "225", "2009": "76", "2008": "76", "2007": "67", "2006": "67", "2005": "67"}, "Pilgrim's Pride Quarterly Shares Outstanding (Millions of Shares)": {"2020-09-30": "244", "2020-06-30": "247", "2020-03-31": "250", "2019-12-31": "250", "2019-09-30": "250", "2019-06-30": "250", "2019-03-31": "250", "2018-12-31": "249", "2018-09-30": "249", "2018-06-30": "249", "2018-03-31": "249", "2017-12-31": "249", "2017-09-30": "249", "2017-06-30": "249", "2017-03-31": "249", "2016-12-31": "254", "2016-09-30": "255", "2016-06-30": "255", "2016-03-31": "255", "2015-12-31": "259", "2015-09-30": "260", "2015-06-30": "260", "2015-03-31": "260", "2014-12-31": "259", "2014-09-30": "260", "2014-06-30": "260", "2014-03-31": "259", "2013-12-31": "259", "2013-09-30": "259", "2013-06-30": "259", "2013-03-31": "259", "2012-12-31": "250", "2012-09-30": "259", "2012-06-30": "259", "2012-03-31": "224", "2011-12-31": "225", "2011-09-30": "225", "2011-06-30": "225", "2011-03-31": "225", "2010-12-31": "225", "2010-09-30": "214", "2010-06-30": "214", "2010-03-31": "214", "2009-12-31": "77", "2009-09-30": "77", "2009-06-30": "74", "2009-03-31": "74", "2008-12-31": "74", "2008-09-30": "", "2008-06-30": "70", "2008-03-31": "67", "2007-12-31": "67", "2007-09-30": "", "2007-06-30": "67", "2007-03-31": "67", "2006-12-31": "67", "2006-09-30": "", "2006-06-30": "67", "2006-03-31": "67", "2005-12-31": "67", "2005-09-30": "", "2005-06-30": "67", "2005-03-31": "67"}}, "total-assets": {"Pilgrim's Pride Annual Total Assets (Millions of US $)": {"2019": "$7,102", "2018": "$5,931", "2017": "$6,249", "2016": "$5,022", "2015": "$3,318", "2014": "$3,092", "2013": "$3,172", "2012": "$2,914", "2011": "$2,880", "2010": "$3,219", "2009": "$3,061", "2008": "$3,299", "2007": "$3,774", "2006": "$2,427", "2005": "$2,512"}, "Pilgrim's Pride Quarterly Total Assets (Millions of US $)": {"2020-09-30": "$7,469", "2020-06-30": "$7,157", "2020-03-31": "$7,252", "2019-12-31": "$7,102", "2019-09-30": "$6,603", "2019-06-30": "$6,528", "2019-03-31": "$6,373", "2018-12-31": "$5,931", "2018-09-30": "$5,976", "2018-06-30": "$6,303", "2018-03-31": "$6,398", "2017-12-31": "$6,249", "2017-09-30": "$6,063", "2017-06-30": "$3,857", "2017-03-31": "$3,490", "2016-12-31": "$5,022", "2016-09-30": "$3,002", "2016-06-30": "$3,008", "2016-03-31": "$3,387", "2015-12-31": "$3,318", "2015-09-30": "$3,342", "2015-06-30": "$3,147", "2015-03-31": "$2,992", "2014-12-31": "$3,092", "2014-09-30": "$3,506", "2014-06-30": "$3,186", "2014-03-31": "$3,070", "2013-12-31": "$3,172", "2013-09-30": "$3,109", "2013-06-30": "$2,924", "2013-03-31": "$2,918", "2012-12-31": "$2,914", "2012-09-30": "$2,920", "2012-06-30": "$2,939", "2012-03-31": "$2,878", "2011-12-31": "$2,880", "2011-09-30": "$3,000", "2011-06-30": "$3,163", "2011-03-31": "$3,192", "2010-12-31": "$3,219", "2010-09-30": "$3,018", "2010-06-30": "$2,927", "2010-03-31": "$2,888", "2009-12-31": "$3,209", "2009-09-30": "$3,061", "2009-06-30": "$3,031", "2009-03-31": "$3,165", "2008-12-31": "$3,215", "2008-09-30": "$3,299", "2008-06-30": "$3,847", "2008-03-31": "$3,892", "2007-12-31": "$3,837", "2007-09-30": "$3,774", "2007-06-30": "$4,188", "2007-03-31": "$4,147", "2006-12-31": "$4,077", "2006-09-30": "$2,427", "2006-06-30": "$2,336", "2006-03-31": "$2,392", "2005-12-31": "$2,563", "2005-09-30": "$2,512", "2005-06-30": "$2,403", "2005-03-31": "$2,270"}}, "cash-on-hand": {"Pilgrim's Pride Annual Cash on Hand (Millions of US $)": {"2019": "$281", "2018": "$362", "2017": "$590", "2016": "$298", "2015": "$440", "2014": "$576", "2013": "$605", "2012": "$68", "2011": "$49", "2010": "$169", "2009": "$225", "2008": "$72", "2007": "$74", "2006": "$178", "2005": "$133"}, "Pilgrim's Pride Quarterly Cash on Hand (Millions of US $)": {"2020-09-30": "$785", "2020-06-30": "$534", "2020-03-31": "$536", "2019-12-31": "$281", "2019-09-30": "$625", "2019-06-30": "$572", "2019-03-31": "$399", "2018-12-31": "$362", "2018-09-30": "$416", "2018-06-30": "$674", "2018-03-31": "$591", "2017-12-31": "$590", "2017-09-30": "$407", "2017-06-30": "$324", "2017-03-31": "$35", "2016-12-31": "$298", "2016-09-30": "$86", "2016-06-30": "$41", "2016-03-31": "$575", "2015-12-31": "$440", "2015-09-30": "$397", "2015-06-30": "$574", "2015-03-31": "$478", "2014-12-31": "$576", "2014-09-30": "$869", "2014-06-30": "$527", "2014-03-31": "$552", "2013-12-31": "$605", "2013-09-30": "$330", "2013-06-30": "$78", "2013-03-31": "$44", "2012-12-31": "$68", "2012-09-30": "$60", "2012-06-30": "$54", "2012-03-31": "$52", "2011-12-31": "$49", "2011-09-30": "$104", "2011-06-30": "$97", "2011-03-31": "$126", "2010-12-31": "$169", "2010-09-30": "$55", "2010-06-30": "$46", "2010-03-31": "$56", "2009-12-31": "$244", "2009-09-30": "$225", "2009-06-30": "$114", "2009-03-31": "$60", "2008-12-31": "$47", "2008-09-30": "$72", "2008-06-30": "$65", "2008-03-31": "$107", "2007-12-31": "$103", "2007-09-30": "$74", "2007-06-30": "$71", "2007-03-31": "$93", "2006-12-31": "$169", "2006-09-30": "$178", "2006-06-30": "$98", "2006-03-31": "$68", "2005-12-31": "$170", "2005-09-30": "$133", "2005-06-30": "$298", "2005-03-31": "$148"}}, "long-term-debt": {"Pilgrim's Pride Annual Long Term Debt (Millions of US $)": {"2019": "$2,276", "2018": "$2,295", "2017": "$2,636", "2016": "$1,396", "2015": "$986", "2014": "$4", "2013": "$502", "2012": "$1,149", "2011": "$1,458", "2010": "$1,281", "2009": "$41", "2008": "$68", "2007": "$1,319", "2006": "$555", "2005": "$519"}, "Pilgrim's Pride Quarterly Long Term Debt (Millions of US $)": {"2020-09-30": "$2,611", "2020-06-30": "$2,616", "2020-03-31": "$2,621", "2019-12-31": "$2,276", "2019-09-30": "$2,280", "2019-06-30": "$2,284", "2019-03-31": "$2,304", "2018-12-31": "$2,295", "2018-09-30": "$2,302", "2018-06-30": "$2,584", "2018-03-31": "$2,626", "2017-12-31": "$2,636", "2017-09-30": "$2,549", "2017-06-30": "$1,404", "2017-03-31": "$1,347", "2016-12-31": "$1,396", "2016-09-30": "$1,005", "2016-06-30": "$1,118", "2016-03-31": "$986", "2015-12-31": "$986", "2015-09-30": "$1,000", "2015-06-30": "$1,000", "2015-03-31": "$1,150", "2014-12-31": "$4", "2014-09-30": "$502", "2014-06-30": "$502", "2014-03-31": "$502", "2013-12-31": "$502", "2013-09-30": "$912", "2013-06-30": "$912", "2013-03-31": "$1,126", "2012-12-31": "$1,149", "2012-09-30": "$1,151", "2012-06-30": "$1,215", "2012-03-31": "$1,250", "2011-12-31": "$1,458", "2011-09-30": "$1,509", "2011-06-30": "$1,498", "2011-03-31": "$1,397", "2010-12-31": "$1,281", "2010-09-30": "$1,167", "2010-06-30": "$1,168", "2010-03-31": "$1,146", "2009-12-31": "$1,859", "2009-09-30": "$41", "2009-06-30": "$42", "2009-03-31": "$39", "2008-12-31": "$42", "2008-09-30": "$68", "2008-06-30": "$1,519", "2008-03-31": "$1,630", "2007-12-31": "$1,404", "2007-09-30": "$1,319", "2007-06-30": "$1,719", "2007-03-31": "$1,790", "2006-12-31": "$713", "2006-09-30": "$555", "2006-06-30": "$485", "2006-03-31": "$487", "2005-12-31": "$509", "2005-09-30": "$519", "2005-06-30": "$521", "2005-03-31": "$523"}}, "total-liabilities": {"Pilgrim's Pride Annual Total Liabilities (Millions of US $)": {"2019": "$4,566", "2018": "$3,912", "2017": "$4,393", "2016": "$2,936", "2015": "$2,057", "2014": "$895", "2013": "$1,680", "2012": "$2,005", "2011": "$2,321", "2010": "$2,140", "2009": "$2,903", "2008": "$2,947", "2007": "$2,602", "2006": "$1,310", "2005": "$1,288"}, "Pilgrim's Pride Quarterly Total Liabilities (Millions of US $)": {"2020-09-30": "$5,038", "2020-06-30": "$4,782", "2020-03-31": "$4,775", "2019-12-31": "$4,566", "2019-09-30": "$4,273", "2019-06-30": "$4,255", "2019-03-31": "$4,228", "2018-12-31": "$3,912", "2018-09-30": "$3,909", "2018-06-30": "$4,248", "2018-03-31": "$4,364", "2017-12-31": "$4,393", "2017-09-30": "$4,353", "2017-06-30": "$2,647", "2017-03-31": "$2,511", "2016-12-31": "$2,936", "2016-09-30": "$2,085", "2016-06-30": "$2,189", "2016-03-31": "$2,016", "2015-12-31": "$2,057", "2015-09-30": "$2,099", "2015-06-30": "$1,987", "2015-03-31": "$2,083", "2014-12-31": "$895", "2014-09-30": "$1,475", "2014-06-30": "$1,412", "2014-03-31": "$1,484", "2013-12-31": "$1,680", "2013-09-30": "$1,756", "2013-06-30": "$1,732", "2013-03-31": "$1,944", "2012-12-31": "$2,005", "2012-09-30": "$2,028", "2012-06-30": "$2,085", "2012-03-31": "$2,081", "2011-12-31": "$2,321", "2011-09-30": "$2,336", "2011-06-30": "$2,336", "2011-03-31": "$2,234", "2010-12-31": "$2,140", "2010-09-30": "$1,982", "2010-06-30": "$1,942", "2010-03-31": "$1,937", "2009-12-31": "$3,017", "2009-09-30": "$2,903", "2009-06-30": "$2,914", "2009-03-31": "$3,100", "2008-12-31": "$3,092", "2008-09-30": "$2,947", "2008-06-30": "$2,700", "2008-03-31": "$2,867", "2007-12-31": "$2,698", "2007-09-30": "$2,602", "2007-06-30": "$3,058", "2007-03-31": "$3,078", "2006-12-31": "$2,967", "2006-09-30": "$1,310", "2006-06-30": "$1,211", "2006-03-31": "$1,245", "2005-12-31": "$1,382", "2005-09-30": "$1,288", "2005-06-30": "$1,292", "2005-03-31": "$1,243"}}, "total-share-holder-equity": {"Pilgrim's Pride Annual Share Holder Equity (Millions of US $)": {"2019": "$2,536", "2018": "$2,020", "2017": "$1,856", "2016": "$2,086", "2015": "$1,262", "2014": "$2,197", "2013": "$1,493", "2012": "$909", "2011": "$558", "2010": "$1,079", "2009": "$157", "2008": "$352", "2007": "$1,172", "2006": "$1,117", "2005": "$1,224"}, "Pilgrim's Pride Quarterly Share Holder Equity (Millions of US $)": {"2020-09-30": "$2,431", "2020-06-30": "$2,374", "2020-03-31": "$2,476", "2019-12-31": "$2,536", "2019-09-30": "$2,330", "2019-06-30": "$2,273", "2019-03-31": "$2,145", "2018-12-31": "$2,020", "2018-09-30": "$2,068", "2018-06-30": "$2,054", "2018-03-31": "$2,034", "2017-12-31": "$1,856", "2017-09-30": "$1,710", "2017-06-30": "$1,210", "2017-03-31": "$979", "2016-12-31": "$2,086", "2016-09-30": "$917", "2016-06-30": "$819", "2016-03-31": "$1,371", "2015-12-31": "$1,262", "2015-09-30": "$1,243", "2015-06-30": "$1,160", "2015-03-31": "$909", "2014-12-31": "$2,197", "2014-09-30": "$2,031", "2014-06-30": "$1,774", "2014-03-31": "$1,586", "2013-12-31": "$1,493", "2013-09-30": "$1,354", "2013-06-30": "$1,191", "2013-03-31": "$974", "2012-12-31": "$909", "2012-09-30": "$893", "2012-06-30": "$855", "2012-03-31": "$797", "2011-12-31": "$558", "2011-09-30": "$664", "2011-06-30": "$828", "2011-03-31": "$958", "2010-12-31": "$1,079", "2010-09-30": "$1,036", "2010-06-30": "$985", "2010-03-31": "$951", "2009-12-31": "$193", "2009-09-30": "$157", "2009-06-30": "$117", "2009-03-31": "$65", "2008-12-31": "$123", "2008-09-30": "$352", "2008-06-30": "$1,147", "2008-03-31": "$1,025", "2007-12-31": "$1,138", "2007-09-30": "$1,172", "2007-06-30": "$1,130", "2007-03-31": "$1,069", "2006-12-31": "$1,110", "2006-09-30": "$1,117", "2006-06-30": "$1,125", "2006-03-31": "$1,147", "2005-12-31": "$1,181", "2005-09-30": "$1,224", "2005-06-30": "$1,111", "2005-03-31": "$1,026"}}, "profit-margins": {"current": "1.55%"}, "gross margin": {"2020-09-30": "6.75%", "2020-06-30": "6.64%", "2020-03-31": "8.74%", "2019-12-31": "9.38%", "2019-09-30": "8.92%", "2019-06-30": "7.96%", "2019-03-31": "7.10%", "2018-12-31": "7.72%", "2018-09-30": "9.02%", "2018-06-30": "11.72%", "2018-03-31": "13.63%", "2017-12-31": "13.68%", "2017-09-30": "13.47%", "2017-06-30": "11.80%", "2017-03-31": "10.80%", "2016-12-31": "11.18%", "2016-09-30": "10.89%", "2016-06-30": "11.74%", "2016-03-31": "13.39%", "2015-12-31": "14.84%", "2015-09-30": "17.68%", "2015-06-30": "19.30%", "2015-03-31": "18.04%", "2014-12-31": "16.23%", "2014-09-30": "14.34%", "2014-06-30": "12.02%", "2014-03-31": "11.24%", "2013-12-31": "10.06%", "2013-09-30": "8.35%", "2013-06-30": "6.88%", "2013-03-31": "5.37%", "2012-12-31": "5.37%", "2012-09-30": "4.90%", "2012-06-30": "2.80%", "2012-03-31": "0.29%", "2011-12-31": "-1.87%", "2011-09-30": "-0.56%", "2011-06-30": "2.41%", "2011-03-31": "4.98%", "2010-12-31": "6.68%", "2010-09-30": "6.35%", "2010-06-30": "6.43%", "2010-03-31": "6.85%", "2009-12-31": "7.19%", "2009-09-30": "4.57%", "2009-03-31": "0.85%", "2008-12-31": "-1.05%", "2008-03-31": "4.88%", "2007-12-31": "6.91%", "2007-03-31": "4.18%", "2006-12-31": "3.75%", "2006-03-31": "9.23%", "2005-12-31": "12.05%"}, "operating margin": {"2020-09-30": "2.42%", "2020-06-30": "3.28%", "2020-03-31": "5.43%", "2019-12-31": "6.06%", "2019-09-30": "5.72%", "2019-06-30": "4.82%", "2019-03-31": "3.95%", "2018-12-31": "4.53%", "2018-09-30": "5.69%", "2018-06-30": "8.22%", "2018-03-31": "10.03%", "2017-12-31": "9.96%", "2017-09-30": "9.70%", "2017-06-30": "8.20%", "2017-03-31": "7.42%", "2016-12-31": "8.03%", "2016-09-30": "8.06%", "2016-06-30": "9.04%", "2016-03-31": "10.64%", "2015-12-31": "12.12%", "2015-09-30": "15.20%", "2015-06-30": "16.98%", "2015-03-31": "15.82%", "2014-12-31": "14.02%", "2014-09-30": "12.11%", "2014-06-30": "9.71%", "2014-03-31": "8.97%", "2013-12-31": "7.83%", "2013-09-30": "6.17%", "2013-06-30": "4.73%", "2013-03-31": "3.17%", "2012-12-31": "3.08%", "2012-09-30": "2.32%", "2012-06-30": "-0.09%", "2012-03-31": "-2.72%", "2011-12-31": "-4.96%", "2011-09-30": "-3.70%", "2011-06-30": "-0.54%", "2011-03-31": "1.56%", "2010-12-31": "2.70%", "2010-09-30": "2.11%", "2010-06-30": "2.17%", "2010-03-31": "2.99%", "2009-12-31": "3.73%", "2009-09-30": "29.95%", "2009-03-31": "32.07%", "2008-12-31": "27.32%", "2008-03-31": "32.63%", "2007-12-31": "35.40%", "2007-03-31": "28.17%", "2006-12-31": "32.69%", "2006-03-31": "35.60%", "2005-12-31": "37.73%"}, "ebitda margin": {"2020-09-30": "5.16%", "2020-06-30": "5.98%", "2020-03-31": "8.00%", "2019-12-31": "8.61%", "2019-09-30": "8.27%", "2019-06-30": "7.38%", "2019-03-31": "6.49%", "2018-12-31": "7.08%", "2018-09-30": "8.26%", "2018-06-30": "10.77%", "2018-03-31": "12.61%", "2017-12-31": "12.53%", "2017-09-30": "11.98%", "2017-06-30": "10.67%", "2017-03-31": "9.82%", "2016-12-31": "10.36%", "2016-09-30": "10.61%", "2016-06-30": "11.21%", "2016-03-31": "12.72%", "2015-12-31": "14.11%", "2015-09-30": "17.14%", "2015-06-30": "18.82%", "2015-03-31": "17.63%", "2014-12-31": "15.86%", "2014-09-30": "13.86%", "2014-06-30": "11.51%", "2014-03-31": "10.76%", "2013-12-31": "9.62%", "2013-09-30": "7.96%", "2013-06-30": "6.51%", "2013-03-31": "4.98%", "2012-12-31": "4.90%", "2012-09-30": "4.41%", "2012-06-30": "2.28%", "2012-03-31": "-0.12%", "2011-12-31": "-2.16%", "2011-09-30": "-0.86%", "2011-06-30": "2.41%", "2011-03-31": "4.70%", "2010-12-31": "6.04%", "2010-09-30": "2.94%", "2010-06-30": "2.99%", "2010-03-31": "3.76%", "2009-12-31": "4.55%", "2009-09-30": "32.44%", "2009-03-31": "34.18%", "2008-12-31": "30.20%", "2008-03-31": "35.43%", "2007-12-31": "37.78%", "2007-03-31": "30.83%", "2006-12-31": "35.26%", "2006-03-31": "37.95%", "2005-12-31": "39.99%"}, "pre tax profit margin": {"2020-09-30": "2.19%", "2020-06-30": "3.10%", "2020-03-31": "5.26%", "2019-12-31": "5.42%", "2019-09-30": "4.34%", "2019-06-30": "3.50%", "2019-03-31": "2.57%", "2018-12-31": "3.04%", "2018-09-30": "4.36%", "2018-06-30": "6.95%", "2018-03-31": "8.95%", "2017-12-31": "9.12%", "2017-09-30": "8.92%", "2017-06-30": "7.39%", "2017-03-31": "6.67%", "2016-12-31": "7.33%", "2016-09-30": "7.46%", "2016-06-30": "8.42%", "2016-03-31": "10.01%", "2015-12-31": "11.45%", "2015-09-30": "14.05%", "2015-06-30": "15.90%", "2015-03-31": "14.71%", "2014-12-31": "12.84%", "2014-09-30": "11.42%", "2014-06-30": "8.95%", "2014-03-31": "7.96%", "2013-12-31": "6.84%", "2013-09-30": "5.06%", "2013-06-30": "3.66%", "2013-03-31": "2.06%", "2012-12-31": "1.88%", "2012-09-30": "1.04%", "2012-06-30": "-1.66%", "2012-03-31": "-4.21%", "2011-12-31": "-6.46%", "2011-09-30": "-5.24%", "2011-06-30": "-1.93%", "2011-03-31": "0.21%", "2010-12-31": "0.96%", "2010-09-30": "-0.37%", "2010-06-30": "-0.84%", "2010-03-31": "-0.52%", "2009-12-31": "-0.19%", "2009-09-30": "-2.45%", "2009-03-31": "-6.28%", "2008-12-31": "-7.79%", "2008-03-31": "-1.63%", "2007-12-31": "0.26%", "2007-03-31": "-2.41%", "2006-12-31": "-2.57%", "2006-03-31": "2.81%", "2005-12-31": "6.06%"}, "net profit margin": {"2020-09-30": "1.55%", "2020-06-30": "2.24%", "2020-03-31": "3.73%", "2019-12-31": "4.00%", "2019-09-30": "3.24%", "2019-06-30": "2.53%", "2019-03-31": "1.95%", "2018-12-31": "2.27%", "2018-09-30": "3.53%", "2018-06-30": "5.33%", "2018-03-31": "6.52%", "2017-12-31": "6.45%", "2017-09-30": "5.54%", "2017-06-30": "4.48%", "2017-03-31": "4.01%", "2016-12-31": "4.46%", "2016-09-30": "4.80%", "2016-06-30": "5.45%", "2016-03-31": "6.45%", "2015-12-31": "7.37%", "2015-09-30": "8.99%", "2015-06-30": "10.23%", "2015-03-31": "9.48%", "2014-12-31": "8.28%", "2014-09-30": "8.06%", "2014-06-30": "7.05%", "2014-03-31": "7.07%", "2013-12-31": "6.54%", "2013-09-30": "5.03%", "2013-06-30": "3.68%", "2013-03-31": "2.30%", "2012-12-31": "2.14%", "2012-09-30": "0.85%", "2012-06-30": "-1.85%", "2012-03-31": "-4.47%", "2011-12-31": "-6.60%", "2011-09-30": "-4.92%", "2011-06-30": "-2.03%", "2011-03-31": "0.17%", "2010-12-31": "1.26%", "2010-09-30": "1.18%", "2010-06-30": "1.55%", "2010-03-31": "1.83%", "2009-12-31": "1.63%", "2009-09-30": "-2.14%", "2009-03-31": "-5.90%", "2008-12-31": "-6.35%", "2008-03-31": "-1.28%", "2007-12-31": "-0.15%", "2007-03-31": "-1.50%", "2006-12-31": "-1.57%", "2006-03-31": "1.95%", "2005-12-31": "4.02%"}, "pe ratio": {"current": "21.53", "2021-02-05": "27.76", "2020-09-30": "19.69", "2020-06-30": "15.93", "2020-03-31": "10.30", "2019-12-31": "17.88", "2019-09-30": "22.41", "2019-06-30": "22.87", "2019-03-31": "25.92", "2018-12-31": "15.51", "2018-09-30": "11.52", "2018-06-30": "8.46", "2018-03-31": "8.52", "2017-12-31": "11.13", "2017-09-30": "11.23", "2017-06-30": "11.02", "2017-03-31": "13.64", "2016-12-31": "10.98", "2016-09-30": "12.42", "2016-06-30": "13.85", "2016-03-31": "10.53", "2015-12-31": "7.95", "2015-09-30": "6.47", "2015-06-30": "6.17", "2015-03-31": "6.45", "2014-12-31": "8.93", "2014-09-30": "8.61", "2014-06-30": "8.96", "2014-03-31": "6.82", "2013-12-31": "5.72", "2013-09-30": "7.55", "2013-06-30": "9.22", "2013-03-31": "9.27", "2012-12-31": "7.61", "2012-09-30": "17.34", "2012-06-30": "0.00", "2012-03-31": "0.00", "2011-12-31": "0.00", "2011-09-30": "0.00", "2011-06-30": "0.00", "2011-03-31": "95.92", "2010-12-31": "12.91", "2010-09-30": "6.45", "2010-06-30": "12.91", "2010-03-31": "8.36", "2009-12-31": "17.96", "2009-09-30": "0.00", "2009-06-30": "0.00", "2009-03-31": "0.00", "2008-12-31": "0.00", "2008-09-30": "0.00", "2008-06-30": "0.00", "2008-03-31": "0.00", "2007-12-31": "0.00", "2007-09-30": "0.00", "2007-06-30": "0.00", "2007-03-31": "0.00", "2006-12-31": "0.00"}, "price sales": {"2021-02-05": "0.43", "2020-09-30": "0.31", "2020-06-30": "0.36", "2020-03-31": "0.38", "2019-12-31": "0.72", "2019-09-30": "0.73", "2019-06-30": "0.58", "2019-03-31": "0.51", "2018-12-31": "0.35", "2018-09-30": "0.41", "2018-06-30": "0.45", "2018-03-31": "0.56", "2017-12-31": "0.72", "2017-09-30": "0.62", "2017-06-30": "0.50", "2017-03-31": "0.55", "2016-12-31": "0.49", "2016-09-30": "0.60", "2016-06-30": "0.76", "2016-03-31": "0.68", "2015-12-31": "0.59", "2015-09-30": "0.58", "2015-06-30": "0.63", "2015-03-31": "0.61", "2014-12-31": "0.74", "2014-09-30": "0.69", "2014-06-30": "0.63", "2014-03-31": "0.48", "2013-12-31": "0.37", "2013-09-30": "0.38", "2013-06-30": "0.34", "2013-03-31": "0.21", "2012-12-31": "0.16", "2012-09-30": "0.12", "2012-06-30": "0.16", "2012-03-31": "0.17", "2011-12-31": "0.13", "2011-09-30": "0.10", "2011-06-30": "0.12", "2011-03-31": "0.18", "2010-12-31": "0.17", "2010-09-30": "0.09", "2010-06-30": "0.08", "2010-03-31": "0.11", "2009-12-31": "0.07", "2009-09-30": "0.05", "2009-06-30": "0.05", "2009-03-31": "0.02", "2008-12-31": "0.01", "2008-09-30": "0.02", "2008-06-30": "0.10", "2008-03-31": "0.16", "2007-12-31": "0.23", "2007-09-30": "0.32", "2007-06-30": "0.35", "2007-03-31": "0.36", "2006-12-31": "0.38"}, "price book": {"current": "2.11", "2021-02-05": "2.11", "2020-09-30": "1.50", "2020-06-30": "1.75", "2020-03-31": "1.82", "2019-12-31": "3.22", "2019-09-30": "3.43", "2019-06-30": "2.78", "2019-03-31": "2.59", "2018-12-31": "1.91", "2018-09-30": "2.18", "2018-06-30": "2.44", "2018-03-31": "3.01", "2017-12-31": "4.16", "2017-09-30": "4.13", "2017-06-30": "4.51", "2017-03-31": "5.72", "2016-12-31": "2.27", "2016-09-30": "5.85", "2016-06-30": "7.92", "2016-03-31": "4.24", "2015-12-31": "4.02", "2015-09-30": "3.84", "2015-06-30": "4.63", "2015-03-31": "5.81", "2014-12-31": "2.89", "2014-09-30": "2.91", "2014-06-30": "2.98", "2014-03-31": "2.55", "2013-12-31": "2.11", "2013-09-30": "2.40", "2013-06-30": "2.42", "2013-03-31": "1.82", "2012-12-31": "1.54", "2012-09-30": "1.11", "2012-06-30": "1.62", "2012-03-31": "1.81", "2011-12-31": "1.65", "2011-09-30": "1.03", "2011-06-30": "1.05", "2011-03-31": "1.29", "2010-12-31": "1.05", "2010-09-30": "0.87", "2010-06-30": "1.07", "2010-03-31": "1.79", "2009-12-31": "2.66", "2009-09-30": "2.47", "2009-06-30": "2.35", "2009-03-31": "1.53", "2008-12-31": "0.28", "2008-09-30": "0.00", "2008-06-30": "0.63", "2008-03-31": "0.98", "2007-12-31": "1.26", "2007-09-30": "0.00", "2007-06-30": "1.68", "2007-03-31": "1.54", "2006-12-31": "1.32", "2006-09-30": "0.00", "2006-06-30": "1.14", "2006-03-31": "0.94"}, "price fcf": {"2021-02-05": "", "2020-09-30": "$1.35", "2020-06-30": "$0.44", "2020-03-31": "$0.98", "2019-12-31": "$1.34", "2019-09-30": "$1.00", "2019-06-30": "$0.92", "2019-03-31": "$1.05", "2018-12-31": "$0.61", "2018-09-30": "$1.20", "2018-06-30": "$1.92", "2018-03-31": "$1.79", "2017-12-31": "$1.87", "2017-09-30": "$1.95", "2017-06-30": "$1.59", "2017-03-31": "$1.04", "2016-12-31": "$1.84", "2016-09-30": "$1.76", "2016-06-30": "$2.13", "2016-03-31": "$2.83", "2015-12-31": "$3.27", "2015-09-30": "$3.73", "2015-06-30": "$4.16", "2015-03-31": "$3.93", "2014-12-31": "$3.49", "2014-09-30": "$3.66", "2014-06-30": "$3.31", "2014-03-31": "$3.65", "2013-12-31": "$3.06", "2013-09-30": "$2.10", "2013-06-30": "$1.36", "2013-03-31": "$0.47", "2012-12-31": "$0.55", "2012-09-30": "$0.51", "2012-06-30": "$0.22", "2012-03-31": "$-0.26", "2011-12-31": "$-1.05", "2011-09-30": "$-1.40", "2011-06-30": "$-1.35", "2011-03-31": "$-1.22", "2010-12-31": "$-0.67", "2010-09-30": "$-3.49", "2010-06-30": "$-2.06", "2010-03-31": "$0.27", "2009-12-31": "$-0.41", "2009-09-30": "$0.84", "2009-06-30": "$5.51", "2009-03-31": "$1.73", "2008-12-31": "$-1.89", "2008-09-30": "$-1.17", "2008-06-30": "$-5.57", "2008-03-31": "$-3.51", "2007-12-31": "$-1.17", "2007-09-30": "$-0.64", "2007-06-30": "$-1.06", "2007-03-31": "$-1.72", "2006-12-31": "$-0.64"}, "net worth": {"value": "$5.14B"}, "current ratio": {"current": "1.80", "2020-09-30": "1.80", "2020-06-30": "1.89", "2020-03-31": "1.89", "2019-12-31": "1.58", "2019-09-30": "1.82", "2019-06-30": "1.78", "2019-03-31": "1.68", "2018-12-31": "1.72", "2018-09-30": "1.73", "2018-06-30": "1.87", "2018-03-31": "1.80", "2017-12-31": "1.73", "2017-09-30": "1.66", "2017-06-30": "1.82", "2017-03-31": "1.55", "2016-12-31": "1.53", "2016-09-30": "1.62", "2016-06-30": "1.71", "2016-03-31": "2.28", "2015-12-31": "2.06", "2015-09-30": "1.94", "2015-06-30": "2.33", "2015-03-31": "2.32", "2014-12-31": "2.58", "2014-09-30": "2.47", "2014-06-30": "2.27", "2014-03-31": "2.06", "2013-12-31": "1.78", "2013-09-30": "2.39", "2013-06-30": "2.16", "2013-03-31": "2.22", "2012-12-31": "2.11", "2012-09-30": "2.14", "2012-06-30": "2.16", "2012-03-31": "2.17", "2011-12-31": "2.04", "2011-09-30": "2.16", "2011-06-30": "2.29", "2011-03-31": "2.32", "2010-12-31": "2.32", "2010-09-30": "2.22", "2010-06-30": "2.02", "2010-03-31": "1.82", "2009-12-31": "1.77", "2009-09-30": "2.69", "2009-06-30": "2.71", "2009-03-31": "2.06", "2008-12-31": "2.24", "2008-09-30": "0.54", "2008-06-30": "1.58", "2008-03-31": "1.64", "2007-12-31": "1.48", "2007-09-30": "1.44", "2007-06-30": "1.74", "2007-03-31": "1.84", "2006-12-31": "1.73", "2006-09-30": "1.92", "2006-06-30": "1.79", "2006-03-31": "1.69", "2005-12-31": "1.54", "2005-09-30": "1.68", "2005-06-30": "1.92", "2005-03-31": "1.87"}, "quick ratio": {"2020-09-30": "1.02", "2020-06-30": "0.98", "2020-03-31": "0.99", "2019-12-31": "0.74", "2019-09-30": "0.94", "2019-06-30": "0.93", "2019-03-31": "0.83", "2018-12-31": "0.83", "2018-09-30": "0.83", "2018-06-30": "1.01", "2018-03-31": "0.94", "2017-12-31": "0.87", "2017-09-30": "0.81", "2017-06-30": "0.84", "2017-03-31": "0.54", "2016-12-31": "0.70", "2016-09-30": "0.68", "2016-06-30": "0.70", "2016-03-31": "1.30", "2015-12-31": "1.12", "2015-09-30": "1.01", "2015-06-30": "1.36", "2015-03-31": "1.28", "2014-12-31": "1.48", "2014-09-30": "1.54", "2014-06-30": "1.25", "2014-03-31": "1.17", "2013-12-31": "1.03", "2013-09-30": "1.19", "2013-06-30": "0.86", "2013-03-31": "0.84", "2012-12-31": "0.81", "2012-09-30": "0.80", "2012-06-30": "0.80", "2012-03-31": "0.84", "2011-12-31": "0.82", "2011-09-30": "0.87", "2011-06-30": "0.95", "2011-03-31": "0.97", "2010-12-31": "0.92", "2010-09-30": "0.87", "2010-06-30": "0.80", "2010-03-31": "0.71", "2009-12-31": "0.90", "2009-09-30": "1.19", "2009-06-30": "1.03", "2009-03-31": "0.83", "2008-12-31": "0.94", "2008-09-30": "0.15", "2008-06-30": "0.38", "2008-03-31": "0.44", "2007-12-31": "0.37", "2007-09-30": "0.42", "2007-06-30": "0.74", "2007-03-31": "0.80", "2006-12-31": "0.73", "2006-09-30": "0.90", "2006-06-30": "0.71", "2006-03-31": "0.65", "2005-12-31": "0.74", "2005-09-30": "0.79", "2005-06-30": "0.99", "2005-03-31": "0.86"}, "debt equity ratio": {"current": "1.07", "2020-09-30": "2.07", "2020-06-30": "2.01", "2020-03-31": "1.93", "2019-12-31": "1.80", "2019-09-30": "1.83", "2019-06-30": "1.87", "2019-03-31": "1.97", "2018-12-31": "1.94", "2018-09-30": "1.89", "2018-06-30": "2.07", "2018-03-31": "2.15", "2017-12-31": "2.37", "2017-09-30": "2.55", "2017-06-30": "2.19", "2017-03-31": "2.56", "2016-12-31": "1.41", "2016-09-30": "2.28", "2016-06-30": "2.67", "2016-03-31": "1.47", "2015-12-31": "1.63", "2015-09-30": "1.69", "2015-06-30": "1.71", "2015-03-31": "2.29", "2014-12-31": "0.41", "2014-09-30": "0.73", "2014-06-30": "0.80", "2014-03-31": "0.94", "2013-12-31": "1.13", "2013-09-30": "1.30", "2013-06-30": "1.45", "2013-03-31": "2.00", "2012-12-31": "2.21", "2012-09-30": "2.27", "2012-06-30": "2.44", "2012-03-31": "2.61", "2011-12-31": "4.16", "2011-09-30": "3.52", "2011-06-30": "2.82", "2011-03-31": "2.33", "2010-12-31": "1.98", "2010-09-30": "1.91", "2010-06-30": "1.97", "2010-03-31": "2.04", "2009-12-31": "15.65", "2009-09-30": "18.48", "2009-06-30": "24.85", "2009-03-31": "47.68", "2008-12-31": "25.13", "2008-09-30": "8.38", "2008-06-30": "2.35", "2008-03-31": "2.80", "2007-12-31": "2.37", "2007-09-30": "2.22", "2007-06-30": "2.71", "2007-03-31": "2.88", "2006-12-31": "2.67", "2006-09-30": "1.17", "2006-06-30": "1.08", "2006-03-31": "1.09", "2005-12-31": "1.17", "2005-09-30": "1.05", "2005-06-30": "1.16", "2005-03-31": "1.21"}, "return on equity": {"2020-09-30": "7.58%", "2020-06-30": "10.83%", "2020-03-31": "18.26%", "2019-12-31": "19.65%", "2019-09-30": "16.29%", "2019-06-30": "12.98%", "2019-03-31": "10.28%", "2018-12-31": "12.13%", "2018-09-30": "19.42%", "2018-06-30": "30.99%", "2018-03-31": "42.29%", "2017-12-31": "48.31%", "2017-09-30": "42.24%", "2017-06-30": "38.37%", "2017-03-31": "34.74%", "2016-12-31": "33.97%", "2016-09-30": "39.64%", "2016-06-30": "40.13%", "2016-03-31": "44.40%", "2015-12-31": "56.41%", "2015-09-30": "54.38%", "2015-06-30": "55.14%", "2015-03-31": "47.29%", "2014-12-31": "37.48%", "2014-09-30": "39.92%", "2014-06-30": "38.15%", "2014-03-31": "42.18%", "2013-12-31": "43.89%", "2013-09-30": "38.84%", "2013-06-30": "31.46%", "2013-03-31": "20.93%", "2012-12-31": "20.15%", "2012-09-30": "8.51%", "2012-06-30": "-19.49%", "2012-03-31": "-47.35%", "2011-12-31": "-66.09%", "2011-09-30": "-41.94%", "2011-06-30": "-15.28%", "2011-03-31": "1.18%", "2010-12-31": "8.59%", "2010-09-30": "9.98%", "2010-06-30": "18.20%", "2010-03-31": "34.98%", "2009-12-31": "83.46%", "2009-09-30": "-131.60%", "2009-03-31": "-80.85%", "2008-12-31": "-59.39%", "2008-03-31": "-7.17%", "2007-12-31": "-0.80%", "2007-03-31": "-6.24%", "2006-12-31": "-5.42%", "2006-03-31": "6.78%", "2005-12-31": "14.71%"}, "return on assets": {"2020-09-30": "2.57%", "2020-06-30": "3.74%", "2020-03-31": "6.39%", "2019-12-31": "6.86%", "2019-09-30": "5.61%", "2019-06-30": "4.45%", "2019-03-31": "3.47%", "2018-12-31": "4.03%", "2018-09-30": "6.24%", "2018-06-30": "9.48%", "2018-03-31": "12.76%", "2017-12-31": "14.14%", "2017-09-30": "13.72%", "2017-06-30": "12.96%", "2017-03-31": "11.49%", "2016-12-31": "12.23%", "2016-09-30": "13.62%", "2016-06-30": "14.43%", "2016-03-31": "16.95%", "2015-12-31": "20.16%", "2015-09-30": "23.83%", "2015-06-30": "27.26%", "2015-03-31": "25.58%", "2014-12-31": "22.13%", "2014-09-30": "21.25%", "2014-06-30": "18.89%", "2014-03-31": "19.32%", "2013-12-31": "18.15%", "2013-09-30": "14.50%", "2013-06-30": "10.69%", "2013-03-31": "6.50%", "2012-12-31": "5.97%", "2012-09-30": "2.27%", "2012-06-30": "-4.79%", "2012-03-31": "-11.31%", "2011-12-31": "-16.25%", "2011-09-30": "-11.77%", "2011-06-30": "-4.73%", "2011-03-31": "0.39%", "2010-12-31": "2.89%", "2010-09-30": "2.62%", "2010-06-30": "3.44%", "2010-03-31": "4.07%", "2009-12-31": "3.56%", "2009-09-30": "-4.87%", "2009-03-31": "-10.08%", "2008-12-31": "-11.03%", "2008-03-31": "-2.04%", "2007-12-31": "-0.23%", "2007-03-31": "-2.13%", "2006-12-31": "-2.17%", "2006-03-31": "3.20%", "2005-12-31": "6.85%"}, "return on investments": {"2020-09-30": "5.84%", "2020-06-30": "7.89%", "2020-03-31": "13.38%", "2019-12-31": "15.00%", "2019-09-30": "14.03%", "2019-06-30": "11.89%", "2019-03-31": "9.70%", "2018-12-31": "11.03%", "2018-09-30": "13.81%", "2018-06-30": "20.26%", "2018-03-31": "27.64%", "2017-12-31": "31.32%", "2017-09-30": "34.92%", "2017-06-30": "35.27%", "2017-03-31": "31.90%", "2016-12-31": "32.70%", "2016-09-30": "34.36%", "2016-06-30": "35.56%", "2016-03-31": "40.94%", "2015-12-31": "48.73%", "2015-09-30": "58.45%", "2015-06-30": "64.37%", "2015-03-31": "60.10%", "2014-12-31": "52.88%", "2014-09-30": "46.42%", "2014-06-30": "37.79%", "2014-03-31": "35.64%", "2013-12-31": "31.14%", "2013-09-30": "24.77%", "2013-06-30": "19.31%", "2013-03-31": "12.67%", "2012-12-31": "12.17%", "2012-09-30": "8.81%", "2012-06-30": "-0.34%", "2012-03-31": "-9.58%", "2011-12-31": "-16.87%", "2011-09-30": "-12.07%", "2011-06-30": "-1.73%", "2011-03-31": "4.89%", "2010-12-31": "8.44%", "2010-09-30": "6.63%", "2010-06-30": "8.92%", "2010-03-31": "17.94%", "2009-12-31": "40.43%", "2009-09-30": "1356.55%", "2009-03-31": "221.11%", "2008-12-31": "114.48%", "2008-03-31": "77.44%", "2007-12-31": "80.93%", "2007-03-31": "65.25%", "2006-12-31": "75.50%", "2006-03-31": "86.12%", "2005-12-31": "94.89%"}, "return on tangible equity": {"2020-09-30": "19.92%", "2020-06-30": "28.46%", "2020-03-31": "49.04%", "2019-12-31": "56.79%", "2019-09-30": "51.89%", "2019-06-30": "46.10%", "2019-03-31": "40.51%", "2018-12-31": "53.02%", "2018-09-30": "97.13%", "2018-06-30": "200.85%", "2018-03-31": "181.82%", "2017-12-31": "150.51%", "2017-09-30": "108.17%", "2017-06-30": "66.53%", "2017-03-31": "60.35%", "2016-12-31": "53.55%", "2016-09-30": "47.78%", "2016-06-30": "48.18%", "2016-03-31": "50.88%", "2015-12-31": "62.71%", "2015-09-30": "57.33%", "2015-06-30": "56.06%", "2015-03-31": "48.04%", "2014-12-31": "38.06%", "2014-09-30": "40.63%", "2014-06-30": "38.95%", "2014-03-31": "43.20%", "2013-12-31": "45.15%", "2013-09-30": "40.15%", "2013-06-30": "32.70%", "2013-03-31": "21.87%", "2012-12-31": "21.14%", "2012-09-30": "8.99%", "2012-06-30": "-20.74%", "2012-03-31": "-50.54%", "2011-12-31": "-70.40%", "2011-09-30": "-44.31%", "2011-06-30": "-16.07%", "2011-03-31": "1.24%", "2010-12-31": "9.05%", "2010-09-30": "10.70%", "2010-06-30": "20.12%", "2010-03-31": "41.58%", "2009-12-31": "148.49%", "2009-09-30": "-277.63%", "2009-03-31": "-137.50%", "2008-12-31": "-103.83%", "2008-03-31": "-13.05%", "2007-12-31": "-1.45%", "2007-03-31": "-8.19%", "2006-12-31": "-6.16%", "2006-03-31": "6.78%", "2005-12-31": "14.71%"}, "dividend yield history": {"last payout": "$0.00", "last yield": "0.00%"}}