{"ticker": "PNFP", "price": {"title": "Pinnacle Financial Partners Historical Annual Stock Price Data", "value": 73.17, "historical": {"2020": {"Average Stock Price": "46.2594", "Year Open": "64.0300", "Year High": "65.5100", "Year Low": "31.9800", "Year Close": "64.4000", "Annual % Change": "0.63%"}, "2019": {"Average Stock Price": "56.9678", "Year Open": "46.5400", "Year High": "64.8000", "Year Low": "46.3500", "Year Close": "64.0000", "Annual % Change": "38.83%"}, "2018": {"Average Stock Price": "61.6567", "Year Open": "66.6500", "Year High": "69.4500", "Year Low": "44.0300", "Year Close": "46.1000", "Annual % Change": "-30.47%"}, "2017": {"Average Stock Price": "65.0715", "Year Open": "69.2500", "Year High": "71.0500", "Year Low": "58.5000", "Year Close": "66.3000", "Annual % Change": "-4.33%"}, "2016": {"Average Stock Price": "52.7872", "Year Open": "50.1800", "Year High": "71.1500", "Year Low": "44.5600", "Year Close": "69.3000", "Annual % Change": "34.93%"}, "2015": {"Average Stock Price": "48.4161", "Year Open": "38.9000", "Year High": "56.8000", "Year Low": "35.5200", "Year Close": "51.3600", "Annual % Change": "29.89%"}, "2014": {"Average Stock Price": "36.2056", "Year Open": "31.8600", "Year High": "39.9500", "Year Low": "31.0200", "Year Close": "39.5400", "Annual % Change": "21.55%"}, "2013": {"Average Stock Price": "26.6953", "Year Open": "19.4200", "Year High": "33.2500", "Year Low": "19.2900", "Year Close": "32.5300", "Annual % Change": "72.66%"}, "2012": {"Average Stock Price": "18.2750", "Year Open": "16.0200", "Year High": "20.4500", "Year Low": "15.2500", "Year Close": "18.8400", "Annual % Change": "16.66%"}, "2011": {"Average Stock Price": "14.4978", "Year Open": "13.6500", "Year High": "16.8200", "Year Low": "10.2800", "Year Close": "16.1500", "Annual % Change": "18.92%"}, "2010": {"Average Stock Price": "12.6497", "Year Open": "14.4700", "Year High": "18.9300", "Year Low": "8.5100", "Year Close": "13.5800", "Annual % Change": "-4.50%"}, "2009": {"Average Stock Price": "16.3916", "Year Open": "29.2500", "Year High": "29.2500", "Year Low": "11.4500", "Year Close": "14.2200", "Annual % Change": "-52.30%"}, "2008": {"Average Stock Price": "25.3728", "Year Open": "24.4600", "Year High": "32.2500", "Year Low": "19.6300", "Year Close": "29.8100", "Annual % Change": "17.27%"}, "2007": {"Average Stock Price": "29.2842", "Year Open": "32.6600", "Year High": "33.6500", "Year Low": "22.1500", "Year Close": "25.4200", "Annual % Change": "-23.39%"}, "2006": {"Average Stock Price": "30.4940", "Year Open": "25.1000", "Year High": "37.3300", "Year Low": "24.9700", "Year Close": "33.1800", "Annual % Change": "32.83%"}, "2005": {"Average Stock Price": "23.4850", "Year Open": "22.9500", "Year High": "26.4000", "Year Low": "20.7200", "Year Close": "24.9800", "Annual % Change": "10.43%"}, "2004": {"Average Stock Price": "18.4746", "Year Open": "11.6500", "Year High": "25.0200", "Year Low": "11.6500", "Year Close": "22.6210", "Annual % Change": "92.52%"}, "2003": {"Average Stock Price": "8.7608", "Year Open": "6.4600", "Year High": "12.5000", "Year Low": "6.4300", "Year Close": "11.7500", "Annual % Change": "82.03%"}, "2002": {"Average Stock Price": "5.5052", "Year Open": "5.0000", "Year High": "6.6250", "Year Low": "4.3750", "Year Close": "6.4550", "Annual % Change": "25.95%"}, "2001": {"Average Stock Price": "3.6730", "Year Open": "3.2500", "Year High": "5.3750", "Year Low": "3.0250", "Year Close": "5.1250", "Annual % Change": "70.83%"}, "2000": {"Average Stock Price": "3.7126", "Year Open": "4.7500", "Year High": "4.8100", "Year Low": "2.5000", "Year Close": "3.0000", "Annual % Change": "0.00%"}}}, "market cap": {"value": "$5.55B"}, "income statement": {"Revenue": {"2020-12-31": "1338.88200", "2019-12-31": "1331.76200", "2018-12-31": "1147.58700", "2017-12-31": "781.04200", "2016-12-31": "484.61200", "2015-12-31": "341.70010", "2014-12-31": "258.77250", "2013-12-31": "238.38600", "2012-12-31": "228.81820", "2011-12-31": "226.28700", "2010-12-31": "239.66340", "2009-12-31": "245.36780", "2008-12-31": "240.79990", "2007-12-31": "173.45240", "2006-12-31": "125.48250", "2005-12-31": "51.70120"}, "Cost Of Goods Sold": {"2020-12-31": "199.25400", "2019-12-31": "301.79400", "2018-12-31": "210.37500", "2017-12-31": "92.83200", "2016-12-31": "38.61500", "2015-12-31": "18.53700", "2014-12-31": "13.18540", "2013-12-31": "15.38380", "2012-12-31": "22.55710", "2011-12-31": "36.88240", "2010-12-31": "58.97500", "2009-12-31": "74.92490", "2008-12-31": "91.86660", "2007-12-31": "75.21940", "2006-12-31": "48.74320", "2005-12-31": "17.26960"}, "Gross Profit": {"2020-12-31": "1139.62800", "2019-12-31": "1029.96800", "2018-12-31": "937.21190", "2017-12-31": "688.21000", "2016-12-31": "445.99700", "2015-12-31": "323.16320", "2014-12-31": "245.58710", "2013-12-31": "223.00220", "2012-12-31": "206.26110", "2011-12-31": "189.40460", "2010-12-31": "180.68840", "2009-12-31": "170.44290", "2008-12-31": "148.93330", "2007-12-31": "98.23290", "2006-12-31": "76.73930", "2005-12-31": "34.43160"}, "Research And Development Expenses": {"2020-12-31": "", "2019-12-31": "", "2018-12-31": "", "2017-12-31": "", "2016-12-31": "", "2015-12-31": "", "2014-12-31": "", "2013-12-31": "", "2012-12-31": "", "2011-12-31": "", "2010-12-31": "", "2009-12-31": "", "2008-12-31": "", "2007-12-31": "", "2006-12-31": "", "2005-12-31": ""}, "SG&A Expenses": {"2020-12-31": "758.47690", "2019-12-31": "522.52300", "2018-12-31": "468.45600", "2017-12-31": "349.56500", "2016-12-31": "238.58500", "2015-12-31": "173.29430", "2014-12-31": "138.98670", "2013-12-31": "135.85520", "2012-12-31": "140.99470", "2011-12-31": "158.04210", "2010-12-31": "197.59780", "2009-12-31": "232.15060", "2008-12-31": "95.47500", "2007-12-31": "62.43350", "2006-12-31": "46.93720", "2005-12-31": "23.18400"}, "Other Operating Income Or Expenses": {"2020-12-31": "", "2019-12-31": "", "2018-12-31": "", "2017-12-31": "", "2016-12-31": "", "2015-12-31": "", "2014-12-31": "", "2013-12-31": "", "2012-12-31": "", "2011-12-31": "", "2010-12-31": "", "2009-12-31": "", "2008-12-31": "", "2007-12-31": "", "2006-12-31": "", "2005-12-31": ""}, "Operating Expenses": {"2020-12-31": "967.52390", "2019-12-31": "834.22500", "2018-12-31": "689.38000", "2017-12-31": "451.21300", "2016-12-31": "281.48100", "2015-12-31": "193.80520", "2014-12-31": "153.11980", "2013-12-31": "152.50150", "2012-12-31": "166.29080", "2011-12-31": "197.78740", "2010-12-31": "259.55370", "2009-12-31": "310.26060", "2008-12-31": "190.44220", "2007-12-31": "139.79700", "2006-12-31": "97.46370", "2005-12-31": "40.45360"}, "Operating Income": {"2020-12-31": "371.35800", "2019-12-31": "497.53700", "2018-12-31": "458.20690", "2017-12-31": "329.82890", "2016-12-31": "203.13100", "2015-12-31": "147.89490", "2014-12-31": "105.65270", "2013-12-31": "85.88450", "2012-12-31": "62.52740", "2011-12-31": "28.49970", "2010-12-31": "-19.89030", "2009-12-31": "-64.89280", "2008-12-31": "50.35770", "2007-12-31": "33.65540", "2006-12-31": "28.01890", "2005-12-31": "11.24760"}, "Total Non-Operating Income/Expense": {"2020-12-31": "", "2019-12-31": "", "2018-12-31": "-8.25900", "2017-12-31": "-31.84300", "2016-12-31": "-11.74700", "2015-12-31": "-4.79700", "2014-12-31": "", "2013-12-31": "", "2012-12-31": "", "2011-12-31": "", "2010-12-31": "", "2009-12-31": "", "2008-12-31": "-7.11680", "2007-12-31": "-0.62190", "2006-12-31": "-1.63580", "2005-12-31": ""}, "Pre-Tax Income": {"2020-12-31": "371.35800", "2019-12-31": "497.53700", "2018-12-31": "449.94800", "2017-12-31": "297.98600", "2016-12-31": "191.38400", "2015-12-31": "143.09790", "2014-12-31": "105.65270", "2013-12-31": "85.88450", "2012-12-31": "62.52740", "2011-12-31": "28.49970", "2010-12-31": "-19.89030", "2009-12-31": "-64.89280", "2008-12-31": "43.24090", "2007-12-31": "33.03350", "2006-12-31": "26.38300", "2005-12-31": "11.24760"}, "Income Taxes": {"2020-12-31": "59.03700", "2019-12-31": "96.65600", "2018-12-31": "90.50800", "2017-12-31": "124.00700", "2016-12-31": "64.15900", "2015-12-31": "47.58850", "2014-12-31": "35.18150", "2013-12-31": "28.15830", "2012-12-31": "20.64350", "2011-12-31": "-15.23770", "2010-12-31": "4.41020", "2009-12-31": "-29.39280", "2008-12-31": "12.36700", "2007-12-31": "9.99220", "2006-12-31": "8.45600", "2005-12-31": "3.19240"}, "Income After Taxes": {"2020-12-31": "312.32100", "2019-12-31": "400.88100", "2018-12-31": "359.44000", "2017-12-31": "173.97900", "2016-12-31": "127.22500", "2015-12-31": "95.50940", "2014-12-31": "70.47120", "2013-12-31": "57.72620", "2012-12-31": "41.88390", "2011-12-31": "43.73740", "2010-12-31": "-24.30050", "2009-12-31": "-35.50000", "2008-12-31": "30.87390", "2007-12-31": "23.04140", "2006-12-31": "17.92700", "2005-12-31": "8.05530"}, "Other Income": {"2020-12-31": "", "2019-12-31": "", "2018-12-31": "", "2017-12-31": "", "2016-12-31": "", "2015-12-31": "", "2014-12-31": "", "2013-12-31": "", "2012-12-31": "", "2011-12-31": "", "2010-12-31": "", "2009-12-31": "", "2008-12-31": "", "2007-12-31": "", "2006-12-31": "", "2005-12-31": ""}, "Income From Continuous Operations": {"2020-12-31": "312.32100", "2019-12-31": "400.88100", "2018-12-31": "359.44000", "2017-12-31": "173.97900", "2016-12-31": "127.22500", "2015-12-31": "95.50940", "2014-12-31": "70.47120", "2013-12-31": "57.72620", "2012-12-31": "41.88390", "2011-12-31": "43.73740", "2010-12-31": "-24.30050", "2009-12-31": "-35.50000", "2008-12-31": "30.87390", "2007-12-31": "23.04140", "2006-12-31": "17.92700", "2005-12-31": "8.05530"}, "Income From Discontinued Operations": {"2020-12-31": "", "2019-12-31": "", "2018-12-31": "", "2017-12-31": "", "2016-12-31": "", "2015-12-31": "", "2014-12-31": "", "2013-12-31": "", "2012-12-31": "", "2011-12-31": "", "2010-12-31": "", "2009-12-31": "", "2008-12-31": "", "2007-12-31": "", "2006-12-31": "", "2005-12-31": ""}, "Net Income": {"2020-12-31": "304.72500", "2019-12-31": "400.88100", "2018-12-31": "359.44000", "2017-12-31": "173.97900", "2016-12-31": "127.22500", "2015-12-31": "95.50940", "2014-12-31": "70.47120", "2013-12-31": "57.72620", "2012-12-31": "38.06980", "2011-12-31": "37.07270", "2010-12-31": "-30.44250", "2009-12-31": "-41.42990", "2008-12-31": "30.56460", "2007-12-31": "23.04140", "2006-12-31": "17.92700", "2005-12-31": "8.05530"}, "EBITDA": {"2020-12-31": "", "2019-12-31": "", "2018-12-31": "", "2017-12-31": "", "2016-12-31": "", "2015-12-31": "", "2014-12-31": "", "2013-12-31": "", "2012-12-31": "", "2011-12-31": "", "2010-12-31": "", "2009-12-31": "", "2008-12-31": "", "2007-12-31": "", "2006-12-31": "", "2005-12-31": ""}, "EBIT": {"2020-12-31": "", "2019-12-31": "", "2018-12-31": "", "2017-12-31": "", "2016-12-31": "", "2015-12-31": "", "2014-12-31": "", "2013-12-31": "", "2012-12-31": "", "2011-12-31": "", "2010-12-31": "", "2009-12-31": "", "2008-12-31": "", "2007-12-31": "", "2006-12-31": "", "2005-12-31": ""}, "Basic Shares Outstanding": {"2020-12-31": "75.37600", "2019-12-31": "76.36400", "2018-12-31": "77.11100", "2017-12-31": "63.76100", "2016-12-31": "43.03700", "2015-12-31": "37.01500", "2014-12-31": "34.72300", "2013-12-31": "34.20100", "2012-12-31": "33.89960", "2011-12-31": "33.42000", "2010-12-31": "32.78900", "2009-12-31": "28.39600", "2008-12-31": "22.79400", "2007-12-31": "16.10000", "2006-12-31": "13.95400", "2005-12-31": "8.40900"}, "Shares Outstanding": {"2020-12-31": "75.65400", "2019-12-31": "76.76400", "2018-12-31": "77.45000", "2017-12-31": "64.32800", "2016-12-31": "43.73200", "2015-12-31": "37.97400", "2014-12-31": "35.12700", "2013-12-31": "34.50900", "2012-12-31": "34.48800", "2011-12-31": "34.06000", "2010-12-31": "32.78900", "2009-12-31": "28.39600", "2008-12-31": "24.05400", "2007-12-31": "17.25600", "2006-12-31": "15.15700", "2005-12-31": "9.46500"}, "Basic EPS": {"2020-12-31": "4.04000", "2019-12-31": "5.25000", "2018-12-31": "4.66000", "2017-12-31": "2.73000", "2016-12-31": "2.96000", "2015-12-31": "2.58000", "2014-12-31": "2.03000", "2013-12-31": "1.69000", "2012-12-31": "1.12000", "2011-12-31": "1.11000", "2010-12-31": "-0.93000", "2009-12-31": "-1.46000", "2008-12-31": "1.34000", "2007-12-31": "1.43000", "2006-12-31": "1.28000", "2005-12-31": "0.96000"}, "EPS - Earnings Per Share": {"2020-12-31": "4.03000", "2019-12-31": "5.22000", "2018-12-31": "4.64000", "2017-12-31": "2.70000", "2016-12-31": "2.91000", "2015-12-31": "2.52000", "2014-12-31": "2.01000", "2013-12-31": "1.67000", "2012-12-31": "1.10000", "2011-12-31": "1.09000", "2010-12-31": "-0.93000", "2009-12-31": "-1.46000", "2008-12-31": "1.27000", "2007-12-31": "1.34000", "2006-12-31": "1.18000", "2005-12-31": "0.85000"}}, "income statement, quarterly": {"Revenue": {"2020-12-31": "340.49100", "2020-09-30": "340.25300", "2020-06-30": "324.69200", "2020-03-31": "333.44600", "2019-12-31": "327.91500", "2019-09-30": "358.36800", "2019-06-30": "336.53300", "2019-03-31": "308.94600", "2018-12-31": "313.36490", "2018-09-30": "299.58800", "2018-06-30": "278.92300", "2018-03-31": "255.71100", "2017-12-31": "244.57300", "2017-09-30": "245.14400", "2017-06-30": "158.80000", "2017-03-31": "132.52500", "2016-12-31": "132.23570", "2016-09-30": "129.07160", "2016-06-30": "116.47460", "2016-03-31": "106.83010", "2015-12-31": "104.40430", "2015-09-30": "88.60250", "2015-06-30": "75.52140", "2015-03-31": "73.17190", "2014-12-31": "67.91740", "2014-09-30": "65.67000", "2014-06-30": "63.16190", "2014-03-31": "62.02320", "2013-12-31": "60.89280", "2013-09-30": "59.56450", "2013-06-30": "58.87000", "2013-03-31": "59.05870", "2012-12-31": "60.31090", "2012-09-30": "56.87050", "2012-06-30": "55.86330", "2012-03-31": "55.77340", "2011-12-31": "56.17260", "2011-09-30": "56.96750", "2011-06-30": "57.59850", "2011-03-31": "55.54830", "2010-12-31": "57.74530", "2010-09-30": "59.24470", "2010-06-30": "61.49770", "2010-03-31": "61.17570", "2009-12-31": "61.90440", "2009-09-30": "60.17890", "2009-06-30": "60.63070", "2009-03-31": "62.65390", "2008-12-31": "61.31300", "2008-09-30": "61.12580", "2008-06-30": "57.83240", "2008-03-31": "60.52880", "2007-12-31": "49.94980", "2007-09-30": "43.67840", "2007-06-30": "41.05940", "2007-03-31": "38.76480", "2006-12-31": "38.17520", "2006-09-30": "35.76390", "2006-06-30": "32.68480", "2006-03-31": "18.85870", "2005-12-31": "15.61900", "2005-09-30": "13.67780", "2005-06-30": "11.95690", "2005-03-31": "10.44750"}, "Cost Of Goods Sold": {"2020-12-31": "36.06200", "2020-09-30": "42.59400", "2020-06-30": "51.08100", "2020-03-31": "69.51700", "2019-12-31": "74.28100", "2019-09-30": "79.94300", "2019-06-30": "76.93300", "2019-03-31": "70.63700", "2018-12-31": "65.88000", "2018-09-30": "58.69000", "2018-06-30": "48.74800", "2018-03-31": "37.05700", "2017-12-31": "33.35400", "2017-09-30": "28.98600", "2017-06-30": "17.11600", "2017-03-31": "13.37600", "2016-12-31": "12.08010", "2016-09-30": "10.74480", "2016-06-30": "8.71840", "2016-03-31": "7.07170", "2015-12-31": "6.32180", "2015-09-30": "5.13300", "2015-06-30": "3.67200", "2015-03-31": "3.41020", "2014-12-31": "3.21990", "2014-09-30": "3.24450", "2014-06-30": "3.33800", "2014-03-31": "3.38300", "2013-12-31": "3.43610", "2013-09-30": "3.60430", "2013-06-30": "3.94560", "2013-03-31": "4.39790", "2012-12-31": "4.96000", "2012-09-30": "5.50860", "2012-06-30": "5.76840", "2012-03-31": "6.32010", "2011-12-31": "7.15310", "2011-09-30": "8.53190", "2011-06-30": "9.99370", "2011-03-31": "11.20360", "2010-12-31": "13.02310", "2010-09-30": "14.59050", "2010-06-30": "15.23120", "2010-03-31": "16.13020", "2009-12-31": "16.69700", "2009-09-30": "17.89380", "2009-06-30": "19.51610", "2009-03-31": "20.81810", "2008-12-31": "23.38130", "2008-09-30": "22.59130", "2008-06-30": "21.09170", "2008-03-31": "24.80230", "2007-12-31": "21.32890", "2007-09-30": "19.38690", "2007-06-30": "17.84680", "2007-03-31": "16.65680", "2006-12-31": "15.84950", "2006-09-30": "14.18070", "2006-06-30": "11.40950", "2006-03-31": "7.30360", "2005-12-31": "5.83120", "2005-09-30": "4.92310", "2005-06-30": "3.74860", "2005-03-31": "2.76680"}, "Gross Profit": {"2020-12-31": "304.42900", "2020-09-30": "297.65900", "2020-06-30": "273.61100", "2020-03-31": "263.92900", "2019-12-31": "253.63400", "2019-09-30": "278.42500", "2019-06-30": "259.60000", "2019-03-31": "238.30900", "2018-12-31": "247.48490", "2018-09-30": "240.89800", "2018-06-30": "230.17500", "2018-03-31": "218.65400", "2017-12-31": "211.21900", "2017-09-30": "216.15800", "2017-06-30": "141.68400", "2017-03-31": "119.14900", "2016-12-31": "120.15550", "2016-09-30": "118.32690", "2016-06-30": "107.75620", "2016-03-31": "99.75840", "2015-12-31": "98.08250", "2015-09-30": "83.46950", "2015-06-30": "71.84950", "2015-03-31": "69.76170", "2014-12-31": "64.69750", "2014-09-30": "62.42550", "2014-06-30": "59.82380", "2014-03-31": "58.64020", "2013-12-31": "57.45670", "2013-09-30": "55.96020", "2013-06-30": "54.92450", "2013-03-31": "54.66080", "2012-12-31": "55.35090", "2012-09-30": "51.36190", "2012-06-30": "50.09490", "2012-03-31": "49.45330", "2011-12-31": "49.01950", "2011-09-30": "48.43560", "2011-06-30": "47.60480", "2011-03-31": "44.34470", "2010-12-31": "44.72230", "2010-09-30": "44.65420", "2010-06-30": "46.26650", "2010-03-31": "45.04560", "2009-12-31": "45.20740", "2009-09-30": "42.28520", "2009-06-30": "41.11460", "2009-03-31": "41.83580", "2008-12-31": "37.93170", "2008-09-30": "38.53440", "2008-06-30": "36.74060", "2008-03-31": "35.72650", "2007-12-31": "28.62090", "2007-09-30": "24.29140", "2007-06-30": "23.21260", "2007-03-31": "22.10800", "2006-12-31": "22.32580", "2006-09-30": "21.58320", "2006-06-30": "21.27530", "2006-03-31": "11.55510", "2005-12-31": "9.78780", "2005-09-30": "8.75480", "2005-06-30": "8.20830", "2005-03-31": "7.68080"}, "Research And Development Expenses": {"2020-12-31": "", "2020-09-30": "", "2020-06-30": "", "2020-03-31": "", "2019-12-31": "", "2019-09-30": "", "2019-06-30": "", "2019-03-31": "", "2018-12-31": "", "2018-09-30": "", "2018-06-30": "", "2018-03-31": "", "2017-12-31": "", "2017-09-30": "", "2017-06-30": "", "2017-03-31": "", "2016-12-31": "", "2016-09-30": "", "2016-06-30": "", "2016-03-31": "", "2015-12-31": "", "2015-09-30": "", "2015-06-30": "", "2015-03-31": "", "2014-12-31": "", "2014-09-30": "", "2014-06-30": "", "2014-03-31": "", "2013-12-31": "", "2013-09-30": "", "2013-06-30": "", "2013-03-31": "", "2012-12-31": "", "2012-09-30": "", "2012-06-30": "", "2012-03-31": "", "2011-12-31": "", "2011-09-30": "", "2011-06-30": "", "2011-03-31": "", "2010-12-31": "", "2010-09-30": "", "2010-06-30": "", "2010-03-31": "", "2009-12-31": "", "2009-09-30": "", "2009-06-30": "", "2009-03-31": "", "2008-12-31": "", "2008-09-30": "", "2008-06-30": "", "2008-03-31": "", "2007-12-31": "", "2007-09-30": "", "2007-06-30": "", "2007-03-31": "", "2006-12-31": "", "2006-09-30": "", "2006-06-30": "", "2006-03-31": "", "2005-12-31": "", "2005-09-30": "", "2005-06-30": "", "2005-03-31": ""}, "SG&A Expenses": {"2020-12-31": "168.10800", "2020-09-30": "158.19300", "2020-06-30": "197.45800", "2020-03-31": "234.71800", "2019-12-31": "132.21800", "2019-09-30": "138.77100", "2019-06-30": "132.61000", "2019-03-31": "118.92400", "2018-12-31": "126.15200", "2018-09-30": "120.09900", "2018-06-30": "114.74500", "2018-03-31": "107.46000", "2017-12-31": "107.07900", "2017-09-30": "104.73200", "2017-06-30": "73.91700", "2017-03-31": "63.83700", "2016-12-31": "61.40960", "2016-09-30": "62.53680", "2016-06-30": "59.38410", "2016-03-31": "55.25460", "2015-12-31": "54.24480", "2015-09-30": "44.48380", "2015-06-30": "37.64700", "2015-03-31": "36.91870", "2014-12-31": "36.19770", "2014-09-30": "34.97460", "2014-06-30": "33.91860", "2014-03-31": "33.89580", "2013-12-31": "34.61500", "2013-09-30": "33.76120", "2013-06-30": "33.38760", "2013-03-31": "34.09140", "2012-12-31": "36.65580", "2012-09-30": "34.30750", "2012-06-30": "33.86350", "2012-03-31": "36.16790", "2011-12-31": "39.09730", "2011-09-30": "38.59220", "2011-06-30": "40.22860", "2011-03-31": "40.12410", "2010-12-31": "40.87860", "2010-09-30": "41.81870", "2010-06-30": "66.25400", "2010-03-31": "48.64650", "2009-12-31": "50.65670", "2009-09-30": "48.63760", "2009-06-30": "94.76230", "2009-03-31": "38.09400", "2008-12-31": "25.49880", "2008-09-30": "24.49780", "2008-06-30": "23.75530", "2008-03-31": "23.21100", "2007-12-31": "18.64270", "2007-09-30": "15.36600", "2007-06-30": "14.86860", "2007-03-31": "13.39590", "2006-12-31": "13.53310", "2006-09-30": "12.88780", "2006-06-30": "13.37490", "2006-03-31": "7.14140", "2005-12-31": "6.66880", "2005-09-30": "5.88710", "2005-06-30": "5.44590", "2005-03-31": "5.18210"}, "Other Operating Income Or Expenses": {"2020-12-31": "", "2020-09-30": "", "2020-06-30": "", "2020-03-31": "", "2019-12-31": "", "2019-09-30": "", "2019-06-30": "", "2019-03-31": "", "2018-12-31": "", "2018-09-30": "", "2018-06-30": "", "2018-03-31": "", "2017-12-31": "", "2017-09-30": "", "2017-06-30": "", "2017-03-31": "", "2016-12-31": "", "2016-09-30": "", "2016-06-30": "", "2016-03-31": "", "2015-12-31": "", "2015-09-30": "", "2015-06-30": "", "2015-03-31": "", "2014-12-31": "", "2014-09-30": "", "2014-06-30": "", "2014-03-31": "", "2013-12-31": "", "2013-09-30": "", "2013-06-30": "", "2013-03-31": "", "2012-12-31": "", "2012-09-30": "", "2012-06-30": "", "2012-03-31": "", "2011-12-31": "", "2011-09-30": "", "2011-06-30": "", "2011-03-31": "", "2010-12-31": "", "2010-09-30": "", "2010-06-30": "", "2010-03-31": "", "2009-12-31": "", "2009-09-30": "", "2009-06-30": "", "2009-03-31": "", "2008-12-31": "", "2008-09-30": "", "2008-06-30": "", "2008-03-31": "", "2007-12-31": "", "2007-09-30": "", "2007-06-30": "", "2007-03-31": "", "2006-12-31": "", "2006-09-30": "", "2006-06-30": "", "2006-03-31": "", "2005-12-31": "", "2005-09-30": "", "2005-06-30": "", "2005-03-31": ""}, "Operating Expenses": {"2020-12-31": "206.54700", "2020-09-30": "203.20400", "2020-06-30": "251.01800", "2020-03-31": "306.75500", "2019-12-31": "209.39500", "2019-09-30": "221.14400", "2019-06-30": "211.81400", "2019-03-31": "191.87200", "2018-12-31": "194.60800", "2018-09-30": "181.40500", "2018-06-30": "166.15200", "2018-03-31": "147.21500", "2017-12-31": "143.50400", "2017-09-30": "136.79500", "2017-06-30": "92.50500", "2017-03-31": "78.40900", "2016-12-31": "74.62590", "2016-09-30": "74.70650", "2016-06-30": "68.94910", "2016-03-31": "63.19950", "2015-12-31": "61.48320", "2015-09-30": "50.21940", "2015-06-30": "41.54640", "2015-03-31": "40.55630", "2014-12-31": "39.65380", "2014-09-30": "38.45520", "2014-06-30": "37.49430", "2014-03-31": "37.51650", "2013-12-31": "38.29780", "2013-09-30": "37.61210", "2013-06-30": "37.58140", "2013-03-31": "39.01030", "2012-12-31": "42.29920", "2012-09-30": "40.49950", "2012-06-30": "40.31800", "2012-03-31": "43.17400", "2011-12-31": "46.96590", "2011-09-30": "47.83960", "2011-06-30": "50.93830", "2011-03-31": "52.04360", "2010-12-31": "54.64610", "2010-09-30": "57.15370", "2010-06-30": "82.23130", "2010-03-31": "65.52270", "2009-12-31": "67.83900", "2009-09-30": "67.30810", "2009-06-30": "115.44290", "2009-03-31": "59.67060", "2008-12-31": "49.66840", "2008-09-30": "47.87730", "2008-06-30": "45.60510", "2008-03-31": "48.77930", "2007-12-31": "40.56840", "2007-09-30": "35.26860", "2007-06-30": "33.23110", "2007-03-31": "30.56850", "2006-12-31": "29.98340", "2006-09-30": "27.60350", "2006-06-30": "25.30020", "2006-03-31": "14.57670", "2005-12-31": "12.50000", "2005-09-30": "10.81020", "2005-06-30": "9.19450", "2005-03-31": "7.94890"}, "Operating Income": {"2020-12-31": "133.94400", "2020-09-30": "137.04900", "2020-06-30": "73.67400", "2020-03-31": "26.69100", "2019-12-31": "118.52000", "2019-09-30": "137.22400", "2019-06-30": "124.71900", "2019-03-31": "117.07400", "2018-12-31": "118.75690", "2018-09-30": "118.18300", "2018-06-30": "112.77100", "2018-03-31": "108.49600", "2017-12-31": "101.06900", "2017-09-30": "108.34900", "2017-06-30": "66.29500", "2017-03-31": "54.11600", "2016-12-31": "57.60980", "2016-09-30": "54.36510", "2016-06-30": "47.52550", "2016-03-31": "43.63060", "2015-12-31": "42.92110", "2015-09-30": "38.38320", "2015-06-30": "33.97510", "2015-03-31": "32.61560", "2014-12-31": "28.26370", "2014-09-30": "27.21480", "2014-06-30": "25.66760", "2014-03-31": "24.50670", "2013-12-31": "22.59500", "2013-09-30": "21.95240", "2013-06-30": "21.28870", "2013-03-31": "20.04840", "2012-12-31": "18.01170", "2012-09-30": "16.37100", "2012-06-30": "15.54530", "2012-03-31": "12.59940", "2011-12-31": "9.20670", "2011-09-30": "9.12800", "2011-06-30": "6.66030", "2011-03-31": "3.50470", "2010-12-31": "3.09920", "2010-09-30": "2.09100", "2010-06-30": "-20.73360", "2010-03-31": "-4.34690", "2009-12-31": "-5.93460", "2009-09-30": "-7.12920", "2009-06-30": "-54.81220", "2009-03-31": "2.98320", "2008-12-31": "11.64460", "2008-09-30": "13.24840", "2008-06-30": "12.22730", "2008-03-31": "11.74950", "2007-12-31": "9.38140", "2007-09-30": "8.40970", "2007-06-30": "7.82830", "2007-03-31": "8.19640", "2006-12-31": "8.19190", "2006-09-30": "8.16040", "2006-06-30": "7.38460", "2006-03-31": "4.28200", "2005-12-31": "3.11900", "2005-09-30": "2.86760", "2005-06-30": "2.76230", "2005-03-31": "2.49860"}, "Total Non-Operating Income/Expense": {"2020-12-31": "", "2020-09-30": "", "2020-06-30": "", "2020-03-31": "", "2019-12-31": "", "2019-09-30": "", "2019-06-30": "", "2019-03-31": "", "2018-12-31": "0.00000", "2018-09-30": "", "2018-06-30": "-2.90600", "2018-03-31": "-5.35300", "2017-12-31": "-19.10300", "2017-09-30": "-8.84700", "2017-06-30": "-3.22100", "2017-03-31": "-0.67200", "2016-12-31": "-3.26460", "2016-09-30": "-5.67270", "2016-06-30": "-0.98020", "2016-03-31": "-1.82950", "2015-12-31": "-2.48940", "2015-09-30": "-2.24860", "2015-06-30": "-0.05910", "2015-03-31": "", "2014-12-31": "", "2014-09-30": "", "2014-06-30": "", "2014-03-31": "", "2013-12-31": "", "2013-09-30": "", "2013-06-30": "", "2013-03-31": "", "2012-12-31": "", "2012-09-30": "", "2012-06-30": "", "2012-03-31": "", "2011-12-31": "", "2011-09-30": "", "2011-06-30": "", "2011-03-31": "", "2010-12-31": "", "2010-09-30": "", "2010-06-30": "", "2010-03-31": "", "2009-12-31": "", "2009-09-30": "", "2009-06-30": "", "2009-03-31": "", "2008-12-31": "-1.49660", "2008-09-30": "-1.16520", "2008-06-30": "-1.34930", "2008-03-31": "-3.10580", "2007-12-31": "", "2007-09-30": "", "2007-06-30": "", "2007-03-31": "", "2006-12-31": "-0.05310", "2006-09-30": "-0.21820", "2006-06-30": "-0.92120", "2006-03-31": "-0.44330", "2005-12-31": "", "2005-09-30": "", "2005-06-30": "", "2005-03-31": ""}, "Pre-Tax Income": {"2020-12-31": "133.94400", "2020-09-30": "137.04900", "2020-06-30": "73.67400", "2020-03-31": "26.69100", "2019-12-31": "118.52000", "2019-09-30": "137.22400", "2019-06-30": "124.71900", "2019-03-31": "117.07400", "2018-12-31": "118.75700", "2018-09-30": "118.18300", "2018-06-30": "109.86500", "2018-03-31": "103.14300", "2017-12-31": "81.96600", "2017-09-30": "99.50200", "2017-06-30": "63.07400", "2017-03-31": "53.44400", "2016-12-31": "54.34510", "2016-09-30": "48.69240", "2016-06-30": "46.54540", "2016-03-31": "41.80110", "2015-12-31": "40.43170", "2015-09-30": "36.13460", "2015-06-30": "33.91600", "2015-03-31": "32.61560", "2014-12-31": "28.26370", "2014-09-30": "27.21480", "2014-06-30": "25.66760", "2014-03-31": "24.50670", "2013-12-31": "22.59500", "2013-09-30": "21.95240", "2013-06-30": "21.28870", "2013-03-31": "20.04840", "2012-12-31": "18.01170", "2012-09-30": "16.37100", "2012-06-30": "15.54530", "2012-03-31": "12.59940", "2011-12-31": "9.20670", "2011-09-30": "9.12800", "2011-06-30": "6.66030", "2011-03-31": "3.50470", "2010-12-31": "3.09920", "2010-09-30": "2.09100", "2010-06-30": "-20.73360", "2010-03-31": "-4.34690", "2009-12-31": "-5.93460", "2009-09-30": "-7.12920", "2009-06-30": "-54.81220", "2009-03-31": "2.98320", "2008-12-31": "11.63600", "2008-09-30": "12.08330", "2008-06-30": "10.87800", "2008-03-31": "8.64370", "2007-12-31": "8.59920", "2007-09-30": "8.40970", "2007-06-30": "7.82830", "2007-03-31": "8.19640", "2006-12-31": "8.13880", "2006-09-30": "7.94220", "2006-06-30": "6.46340", "2006-03-31": "3.83870", "2005-12-31": "3.11900", "2005-09-30": "2.86760", "2005-06-30": "2.76230", "2005-03-31": "2.49860"}, "Income Taxes": {"2020-12-31": "23.06800", "2020-09-30": "26.40400", "2020-06-30": "11.23000", "2020-03-31": "-1.66500", "2019-12-31": "22.44100", "2019-09-30": "26.70300", "2019-06-30": "24.39800", "2019-03-31": "23.11400", "2018-12-31": "23.43900", "2018-09-30": "24.43600", "2018-06-30": "23.00000", "2018-03-31": "19.63300", "2017-12-31": "55.16800", "2017-09-30": "35.06000", "2017-06-30": "19.98800", "2017-03-31": "13.79100", "2016-12-31": "18.24840", "2016-09-30": "16.31620", "2016-06-30": "15.75860", "2016-03-31": "13.83590", "2015-12-31": "13.57760", "2015-09-30": "11.98590", "2015-06-30": "11.25220", "2015-03-31": "10.77290", "2014-12-31": "9.52640", "2014-09-30": "9.01790", "2014-06-30": "8.49760", "2014-03-31": "8.13960", "2013-12-31": "7.27440", "2013-09-30": "7.30540", "2013-06-30": "6.97820", "2013-03-31": "6.60030", "2012-12-31": "6.28150", "2012-09-30": "5.02190", "2012-06-30": "5.10570", "2012-03-31": "4.23440", "2011-12-31": "1.44690", "2011-09-30": "-16.97300", "2011-06-30": "0.28840", "2011-03-31": "0.00000", "2010-12-31": "-0.69660", "2010-09-30": "0.00000", "2010-06-30": "5.63040", "2010-03-31": "-0.52370", "2009-12-31": "-3.46730", "2009-09-30": "-3.78200", "2009-06-30": "-23.03640", "2009-03-31": "0.89300", "2008-12-31": "3.58310", "2008-09-30": "3.28810", "2008-06-30": "2.91690", "2008-03-31": "2.57900", "2007-12-31": "2.35740", "2007-09-30": "2.63790", "2007-06-30": "2.40240", "2007-03-31": "2.59450", "2006-12-31": "2.49290", "2006-09-30": "2.59550", "2006-06-30": "2.14090", "2006-03-31": "1.22680", "2005-12-31": "0.88090", "2005-09-30": "0.78940", "2005-06-30": "0.80320", "2005-03-31": "0.71890"}, "Income After Taxes": {"2020-12-31": "110.87600", "2020-09-30": "110.64500", "2020-06-30": "62.44400", "2020-03-31": "28.35600", "2019-12-31": "96.07900", "2019-09-30": "110.52100", "2019-06-30": "100.32100", "2019-03-31": "93.96000", "2018-12-31": "95.31800", "2018-09-30": "93.74700", "2018-06-30": "86.86500", "2018-03-31": "83.51000", "2017-12-31": "26.79800", "2017-09-30": "64.44200", "2017-06-30": "43.08600", "2017-03-31": "39.65300", "2016-12-31": "36.09680", "2016-09-30": "32.37620", "2016-06-30": "30.78680", "2016-03-31": "27.96530", "2015-12-31": "26.85410", "2015-09-30": "24.14880", "2015-06-30": "22.66380", "2015-03-31": "21.84270", "2014-12-31": "18.73720", "2014-09-30": "18.19680", "2014-06-30": "17.17000", "2014-03-31": "16.36710", "2013-12-31": "15.32060", "2013-09-30": "14.64700", "2013-06-30": "14.31050", "2013-03-31": "13.44810", "2012-12-31": "11.73020", "2012-09-30": "11.34910", "2012-06-30": "10.43960", "2012-03-31": "8.36500", "2011-12-31": "7.75980", "2011-09-30": "26.10100", "2011-06-30": "6.37180", "2011-03-31": "3.50470", "2010-12-31": "3.79580", "2010-09-30": "2.09100", "2010-06-30": "-26.36400", "2010-03-31": "-3.82320", "2009-12-31": "-2.46730", "2009-09-30": "-3.34720", "2009-06-30": "-31.77580", "2009-03-31": "2.09020", "2008-12-31": "8.05290", "2008-09-30": "8.79510", "2008-06-30": "7.96110", "2008-03-31": "6.06480", "2007-12-31": "6.24180", "2007-09-30": "5.77180", "2007-06-30": "5.42590", "2007-03-31": "5.60180", "2006-12-31": "5.64590", "2006-09-30": "5.34680", "2006-06-30": "4.32250", "2006-03-31": "2.61190", "2005-12-31": "2.23810", "2005-09-30": "2.07820", "2005-06-30": "1.95920", "2005-03-31": "1.77980"}, "Other Income": {"2020-12-31": "", "2020-09-30": "", "2020-06-30": "", "2020-03-31": "", "2019-12-31": "", "2019-09-30": "", "2019-06-30": "", "2019-03-31": "", "2018-12-31": "", "2018-09-30": "", "2018-06-30": "", "2018-03-31": "", "2017-12-31": "", "2017-09-30": "", "2017-06-30": "", "2017-03-31": "", "2016-12-31": "", "2016-09-30": "", "2016-06-30": "", "2016-03-31": "", "2015-12-31": "", "2015-09-30": "", "2015-06-30": "", "2015-03-31": "", "2014-12-31": "", "2014-09-30": "", "2014-06-30": "", "2014-03-31": "", "2013-12-31": "", "2013-09-30": "", "2013-06-30": "", "2013-03-31": "", "2012-12-31": "", "2012-09-30": "", "2012-06-30": "", "2012-03-31": "", "2011-12-31": "", "2011-09-30": "", "2011-06-30": "", "2011-03-31": "", "2010-12-31": "", "2010-09-30": "", "2010-06-30": "", "2010-03-31": "", "2009-12-31": "", "2009-09-30": "", "2009-06-30": "", "2009-03-31": "", "2008-12-31": "", "2008-09-30": "", "2008-06-30": "", "2008-03-31": "", "2007-12-31": "", "2007-09-30": "", "2007-06-30": "", "2007-03-31": "", "2006-12-31": "", "2006-09-30": "", "2006-06-30": "", "2006-03-31": "", "2005-12-31": "", "2005-09-30": "", "2005-06-30": "", "2005-03-31": ""}, "Income From Continuous Operations": {"2020-12-31": "110.87600", "2020-09-30": "110.64500", "2020-06-30": "62.44400", "2020-03-31": "28.35600", "2019-12-31": "96.07900", "2019-09-30": "110.52100", "2019-06-30": "100.32100", "2019-03-31": "93.96000", "2018-12-31": "95.31800", "2018-09-30": "93.74700", "2018-06-30": "86.86500", "2018-03-31": "83.51000", "2017-12-31": "26.79800", "2017-09-30": "64.44200", "2017-06-30": "43.08600", "2017-03-31": "39.65300", "2016-12-31": "36.09680", "2016-09-30": "32.37620", "2016-06-30": "30.78680", "2016-03-31": "27.96530", "2015-12-31": "26.85410", "2015-09-30": "24.14880", "2015-06-30": "22.66380", "2015-03-31": "21.84270", "2014-12-31": "18.73720", "2014-09-30": "18.19680", "2014-06-30": "17.17000", "2014-03-31": "16.36710", "2013-12-31": "15.32060", "2013-09-30": "14.64700", "2013-06-30": "14.31050", "2013-03-31": "13.44810", "2012-12-31": "11.73020", "2012-09-30": "11.34910", "2012-06-30": "10.43960", "2012-03-31": "8.36500", "2011-12-31": "7.75980", "2011-09-30": "26.10100", "2011-06-30": "6.37180", "2011-03-31": "3.50470", "2010-12-31": "3.79580", "2010-09-30": "2.09100", "2010-06-30": "-26.36400", "2010-03-31": "-3.82320", "2009-12-31": "-2.46730", "2009-09-30": "-3.34720", "2009-06-30": "-31.77580", "2009-03-31": "2.09020", "2008-12-31": "8.05290", "2008-09-30": "8.79510", "2008-06-30": "7.96110", "2008-03-31": "6.06480", "2007-12-31": "6.24180", "2007-09-30": "5.77180", "2007-06-30": "5.42590", "2007-03-31": "5.60180", "2006-12-31": "5.64590", "2006-09-30": "5.34680", "2006-06-30": "4.32250", "2006-03-31": "2.61190", "2005-12-31": "2.23810", "2005-09-30": "2.07820", "2005-06-30": "1.95920", "2005-03-31": "1.77980"}, "Income From Discontinued Operations": {"2020-12-31": "", "2020-09-30": "", "2020-06-30": "", "2020-03-31": "", "2019-12-31": "", "2019-09-30": "", "2019-06-30": "", "2019-03-31": "", "2018-12-31": "", "2018-09-30": "", "2018-06-30": "", "2018-03-31": "", "2017-12-31": "", "2017-09-30": "", "2017-06-30": "", "2017-03-31": "", "2016-12-31": "", "2016-09-30": "", "2016-06-30": "", "2016-03-31": "", "2015-12-31": "", "2015-09-30": "", "2015-06-30": "", "2015-03-31": "", "2014-12-31": "", "2014-09-30": "", "2014-06-30": "", "2014-03-31": "", "2013-12-31": "", "2013-09-30": "", "2013-06-30": "", "2013-03-31": "", "2012-12-31": "", "2012-09-30": "", "2012-06-30": "", "2012-03-31": "", "2011-12-31": "", "2011-09-30": "", "2011-06-30": "", "2011-03-31": "", "2010-12-31": "", "2010-09-30": "", "2010-06-30": "", "2010-03-31": "", "2009-12-31": "", "2009-09-30": "", "2009-06-30": "", "2009-03-31": "", "2008-12-31": "", "2008-09-30": "", "2008-06-30": "", "2008-03-31": "", "2007-12-31": "", "2007-09-30": "", "2007-06-30": "", "2007-03-31": "", "2006-12-31": "", "2006-09-30": "", "2006-06-30": "", "2006-03-31": "", "2005-12-31": "", "2005-09-30": "", "2005-06-30": "", "2005-03-31": ""}, "Net Income": {"2020-12-31": "107.07800", "2020-09-30": "106.84700", "2020-06-30": "62.44400", "2020-03-31": "28.35600", "2019-12-31": "96.07900", "2019-09-30": "110.52100", "2019-06-30": "100.32100", "2019-03-31": "93.96000", "2018-12-31": "95.31800", "2018-09-30": "93.74700", "2018-06-30": "86.86500", "2018-03-31": "83.51000", "2017-12-31": "26.79800", "2017-09-30": "64.44200", "2017-06-30": "43.08600", "2017-03-31": "39.65300", "2016-12-31": "36.09680", "2016-09-30": "32.37620", "2016-06-30": "30.78680", "2016-03-31": "27.96530", "2015-12-31": "26.85410", "2015-09-30": "24.14880", "2015-06-30": "22.66380", "2015-03-31": "21.84270", "2014-12-31": "18.73720", "2014-09-30": "18.19680", "2014-06-30": "17.17000", "2014-03-31": "16.36710", "2013-12-31": "15.32060", "2013-09-30": "14.64700", "2013-06-30": "14.31050", "2013-03-31": "13.44810", "2012-12-31": "11.73020", "2012-09-30": "11.34910", "2012-06-30": "7.78480", "2012-03-31": "7.20580", "2011-12-31": "5.68070", "2011-09-30": "24.53730", "2011-06-30": "4.84350", "2011-03-31": "2.01130", "2010-12-31": "2.24830", "2010-09-30": "0.54900", "2010-06-30": "-27.87120", "2010-03-31": "-5.36870", "2009-12-31": "-3.97610", "2009-09-30": "-4.85120", "2009-06-30": "-33.24610", "2009-03-31": "0.64340", "2008-12-31": "7.74350", "2008-09-30": "8.79510", "2008-06-30": "7.96110", "2008-03-31": "6.06480", "2007-12-31": "6.24180", "2007-09-30": "5.77180", "2007-06-30": "5.42590", "2007-03-31": "5.60180", "2006-12-31": "5.64590", "2006-09-30": "5.34680", "2006-06-30": "4.32250", "2006-03-31": "2.61190", "2005-12-31": "2.23810", "2005-09-30": "2.07820", "2005-06-30": "1.95920", "2005-03-31": "1.77980"}, "EBITDA": {"2020-12-31": "", "2020-09-30": "", "2020-06-30": "", "2020-03-31": "", "2019-12-31": "", "2019-09-30": "", "2019-06-30": "", "2019-03-31": "", "2018-12-31": "", "2018-09-30": "", "2018-06-30": "", "2018-03-31": "", "2017-12-31": "", "2017-09-30": "", "2017-06-30": "", "2017-03-31": "", "2016-12-31": "", "2016-09-30": "", "2016-06-30": "", "2016-03-31": "", "2015-12-31": "", "2015-09-30": "", "2015-06-30": "", "2015-03-31": "", "2014-12-31": "", "2014-09-30": "", "2014-06-30": "", "2014-03-31": "", "2013-12-31": "", "2013-09-30": "", "2013-06-30": "", "2013-03-31": "", "2012-12-31": "", "2012-09-30": "", "2012-06-30": "", "2012-03-31": "", "2011-12-31": "", "2011-09-30": "", "2011-06-30": "", "2011-03-31": "", "2010-12-31": "", "2010-09-30": "", "2010-06-30": "", "2010-03-31": "", "2009-12-31": "", "2009-09-30": "", "2009-06-30": "", "2009-03-31": "", "2008-12-31": "", "2008-09-30": "", "2008-06-30": "", "2008-03-31": "", "2007-12-31": "", "2007-09-30": "", "2007-06-30": "", "2007-03-31": "", "2006-12-31": "", "2006-09-30": "", "2006-06-30": "", "2006-03-31": "", "2005-12-31": "", "2005-09-30": "", "2005-06-30": "", "2005-03-31": ""}, "EBIT": {"2020-12-31": "", "2020-09-30": "", "2020-06-30": "", "2020-03-31": "", "2019-12-31": "", "2019-09-30": "", "2019-06-30": "", "2019-03-31": "", "2018-12-31": "", "2018-09-30": "", "2018-06-30": "", "2018-03-31": "", "2017-12-31": "", "2017-09-30": "", "2017-06-30": "", "2017-03-31": "", "2016-12-31": "", "2016-09-30": "", "2016-06-30": "", "2016-03-31": "", "2015-12-31": "", "2015-09-30": "", "2015-06-30": "", "2015-03-31": "", "2014-12-31": "", "2014-09-30": "", "2014-06-30": "", "2014-03-31": "", "2013-12-31": "", "2013-09-30": "", "2013-06-30": "", "2013-03-31": "", "2012-12-31": "", "2012-09-30": "", "2012-06-30": "", "2012-03-31": "", "2011-12-31": "", "2011-09-30": "", "2011-06-30": "", "2011-03-31": "", "2010-12-31": "", "2010-09-30": "", "2010-06-30": "", "2010-03-31": "", "2009-12-31": "", "2009-09-30": "", "2009-06-30": "", "2009-03-31": "", "2008-12-31": "", "2008-09-30": "", "2008-06-30": "", "2008-03-31": "", "2007-12-31": "", "2007-09-30": "", "2007-06-30": "", "2007-03-31": "", "2006-12-31": "", "2006-09-30": "", "2006-06-30": "", "2006-03-31": "", "2005-12-31": "", "2005-09-30": "", "2005-06-30": "", "2005-03-31": ""}, "Basic Shares Outstanding": {"2020-12-31": "75.25400", "2020-09-30": "75.24100", "2020-06-30": "75.21100", "2020-03-31": "75.80340", "2019-12-31": "76.36400", "2019-09-30": "76.30100", "2019-06-30": "76.34400", "2019-03-31": "76.80320", "2018-12-31": "77.11100", "2018-09-30": "77.14500", "2018-06-30": "77.12400", "2018-03-31": "77.07800", "2017-12-31": "63.76100", "2017-09-30": "76.67900", "2017-06-30": "53.09800", "2017-03-31": "48.02200", "2016-12-31": "43.03700", "2016-09-30": "45.29400", "2016-06-30": "41.27400", "2016-03-31": "40.08300", "2015-12-31": "37.01500", "2015-09-30": "37.82830", "2015-06-30": "35.12890", "2015-03-31": "35.04100", "2014-12-31": "34.72300", "2014-09-30": "34.76200", "2014-06-30": "34.69790", "2014-03-31": "34.60200", "2013-12-31": "34.20100", "2013-09-30": "34.28300", "2013-06-30": "34.17200", "2013-03-31": "33.98700", "2012-12-31": "33.89960", "2012-09-30": "33.93900", "2012-06-30": "33.88600", "2012-03-31": "33.81200", "2011-12-31": "33.42000", "2011-09-30": "33.37300", "2011-06-30": "33.45400", "2011-03-31": "33.36600", "2010-12-31": "32.78900", "2010-09-30": "32.85700", "2010-06-30": "32.67500", "2010-03-31": "32.55800", "2009-12-31": "28.39600", "2009-09-30": "32.46100", "2009-06-30": "24.96500", "2009-03-31": "23.51100", "2008-12-31": "22.79400", "2008-09-30": "23.17500", "2008-06-30": "22.35700", "2008-03-31": "22.33100", "2007-12-31": "16.10000", "2007-09-30": "15.50300", "2007-06-30": "15.49500", "2007-03-31": "15.43300", "2006-12-31": "13.95400", "2006-09-30": "15.39400", "2006-06-30": "15.33600", "2006-03-31": "9.57900", "2005-12-31": "8.40900", "2005-09-30": "8.41800", "2005-06-30": "8.40100", "2005-03-31": "8.38900"}, "Shares Outstanding": {"2020-12-31": "75.58400", "2020-09-30": "75.36000", "2020-06-30": "75.32300", "2020-03-31": "75.96630", "2019-12-31": "76.76400", "2019-09-30": "76.55600", "2019-06-30": "76.61200", "2019-03-31": "77.12770", "2018-12-31": "77.45000", "2018-09-30": "77.49100", "2018-06-30": "77.46800", "2018-03-31": "77.36600", "2017-12-31": "64.32800", "2017-09-30": "77.23200", "2017-06-30": "53.66600", "2017-03-31": "48.51800", "2016-12-31": "43.73200", "2016-09-30": "45.91800", "2016-06-30": "41.97400", "2016-03-31": "40.84700", "2015-12-31": "37.97400", "2015-09-30": "38.79280", "2015-06-30": "35.55470", "2015-03-31": "35.38100", "2014-12-31": "35.12700", "2014-09-30": "35.15500", "2014-06-30": "35.08170", "2014-03-31": "34.96700", "2013-12-31": "34.50900", "2013-09-30": "34.60600", "2013-06-30": "34.43100", "2013-03-31": "34.20600", "2012-12-31": "34.48800", "2012-09-30": "34.52300", "2012-06-30": "34.47100", "2012-03-31": "34.42400", "2011-12-31": "34.06000", "2011-09-30": "33.99400", "2011-06-30": "34.09600", "2011-03-31": "34.01400", "2010-12-31": "32.78900", "2010-09-30": "33.57700", "2010-06-30": "32.67500", "2010-03-31": "32.55800", "2009-12-31": "28.39600", "2009-09-30": "32.46100", "2009-06-30": "24.96500", "2009-03-31": "24.81400", "2008-12-31": "24.05400", "2008-09-30": "24.43900", "2008-06-30": "23.62900", "2008-03-31": "23.48500", "2007-12-31": "17.25600", "2007-09-30": "16.60900", "2007-06-30": "16.66400", "2007-03-31": "16.61700", "2006-12-31": "15.15700", "2006-09-30": "16.65500", "2006-06-30": "16.50400", "2006-03-31": "10.74600", "2005-12-31": "9.46500", "2005-09-30": "9.49500", "2005-06-30": "9.43400", "2005-03-31": "9.43700"}, "Basic EPS": {"2020-12-31": "1.42000", "2020-09-30": "1.42000", "2020-06-30": "0.83000", "2020-03-31": "0.37000", "2019-12-31": "1.27000", "2019-09-30": "1.45000", "2019-06-30": "1.31000", "2019-03-31": "1.22000", "2018-12-31": "1.23000", "2018-09-30": "1.22000", "2018-06-30": "1.13000", "2018-03-31": "1.08000", "2017-12-31": "0.25000", "2017-09-30": "0.84000", "2017-06-30": "0.81000", "2017-03-31": "0.83000", "2016-12-31": "0.80000", "2016-09-30": "0.71000", "2016-06-30": "0.75000", "2016-03-31": "0.70000", "2015-12-31": "0.67000", "2015-09-30": "0.64000", "2015-06-30": "0.65000", "2015-03-31": "0.62000", "2014-12-31": "0.55000", "2014-09-30": "0.52000", "2014-06-30": "0.49000", "2014-03-31": "0.47000", "2013-12-31": "0.44000", "2013-09-30": "0.43000", "2013-06-30": "0.42000", "2013-03-31": "0.40000", "2012-12-31": "0.35000", "2012-09-30": "0.33000", "2012-06-30": "0.23000", "2012-03-31": "0.21000", "2011-12-31": "0.17000", "2011-09-30": "0.74000", "2011-06-30": "0.14000", "2011-03-31": "0.06000", "2010-12-31": "0.06000", "2010-09-30": "0.02000", "2010-06-30": "-0.85000", "2010-03-31": "-0.16000", "2009-12-31": "-0.01000", "2009-09-30": "-0.15000", "2009-06-30": "-1.33000", "2009-03-31": "0.03000", "2008-12-31": "0.33000", "2008-09-30": "0.38000", "2008-06-30": "0.36000", "2008-03-31": "0.27000", "2007-12-31": "0.35000", "2007-09-30": "0.37000", "2007-06-30": "0.35000", "2007-03-31": "0.36000", "2006-12-31": "0.38000", "2006-09-30": "0.35000", "2006-06-30": "0.28000", "2006-03-31": "0.27000", "2005-12-31": "0.27000", "2005-09-30": "0.25000", "2005-06-30": "0.23000", "2005-03-31": "0.21000"}, "EPS - Earnings Per Share": {"2020-12-31": "1.42000", "2020-09-30": "1.42000", "2020-06-30": "0.83000", "2020-03-31": "0.37000", "2019-12-31": "1.25000", "2019-09-30": "1.44000", "2019-06-30": "1.31000", "2019-03-31": "1.22000", "2018-12-31": "1.23000", "2018-09-30": "1.21000", "2018-06-30": "1.12000", "2018-03-31": "1.08000", "2017-12-31": "0.25000", "2017-09-30": "0.83000", "2017-06-30": "0.80000", "2017-03-31": "0.82000", "2016-12-31": "0.79000", "2016-09-30": "0.71000", "2016-06-30": "0.73000", "2016-03-31": "0.68000", "2015-12-31": "0.64000", "2015-09-30": "0.62000", "2015-06-30": "0.64000", "2015-03-31": "0.62000", "2014-12-31": "0.53000", "2014-09-30": "0.52000", "2014-06-30": "0.49000", "2014-03-31": "0.47000", "2013-12-31": "0.44000", "2013-09-30": "0.42000", "2013-06-30": "0.42000", "2013-03-31": "0.39000", "2012-12-31": "0.33000", "2012-09-30": "0.33000", "2012-06-30": "0.23000", "2012-03-31": "0.21000", "2011-12-31": "0.17000", "2011-09-30": "0.72000", "2011-06-30": "0.14000", "2011-03-31": "0.06000", "2010-12-31": "0.06000", "2010-09-30": "0.02000", "2010-06-30": "-0.85000", "2010-03-31": "-0.16000", "2009-12-31": "-0.01000", "2009-09-30": "-0.15000", "2009-06-30": "-1.33000", "2009-03-31": "0.03000", "2008-12-31": "0.31000", "2008-09-30": "0.36000", "2008-06-30": "0.34000", "2008-03-31": "0.26000", "2007-12-31": "0.32000", "2007-09-30": "0.35000", "2007-06-30": "0.33000", "2007-03-31": "0.34000", "2006-12-31": "0.36000", "2006-09-30": "0.32000", "2006-06-30": "0.26000", "2006-03-31": "0.24000", "2005-12-31": "0.23000", "2005-09-30": "0.22000", "2005-06-30": "0.21000", "2005-03-31": "0.19000"}}, "balance sheet": {"Cash On Hand": {"2020-12-31": "3961.44900", "2019-12-31": "526.70700", "2018-12-31": "721.69200", "2017-12-31": "779.59600", "2016-12-31": "183.64540", "2015-12-31": "320.95140", "2014-12-31": "187.90750", "2013-12-31": "208.93870", "2012-12-31": "165.28870", "2011-12-31": "172.16310", "2010-12-31": "188.58620", "2009-12-31": "166.60210", "2008-12-31": "90.25280", "2007-12-31": "122.50390", "2006-12-31": "92.51890", "2005-12-31": "58.65430"}, "Receivables": {"2020-12-31": "", "2019-12-31": "", "2018-12-31": "", "2017-12-31": "", "2016-12-31": "", "2015-12-31": "", "2014-12-31": "", "2013-12-31": "", "2012-12-31": "", "2011-12-31": "", "2010-12-31": "", "2009-12-31": "", "2008-12-31": "", "2007-12-31": "", "2006-12-31": "", "2005-12-31": ""}, "Inventory": {"2020-12-31": "", "2019-12-31": "", "2018-12-31": "", "2017-12-31": "", "2016-12-31": "", "2015-12-31": "", "2014-12-31": "", "2013-12-31": "", "2012-12-31": "", "2011-12-31": "", "2010-12-31": "", "2009-12-31": "", "2008-12-31": "", "2007-12-31": "", "2006-12-31": "", "2005-12-31": ""}, "Pre-Paid Expenses": {"2020-12-31": "", "2019-12-31": "", "2018-12-31": "", "2017-12-31": "", "2016-12-31": "", "2015-12-31": "", "2014-12-31": "", "2013-12-31": "", "2012-12-31": "", "2011-12-31": "", "2010-12-31": "", "2009-12-31": "", "2008-12-31": "", "2007-12-31": "", "2006-12-31": "", "2005-12-31": ""}, "Other Current Assets": {"2020-12-31": "", "2019-12-31": "", "2018-12-31": "", "2017-12-31": "", "2016-12-31": "", "2015-12-31": "", "2014-12-31": "", "2013-12-31": "", "2012-12-31": "", "2011-12-31": "", "2010-12-31": "", "2009-12-31": "", "2008-12-31": "", "2007-12-31": "", "2006-12-31": "", "2005-12-31": ""}, "Total Current Assets": {"2020-12-31": "26324.00000", "2019-12-31": "20403.67000", "2018-12-31": "18475.47000", "2017-12-31": "16532.10000", "2016-12-31": "8673.12200", "2015-12-31": "6868.25900", "2014-12-31": "4741.60300", "2013-12-31": "4313.71900", "2012-12-31": "3864.08500", "2011-12-31": "3440.14600", "2010-12-31": "3351.02200", "2009-12-31": "3669.54900", "2008-12-31": "3451.71800", "2007-12-31": "2873.30900", "2006-12-31": "1590.80900", "2005-12-31": "708.56510"}, "Property, Plant, And Equipment": {"2020-12-31": "290.00100", "2019-12-31": "273.93200", "2018-12-31": "265.56000", "2017-12-31": "266.01400", "2016-12-31": "88.90410", "2015-12-31": "77.92360", "2014-12-31": "71.57600", "2013-12-31": "72.64960", "2012-12-31": "75.80490", "2011-12-31": "77.12740", "2010-12-31": "82.37420", "2009-12-31": "80.65090", "2008-12-31": "68.86520", "2007-12-31": "68.38600", "2006-12-31": "36.28580", "2005-12-31": "12.91560"}, "Long-Term Investments": {"2020-12-31": "4923.59600", "2019-12-31": "4007.02800", "2018-12-31": "3517.20500", "2017-12-31": "2757.71200", "2016-12-31": "1529.15700", "2015-12-31": "1055.32200", "2014-12-31": "808.79250", "2013-12-31": "766.47810", "2012-12-31": "734.11560", "2011-12-31": "941.94590", "2010-12-31": "1060.92000", "2009-12-31": "977.69320", "2008-12-31": "883.39720", "2007-12-31": "545.32140", "2006-12-31": "362.69500", "2005-12-31": "285.70300"}, "Goodwill And Intangible Assets": {"2020-12-31": "1862.14700", "2019-12-31": "1870.94100", "2018-12-31": "1853.28200", "2017-12-31": "1864.71200", "2016-12-31": "566.69790", "2015-12-31": "442.77280", "2014-12-31": "246.42210", "2013-12-31": "247.49170", "2012-12-31": "249.14370", "2011-12-31": "251.91880", "2010-12-31": "254.79540", "2009-12-31": "257.79320", "2008-12-31": "261.03180", "2007-12-31": "260.89960", "2006-12-31": "125.67270", "2005-12-31": ""}, "Other Long-Term Assets": {"2020-12-31": "1533.11700", "2019-12-31": "1249.92200", "2018-12-31": "919.52400", "2017-12-31": "785.16500", "2016-12-31": "336.74080", "2015-12-31": "270.26700", "2014-12-31": "149.85460", "2013-12-31": "163.43710", "2012-12-31": "117.39960", "2011-12-31": "152.81300", "2010-12-31": "159.89290", "2009-12-31": "143.12420", "2008-12-31": "89.06270", "2007-12-31": "46.25460", "2006-12-31": "26.72420", "2005-12-31": "9.58810"}, "Total Long-Term Assets": {"2020-12-31": "8608.86100", "2019-12-31": "7401.82300", "2018-12-31": "6555.57100", "2017-12-31": "5673.60300", "2016-12-31": "2521.50000", "2015-12-31": "1846.28500", "2014-12-31": "1276.64500", "2013-12-31": "1250.05700", "2012-12-31": "1176.46400", "2011-12-31": "1423.80500", "2010-12-31": "1557.98200", "2009-12-31": "1459.26100", "2008-12-31": "1302.35700", "2007-12-31": "920.86150", "2006-12-31": "551.37760", "2005-12-31": "308.20670"}, "Total Assets": {"2020-12-31": "34932.86000", "2019-12-31": "27805.50000", "2018-12-31": "25031.04000", "2017-12-31": "22205.70000", "2016-12-31": "11194.62000", "2015-12-31": "8714.54400", "2014-12-31": "6018.24800", "2013-12-31": "5563.77600", "2012-12-31": "5040.54900", "2011-12-31": "4863.95100", "2010-12-31": "4909.00400", "2009-12-31": "5128.81100", "2008-12-31": "4754.07500", "2007-12-31": "3794.17000", "2006-12-31": "2142.18700", "2005-12-31": "1016.77200"}, "Total Current Liabilities": {"2020-12-31": "27858.67000", "2019-12-31": "20349.56000", "2018-12-31": "18977.43000", "2017-12-31": "16597.44000", "2016-12-31": "8850.58700", "2015-12-31": "7053.09100", "2014-12-31": "4877.23100", "2013-12-31": "4604.73000", "2012-12-31": "4131.21600", "2011-12-31": "3788.16400", "2010-12-31": "3984.55000", "2009-12-31": "4105.62000", "2008-12-31": "3797.51300", "2007-12-31": "3131.62600", "2006-12-31": "1768.37900", "2005-12-31": "877.86950"}, "Long Term Debt": {"2020-12-31": "1758.50200", "2019-12-31": "2811.61400", "2018-12-31": "1928.71900", "2017-12-31": "1785.41400", "2016-12-31": "757.07230", "2015-12-31": "441.91070", "2014-12-31": "291.63470", "2013-12-31": "189.29560", "2012-12-31": "182.00870", "2011-12-31": "323.54480", "2010-12-31": "218.86900", "2009-12-31": "310.13080", "2008-12-31": "299.44220", "2007-12-31": "184.28010", "2006-12-31": "105.27380", "2005-12-31": "72.42900"}, "Other Non-Current Liabilities": {"2020-12-31": "411.07400", "2019-12-31": "288.56900", "2018-12-31": "158.95100", "2017-12-31": "114.89000", "2016-12-31": "90.26730", "2015-12-31": "63.93030", "2014-12-31": "46.68840", "2013-12-31": "46.04180", "2012-12-31": "48.25250", "2011-12-31": "42.09710", "2010-12-31": "28.12790", "2009-12-31": "12.03980", "2008-12-31": "29.82080", "2007-12-31": "11.65360", "2006-12-31": "12.51650", "2005-12-31": "3.03680"}, "Total Long Term Liabilities": {"2020-12-31": "2169.57600", "2019-12-31": "3100.18300", "2018-12-31": "2087.67000", "2017-12-31": "1900.30400", "2016-12-31": "847.33950", "2015-12-31": "505.84110", "2014-12-31": "338.32310", "2013-12-31": "235.33740", "2012-12-31": "230.26120", "2011-12-31": "365.64190", "2010-12-31": "246.99690", "2009-12-31": "322.17070", "2008-12-31": "329.26300", "2007-12-31": "195.93370", "2006-12-31": "117.79040", "2005-12-31": "75.46580"}, "Total Liabilities": {"2020-12-31": "30028.25000", "2019-12-31": "23449.75000", "2018-12-31": "21065.10000", "2017-12-31": "18497.75000", "2016-12-31": "9697.92700", "2015-12-31": "7558.93300", "2014-12-31": "5215.55400", "2013-12-31": "4840.06800", "2012-12-31": "4361.47700", "2011-12-31": "4153.80600", "2010-12-31": "4231.54600", "2009-12-31": "4427.79100", "2008-12-31": "4126.77600", "2007-12-31": "3327.56000", "2006-12-31": "1886.17000", "2005-12-31": "953.33530"}, "Common Stock Net": {"2020-12-31": "75.85000", "2019-12-31": "76.56400", "2018-12-31": "77.48400", "2017-12-31": "77.74000", "2016-12-31": "46.35940", "2015-12-31": "40.90610", "2014-12-31": "35.73250", "2013-12-31": "35.22190", "2012-12-31": "34.69660", "2011-12-31": "34.35500", "2010-12-31": "33.87040", "2009-12-31": "33.02970", "2008-12-31": "23.76210", "2007-12-31": "22.26480", "2006-12-31": "15.44610", "2005-12-31": "8.42660"}, "Retained Earnings (Accumulated Deficit)": {"2020-12-31": "1407.72300", "2019-12-31": "1184.18300", "2018-12-31": "833.13000", "2017-12-31": "519.14400", "2016-12-31": "381.07250", "2015-12-31": "278.57340", "2014-12-31": "201.37110", "2013-12-31": "142.29820", "2012-12-31": "87.38670", "2011-12-31": "49.78360", "2010-12-31": "12.99620", "2009-12-31": "43.37270", "2008-12-31": "84.38050", "2007-12-31": "54.15070", "2006-12-31": "31.10930", "2005-12-31": "13.18230"}, "Comprehensive Income": {"2020-12-31": "175.84900", "2019-12-31": "30.53400", "2018-12-31": "-52.10500", "2017-12-31": "-4.23600", "2016-12-31": "-14.22650", "2015-12-31": "-3.48520", "2014-12-31": "4.15840", "2013-12-31": "-4.02460", "2012-12-31": "13.22760", "2011-12-31": "17.33330", "2010-12-31": "5.62460", "2009-12-31": "7.44010", "2008-12-31": "7.06940", "2007-12-31": "-0.78250", "2006-12-31": "-2.04090", "2005-12-31": "-2.89360"}, "Other Share Holders Equity": {"2020-12-31": "", "2019-12-31": "", "2018-12-31": "", "2017-12-31": "", "2016-12-31": "", "2015-12-31": "", "2014-12-31": "", "2013-12-31": "", "2012-12-31": "", "2011-12-31": "", "2010-12-31": "", "2009-12-31": "", "2008-12-31": "", "2007-12-31": "", "2006-12-31": "", "2005-12-31": ""}, "Share Holder Equity": {"2020-12-31": "4904.61100", "2019-12-31": "4355.74800", "2018-12-31": "3965.94000", "2017-12-31": "3707.95200", "2016-12-31": "1496.69600", "2015-12-31": "1155.61100", "2014-12-31": "802.69340", "2013-12-31": "723.70760", "2012-12-31": "679.07140", "2011-12-31": "710.14460", "2010-12-31": "677.45730", "2009-12-31": "701.02020", "2008-12-31": "627.29840", "2007-12-31": "466.61030", "2006-12-31": "256.01700", "2005-12-31": "63.43640"}, "Total Liabilities And Share Holders Equity": {"2020-12-31": "34932.86000", "2019-12-31": "27805.50000", "2018-12-31": "25031.04000", "2017-12-31": "22205.70000", "2016-12-31": "11194.62000", "2015-12-31": "8714.54400", "2014-12-31": "6018.24800", "2013-12-31": "5563.77600", "2012-12-31": "5040.54900", "2011-12-31": "4863.95100", "2010-12-31": "4909.00400", "2009-12-31": "5128.81100", "2008-12-31": "4754.07500", "2007-12-31": "3794.17000", "2006-12-31": "2142.18700", "2005-12-31": "1016.77200"}}, "balance sheet, quarterly": {"Cash On Hand": {"2020-12-31": "3961.44900", "2020-09-30": "3043.32500", "2020-06-30": "2693.46100", "2020-03-31": "1024.36800", "2019-12-31": "526.70700", "2019-09-30": "920.30300", "2019-06-30": "627.58700", "2019-03-31": "485.49700", "2018-12-31": "721.69200", "2018-09-30": "551.08000", "2018-06-30": "646.92300", "2018-03-31": "368.76300", "2017-12-31": "779.59600", "2017-09-30": "408.28220", "2017-06-30": "538.78500", "2017-03-31": "192.67410", "2016-12-31": "183.64540", "2016-09-30": "256.97710", "2016-06-30": "471.78110", "2016-03-31": "382.57770", "2015-12-31": "320.95140", "2015-09-30": "327.03830", "2015-06-30": "272.94740", "2015-03-31": "293.77670", "2014-12-31": "187.90750", "2014-09-30": "217.56950", "2014-06-30": "211.10800", "2014-03-31": "170.93740", "2013-12-31": "208.93870", "2013-09-30": "211.14150", "2013-06-30": "241.17110", "2013-03-31": "99.55930", "2012-12-31": "165.28870", "2012-09-30": "148.13890", "2012-06-30": "210.81780", "2012-03-31": "132.06730", "2011-12-31": "172.16310", "2011-09-30": "180.53540", "2011-06-30": "216.25160", "2011-03-31": "140.77070", "2010-12-31": "188.58620", "2010-09-30": "250.57410", "2010-06-30": "238.70450", "2010-03-31": "95.28020", "2009-12-31": "166.60210", "2009-09-30": "121.02330", "2009-06-30": "109.64560", "2009-03-31": "153.29220", "2008-12-31": "90.25280", "2008-09-30": "91.39860", "2008-06-30": "145.21010", "2008-03-31": "116.28660", "2007-12-31": "122.50390", "2007-09-30": "81.20800", "2007-06-30": "106.00130", "2007-03-31": "87.66170", "2006-12-31": "92.51890", "2006-09-30": "112.99950", "2006-06-30": "112.86670", "2006-03-31": "79.59170", "2005-12-31": "58.65430", "2005-09-30": "97.07140", "2005-06-30": "59.15550", "2005-03-31": "44.92890"}, "Receivables": {"2020-12-31": "", "2020-09-30": "", "2020-06-30": "", "2020-03-31": "", "2019-12-31": "", "2019-09-30": "", "2019-06-30": "", "2019-03-31": "", "2018-12-31": "", "2018-09-30": "", "2018-06-30": "", "2018-03-31": "", "2017-12-31": "", "2017-09-30": "", "2017-06-30": "", "2017-03-31": "", "2016-12-31": "", "2016-09-30": "", "2016-06-30": "", "2016-03-31": "", "2015-12-31": "", "2015-09-30": "", "2015-06-30": "", "2015-03-31": "", "2014-12-31": "", "2014-09-30": "", "2014-06-30": "", "2014-03-31": "", "2013-12-31": "", "2013-09-30": "", "2013-06-30": "", "2013-03-31": "", "2012-12-31": "", "2012-09-30": "", "2012-06-30": "", "2012-03-31": "", "2011-12-31": "", "2011-09-30": "", "2011-06-30": "", "2011-03-31": "", "2010-12-31": "", "2010-09-30": "", "2010-06-30": "", "2010-03-31": "", "2009-12-31": "", "2009-09-30": "", "2009-06-30": "", "2009-03-31": "", "2008-12-31": "", "2008-09-30": "", "2008-06-30": "", "2008-03-31": "", "2007-12-31": "", "2007-09-30": "", "2007-06-30": "", "2007-03-31": "", "2006-12-31": "", "2006-09-30": "", "2006-06-30": "", "2006-03-31": "", "2005-12-31": "", "2005-09-30": "", "2005-06-30": "", "2005-03-31": ""}, "Inventory": {"2020-12-31": "", "2020-09-30": "", "2020-06-30": "", "2020-03-31": "", "2019-12-31": "", "2019-09-30": "", "2019-06-30": "", "2019-03-31": "", "2018-12-31": "", "2018-09-30": "", "2018-06-30": "", "2018-03-31": "", "2017-12-31": "", "2017-09-30": "", "2017-06-30": "", "2017-03-31": "", "2016-12-31": "", "2016-09-30": "", "2016-06-30": "", "2016-03-31": "", "2015-12-31": "", "2015-09-30": "", "2015-06-30": "", "2015-03-31": "", "2014-12-31": "", "2014-09-30": "", "2014-06-30": "", "2014-03-31": "", "2013-12-31": "", "2013-09-30": "", "2013-06-30": "", "2013-03-31": "", "2012-12-31": "", "2012-09-30": "", "2012-06-30": "", "2012-03-31": "", "2011-12-31": "", "2011-09-30": "", "2011-06-30": "", "2011-03-31": "", "2010-12-31": "", "2010-09-30": "", "2010-06-30": "", "2010-03-31": "", "2009-12-31": "", "2009-09-30": "", "2009-06-30": "", "2009-03-31": "", "2008-12-31": "", "2008-09-30": "", "2008-06-30": "", "2008-03-31": "", "2007-12-31": "", "2007-09-30": "", "2007-06-30": "", "2007-03-31": "", "2006-12-31": "", "2006-09-30": "", "2006-06-30": "", "2006-03-31": "", "2005-12-31": "", "2005-09-30": "", "2005-06-30": "", "2005-03-31": ""}, "Pre-Paid Expenses": {"2020-12-31": "", "2020-09-30": "", "2020-06-30": "", "2020-03-31": "", "2019-12-31": "", "2019-09-30": "", "2019-06-30": "", "2019-03-31": "", "2018-12-31": "", "2018-09-30": "", "2018-06-30": "", "2018-03-31": "", "2017-12-31": "", "2017-09-30": "", "2017-06-30": "", "2017-03-31": "", "2016-12-31": "", "2016-09-30": "", "2016-06-30": "", "2016-03-31": "", "2015-12-31": "", "2015-09-30": "", "2015-06-30": "", "2015-03-31": "", "2014-12-31": "", "2014-09-30": "", "2014-06-30": "", "2014-03-31": "", "2013-12-31": "", "2013-09-30": "", "2013-06-30": "", "2013-03-31": "", "2012-12-31": "", "2012-09-30": "", "2012-06-30": "", "2012-03-31": "", "2011-12-31": "", "2011-09-30": "", "2011-06-30": "", "2011-03-31": "", "2010-12-31": "", "2010-09-30": "", "2010-06-30": "", "2010-03-31": "", "2009-12-31": "", "2009-09-30": "", "2009-06-30": "", "2009-03-31": "", "2008-12-31": "", "2008-09-30": "", "2008-06-30": "", "2008-03-31": "", "2007-12-31": "", "2007-09-30": "", "2007-06-30": "", "2007-03-31": "", "2006-12-31": "", "2006-09-30": "", "2006-06-30": "", "2006-03-31": "", "2005-12-31": "", "2005-09-30": "", "2005-06-30": "", "2005-03-31": ""}, "Other Current Assets": {"2020-12-31": "", "2020-09-30": "", "2020-06-30": "", "2020-03-31": "", "2019-12-31": "", "2019-09-30": "", "2019-06-30": "", "2019-03-31": "", "2018-12-31": "", "2018-09-30": "", "2018-06-30": "", "2018-03-31": "", "2017-12-31": "", "2017-09-30": "", "2017-06-30": "", "2017-03-31": "", "2016-12-31": "", "2016-09-30": "", "2016-06-30": "", "2016-03-31": "", "2015-12-31": "", "2015-09-30": "", "2015-06-30": "", "2015-03-31": "", "2014-12-31": "", "2014-09-30": "", "2014-06-30": "", "2014-03-31": "", "2013-12-31": "", "2013-09-30": "", "2013-06-30": "", "2013-03-31": "", "2012-12-31": "", "2012-09-30": "", "2012-06-30": "", "2012-03-31": "", "2011-12-31": "", "2011-09-30": "", "2011-06-30": "", "2011-03-31": "", "2010-12-31": "", "2010-09-30": "", "2010-06-30": "", "2010-03-31": "", "2009-12-31": "", "2009-09-30": "", "2009-06-30": "", "2009-03-31": "", "2008-12-31": "", "2008-09-30": "", "2008-06-30": "", "2008-03-31": "", "2007-12-31": "", "2007-09-30": "", "2007-06-30": "", "2007-03-31": "", "2006-12-31": "", "2006-09-30": "", "2006-06-30": "", "2006-03-31": "", "2005-12-31": "", "2005-09-30": "", "2005-06-30": "", "2005-03-31": ""}, "Total Current Assets": {"2020-12-31": "26324.00000", "2020-09-30": "25428.89000", "2020-06-30": "25126.71000", "2020-03-31": "21375.05000", "2019-12-31": "20403.67000", "2019-09-30": "20347.77000", "2019-06-30": "19527.53000", "2019-03-31": "18720.92000", "2018-12-31": "18475.47000", "2018-09-30": "18067.29000", "2018-06-30": "17809.15000", "2018-03-31": "16804.35000", "2017-12-31": "16532.10000", "2017-09-30": "15782.61000", "2017-06-30": "15385.67000", "2017-03-31": "8891.87700", "2016-12-31": "8673.12200", "2016-09-30": "8535.21300", "2016-06-30": "7587.64500", "2016-03-31": "7219.37800", "2015-12-31": "6868.25900", "2015-09-30": "6688.68700", "2015-06-30": "5086.39700", "2015-03-31": "4917.91600", "2014-12-31": "4741.60300", "2014-09-30": "4608.74000", "2014-06-30": "4500.29300", "2014-03-31": "4316.29100", "2013-12-31": "4313.71900", "2013-09-30": "4146.29300", "2013-06-30": "4141.45800", "2013-03-31": "3849.77900", "2012-12-31": "3864.08500", "2012-09-30": "3659.23100", "2012-06-30": "3637.36500", "2012-03-31": "3438.11800", "2011-12-31": "3440.14600", "2011-09-30": "3386.45600", "2011-06-30": "3376.27100", "2011-03-31": "3304.51200", "2010-12-31": "3351.02200", "2010-09-30": "3456.67300", "2010-06-30": "3524.70400", "2010-03-31": "3514.87600", "2009-12-31": "3669.54900", "2009-09-30": "3679.27200", "2009-06-30": "3633.81200", "2009-03-31": "3624.32200", "2008-12-31": "3451.71800", "2008-09-30": "3291.75500", "2008-06-30": "3178.38700", "2008-03-31": "2983.25400", "2007-12-31": "2873.30900", "2007-09-30": "1812.21700", "2007-06-30": "1768.06300", "2007-03-31": "1647.30400", "2006-12-31": "1590.80900", "2006-09-30": "1522.64500", "2006-06-30": "1474.28200", "2006-03-31": "1316.55300", "2005-12-31": "708.56510", "2005-09-30": "704.19340", "2005-06-30": "619.07570", "2005-03-31": "561.42710"}, "Property, Plant, And Equipment": {"2020-12-31": "290.00100", "2020-09-30": "287.71100", "2020-06-30": "281.73900", "2020-03-31": "274.91900", "2019-12-31": "273.93200", "2019-09-30": "274.98300", "2019-06-30": "274.72900", "2019-03-31": "262.59500", "2018-12-31": "265.56000", "2018-09-30": "268.38700", "2018-06-30": "269.87600", "2018-03-31": "269.43900", "2017-12-31": "266.01400", "2017-09-30": "270.13620", "2017-06-30": "258.03720", "2017-03-31": "97.00400", "2016-12-31": "88.90410", "2016-09-30": "84.91630", "2016-06-30": "78.80010", "2016-03-31": "78.77170", "2015-12-31": "77.92360", "2015-09-30": "81.52700", "2015-06-30": "73.63320", "2015-03-31": "71.28150", "2014-12-31": "71.57600", "2014-09-30": "71.55130", "2014-06-30": "72.53410", "2014-03-31": "71.62740", "2013-12-31": "72.64960", "2013-09-30": "74.11780", "2013-06-30": "75.84090", "2013-03-31": "75.76070", "2012-12-31": "75.80490", "2012-09-30": "74.53670", "2012-06-30": "75.52590", "2012-03-31": "76.37890", "2011-12-31": "77.12740", "2011-09-30": "78.53470", "2011-06-30": "79.99960", "2011-03-31": "81.53250", "2010-12-31": "82.37420", "2010-09-30": "82.52840", "2010-06-30": "82.73900", "2010-03-31": "82.79090", "2009-12-31": "80.65090", "2009-09-30": "74.10580", "2009-06-30": "69.37560", "2009-03-31": "68.85560", "2008-12-31": "68.86520", "2008-09-30": "67.29660", "2008-06-30": "67.09660", "2008-03-31": "69.16850", "2007-12-31": "68.38600", "2007-09-30": "38.20890", "2007-06-30": "37.85460", "2007-03-31": "37.63870", "2006-12-31": "36.28580", "2006-09-30": "36.22210", "2006-06-30": "35.90520", "2006-03-31": "33.98930", "2005-12-31": "12.91560", "2005-09-30": "13.08270", "2005-06-30": "12.65850", "2005-03-31": "11.58300"}, "Long-Term Investments": {"2020-12-31": "4923.59600", "2020-09-30": "4792.37300", "2020-06-30": "4661.19200", "2020-03-31": "4375.49200", "2019-12-31": "4007.02800", "2019-09-30": "3850.21600", "2019-06-30": "3691.70900", "2019-03-31": "3683.91000", "2018-12-31": "3517.20500", "2018-09-30": "3420.88100", "2018-06-30": "3192.75200", "2018-03-31": "3208.00500", "2017-12-31": "2757.71200", "2017-09-30": "3112.53100", "2017-06-30": "2655.21800", "2017-03-31": "1815.50600", "2016-12-31": "1529.15700", "2016-09-30": "1449.78600", "2016-06-30": "1333.62500", "2016-03-31": "1251.42700", "2015-12-31": "1055.32200", "2015-09-30": "1085.75800", "2015-06-30": "923.02900", "2015-03-31": "886.92090", "2014-12-31": "808.79250", "2014-09-30": "786.62730", "2014-06-30": "815.56260", "2014-03-31": "807.49260", "2013-12-31": "766.47810", "2013-09-30": "774.42190", "2013-06-30": "758.26030", "2013-03-31": "751.31560", "2012-12-31": "734.11560", "2012-09-30": "765.15140", "2012-06-30": "836.10800", "2012-03-31": "884.75910", "2011-12-31": "941.94590", "2011-09-30": "985.53380", "2011-06-30": "968.26460", "2011-03-31": "1026.85000", "2010-12-31": "1060.92000", "2010-09-30": "1010.99800", "2010-06-30": "948.49520", "2010-03-31": "1030.84200", "2009-12-31": "977.69320", "2009-09-30": "970.40040", "2009-06-30": "963.01650", "2009-03-31": "903.61220", "2008-12-31": "883.39720", "2008-09-30": "654.46810", "2008-06-30": "546.42300", "2008-03-31": "530.13020", "2007-12-31": "545.32140", "2007-09-30": "369.64680", "2007-06-30": "356.78170", "2007-03-31": "357.13500", "2006-12-31": "362.69500", "2006-09-30": "342.03750", "2006-06-30": "316.21910", "2006-03-31": "325.57240", "2005-12-31": "285.70300", "2005-09-30": "253.08490", "2005-06-30": "232.72560", "2005-03-31": "206.15310"}, "Goodwill And Intangible Assets": {"2020-12-31": "1862.14700", "2020-09-30": "1864.52400", "2020-06-30": "1866.94200", "2020-03-31": "1868.42100", "2019-12-31": "1870.94100", "2019-09-30": "1870.00100", "2019-06-30": "1848.69900", "2019-03-31": "1850.97100", "2018-12-31": "1853.28200", "2018-09-30": "1855.85800", "2018-06-30": "1858.47400", "2018-03-31": "1862.31200", "2017-12-31": "1864.71200", "2017-09-30": "1862.31500", "2017-06-30": "1861.70500", "2017-03-31": "565.45420", "2016-12-31": "566.69790", "2016-09-30": "566.82030", "2016-06-30": "436.39460", "2016-03-31": "441.50790", "2015-12-31": "442.77280", "2015-09-30": "441.05660", "2015-06-30": "245.72910", "2015-03-31": "246.10850", "2014-12-31": "246.42210", "2014-09-30": "246.66230", "2014-06-30": "246.91560", "2014-03-31": "247.17130", "2013-12-31": "247.49170", "2013-09-30": "247.89510", "2013-06-30": "248.23430", "2013-03-31": "248.59410", "2012-12-31": "249.14370", "2012-09-30": "249.83170", "2012-06-30": "250.53540", "2012-03-31": "251.22770", "2011-12-31": "251.91880", "2011-09-30": "252.63930", "2011-06-30": "253.35650", "2011-03-31": "254.07240", "2010-12-31": "254.79540", "2010-09-30": "255.54630", "2010-06-30": "256.29080", "2010-03-31": "257.04490", "2009-12-31": "257.79320", "2009-09-30": "258.57610", "2009-06-30": "259.35290", "2009-03-31": "260.23270", "2008-12-31": "261.03180", "2008-09-30": "260.91030", "2008-06-30": "259.16690", "2008-03-31": "260.04340", "2007-12-31": "260.89960", "2007-09-30": "124.12540", "2007-06-30": "124.64110", "2007-03-31": "125.15690", "2006-12-31": "125.67270", "2006-09-30": "126.98450", "2006-06-30": "128.29020", "2006-03-31": "128.72070", "2005-12-31": "", "2005-09-30": "", "2005-06-30": "", "2005-03-31": ""}, "Other Long-Term Assets": {"2020-12-31": "1533.11700", "2020-09-30": "1451.43400", "2020-06-30": "1405.53100", "2020-03-31": "1370.29900", "2019-12-31": "1249.92200", "2019-09-30": "1204.85800", "2019-06-30": "1197.68500", "2019-03-31": "1039.46500", "2018-12-31": "919.52400", "2018-09-30": "945.13000", "2018-06-30": "858.11800", "2018-03-31": "791.06800", "2017-12-31": "785.16500", "2017-09-30": "762.77640", "2017-06-30": "725.52670", "2017-03-31": "354.75910", "2016-12-31": "336.74080", "2016-09-30": "341.65460", "2016-06-30": "299.20320", "2016-03-31": "270.30290", "2015-12-31": "270.26700", "2015-09-30": "252.03550", "2015-06-30": "187.75480", "2015-03-31": "192.12030", "2014-12-31": "149.85460", "2014-09-30": "152.12200", "2014-06-30": "153.48540", "2014-03-31": "158.35080", "2013-12-31": "163.43710", "2013-09-30": "148.47230", "2013-06-30": "149.37500", "2013-03-31": "145.48560", "2012-12-31": "117.39960", "2012-09-30": "122.63500", "2012-06-30": "132.34340", "2012-03-31": "139.09910", "2011-12-31": "152.81300", "2011-09-30": "165.74170", "2011-06-30": "153.44110", "2011-03-31": "154.02380", "2010-12-31": "159.89290", "2010-09-30": "155.85640", "2010-06-30": "146.24880", "2010-03-31": "136.13530", "2009-12-31": "143.12420", "2009-09-30": "112.35540", "2009-06-30": "111.18420", "2009-03-31": "95.12960", "2008-12-31": "89.06270", "2008-09-30": "63.12240", "2008-06-30": "54.98190", "2008-03-31": "46.69010", "2007-12-31": "46.25460", "2007-09-30": "23.88120", "2007-06-30": "27.98650", "2007-03-31": "25.89780", "2006-12-31": "26.72420", "2006-09-30": "24.36310", "2006-06-30": "30.92810", "2006-03-31": "23.37680", "2005-12-31": "9.58810", "2005-09-30": "8.17780", "2005-06-30": "7.61590", "2005-03-31": "8.27240"}, "Total Long-Term Assets": {"2020-12-31": "8608.86100", "2020-09-30": "8396.04200", "2020-06-30": "8215.40300", "2020-03-31": "7889.13000", "2019-12-31": "7401.82300", "2019-09-30": "7200.05800", "2019-06-30": "7012.82200", "2019-03-31": "6836.94100", "2018-12-31": "6555.57100", "2018-09-30": "6490.25600", "2018-06-30": "6179.22000", "2018-03-31": "6130.82400", "2017-12-31": "5673.60300", "2017-09-30": "6007.75800", "2017-06-30": "5500.48700", "2017-03-31": "2832.72400", "2016-12-31": "2521.50000", "2016-09-30": "2443.17700", "2016-06-30": "2148.02300", "2016-03-31": "2042.00900", "2015-12-31": "1846.28500", "2015-09-30": "1860.37700", "2015-06-30": "1430.14600", "2015-03-31": "1396.43100", "2014-12-31": "1276.64500", "2014-09-30": "1256.96300", "2014-06-30": "1288.49800", "2014-03-31": "1284.64200", "2013-12-31": "1250.05700", "2013-09-30": "1244.90700", "2013-06-30": "1231.71100", "2013-03-31": "1221.15600", "2012-12-31": "1176.46400", "2012-09-30": "1212.15500", "2012-06-30": "1294.51300", "2012-03-31": "1351.46500", "2011-12-31": "1423.80500", "2011-09-30": "1482.44900", "2011-06-30": "1455.06200", "2011-03-31": "1516.47900", "2010-12-31": "1557.98200", "2010-09-30": "1504.93000", "2010-06-30": "1433.77400", "2010-03-31": "1506.81300", "2009-12-31": "1459.26100", "2009-09-30": "1415.43800", "2009-06-30": "1402.92900", "2009-03-31": "1327.83000", "2008-12-31": "1302.35700", "2008-09-30": "1045.79700", "2008-06-30": "927.66830", "2008-03-31": "906.03220", "2007-12-31": "920.86150", "2007-09-30": "555.86220", "2007-06-30": "547.26390", "2007-03-31": "545.82840", "2006-12-31": "551.37760", "2006-09-30": "529.60720", "2006-06-30": "511.34270", "2006-03-31": "511.65930", "2005-12-31": "308.20670", "2005-09-30": "274.34550", "2005-06-30": "253.00010", "2005-03-31": "226.00850"}, "Total Assets": {"2020-12-31": "34932.86000", "2020-09-30": "33824.93000", "2020-06-30": "33342.11000", "2020-03-31": "29264.18000", "2019-12-31": "27805.50000", "2019-09-30": "27547.83000", "2019-06-30": "26540.36000", "2019-03-31": "25557.86000", "2018-12-31": "25031.04000", "2018-09-30": "24557.54000", "2018-06-30": "23988.37000", "2018-03-31": "22935.17000", "2017-12-31": "22205.70000", "2017-09-30": "21790.37000", "2017-06-30": "20886.15000", "2017-03-31": "11724.60000", "2016-12-31": "11194.62000", "2016-09-30": "10978.39000", "2016-06-30": "9735.66800", "2016-03-31": "9261.38800", "2015-12-31": "8714.54400", "2015-09-30": "8549.06300", "2015-06-30": "6516.54400", "2015-03-31": "6314.34600", "2014-12-31": "6018.24800", "2014-09-30": "5865.70400", "2014-06-30": "5788.79200", "2014-03-31": "5600.93300", "2013-12-31": "5563.77600", "2013-09-30": "5391.20100", "2013-06-30": "5373.16800", "2013-03-31": "5070.93500", "2012-12-31": "5040.54900", "2012-09-30": "4871.38600", "2012-06-30": "4931.87800", "2012-03-31": "4789.58300", "2011-12-31": "4863.95100", "2011-09-30": "4868.90500", "2011-06-30": "4831.33300", "2011-03-31": "4820.99100", "2010-12-31": "4909.00400", "2010-09-30": "4961.60400", "2010-06-30": "4958.47800", "2010-03-31": "5021.68900", "2009-12-31": "5128.81100", "2009-09-30": "5094.71000", "2009-06-30": "5036.74200", "2009-03-31": "4952.15100", "2008-12-31": "4754.07500", "2008-09-30": "4337.55200", "2008-06-30": "4106.05500", "2008-03-31": "3889.28600", "2007-12-31": "3794.17000", "2007-09-30": "2368.07900", "2007-06-30": "2315.32700", "2007-03-31": "2193.13200", "2006-12-31": "2142.18700", "2006-09-30": "2052.25200", "2006-06-30": "1985.62500", "2006-03-31": "1828.21200", "2005-12-31": "1016.77200", "2005-09-30": "978.53880", "2005-06-30": "872.07580", "2005-03-31": "787.43560"}, "Total Current Liabilities": {"2020-12-31": "27858.67000", "2020-09-30": "26697.12000", "2020-06-30": "25751.30000", "2020-03-31": "21553.65000", "2019-12-31": "20349.56000", "2019-09-30": "20132.92000", "2019-06-30": "19633.93000", "2019-03-31": "18607.21000", "2018-12-31": "18977.43000", "2018-09-30": "18558.68000", "2018-06-30": "18001.76000", "2018-03-31": "16648.36000", "2017-12-31": "16597.44000", "2017-09-30": "15929.86000", "2017-06-30": "15970.11000", "2017-03-31": "9407.40900", "2016-12-31": "8850.58700", "2016-09-30": "8757.47300", "2016-06-30": "7370.21000", "2016-03-31": "7145.55400", "2015-12-31": "7053.09100", "2015-09-30": "6670.45900", "2015-06-30": "5055.79600", "2015-03-31": "4857.99500", "2014-12-31": "4877.23100", "2014-09-30": "4727.72600", "2014-06-30": "4714.44700", "2014-03-31": "4569.41500", "2013-12-31": "4604.73000", "2013-09-30": "4418.50000", "2013-06-30": "4214.96100", "2013-03-31": "4033.23000", "2012-12-31": "4131.21600", "2012-09-30": "3855.64500", "2012-06-30": "3839.08600", "2012-03-31": "3708.12100", "2011-12-31": "3788.16400", "2011-09-30": "3844.28600", "2011-06-30": "3889.06500", "2011-03-31": "3900.96700", "2010-12-31": "3984.55000", "2010-09-30": "4022.79300", "2010-06-30": "4018.74600", "2010-03-31": "4043.18600", "2009-12-31": "4105.62000", "2009-09-30": "4043.60100", "2009-06-30": "3985.58800", "2009-03-31": "3970.27300", "2008-12-31": "3797.51300", "2008-09-30": "3502.38900", "2008-06-30": "3344.03100", "2008-03-31": "3147.89000", "2007-12-31": "3131.62600", "2007-09-30": "1998.17600", "2007-06-30": "1963.93900", "2007-03-31": "1841.47500", "2006-12-31": "1768.37900", "2006-09-30": "1711.77500", "2006-06-30": "1668.10700", "2006-03-31": "1482.78300", "2005-12-31": "877.86950", "2005-09-30": "857.79470", "2005-06-30": "749.01790", "2005-03-31": "666.34610"}, "Long Term Debt": {"2020-12-31": "1758.50200", "2020-09-30": "1958.01100", "2020-06-30": "2504.59400", "2020-03-31": "2987.17800", "2019-12-31": "2811.61400", "2019-09-30": "2803.03600", "2019-06-30": "2424.20600", "2019-03-31": "2605.77800", "2018-12-31": "1928.71900", "2018-09-30": "1986.09000", "2018-06-30": "2047.30000", "2018-03-31": "2442.43100", "2017-12-31": "1785.41400", "2017-09-30": "2089.40700", "2017-06-30": "1190.65000", "2017-03-31": "532.11300", "2016-12-31": "757.07230", "2016-09-30": "644.84510", "2016-06-30": "1012.95400", "2016-03-31": "826.04120", "2015-12-31": "441.91070", "2015-09-30": "687.80570", "2015-06-30": "579.25340", "2015-03-31": "590.97710", "2014-12-31": "291.63470", "2014-09-30": "312.30680", "2014-06-30": "267.96460", "2014-03-31": "248.63760", "2013-12-31": "189.29560", "2013-09-30": "214.95390", "2013-06-30": "425.67060", "2013-03-31": "306.32930", "2012-12-31": "182.00870", "2012-09-30": "297.67030", "2012-06-30": "393.47060", "2012-03-31": "323.50770", "2011-12-31": "323.54480", "2011-09-30": "258.58180", "2011-06-30": "208.66670", "2011-03-31": "208.82680", "2010-12-31": "218.86900", "2010-09-30": "218.91130", "2010-06-30": "228.95340", "2010-03-31": "254.79540", "2009-12-31": "310.13080", "2009-09-30": "320.46220", "2009-06-30": "325.79270", "2009-03-31": "319.11840", "2008-12-31": "299.44220", "2008-09-30": "304.71530", "2008-06-30": "269.79080", "2008-03-31": "251.08190", "2007-12-31": "184.28010", "2007-09-30": "87.23300", "2007-06-30": "78.24660", "2007-03-31": "78.26020", "2006-12-31": "105.27380", "2006-09-30": "80.28750", "2006-06-30": "64.67750", "2006-03-31": "98.19570", "2005-12-31": "72.42900", "2005-09-30": "55.42900", "2005-06-30": "59.81000", "2005-03-31": "61.81000"}, "Other Non-Current Liabilities": {"2020-12-31": "411.07400", "2020-09-30": "382.49600", "2020-06-30": "390.57300", "2020-03-31": "338.22400", "2019-12-31": "288.56900", "2019-09-30": "317.25300", "2019-06-30": "305.86000", "2019-03-31": "288.93000", "2018-12-31": "158.95100", "2018-09-30": "115.73800", "2018-06-30": "112.63200", "2018-03-31": "95.07600", "2017-12-31": "114.89000", "2017-09-30": "97.75750", "2017-06-30": "110.06350", "2017-03-31": "62.00290", "2016-12-31": "90.26730", "2016-09-30": "100.42850", "2016-06-30": "90.34920", "2016-03-31": "61.01250", "2015-12-31": "63.93030", "2015-09-30": "56.57350", "2015-06-30": "40.10390", "2015-03-31": "41.22410", "2014-12-31": "46.68840", "2014-09-30": "43.73640", "2014-06-30": "41.99770", "2014-03-31": "40.38370", "2013-12-31": "46.04180", "2013-09-30": "45.53080", "2013-06-30": "35.96760", "2013-03-31": "39.94220", "2012-12-31": "48.25250", "2012-09-30": "45.24670", "2012-06-30": "40.03470", "2012-03-31": "39.28890", "2011-12-31": "42.09710", "2011-09-30": "41.66410", "2011-06-30": "34.37350", "2011-03-31": "29.97040", "2010-12-31": "28.12790", "2010-09-30": "33.37070", "2010-06-30": "28.86370", "2010-03-31": "23.44700", "2009-12-31": "12.03980", "2009-09-30": "20.55580", "2009-06-30": "21.58930", "2009-03-31": "31.11350", "2008-12-31": "29.82080", "2008-09-30": "17.87900", "2008-06-30": "10.52380", "2008-03-31": "13.15560", "2007-12-31": "11.65360", "2007-09-30": "8.03400", "2007-06-30": "7.94660", "2007-03-31": "10.48030", "2006-12-31": "12.51650", "2006-09-30": "11.13000", "2006-06-30": "14.10150", "2006-03-31": "10.90680", "2005-12-31": "3.03680", "2005-09-30": "2.42430", "2005-06-30": "1.74720", "2005-03-31": "1.62250"}, "Total Long Term Liabilities": {"2020-12-31": "2169.57600", "2020-09-30": "2340.50700", "2020-06-30": "2895.16700", "2020-03-31": "3325.40200", "2019-12-31": "3100.18300", "2019-09-30": "3120.28900", "2019-06-30": "2730.06600", "2019-03-31": "2894.70800", "2018-12-31": "2087.67000", "2018-09-30": "2101.82800", "2018-06-30": "2159.93200", "2018-03-31": "2537.50700", "2017-12-31": "1900.30400", "2017-09-30": "2187.16500", "2017-06-30": "1300.71300", "2017-03-31": "594.11590", "2016-12-31": "847.33950", "2016-09-30": "745.27360", "2016-06-30": "1103.30300", "2016-03-31": "887.05360", "2015-12-31": "505.84110", "2015-09-30": "744.37930", "2015-06-30": "619.35720", "2015-03-31": "632.20120", "2014-12-31": "338.32310", "2014-09-30": "356.04320", "2014-06-30": "309.96230", "2014-03-31": "289.02130", "2013-12-31": "235.33740", "2013-09-30": "260.48470", "2013-06-30": "461.63820", "2013-03-31": "346.27150", "2012-12-31": "230.26120", "2012-09-30": "342.91700", "2012-06-30": "433.50530", "2012-03-31": "362.79660", "2011-12-31": "365.64190", "2011-09-30": "300.24600", "2011-06-30": "243.04020", "2011-03-31": "238.79710", "2010-12-31": "246.99690", "2010-09-30": "252.28190", "2010-06-30": "257.81710", "2010-03-31": "278.24240", "2009-12-31": "322.17070", "2009-09-30": "341.01800", "2009-06-30": "347.38200", "2009-03-31": "350.23190", "2008-12-31": "329.26300", "2008-09-30": "322.59430", "2008-06-30": "280.31460", "2008-03-31": "264.23750", "2007-12-31": "195.93370", "2007-09-30": "95.26700", "2007-06-30": "86.19320", "2007-03-31": "88.74050", "2006-12-31": "117.79040", "2006-09-30": "91.41750", "2006-06-30": "78.77900", "2006-03-31": "109.10250", "2005-12-31": "75.46580", "2005-09-30": "57.85330", "2005-06-30": "61.55720", "2005-03-31": "63.43250"}, "Total Liabilities": {"2020-12-31": "30028.25000", "2020-09-30": "29037.62000", "2020-06-30": "28646.46000", "2020-03-31": "24879.05000", "2019-12-31": "23449.75000", "2019-09-30": "23253.20000", "2019-06-30": "22363.99000", "2019-03-31": "21501.92000", "2018-12-31": "21065.10000", "2018-09-30": "20660.50000", "2018-06-30": "20161.69000", "2018-03-31": "19185.87000", "2017-12-31": "18497.75000", "2017-09-30": "18117.02000", "2017-06-30": "17270.83000", "2017-03-31": "10001.53000", "2016-12-31": "9697.92700", "2016-09-30": "9502.74600", "2016-06-30": "8473.51400", "2016-03-31": "8032.60800", "2015-12-31": "7558.93300", "2015-09-30": "7414.83800", "2015-06-30": "5675.15400", "2015-03-31": "5490.19600", "2014-12-31": "5215.55400", "2014-09-30": "5083.77000", "2014-06-30": "5024.41000", "2014-03-31": "4858.43600", "2013-12-31": "4840.06800", "2013-09-30": "4678.98500", "2013-06-30": "4676.59900", "2013-03-31": "4379.50100", "2012-12-31": "4361.47700", "2012-09-30": "4198.56200", "2012-06-30": "4272.59100", "2012-03-31": "4070.91700", "2011-12-31": "4153.80600", "2011-09-30": "4144.53100", "2011-06-30": "4132.10500", "2011-03-31": "4139.76400", "2010-12-31": "4231.54600", "2010-09-30": "4275.07500", "2010-06-30": "4276.56300", "2010-03-31": "4321.42800", "2009-12-31": "4427.79100", "2009-09-30": "4384.61900", "2009-06-30": "4332.97000", "2009-03-31": "4320.50500", "2008-12-31": "4126.77600", "2008-09-30": "3824.98400", "2008-06-30": "3624.34500", "2008-03-31": "3412.12800", "2007-12-31": "3327.56000", "2007-09-30": "2093.44200", "2007-06-30": "2050.13300", "2007-03-31": "1930.21600", "2006-12-31": "1886.17000", "2006-09-30": "1803.19300", "2006-06-30": "1746.88600", "2006-03-31": "1591.88600", "2005-12-31": "953.33530", "2005-09-30": "915.64790", "2005-06-30": "810.57500", "2005-03-31": "729.77860"}, "Common Stock Net": {"2020-12-31": "75.85000", "2020-09-30": "75.83500", "2020-06-30": "75.83600", "2020-03-31": "75.80000", "2019-12-31": "76.56400", "2019-09-30": "76.73600", "2019-06-30": "76.92900", "2019-03-31": "77.06400", "2018-12-31": "77.48400", "2018-09-30": "77.86700", "2018-06-30": "77.85500", "2018-03-31": "77.85300", "2017-12-31": "77.74000", "2017-09-30": "77.65220", "2017-06-30": "77.64650", "2017-03-31": "49.78970", "2016-12-31": "46.35940", "2016-09-30": "46.15980", "2016-06-30": "42.18410", "2016-03-31": "41.99500", "2015-12-31": "40.90610", "2015-09-30": "40.80290", "2015-06-30": "35.97800", "2015-03-31": "35.86470", "2014-12-31": "35.73250", "2014-09-30": "35.65450", "2014-06-30": "35.60150", "2014-03-31": "35.56730", "2013-12-31": "35.22190", "2013-09-30": "35.13370", "2013-06-30": "35.07380", "2013-03-31": "35.02250", "2012-12-31": "34.69660", "2012-09-30": "34.69170", "2012-06-30": "34.67590", "2012-03-31": "34.61600", "2011-12-31": "34.35500", "2011-09-30": "34.30690", "2011-06-30": "34.13620", "2011-03-31": "34.13230", "2010-12-31": "33.87040", "2010-09-30": "33.66050", "2010-06-30": "33.42170", "2010-03-31": "33.35110", "2009-12-31": "33.02970", "2009-09-30": "32.95670", "2009-06-30": "32.92980", "2009-03-31": "24.06070", "2008-12-31": "23.76210", "2008-09-30": "23.69980", "2008-06-30": "22.58760", "2008-03-31": "22.46730", "2007-12-31": "22.26480", "2007-09-30": "15.55300", "2007-06-30": "15.54560", "2007-03-31": "15.53100", "2006-12-31": "15.44610", "2006-09-30": "15.40930", "2006-06-30": "15.37090", "2006-03-31": "15.30060", "2005-12-31": "8.42660", "2005-09-30": "8.42420", "2005-06-30": "8.40590", "2005-03-31": "8.39140"}, "Retained Earnings (Accumulated Deficit)": {"2020-12-31": "1407.72300", "2020-09-30": "1312.92900", "2020-06-30": "1218.36700", "2020-03-31": "1168.30100", "2019-12-31": "1184.18300", "2019-09-30": "1100.51700", "2019-06-30": "1002.43400", "2019-03-31": "914.54500", "2018-12-31": "833.13000", "2018-09-30": "750.36300", "2018-06-30": "667.59400", "2018-03-31": "591.68000", "2017-12-31": "519.14400", "2017-09-30": "503.27030", "2017-06-30": "449.76200", "2017-03-31": "413.70070", "2016-12-31": "381.07250", "2016-09-30": "351.48450", "2016-06-30": "325.60810", "2016-03-31": "300.74680", "2015-12-31": "278.57340", "2015-09-30": "256.64810", "2015-06-30": "237.24390", "2015-03-31": "218.90970", "2014-12-31": "201.37110", "2014-09-30": "185.49620", "2014-06-30": "170.15560", "2014-03-31": "155.84080", "2013-12-31": "142.29820", "2013-09-30": "129.79230", "2013-06-30": "115.14530", "2013-03-31": "100.83480", "2012-12-31": "87.38670", "2012-09-30": "75.65650", "2012-06-30": "64.30740", "2012-03-31": "56.99930", "2011-12-31": "49.78360", "2011-09-30": "44.42780", "2011-06-30": "19.86410", "2011-03-31": "15.00750", "2010-12-31": "12.99620", "2010-09-30": "10.72150", "2010-06-30": "10.14600", "2010-03-31": "38.00400", "2009-12-31": "43.37270", "2009-09-30": "47.32240", "2009-06-30": "52.14720", "2009-03-31": "85.38010", "2008-12-31": "84.38050", "2008-09-30": "76.37310", "2008-06-30": "67.57790", "2008-03-31": "59.61680", "2007-12-31": "54.15070", "2007-09-30": "47.90880", "2007-06-30": "42.13700", "2007-03-31": "36.71120", "2006-12-31": "31.10930", "2006-09-30": "25.45560", "2006-06-30": "20.10890", "2006-03-31": "15.79420", "2005-12-31": "13.18230", "2005-09-30": "10.94420", "2005-06-30": "8.85810", "2005-03-31": "6.90680"}, "Comprehensive Income": {"2020-12-31": "175.84900", "2020-09-30": "157.98800", "2020-06-30": "164.52600", "2020-03-31": "125.50600", "2019-12-31": "30.53400", "2019-09-30": "47.14200", "2019-06-30": "20.51200", "2019-03-31": "-15.02800", "2018-12-31": "-52.10500", "2018-09-30": "-54.51200", "2018-06-30": "-38.23300", "2018-03-31": "-36.22000", "2017-12-31": "-4.23600", "2017-09-30": "-13.15090", "2017-06-30": "-12.23640", "2017-03-31": "-15.17760", "2016-12-31": "-14.22650", "2016-09-30": "3.88740", "2016-06-30": "4.89360", "2016-03-31": "2.02250", "2015-12-31": "-3.48520", "2015-09-30": "1.49450", "2015-06-30": "0.22280", "2015-03-31": "5.54520", "2014-12-31": "4.15840", "2014-09-30": "2.71270", "2014-06-30": "3.19650", "2014-03-31": "-0.37300", "2013-12-31": "-4.02460", "2013-09-30": "-0.35140", "2013-06-30": "0.38570", "2013-03-31": "10.95670", "2012-12-31": "13.22760", "2012-09-30": "19.43400", "2012-06-30": "17.49250", "2012-03-31": "16.48590", "2011-12-31": "17.33330", "2011-09-30": "15.54670", "2011-06-30": "16.89970", "2011-03-31": "5.33180", "2010-12-31": "5.62460", "2010-09-30": "19.38680", "2010-06-30": "17.86830", "2010-03-31": "9.91320", "2009-12-31": "7.44010", "2009-09-30": "14.06300", "2009-06-30": "3.90170", "2009-03-31": "8.68380", "2008-12-31": "7.06940", "2008-09-30": "-3.60990", "2008-06-30": "-2.19830", "2008-03-31": "3.13220", "2007-12-31": "-0.78250", "2007-09-30": "-2.46950", "2007-06-30": "-5.41080", "2007-03-31": "-1.65880", "2006-12-31": "-2.04090", "2006-09-30": "-2.55840", "2006-06-30": "-6.84800", "2006-03-31": "-3.68290", "2005-12-31": "-2.89360", "2005-09-30": "-1.05410", "2005-06-30": "-0.22540", "2005-03-31": "-1.99970"}, "Other Share Holders Equity": {"2020-12-31": "", "2020-09-30": "", "2020-06-30": "", "2020-03-31": "", "2019-12-31": "", "2019-09-30": "", "2019-06-30": "", "2019-03-31": "", "2018-12-31": "", "2018-09-30": "", "2018-06-30": "", "2018-03-31": "", "2017-12-31": "", "2017-09-30": "", "2017-06-30": "", "2017-03-31": "", "2016-12-31": "", "2016-09-30": "", "2016-06-30": "", "2016-03-31": "", "2015-12-31": "", "2015-09-30": "", "2015-06-30": "", "2015-03-31": "", "2014-12-31": "", "2014-09-30": "", "2014-06-30": "", "2014-03-31": "", "2013-12-31": "", "2013-09-30": "", "2013-06-30": "", "2013-03-31": "", "2012-12-31": "", "2012-09-30": "", "2012-06-30": "", "2012-03-31": "", "2011-12-31": "", "2011-09-30": "", "2011-06-30": "", "2011-03-31": "", "2010-12-31": "", "2010-09-30": "", "2010-06-30": "", "2010-03-31": "", "2009-12-31": "", "2009-09-30": "", "2009-06-30": "", "2009-03-31": "", "2008-12-31": "", "2008-09-30": "", "2008-06-30": "", "2008-03-31": "", "2007-12-31": "", "2007-09-30": "", "2007-06-30": "", "2007-03-31": "", "2006-12-31": "", "2006-09-30": "", "2006-06-30": "", "2006-03-31": "", "2005-12-31": "", "2005-09-30": "", "2005-06-30": "", "2005-03-31": ""}, "Share Holder Equity": {"2020-12-31": "4904.61100", "2020-09-30": "4787.30800", "2020-06-30": "4695.64700", "2020-03-31": "4385.12800", "2019-12-31": "4355.74800", "2019-09-30": "4294.63000", "2019-06-30": "4176.36100", "2019-03-31": "4055.93900", "2018-12-31": "3965.94000", "2018-09-30": "3897.04100", "2018-06-30": "3826.67700", "2018-03-31": "3749.30300", "2017-12-31": "3707.95200", "2017-09-30": "3673.34900", "2017-06-30": "3615.32700", "2017-03-31": "1723.07500", "2016-12-31": "1496.69600", "2016-09-30": "1475.64400", "2016-06-30": "1262.15400", "2016-03-31": "1228.78000", "2015-12-31": "1155.61100", "2015-09-30": "1134.22600", "2015-06-30": "841.39010", "2015-03-31": "824.15060", "2014-12-31": "802.69340", "2014-09-30": "781.93410", "2014-06-30": "764.38200", "2014-03-31": "742.49660", "2013-12-31": "723.70760", "2013-09-30": "712.21590", "2013-06-30": "696.56880", "2013-03-31": "691.43370", "2012-12-31": "679.07140", "2012-09-30": "672.82450", "2012-06-30": "659.28660", "2012-03-31": "718.66550", "2011-12-31": "710.14460", "2011-09-30": "724.37390", "2011-06-30": "699.22800", "2011-03-31": "681.22640", "2010-12-31": "677.45730", "2010-09-30": "686.52870", "2010-06-30": "681.91520", "2010-03-31": "700.26100", "2009-12-31": "701.02020", "2009-09-30": "710.09110", "2009-06-30": "703.77200", "2009-03-31": "631.64620", "2008-12-31": "627.29840", "2008-09-30": "512.56870", "2008-06-30": "481.70940", "2008-03-31": "477.15840", "2007-12-31": "466.61030", "2007-09-30": "274.63640", "2007-06-30": "265.19450", "2007-03-31": "262.91650", "2006-12-31": "256.01700", "2006-09-30": "249.05940", "2006-06-30": "238.73850", "2006-03-31": "236.32680", "2005-12-31": "63.43640", "2005-09-30": "62.89090", "2005-06-30": "61.50080", "2005-03-31": "57.65700"}, "Total Liabilities And Share Holders Equity": {"2020-12-31": "34932.86000", "2020-09-30": "33824.93000", "2020-06-30": "33342.11000", "2020-03-31": "29264.18000", "2019-12-31": "27805.50000", "2019-09-30": "27547.83000", "2019-06-30": "26540.36000", "2019-03-31": "25557.86000", "2018-12-31": "25031.04000", "2018-09-30": "24557.54000", "2018-06-30": "23988.37000", "2018-03-31": "22935.17000", "2017-12-31": "22205.70000", "2017-09-30": "21790.37000", "2017-06-30": "20886.15000", "2017-03-31": "11724.60000", "2016-12-31": "11194.62000", "2016-09-30": "10978.39000", "2016-06-30": "9735.66800", "2016-03-31": "9261.38800", "2015-12-31": "8714.54400", "2015-09-30": "8549.06300", "2015-06-30": "6516.54400", "2015-03-31": "6314.34600", "2014-12-31": "6018.24800", "2014-09-30": "5865.70400", "2014-06-30": "5788.79200", "2014-03-31": "5600.93300", "2013-12-31": "5563.77600", "2013-09-30": "5391.20100", "2013-06-30": "5373.16800", "2013-03-31": "5070.93500", "2012-12-31": "5040.54900", "2012-09-30": "4871.38600", "2012-06-30": "4931.87800", "2012-03-31": "4789.58300", "2011-12-31": "4863.95100", "2011-09-30": "4868.90500", "2011-06-30": "4831.33300", "2011-03-31": "4820.99100", "2010-12-31": "4909.00400", "2010-09-30": "4961.60400", "2010-06-30": "4958.47800", "2010-03-31": "5021.68900", "2009-12-31": "5128.81100", "2009-09-30": "5094.71000", "2009-06-30": "5036.74200", "2009-03-31": "4952.15100", "2008-12-31": "4754.07500", "2008-09-30": "4337.55200", "2008-06-30": "4106.05500", "2008-03-31": "3889.28600", "2007-12-31": "3794.17000", "2007-09-30": "2368.07900", "2007-06-30": "2315.32700", "2007-03-31": "2193.13200", "2006-12-31": "2142.18700", "2006-09-30": "2052.25200", "2006-06-30": "1985.62500", "2006-03-31": "1828.21200", "2005-12-31": "1016.77200", "2005-09-30": "978.53880", "2005-06-30": "872.07580", "2005-03-31": "787.43560"}}, "cash flow statement": {"Net Income/Loss": {"2020-12-31": "0.00000", "2019-12-31": "400.88100", "2018-12-31": "359.44000", "2017-12-31": "173.97900", "2016-12-31": "127.22500", "2015-12-31": "95.50940", "2014-12-31": "70.47120", "2013-12-31": "57.72620", "2012-12-31": "41.88390", "2011-12-31": "43.73740", "2010-12-31": "-24.30050", "2009-12-31": "-35.50000", "2008-12-31": "30.87390", "2007-12-31": "23.04140", "2006-12-31": "17.92700", "2005-12-31": "8.05530"}, "Total Depreciation And Amortization - Cash Flow": {"2020-12-31": "", "2019-12-31": "28.63600", "2018-12-31": "-4.46300", "2017-12-31": "-10.77100", "2016-12-31": "8.81600", "2015-12-31": "15.50020", "2014-12-31": "13.80870", "2013-12-31": "13.68420", "2012-12-31": "17.49940", "2011-12-31": "18.65260", "2010-12-31": "17.16710", "2009-12-31": "15.53970", "2008-12-31": "8.01230", "2007-12-31": "4.30270", "2006-12-31": "2.01200", "2005-12-31": "2.83010"}, "Other Non-Cash Items": {"2020-12-31": "", "2019-12-31": "32.26300", "2018-12-31": "45.57900", "2017-12-31": "89.24100", "2016-12-31": "36.41000", "2015-12-31": "-3.34400", "2014-12-31": "7.53470", "2013-12-31": "17.95980", "2012-12-31": "18.95260", "2011-12-31": "16.52810", "2010-12-31": "98.31790", "2009-12-31": "95.90650", "2008-12-31": "10.20080", "2007-12-31": "10.59980", "2006-12-31": "3.91150", "2005-12-31": "1.65600"}, "Total Non-Cash Items": {"2020-12-31": "", "2019-12-31": "60.89900", "2018-12-31": "41.11600", "2017-12-31": "78.47000", "2016-12-31": "45.22600", "2015-12-31": "12.15610", "2014-12-31": "21.34340", "2013-12-31": "31.64390", "2012-12-31": "36.45200", "2011-12-31": "35.18070", "2010-12-31": "115.48510", "2009-12-31": "111.44630", "2008-12-31": "18.21310", "2007-12-31": "14.90240", "2006-12-31": "5.92360", "2005-12-31": "4.48610"}, "Change In Accounts Receivable": {"2020-12-31": "", "2019-12-31": "-49.25700", "2018-12-31": "34.05500", "2017-12-31": "-31.86200", "2016-12-31": "-19.05800", "2015-12-31": "-13.21480", "2014-12-31": "-1.18860", "2013-12-31": "28.34430", "2012-12-31": "-5.83070", "2011-12-31": "-19.17960", "2010-12-31": "-3.69170", "2009-12-31": "17.69570", "2008-12-31": "-14.50130", "2007-12-31": "-2.06680", "2006-12-31": "0.46230", "2005-12-31": "-3.39150"}, "Change In Inventories": {"2020-12-31": "", "2019-12-31": "", "2018-12-31": "", "2017-12-31": "", "2016-12-31": "", "2015-12-31": "", "2014-12-31": "", "2013-12-31": "", "2012-12-31": "", "2011-12-31": "", "2010-12-31": "", "2009-12-31": "", "2008-12-31": "", "2007-12-31": "", "2006-12-31": "", "2005-12-31": ""}, "Change In Accounts Payable": {"2020-12-31": "", "2019-12-31": "", "2018-12-31": "", "2017-12-31": "", "2016-12-31": "", "2015-12-31": "", "2014-12-31": "", "2013-12-31": "", "2012-12-31": "", "2011-12-31": "", "2010-12-31": "", "2009-12-31": "", "2008-12-31": "", "2007-12-31": "", "2006-12-31": "", "2005-12-31": ""}, "Change In Assets/Liabilities": {"2020-12-31": "", "2019-12-31": "21.76500", "2018-12-31": "36.14600", "2017-12-31": "-54.72300", "2016-12-31": "-1.07700", "2015-12-31": "-9.84700", "2014-12-31": "4.43210", "2013-12-31": "8.72090", "2012-12-31": "41.77250", "2011-12-31": "53.35120", "2010-12-31": "42.09620", "2009-12-31": "-3.33650", "2008-12-31": "-0.95290", "2007-12-31": "-19.48300", "2006-12-31": "-12.40680", "2005-12-31": "-0.97840"}, "Total Change In Assets/Liabilities": {"2020-12-31": "", "2019-12-31": "-27.49200", "2018-12-31": "70.20100", "2017-12-31": "-86.58500", "2016-12-31": "-20.13500", "2015-12-31": "-23.06170", "2014-12-31": "3.24360", "2013-12-31": "37.06520", "2012-12-31": "35.94180", "2011-12-31": "34.17170", "2010-12-31": "38.40450", "2009-12-31": "14.35920", "2008-12-31": "-15.45420", "2007-12-31": "-21.54970", "2006-12-31": "-11.94440", "2005-12-31": "-4.36990"}, "Cash Flow From Operating Activities": {"2020-12-31": "", "2019-12-31": "434.28800", "2018-12-31": "470.75700", "2017-12-31": "165.86400", "2016-12-31": "152.31600", "2015-12-31": "84.60380", "2014-12-31": "95.05820", "2013-12-31": "126.43530", "2012-12-31": "114.27770", "2011-12-31": "113.08980", "2010-12-31": "129.58910", "2009-12-31": "90.30550", "2008-12-31": "33.63290", "2007-12-31": "16.39400", "2006-12-31": "11.90620", "2005-12-31": "8.17160"}, "Net Change In Property, Plant, And Equipment": {"2020-12-31": "", "2019-12-31": "-42.08700", "2018-12-31": "-20.77200", "2017-12-31": "-53.47600", "2016-12-31": "-14.87100", "2015-12-31": "-10.08840", "2014-12-31": "-5.87860", "2013-12-31": "-5.29390", "2012-12-31": "-5.86450", "2011-12-31": "-2.03130", "2010-12-31": "-9.58770", "2009-12-31": "-19.17580", "2008-12-31": "-6.62810", "2007-12-31": "-6.07180", "2006-12-31": "-4.64970", "2005-12-31": "-3.43890"}, "Net Change In Intangible Assets": {"2020-12-31": "", "2019-12-31": "", "2018-12-31": "", "2017-12-31": "", "2016-12-31": "6.74800", "2015-12-31": "", "2014-12-31": "", "2013-12-31": "", "2012-12-31": "", "2011-12-31": "", "2010-12-31": "", "2009-12-31": "", "2008-12-31": "", "2007-12-31": "", "2006-12-31": "", "2005-12-31": ""}, "Net Acquisitions/Divestitures": {"2020-12-31": "", "2019-12-31": "-44.59400", "2018-12-31": "", "2017-12-31": "155.14200", "2016-12-31": "17.60800", "2015-12-31": "5.87660", "2014-12-31": "", "2013-12-31": "", "2012-12-31": "", "2011-12-31": "", "2010-12-31": "", "2009-12-31": "", "2008-12-31": "-3.80000", "2007-12-31": "38.14950", "2006-12-31": "36.23050", "2005-12-31": ""}, "Net Change In Short-term Investments": {"2020-12-31": "", "2019-12-31": "", "2018-12-31": "", "2017-12-31": "", "2016-12-31": "", "2015-12-31": "", "2014-12-31": "", "2013-12-31": "", "2012-12-31": "", "2011-12-31": "", "2010-12-31": "", "2009-12-31": "", "2008-12-31": "", "2007-12-31": "", "2006-12-31": "", "2005-12-31": ""}, "Net Change In Long-Term Investments": {"2020-12-31": "", "2019-12-31": "-396.50400", "2018-12-31": "-872.44300", "2017-12-31": "-607.27300", "2016-12-31": "-325.66390", "2015-12-31": "-77.24120", "2014-12-31": "-26.64390", "2013-12-31": "-73.13930", "2012-12-31": "195.98550", "2011-12-31": "133.46350", "2010-12-31": "-80.10810", "2009-12-31": "-92.06450", "2008-12-31": "-324.86460", "2007-12-31": "-26.68960", "2006-12-31": "-33.29980", "2005-12-31": "-76.63400"}, "Net Change In Investments - Total": {"2020-12-31": "", "2019-12-31": "-396.50400", "2018-12-31": "-872.44300", "2017-12-31": "-607.27300", "2016-12-31": "-325.66390", "2015-12-31": "-77.24120", "2014-12-31": "-26.64390", "2013-12-31": "-73.13930", "2012-12-31": "195.98550", "2011-12-31": "133.46350", "2010-12-31": "-80.10810", "2009-12-31": "-92.06450", "2008-12-31": "-324.86460", "2007-12-31": "-26.68960", "2006-12-31": "-33.29980", "2005-12-31": "-76.63400"}, "Investing Activities - Other": {"2020-12-31": "", "2019-12-31": "-2135.87600", "2018-12-31": "-2075.86900", "2017-12-31": "-1609.92100", "2016-12-31": "-962.90300", "2015-12-31": "-661.14510", "2014-12-31": "-455.35720", "2013-12-31": "-486.25980", "2012-12-31": "-440.50850", "2011-12-31": "-144.58150", "2010-12-31": "194.13330", "2009-12-31": "-329.57370", "2008-12-31": "-636.97920", "2007-12-31": "-391.06960", "2006-12-31": "-297.56570", "2005-12-31": "-178.31400"}, "Cash Flow From Investing Activities": {"2020-12-31": "", "2019-12-31": "-2619.06100", "2018-12-31": "-2969.08400", "2017-12-31": "-2115.52800", "2016-12-31": "-1279.08200", "2015-12-31": "-742.59800", "2014-12-31": "-487.87970", "2013-12-31": "-564.69290", "2012-12-31": "-250.38750", "2011-12-31": "-13.14930", "2010-12-31": "104.43750", "2009-12-31": "-440.81410", "2008-12-31": "-972.27200", "2007-12-31": "-385.68150", "2006-12-31": "-299.28470", "2005-12-31": "-258.38690"}, "Net Long-Term Debt": {"2020-12-31": "", "2019-12-31": "750.62210", "2018-12-31": "142.75600", "2017-12-31": "913.31400", "2016-12-31": "169.06410", "2015-12-31": "51.05750", "2014-12-31": "102.40670", "2013-12-31": "7.35540", "2012-12-31": "-141.45930", "2011-12-31": "104.76330", "2010-12-31": "-91.14970", "2009-12-31": "10.84670", "2008-12-31": "115.36870", "2007-12-31": "17.62350", "2006-12-31": "15.07820", "2005-12-31": "8.61900"}, "Net Current Debt": {"2020-12-31": "", "2019-12-31": "21.61300", "2018-12-31": "-30.52100", "2017-12-31": "-12.75400", "2016-12-31": "6.62200", "2015-12-31": "-32.78420", "2014-12-31": "23.52940", "2013-12-31": "-44.20220", "2012-12-31": "-16.92390", "2011-12-31": "-14.70300", "2010-12-31": "-129.17070", "2009-12-31": "19.52430", "2008-12-31": "60.00800", "2007-12-31": "34.38090", "2006-12-31": "75.18150", "2005-12-31": "33.90640"}, "Debt Issuance/Retirement Net - Total": {"2020-12-31": "", "2019-12-31": "772.23500", "2018-12-31": "112.23500", "2017-12-31": "900.55990", "2016-12-31": "175.68610", "2015-12-31": "18.27330", "2014-12-31": "125.93610", "2013-12-31": "-36.84670", "2012-12-31": "-158.38320", "2011-12-31": "90.06030", "2010-12-31": "-220.32040", "2009-12-31": "30.37100", "2008-12-31": "175.37670", "2007-12-31": "52.00440", "2006-12-31": "90.25970", "2005-12-31": "42.52540"}, "Net Common Equity Issued/Repurchased": {"2020-12-31": "", "2019-12-31": "-65.11000", "2018-12-31": "-25.76500", "2017-12-31": "192.68800", "2016-12-31": "11.58900", "2015-12-31": "3.60280", "2014-12-31": "6.42170", "2013-12-31": "2.89490", "2012-12-31": "0.11170", "2011-12-31": "0.86480", "2010-12-31": "3.32210", "2009-12-31": "109.99380", "2008-12-31": "25.10820", "2007-12-31": "0.87750", "2006-12-31": "1.29480", "2005-12-31": "0.17480"}, "Net Total Equity Issued/Repurchased": {"2020-12-31": "", "2019-12-31": "-65.11000", "2018-12-31": "-25.76500", "2017-12-31": "192.68800", "2016-12-31": "11.58900", "2015-12-31": "3.60280", "2014-12-31": "6.42170", "2013-12-31": "2.89490", "2012-12-31": "-71.13830", "2011-12-31": "-22.88520", "2010-12-31": "3.32210", "2009-12-31": "109.99380", "2008-12-31": "120.04620", "2007-12-31": "0.87750", "2006-12-31": "1.29480", "2005-12-31": "0.17480"}, "Total Common And Preferred Stock Dividends Paid": {"2020-12-31": "", "2019-12-31": "-49.82800", "2018-12-31": "-45.45400", "2017-12-31": "-35.90700", "2016-12-31": "-24.72600", "2015-12-31": "-18.30710", "2014-12-31": "-11.39830", "2013-12-31": "-2.81470", "2012-12-31": "-2.12760", "2011-12-31": "-4.89180", "2010-12-31": "-4.75000", "2009-12-31": "-4.39380", "2008-12-31": "", "2007-12-31": "", "2006-12-31": "", "2005-12-31": ""}, "Financial Activities - Other": {"2020-12-31": "", "2019-12-31": "1332.49100", "2018-12-31": "2399.40700", "2017-12-31": "1488.27400", "2016-12-31": "826.91100", "2015-12-31": "787.46910", "2014-12-31": "250.83070", "2013-12-31": "518.67410", "2012-12-31": "360.88460", "2011-12-31": "-178.64690", "2010-12-31": "9.70580", "2009-12-31": "290.88680", "2008-12-31": "610.96510", "2007-12-31": "346.39070", "2006-12-31": "229.68870", "2005-12-31": "239.42370"}, "Cash Flow From Financial Activities": {"2020-12-31": "", "2019-12-31": "1989.78800", "2018-12-31": "2440.42300", "2017-12-31": "2545.61500", "2016-12-31": "989.46000", "2015-12-31": "791.03800", "2014-12-31": "371.79030", "2013-12-31": "481.90760", "2012-12-31": "129.23540", "2011-12-31": "-116.36360", "2010-12-31": "-212.04250", "2009-12-31": "426.85780", "2008-12-31": "906.38800", "2007-12-31": "399.27250", "2006-12-31": "321.24310", "2005-12-31": "282.12380"}, "Net Cash Flow": {"2020-12-31": "", "2019-12-31": "-194.98500", "2018-12-31": "-57.90400", "2017-12-31": "595.95100", "2016-12-31": "-137.30600", "2015-12-31": "133.04380", "2014-12-31": "-21.03120", "2013-12-31": "43.65010", "2012-12-31": "-6.87440", "2011-12-31": "-16.42310", "2010-12-31": "21.98410", "2009-12-31": "76.34930", "2008-12-31": "-32.25110", "2007-12-31": "29.98500", "2006-12-31": "33.86460", "2005-12-31": "31.90850"}, "Stock-Based Compensation": {"2020-12-31": "", "2019-12-31": "21.22600", "2018-12-31": "17.63600", "2017-12-31": "19.53800", "2016-12-31": "10.97100", "2015-12-31": "7.34160", "2014-12-31": "5.30820", "2013-12-31": "4.08210", "2012-12-31": "4.41450", "2011-12-31": "5.01830", "2010-12-31": "3.98100", "2009-12-31": "3.25100", "2008-12-31": "2.34740", "2007-12-31": "2.09980", "2006-12-31": "1.47500", "2005-12-31": "0.24470"}, "Common Stock Dividends Paid": {"2020-12-31": "", "2019-12-31": "-49.82800", "2018-12-31": "-45.45400", "2017-12-31": "-35.90700", "2016-12-31": "-24.72600", "2015-12-31": "-18.30710", "2014-12-31": "-11.39830", "2013-12-31": "-2.81470", "2012-12-31": "0.00000", "2011-12-31": "", "2010-12-31": "", "2009-12-31": "", "2008-12-31": "", "2007-12-31": "", "2006-12-31": "", "2005-12-31": ""}}, "cash flow statement, quarterly": {"Net Income/Loss": {"2020-12-31": -201.445, "2020-09-30": 110.645, "2020-06-30": 62.444, "2020-03-31": "28.35600", "2019-12-31": 96.079, "2019-09-30": 110.521, "2019-06-30": 100.321, "2019-03-31": "93.96000", "2018-12-31": 95.318, "2018-09-30": 93.747, "2018-06-30": 86.865, "2018-03-31": "83.51000", "2017-12-31": 26.798, "2017-09-30": 64.442, "2017-06-30": 43.086, "2017-03-31": "39.65300", "2016-12-31": 36.0968, "2016-09-30": 32.3762, "2016-06-30": 30.7867, "2016-03-31": "27.96530", "2015-12-31": 26.8541, "2015-09-30": 24.1488, "2015-06-30": 22.6638, "2015-03-31": "21.84270", "2014-12-31": 18.7373, "2014-09-30": 18.1968, "2014-06-30": 17.17, "2014-03-31": "16.36710", "2013-12-31": 15.3206, "2013-09-30": 14.6469, "2013-06-30": 14.3106, "2013-03-31": "13.44810", "2012-12-31": 11.7302, "2012-09-30": 11.3491, "2012-06-30": 10.4396, "2012-03-31": "8.36500", "2011-12-31": 7.7598, "2011-09-30": 26.101, "2011-06-30": 6.3719, "2011-03-31": "3.50470", "2010-12-31": 3.7958, "2010-09-30": 2.091, "2010-06-30": -26.3641, "2010-03-31": "-3.82320", "2009-12-31": -2.4673, "2009-09-30": -3.3472, "2009-06-30": -31.7757, "2009-03-31": "2.09020", "2008-12-31": 8.0528, "2008-09-30": 8.7952, "2008-06-30": 7.9611, "2008-03-31": "6.06480", "2007-12-31": 6.2419, "2007-09-30": 5.7718, "2007-06-30": 5.4259, "2007-03-31": "5.60180", "2006-12-31": 5.6459, "2006-09-30": 5.3467, "2006-06-30": 4.3225, "2006-03-31": "2.61190", "2005-12-31": 2.2381, "2005-09-30": 2.0783, "2005-06-30": 1.9591, "2005-03-31": "1.77980"}, "Total Depreciation And Amortization - Cash Flow": {"2020-12-31": -58.898, "2020-09-30": 21.775, "2020-06-30": 20.105, "2020-03-31": "17.01800", "2019-12-31": 9.906, "2019-09-30": 7.425, "2019-06-30": 6.528, "2019-03-31": "4.77700", "2018-12-31": 2.13, "2018-09-30": -3.454, "2018-06-30": -1.733, "2018-03-31": "-1.40600", "2017-12-31": -4.311, "2017-09-30": -8.92, "2017-06-30": 0.911, "2017-03-31": "1.54900", "2016-12-31": 1.8671, "2016-09-30": 2.7871, "2016-06-30": 3.2868, "2016-03-31": "0.87500", "2015-12-31": 7.0365, "2015-09-30": 1.7085, "2015-06-30": 3.4372, "2015-03-31": "3.31800", "2014-12-31": 3.4674, "2014-09-30": 3.5882, "2014-06-30": 3.537, "2014-03-31": "3.21610", "2013-12-31": 3.3215, "2013-09-30": 3.3658, "2013-06-30": 3.5756, "2013-03-31": "3.42130", "2012-12-31": 4.2536, "2012-09-30": 4.4431, "2012-06-30": 4.1705, "2012-03-31": "4.63220", "2011-12-31": 4.9562, "2011-09-30": 4.3715, "2011-06-30": 4.4265, "2011-03-31": "4.89840", "2010-12-31": 4.9638, "2010-09-30": 4.1399, "2010-06-30": 4.1356, "2010-03-31": "3.92780", "2009-12-31": 4.0741, "2009-09-30": 3.6477, "2009-06-30": 4.4675, "2009-03-31": "3.35040", "2008-12-31": 2.6977, "2008-09-30": 1.9285, "2008-06-30": 2.0914, "2008-03-31": "1.29470", "2007-12-31": 1.9158, "2007-09-30": 1.0904, "2007-06-30": -0.6589, "2007-03-31": "1.95540", "2006-12-31": 0.1568, "2006-09-30": -0.6551, "2006-06-30": 1.5403, "2006-03-31": "0.97000", "2005-12-31": 0.6988, "2005-09-30": 0.8125, "2005-06-30": 0.7349, "2005-03-31": "0.58390"}, "Other Non-Cash Items": {"2020-12-31": -161.203, "2020-09-30": 28.106, "2020-06-30": 46.157, "2020-03-31": "86.94000", "2019-12-31": 9.248, "2019-09-30": -11.87, "2019-06-30": 13.569, "2019-03-31": "21.31600", "2018-12-31": -7.184, "2018-09-30": 13.635, "2018-06-30": 27.464, "2018-03-31": "11.66400", "2017-12-31": 52.475, "2017-09-30": 8.471, "2017-06-30": 21.524, "2017-03-31": "6.77100", "2016-12-31": 32.7678, "2016-09-30": 4.4685, "2016-06-30": -2.9313, "2016-03-31": "2.10500", "2015-12-31": 3.6503, "2015-09-30": -3.283, "2015-06-30": -1.7812, "2015-03-31": "-1.93010", "2014-12-31": 3.9815, "2014-09-30": 1.3911, "2014-06-30": 1.4461, "2014-03-31": "0.71600", "2013-12-31": 5.2293, "2013-09-30": 3.9574, "2013-06-30": 7.2313, "2013-03-31": "1.54180", "2012-12-31": 0.8057, "2012-09-30": 4.8927, "2012-06-30": 8.3972, "2012-03-31": "4.85700", "2011-12-31": 6.0971, "2011-09-30": -9.9192, "2011-06-30": 9.4865, "2011-03-31": "10.86370", "2010-12-31": 12.2333, "2010-09-30": 14.4428, "2010-06-30": 54.3064, "2010-03-31": "17.33540", "2009-12-31": 19.6229, "2009-09-30": 20.9752, "2009-06-30": 48.5776, "2009-03-31": "6.73080", "2008-12-31": 3.887, "2008-09-30": 1.6937, "2008-06-30": 1.0657, "2008-03-31": "3.55440", "2007-12-31": 5.1, "2007-09-30": 3.3677, "2007-06-30": 2.2079, "2007-03-31": "-0.07580", "2006-12-31": 1.4502, "2006-09-30": 1.0649, "2006-06-30": 1.222, "2006-03-31": "0.17440", "2005-12-31": 0.6252, "2005-09-30": 0.5409, "2005-06-30": 0.3346, "2005-03-31": "0.15530"}, "Total Non-Cash Items": {"2020-12-31": -220.101, "2020-09-30": 49.881, "2020-06-30": 66.262, "2020-03-31": "103.95800", "2019-12-31": 19.154, "2019-09-30": -4.445, "2019-06-30": 20.097, "2019-03-31": "26.09300", "2018-12-31": -5.054, "2018-09-30": 10.181, "2018-06-30": 25.731, "2018-03-31": "10.25800", "2017-12-31": 48.164, "2017-09-30": -0.449, "2017-06-30": 22.435, "2017-03-31": "8.32000", "2016-12-31": 34.6349, "2016-09-30": 7.2556, "2016-06-30": 0.3555, "2016-03-31": "2.98000", "2015-12-31": 10.6867, "2015-09-30": -1.5745, "2015-06-30": 1.6559, "2015-03-31": "1.38800", "2014-12-31": 7.4489, "2014-09-30": 4.9794, "2014-06-30": 4.983, "2014-03-31": "3.93210", "2013-12-31": 8.5507, "2013-09-30": 7.3232, "2013-06-30": 10.8069, "2013-03-31": "4.96310", "2012-12-31": 5.0593, "2012-09-30": 9.3358, "2012-06-30": 12.5676, "2012-03-31": "9.48930", "2011-12-31": 11.0533, "2011-09-30": -5.5476, "2011-06-30": 13.9129, "2011-03-31": "15.76210", "2010-12-31": 17.1972, "2010-09-30": 18.5827, "2010-06-30": 58.442, "2010-03-31": "21.26320", "2009-12-31": 23.6972, "2009-09-30": 24.6228, "2009-06-30": 53.0451, "2009-03-31": "10.08120", "2008-12-31": 6.5847, "2008-09-30": 3.6222, "2008-06-30": 3.1572, "2008-03-31": "4.84900", "2007-12-31": 7.0156, "2007-09-30": 4.4582, "2007-06-30": 1.5489, "2007-03-31": "1.87970", "2006-12-31": 1.6072, "2006-09-30": 0.4097, "2006-06-30": 2.7623, "2006-03-31": "1.14440", "2005-12-31": 1.324, "2005-09-30": 1.3534, "2005-06-30": 1.0694, "2005-03-31": "0.73930"}, "Change In Accounts Receivable": {"2020-12-31": -4.3661, "2020-09-30": -9.3949, "2020-06-30": 8.451, "2020-03-31": "5.31000", "2019-12-31": -5.052, "2019-09-30": -3.054, "2019-06-30": -23.186, "2019-03-31": "-17.96500", "2018-12-31": 8.668, "2018-09-30": 26.07, "2018-06-30": -11.011, "2018-03-31": "10.32800", "2017-12-31": -3.77, "2017-09-30": -23.774, "2017-06-30": 11.337, "2017-03-31": "-15.65500", "2016-12-31": 1.2196, "2016-09-30": -5.7664, "2016-06-30": -16.4995, "2016-03-31": "1.98830", "2015-12-31": 19.978, "2015-09-30": -15.689, "2015-06-30": -12.6328, "2015-03-31": "-4.87100", "2014-12-31": 5.0911, "2014-09-30": 5.4615, "2014-06-30": -10.6206, "2014-03-31": "-1.12060", "2013-12-31": 4.1116, "2013-09-30": 11.0007, "2013-06-30": 2.3221, "2013-03-31": "10.90990", "2012-12-31": -1.8181, "2012-09-30": -3.0763, "2012-06-30": -12.7702, "2012-03-31": "11.83390", "2011-12-31": -11.5463, "2011-09-30": -9.6829, "2011-06-30": -5.3771, "2011-03-31": "7.42670", "2010-12-31": 5.6708, "2010-09-30": 0.0287, "2010-06-30": -10.2179, "2010-03-31": "0.82670", "2009-12-31": 7.7847, "2009-09-30": 12.6324, "2009-06-30": -3.3128, "2009-03-31": "0.59140", "2008-12-31": -10.5788, "2008-09-30": 1.3463, "2008-06-30": -2.8433, "2008-03-31": "-2.42550", "2007-12-31": -1.8051, "2007-09-30": -0.7315, "2007-06-30": 6.5284, "2007-03-31": "-6.05860", "2006-12-31": 4.1726, "2006-09-30": -1.3936, "2006-06-30": -1.5169, "2006-03-31": "-0.79980", "2005-12-31": 1.4473, "2005-09-30": 0.2569, "2005-06-30": -3.9077, "2005-03-31": "-1.18800"}, "Change In Inventories": {"2020-12-31": 0, "2020-09-30": 0, "2020-06-30": 0, "2020-03-31": "", "2019-12-31": 0, "2019-09-30": 0, "2019-06-30": 0, "2019-03-31": "", "2018-12-31": 0, "2018-09-30": 0, "2018-06-30": 0, "2018-03-31": "", "2017-12-31": 0, "2017-09-30": 0, "2017-06-30": 0, "2017-03-31": "", "2016-12-31": 0, "2016-09-30": 0, "2016-06-30": 0, "2016-03-31": "", "2015-12-31": 0, "2015-09-30": 0, "2015-06-30": 0, "2015-03-31": "", "2014-12-31": 0, "2014-09-30": 0, "2014-06-30": 0, "2014-03-31": "", "2013-12-31": 0, "2013-09-30": 0, "2013-06-30": 0, "2013-03-31": "", "2012-12-31": 0, "2012-09-30": 0, "2012-06-30": 0, "2012-03-31": "", "2011-12-31": 0, "2011-09-30": 0, "2011-06-30": 0, "2011-03-31": "", "2010-12-31": 0, "2010-09-30": 0, "2010-06-30": 0, "2010-03-31": "", "2009-12-31": 0, "2009-09-30": 0, "2009-06-30": 0, "2009-03-31": "", "2008-12-31": 0, "2008-09-30": 0, "2008-06-30": 0, "2008-03-31": "", "2007-12-31": 0, "2007-09-30": 0, "2007-06-30": 0, "2007-03-31": "", "2006-12-31": 0, "2006-09-30": 0, "2006-06-30": 0, "2006-03-31": "", "2005-12-31": 0, "2005-09-30": 0, "2005-06-30": 0, "2005-03-31": ""}, "Change In Accounts Payable": {"2020-12-31": 0, "2020-09-30": 0, "2020-06-30": 0, "2020-03-31": "", "2019-12-31": 0, "2019-09-30": 0, "2019-06-30": 0, "2019-03-31": "", "2018-12-31": 0, "2018-09-30": 0, "2018-06-30": 0, "2018-03-31": "", "2017-12-31": 0, "2017-09-30": 0, "2017-06-30": 0, "2017-03-31": "", "2016-12-31": 0, "2016-09-30": 0, "2016-06-30": 0, "2016-03-31": "", "2015-12-31": 0, "2015-09-30": 0, "2015-06-30": 0, "2015-03-31": "", "2014-12-31": 0, "2014-09-30": 0, "2014-06-30": 0, "2014-03-31": "", "2013-12-31": 0, "2013-09-30": 0, "2013-06-30": 0, "2013-03-31": "", "2012-12-31": 0, "2012-09-30": 0, "2012-06-30": 0, "2012-03-31": "", "2011-12-31": 0, "2011-09-30": 0, "2011-06-30": 0, "2011-03-31": "", "2010-12-31": 0, "2010-09-30": 0, "2010-06-30": 0, "2010-03-31": "", "2009-12-31": 0, "2009-09-30": 0, "2009-06-30": 0, "2009-03-31": "", "2008-12-31": 0, "2008-09-30": 0, "2008-06-30": 0, "2008-03-31": "", "2007-12-31": 0, "2007-09-30": 0, "2007-06-30": 0, "2007-03-31": "", "2006-12-31": 0, "2006-09-30": 0, "2006-06-30": 0, "2006-03-31": "", "2005-12-31": 0, "2005-09-30": 0, "2005-06-30": 0, "2005-03-31": ""}, "Change In Assets/Liabilities": {"2020-12-31": 124.187, "2020-09-30": -34.604, "2020-06-30": -8.569, "2020-03-31": "-81.01400", "2019-12-31": 9.603, "2019-09-30": 27.437, "2019-06-30": -68.478, "2019-03-31": "53.20300", "2018-12-31": 53.325, "2018-09-30": -22.037, "2018-06-30": 28.061, "2018-03-31": "-23.20300", "2017-12-31": -25.459, "2017-09-30": -4.008, "2017-06-30": -0.734, "2017-03-31": "-24.52200", "2016-12-31": 2.3423, "2016-09-30": -15.12, "2016-06-30": 20.6067, "2016-03-31": "-8.90600", "2015-12-31": -7.8165, "2015-09-30": -1.0969, "2015-06-30": 12.1789, "2015-03-31": "-13.11250", "2014-12-31": 2.9792, "2014-09-30": 7.1653, "2014-06-30": 0.1642, "2014-03-31": "-5.87660", "2013-12-31": -1.0492, "2013-09-30": 11.8018, "2013-06-30": 3.2573, "2013-03-31": "-5.28900", "2012-12-31": 13.3266, "2012-09-30": 12.2466, "2012-06-30": 3.5332, "2012-03-31": "12.66610", "2011-12-31": 18.6514, "2011-09-30": 10.7264, "2011-06-30": 14.8005, "2011-03-31": "9.17290", "2010-12-31": 9.6725, "2010-09-30": 15.582, "2010-06-30": -2.7383, "2010-03-31": "19.58000", "2009-12-31": -11.1405, "2009-09-30": 6.3925, "2009-06-30": -2.0176, "2009-03-31": "3.42910", "2008-12-31": -11.5383, "2008-09-30": 6.8782, "2008-06-30": 3.7356, "2008-03-31": "-0.02840", "2007-12-31": -17.6944, "2007-09-30": 0.5099, "2007-06-30": -1.8301, "2007-03-31": "-0.46840", "2006-12-31": 0.543, "2006-09-30": 1.5605, "2006-06-30": -2.3178, "2006-03-31": "-12.19250", "2005-12-31": 1.1217, "2005-09-30": -1.3315, "2005-06-30": 0.2208, "2005-03-31": "-0.98940"}, "Total Change In Assets/Liabilities": {"2020-12-31": 119.821, "2020-09-30": -43.999, "2020-06-30": -0.118, "2020-03-31": "-75.70400", "2019-12-31": 4.551, "2019-09-30": 24.383, "2019-06-30": -91.664, "2019-03-31": "35.23800", "2018-12-31": 61.993, "2018-09-30": 4.033, "2018-06-30": 17.05, "2018-03-31": "-12.87500", "2017-12-31": -29.229, "2017-09-30": -27.782, "2017-06-30": 10.603, "2017-03-31": "-40.17700", "2016-12-31": 3.5619, "2016-09-30": -20.8864, "2016-06-30": 4.1073, "2016-03-31": "-6.91780", "2015-12-31": 12.1616, "2015-09-30": -16.786, "2015-06-30": -0.4538, "2015-03-31": "-17.98350", "2014-12-31": 8.0704, "2014-09-30": 12.6269, "2014-06-30": -10.4565, "2014-03-31": "-6.99720", "2013-12-31": 3.0624, "2013-09-30": 22.8026, "2013-06-30": 5.5793, "2013-03-31": "5.62090", "2012-12-31": 11.5085, "2012-09-30": 9.1703, "2012-06-30": -9.237, "2012-03-31": "24.50000", "2011-12-31": 7.1052, "2011-09-30": 1.0436, "2011-06-30": 9.4233, "2011-03-31": "16.59960", "2010-12-31": 15.3433, "2010-09-30": 15.6107, "2010-06-30": -12.9563, "2010-03-31": "20.40680", "2009-12-31": -3.3558, "2009-09-30": 19.025, "2009-06-30": -5.3304, "2009-03-31": "4.02040", "2008-12-31": -22.1171, "2008-09-30": 8.2246, "2008-06-30": 0.8923, "2008-03-31": "-2.45400", "2007-12-31": -19.4995, "2007-09-30": -0.2215, "2007-06-30": 4.6983, "2007-03-31": "-6.52700", "2006-12-31": 4.7156, "2006-09-30": 0.1671, "2006-06-30": -3.8349, "2006-03-31": "-12.99220", "2005-12-31": 2.569, "2005-09-30": -1.0746, "2005-06-30": -3.6869, "2005-03-31": "-2.17740"}, "Cash Flow From Operating Activities": {"2020-12-31": -301.725, "2020-09-30": 116.527, "2020-06-30": 128.588, "2020-03-31": "56.61000", "2019-12-31": 119.784, "2019-09-30": 130.459, "2019-06-30": 28.754, "2019-03-31": "155.29100", "2018-12-31": 152.257, "2018-09-30": 107.961, "2018-06-30": 129.646, "2018-03-31": "80.89300", "2017-12-31": 45.733, "2017-09-30": 36.211, "2017-06-30": 76.124, "2017-03-31": "7.79600", "2016-12-31": 74.2936, "2016-09-30": 18.7454, "2016-06-30": 35.2495, "2016-03-31": "24.02750", "2015-12-31": 49.7024, "2015-09-30": 5.7883, "2015-06-30": 23.8659, "2015-03-31": "5.24720", "2014-12-31": 34.2566, "2014-09-30": 35.803, "2014-06-30": 11.6966, "2014-03-31": "13.30200", "2013-12-31": 26.9336, "2013-09-30": 44.7729, "2013-06-30": 30.6967, "2013-03-31": "24.03210", "2012-12-31": 28.298, "2012-09-30": 29.8552, "2012-06-30": 13.7703, "2012-03-31": "42.35420", "2011-12-31": 25.9183, "2011-09-30": 21.597, "2011-06-30": 29.7081, "2011-03-31": "35.86640", "2010-12-31": 36.3363, "2010-09-30": 36.2843, "2010-06-30": 19.1218, "2010-03-31": "37.84670", "2009-12-31": 17.874, "2009-09-30": 40.3006, "2009-06-30": 15.939, "2009-03-31": "16.19190", "2008-12-31": -7.4794, "2008-09-30": 20.3995, "2008-06-30": 12.2529, "2008-03-31": "8.45990", "2007-12-31": -6.2421, "2007-09-30": 10.0085, "2007-06-30": 11.6731, "2007-03-31": "0.95450", "2006-12-31": 11.9687, "2006-09-30": 5.9235, "2006-06-30": 3.2499, "2006-03-31": "-9.23590", "2005-12-31": 6.1312, "2005-09-30": 2.3571, "2005-06-30": -0.6583, "2005-03-31": "0.34160"}, "Net Change In Property, Plant, And Equipment": {"2020-12-31": 30.309, "2020-09-30": -11.646, "2020-06-30": -12.329, "2020-03-31": "-6.33400", "2019-12-31": -7.963, "2019-09-30": -5.49, "2019-06-30": -26.577, "2019-03-31": "-2.05700", "2018-12-31": -2.752, "2018-09-30": -3.702, "2018-06-30": -5.676, "2018-03-31": "-8.64200", "2017-12-31": -17.454, "2017-09-30": -17.331, "2017-06-30": -7.245, "2017-03-31": "-11.44600", "2016-12-31": -6.3359, "2016-09-30": -3.7839, "2016-06-30": -1.9015, "2016-03-31": "-2.84970", "2015-12-31": -2.8345, "2015-09-30": -1.4527, "2015-06-30": -4.5791, "2015-03-31": "-1.22210", "2014-12-31": -1.8874, "2014-09-30": -0.7257, "2014-06-30": -2.6609, "2014-03-31": "-0.60460", "2013-12-31": -0.9223, "2013-09-30": -0.9833, "2013-06-30": -1.9462, "2013-03-31": "-1.44210", "2012-12-31": -3.0116, "2012-09-30": -0.9121, "2012-06-30": -0.669, "2012-03-31": "-1.27180", "2011-12-31": -0.3693, "2011-09-30": -0.3322, "2011-06-30": -0.3543, "2011-03-31": "-0.97550", "2010-12-31": -1.9129, "2010-09-30": -1.5237, "2010-06-30": -2.1474, "2010-03-31": "-4.00370", "2009-12-31": -8.7714, "2009-09-30": -6.5197, "2009-06-30": -2.2047, "2009-03-31": "-1.68000", "2008-12-31": -3.2514, "2008-09-30": -1.8671, "2008-06-30": 1.0942, "2008-03-31": "-2.60380", "2007-12-31": -0.9747, "2007-09-30": -1.728, "2007-06-30": -1.0761, "2007-03-31": "-2.29300", "2006-12-31": -0.9411, "2006-09-30": -0.8557, "2006-06-30": -2.6196, "2006-03-31": "-0.23330", "2005-12-31": -0.1048, "2005-09-30": -0.9038, "2005-06-30": -1.3839, "2005-03-31": "-1.04640"}, "Net Change In Intangible Assets": {"2020-12-31": 0, "2020-09-30": 0, "2020-06-30": 0, "2020-03-31": "", "2019-12-31": 0, "2019-09-30": 0, "2019-06-30": 0, "2019-03-31": "", "2018-12-31": 0, "2018-09-30": 0, "2018-06-30": 0, "2018-03-31": "", "2017-12-31": 0, "2017-09-30": 0, "2017-06-30": 0, "2017-03-31": "", "2016-12-31": 6.748, "2016-09-30": 0, "2016-06-30": 0, "2016-03-31": "", "2015-12-31": 0, "2015-09-30": 0, "2015-06-30": 0, "2015-03-31": "", "2014-12-31": 0, "2014-09-30": 0, "2014-06-30": 0, "2014-03-31": "", "2013-12-31": 0, "2013-09-30": 0, "2013-06-30": 0, "2013-03-31": "", "2012-12-31": 0, "2012-09-30": 0, "2012-06-30": 0, "2012-03-31": "", "2011-12-31": 0, "2011-09-30": 0, "2011-06-30": 0, "2011-03-31": "", "2010-12-31": 0, "2010-09-30": 0, "2010-06-30": 0, "2010-03-31": "", "2009-12-31": 0, "2009-09-30": 0, "2009-06-30": 0, "2009-03-31": "", "2008-12-31": 0, "2008-09-30": 0, "2008-06-30": 0, "2008-03-31": "", "2007-12-31": 0, "2007-09-30": 0, "2007-06-30": 0, "2007-03-31": "", "2006-12-31": 0, "2006-09-30": 0, "2006-06-30": 0, "2006-03-31": "", "2005-12-31": 0, "2005-09-30": 0, "2005-06-30": 0, "2005-03-31": ""}, "Net Acquisitions/Divestitures": {"2020-12-31": 0, "2020-09-30": 0, "2020-06-30": 0, "2020-03-31": "", "2019-12-31": -44.594, "2019-09-30": 0, "2019-06-30": 0, "2019-03-31": "", "2018-12-31": 0, "2018-09-30": 0, "2018-06-30": 0, "2018-03-31": "", "2017-12-31": 0, "2017-09-30": 0, "2017-06-30": 155.142, "2017-03-31": "", "2016-12-31": -0.0005, "2016-09-30": 17.6085, "2016-06-30": 0, "2016-03-31": "", "2015-12-31": 0, "2015-09-30": 5.8766, "2015-06-30": 0, "2015-03-31": "", "2014-12-31": 0, "2014-09-30": 0, "2014-06-30": 0, "2014-03-31": "", "2013-12-31": 0, "2013-09-30": 0, "2013-06-30": 0, "2013-03-31": "", "2012-12-31": 0, "2012-09-30": 0, "2012-06-30": 0, "2012-03-31": "", "2011-12-31": 0, "2011-09-30": 0, "2011-06-30": 0, "2011-03-31": "", "2010-12-31": 0, "2010-09-30": 0, "2010-06-30": 0, "2010-03-31": "", "2009-12-31": 0, "2009-09-30": 0, "2009-06-30": 0, "2009-03-31": "", "2008-12-31": 0, "2008-09-30": -3.8, "2008-06-30": 0, "2008-03-31": "", "2007-12-31": 38.1495, "2007-09-30": 0, "2007-06-30": 0, "2007-03-31": "", "2006-12-31": -1.1897, "2006-09-30": 0, "2006-06-30": 0, "2006-03-31": "37.42020", "2005-12-31": 0, "2005-09-30": 0, "2005-06-30": 0, "2005-03-31": ""}, "Net Change In Short-term Investments": {"2020-12-31": 0, "2020-09-30": 0, "2020-06-30": 0, "2020-03-31": "", "2019-12-31": 0, "2019-09-30": 0, "2019-06-30": 0, "2019-03-31": "", "2018-12-31": 0, "2018-09-30": 0, "2018-06-30": 0, "2018-03-31": "", "2017-12-31": 0, "2017-09-30": 0, "2017-06-30": 0, "2017-03-31": "", "2016-12-31": 0, "2016-09-30": 0, "2016-06-30": 0, "2016-03-31": "", "2015-12-31": 0, "2015-09-30": 0, "2015-06-30": 0, "2015-03-31": "", "2014-12-31": 0, "2014-09-30": 0, "2014-06-30": 0, "2014-03-31": "", "2013-12-31": 0, "2013-09-30": 0, "2013-06-30": 0, "2013-03-31": "", "2012-12-31": 0, "2012-09-30": 0, "2012-06-30": 0, "2012-03-31": "", "2011-12-31": 0, "2011-09-30": 0, "2011-06-30": 0, "2011-03-31": "", "2010-12-31": 0, "2010-09-30": 0, "2010-06-30": 0, "2010-03-31": "", "2009-12-31": 0, "2009-09-30": 0, "2009-06-30": 0, "2009-03-31": "", "2008-12-31": 0, "2008-09-30": 0, "2008-06-30": 0, "2008-03-31": "", "2007-12-31": 0, "2007-09-30": 0, "2007-06-30": 0, "2007-03-31": "", "2006-12-31": 0, "2006-09-30": 0, "2006-06-30": 0, "2006-03-31": "", "2005-12-31": 0, "2005-09-30": 0, "2005-06-30": 0, "2005-03-31": ""}, "Net Change In Long-Term Investments": {"2020-12-31": 724.591, "2020-09-30": -183.154, "2020-06-30": -243.533, "2020-03-31": "-297.90400", "2019-12-31": -197.4439, "2019-09-30": -125.7211, "2019-06-30": 52.441, "2019-03-31": "-125.78000", "2018-12-31": -72.54, "2018-09-30": -266.807, "2018-06-30": -38.123, "2018-03-31": "-494.97300", "2017-12-31": 354.457, "2017-09-30": -474.918, "2017-06-30": -201.887, "2017-03-31": "-284.92500", "2016-12-31": -115.7948, "2016-09-30": 39.5514, "2016-06-30": -100.5041, "2016-03-31": "-148.91640", "2015-12-31": 27.5665, "2015-09-30": 48.1296, "2015-06-30": -42.2944, "2015-03-31": "-110.64290", "2014-12-31": -18.8563, "2014-09-30": 26.8339, "2014-06-30": -0.6168, "2014-03-31": "-34.00470", "2013-12-31": -0.7254, "2013-09-30": -19.5924, "2013-06-30": -30.9411, "2013-03-31": "-21.88040", "2012-12-31": 21.5477, "2012-09-30": 72.1931, "2012-06-30": 48.2605, "2012-03-31": "53.98420", "2011-12-31": 46.2914, "2011-09-30": -13.7547, "2011-06-30": 69.2822, "2011-03-31": "31.64460", "2010-12-31": -66.0945, "2010-09-30": -61.0123, "2010-06-30": 96.3142, "2010-03-31": "-49.31550", "2009-12-31": -19.2668, "2009-09-30": 8.2095, "2009-06-30": -66.962, "2009-03-31": "-14.04520", "2008-12-31": -211.0774, "2008-09-30": -110.5135, "2008-06-30": -25.2314, "2008-03-31": "21.95770", "2007-12-31": -18.6716, "2007-09-30": -8.2161, "2007-06-30": -5.806, "2007-03-31": "6.00410", "2006-12-31": -20.9808, "2006-09-30": -18.5546, "2006-06-30": 4.6732, "2006-03-31": "1.56240", "2005-12-31": -35.4257, "2005-09-30": -20.6219, "2005-06-30": -23.138, "2005-03-31": "2.55160"}, "Net Change In Investments - Total": {"2020-12-31": 724.591, "2020-09-30": -183.154, "2020-06-30": -243.533, "2020-03-31": "-297.90400", "2019-12-31": -197.4439, "2019-09-30": -125.7211, "2019-06-30": 52.441, "2019-03-31": "-125.78000", "2018-12-31": -72.54, "2018-09-30": -266.807, "2018-06-30": -38.123, "2018-03-31": "-494.97300", "2017-12-31": 354.457, "2017-09-30": -474.918, "2017-06-30": -201.887, "2017-03-31": "-284.92500", "2016-12-31": -115.7948, "2016-09-30": 39.5514, "2016-06-30": -100.5041, "2016-03-31": "-148.91640", "2015-12-31": 27.5665, "2015-09-30": 48.1296, "2015-06-30": -42.2944, "2015-03-31": "-110.64290", "2014-12-31": -18.8563, "2014-09-30": 26.8339, "2014-06-30": -0.6168, "2014-03-31": "-34.00470", "2013-12-31": -0.7254, "2013-09-30": -19.5924, "2013-06-30": -30.9411, "2013-03-31": "-21.88040", "2012-12-31": 21.5477, "2012-09-30": 72.1931, "2012-06-30": 48.2605, "2012-03-31": "53.98420", "2011-12-31": 46.2914, "2011-09-30": -13.7547, "2011-06-30": 69.2822, "2011-03-31": "31.64460", "2010-12-31": -66.0945, "2010-09-30": -61.0123, "2010-06-30": 96.3142, "2010-03-31": "-49.31550", "2009-12-31": -19.2668, "2009-09-30": 8.2095, "2009-06-30": -66.962, "2009-03-31": "-14.04520", "2008-12-31": -211.0774, "2008-09-30": -110.5135, "2008-06-30": -25.2314, "2008-03-31": "21.95770", "2007-12-31": -18.6716, "2007-09-30": -8.2161, "2007-06-30": -5.806, "2007-03-31": "6.00410", "2006-12-31": -20.9808, "2006-09-30": -18.5546, "2006-06-30": 4.6732, "2006-03-31": "1.56240", "2005-12-31": -35.4257, "2005-09-30": -20.6219, "2005-06-30": -23.138, "2005-03-31": "2.55160"}, "Investing Activities - Other": {"2020-12-31": 2659.143, "2020-09-30": 37.469, "2020-06-30": -2122.252, "2020-03-31": "-574.36000", "2019-12-31": -504.713, "2019-09-30": -376.301, "2019-06-30": -732.762, "2019-03-31": "-522.10000", "2018-12-31": -231.916, "2018-09-30": -412.303, "2018-06-30": -752.603, "2018-03-31": "-679.04700", "2017-12-31": -366.886, "2017-09-30": -519.962, "2017-06-30": -504.516, "2017-03-31": "-218.55700", "2016-12-31": -235.5226, "2016-09-30": -191.6625, "2016-06-30": -251.5947, "2016-03-31": "-284.12320", "2015-12-31": -211.7472, "2015-09-30": -201.6992, "2015-06-30": -182.1406, "2015-03-31": "-65.55810", "2014-12-31": -171.426, "2014-09-30": -111.937, "2014-06-30": -131.6875, "2014-03-31": "-40.30670", "2013-12-31": -187.1568, "2013-09-30": -47.9764, "2013-06-30": -157.9595, "2013-03-31": "-93.16710", "2012-12-31": -189.9552, "2012-09-30": -84.0364, "2012-06-30": -111.5759, "2012-03-31": "-54.94100", "2011-12-31": -64.6518, "2011-09-30": -47.7812, "2011-06-30": -10.8438, "2011-03-31": "-21.30470", "2010-12-31": 7.3725, "2010-09-30": 43.9539, "2010-06-30": 80.6381, "2010-03-31": "62.16880", "2009-12-31": 3.3057, "2009-09-30": -83.2809, "2009-06-30": -120.7446, "2009-03-31": "-128.85390", "2008-12-31": -164.9249, "2008-09-30": -174.895, "2008-06-30": -177.4921, "2008-03-31": "-119.66720", "2007-12-31": -158.1578, "2007-09-30": -68.3533, "2007-06-30": -107.7569, "2007-03-31": "-56.80160", "2006-12-31": -90.8371, "2006-09-30": -46.2925, "2006-06-30": -123.6687, "2006-03-31": "-36.76740", "2005-12-31": -45.7544, "2005-09-30": -47.2627, "2005-06-30": -40.8649, "2005-03-31": "-44.43200"}, "Cash Flow From Investing Activities": {"2020-12-31": 3414.043, "2020-09-30": -157.331, "2020-06-30": -2378.114, "2020-03-31": "-878.59800", "2019-12-31": -710.12, "2019-09-30": -552.106, "2019-06-30": -706.898, "2019-03-31": "-649.93700", "2018-12-31": -307.208, "2018-09-30": -682.812, "2018-06-30": -796.402, "2018-03-31": "-1182.66200", "2017-12-31": -29.883, "2017-09-30": -1012.211, "2017-06-30": -558.506, "2017-03-31": "-514.92800", "2016-12-31": -350.9059, "2016-09-30": -138.2865, "2016-06-30": -354.0003, "2016-03-31": "-435.88930", "2015-12-31": -187.0151, "2015-09-30": -149.1457, "2015-06-30": -229.0142, "2015-03-31": "-177.42300", "2014-12-31": -192.1697, "2014-09-30": -85.8288, "2014-06-30": -134.9653, "2014-03-31": "-74.91590", "2013-12-31": -188.8043, "2013-09-30": -68.5523, "2013-06-30": -190.8467, "2013-03-31": "-116.48960", "2012-12-31": -171.4191, "2012-09-30": -12.7554, "2012-06-30": -63.9843, "2012-03-31": "-2.22870", "2011-12-31": -18.7298, "2011-09-30": -61.8679, "2011-06-30": 58.084, "2011-03-31": "9.36440", "2010-12-31": -60.635, "2010-09-30": -18.582, "2010-06-30": 174.8049, "2010-03-31": "8.84960", "2009-12-31": -24.7326, "2009-09-30": -81.5911, "2009-06-30": -189.9113, "2009-03-31": "-144.57910", "2008-12-31": -379.2538, "2008-09-30": -291.0756, "2008-06-30": -201.6293, "2008-03-31": "-100.31330", "2007-12-31": -139.6546, "2007-09-30": -78.2975, "2007-06-30": -114.639, "2007-03-31": "-53.09040", "2006-12-31": -113.9487, "2006-09-30": -65.7028, "2006-06-30": -121.6151, "2006-03-31": "1.98190", "2005-12-31": -81.2848, "2005-09-30": -68.7886, "2005-06-30": -65.3867, "2005-03-31": "-42.92680"}, "Net Long-Term Debt": {"2020-12-31": 855.3211, "2020-09-30": -547.144, "2020-06-30": -483.0391, "2020-03-31": "174.86200", "2019-12-31": 9.8062, "2019-09-30": 245.6069, "2019-06-30": -181.702, "2019-03-31": "676.91100", "2018-12-31": -57.594, "2018-09-30": -61.324, "2018-06-30": -395.243, "2018-03-31": "656.91700", "2017-12-31": -304.087, "2017-09-30": 898.668, "2017-06-30": 493.789, "2017-03-31": "-175.05600", "2016-12-31": 112.197, "2016-09-30": -514.0445, "2016-06-30": 187.5822, "2016-03-31": "383.32940", "2015-12-31": -283.0085, "2015-09-30": 46.4248, "2015-06-30": -11.7181, "2015-03-31": "299.35930", "2014-12-31": -20.6553, "2014-09-30": 44.3591, "2014-06-30": 19.344, "2014-03-31": "59.35890", "2013-12-31": -25.6414, "2013-09-30": -210.6997, "2013-06-30": 119.3581, "2013-03-31": "124.33840", "2012-12-31": -115.6424, "2012-09-30": -95.7811, "2012-06-30": 69.9821, "2012-03-31": "-0.01790", "2011-12-31": 64.9821, "2011-09-30": 49.938, "2011-06-30": -0.1373, "2011-03-31": "-10.01950", "2010-12-31": -0.0195, "2010-09-30": -10.0194, "2010-06-30": -25.8152, "2010-03-31": "-55.29560", "2009-12-31": -10.2927, "2009-09-30": -5.2897, "2009-06-30": 6.7131, "2009-03-31": "19.71600", "2008-12-31": -5.2264, "2008-09-30": 34.9763, "2008-06-30": 18.9557, "2008-03-31": "66.66310", "2007-12-31": 35.6643, "2007-09-30": 8.9864, "2007-06-30": -0.0136, "2007-03-31": "-27.01360", "2006-12-31": 24.9864, "2006-09-30": 15.61, "2006-06-30": -33.5182, "2006-03-31": "8.00000", "2005-12-31": 17, "2005-09-30": -4.381, "2005-06-30": -2, "2005-03-31": "-2.00000"}, "Net Current Debt": {"2020-12-31": -0.705, "2020-09-30": -67.494, "2020-06-30": 8.005, "2020-03-31": "60.19400", "2019-12-31": 30.952, "2019-09-30": -58.767, "2019-06-30": 53.471, "2019-03-31": "-4.04300", "2018-12-31": -25.476, "2018-09-30": 1.478, "2018-06-30": -3.125, "2018-03-31": "-3.39800", "2017-12-31": 5.706, "2017-09-30": -75.451, "2017-06-30": 71.54, "2017-03-31": "-14.54900", "2016-12-31": 1.3894, "2016-09-30": 11, "2016-06-30": 10.5154, "2016-03-31": "-16.28280", "2015-12-31": 11.0069, "2015-09-30": -11.3449, "2015-06-30": -6.5046, "2015-03-31": "-25.94160", "2014-12-31": 29.2222, "2014-09-30": 2.4999, "2014-06-30": -5.82, "2014-03-31": "-2.37270", "2013-12-31": -13.5666, "2013-09-30": -33.3139, "2013-06-30": -11.7537, "2013-03-31": "14.43200", "2012-12-31": -20.1195, "2012-09-30": 7.1645, "2012-06-30": 9.534, "2012-03-31": "-13.50290", "2011-12-31": 2.6376, "2011-09-30": 4.4401, "2011-06-30": -40.6187, "2011-03-31": "18.83800", "2010-12-31": -45.0976, "2010-09-30": 31.9018, "2010-06-30": -40.9984, "2010-03-31": "-74.97650", "2009-12-31": 59.7912, "2009-09-30": 0.5387, "2009-06-30": 5.1472, "2009-03-31": "-45.95280", "2008-12-31": 57.1339, "2008-09-30": 15.6185, "2008-06-30": 11.808, "2008-03-31": "-24.55240", "2007-12-31": 10.0809, "2007-09-30": 4.8732, "2007-06-30": 23.5839, "2007-03-31": "-4.15710", "2006-12-31": 18.6615, "2006-09-30": 17.9743, "2006-06-30": 40.468, "2006-03-31": "-1.92230", "2005-12-31": -1.8175, "2005-09-30": 9.9748, "2005-06-30": 11.2888, "2005-03-31": "14.46030"}, "Debt Issuance/Retirement Net - Total": {"2020-12-31": 854.6161, "2020-09-30": -614.638, "2020-06-30": -475.0341, "2020-03-31": "235.05600", "2019-12-31": 40.7581, "2019-09-30": 186.8399, "2019-06-30": -128.231, "2019-03-31": "672.86800", "2018-12-31": -83.07, "2018-09-30": -59.846, "2018-06-30": -398.368, "2018-03-31": "653.51900", "2017-12-31": -298.3811, "2017-09-30": 823.217, "2017-06-30": 565.329, "2017-03-31": "-189.60500", "2016-12-31": 113.5864, "2016-09-30": -503.0445, "2016-06-30": 198.0976, "2016-03-31": "367.04660", "2015-12-31": -272.0015, "2015-09-30": 35.0797, "2015-06-30": -18.2226, "2015-03-31": "273.41770", "2014-12-31": 8.567, "2014-09-30": 46.8589, "2014-06-30": 13.524, "2014-03-31": "56.98620", "2013-12-31": -39.208, "2013-09-30": -244.0135, "2013-06-30": 107.6044, "2013-03-31": "138.77040", "2012-12-31": -135.7619, "2012-09-30": -88.6166, "2012-06-30": 79.5161, "2012-03-31": "-13.52080", "2011-12-31": 67.6198, "2011-09-30": 54.378, "2011-06-30": -40.756, "2011-03-31": "8.81850", "2010-12-31": -45.1172, "2010-09-30": 21.8825, "2010-06-30": -66.8136, "2010-03-31": "-130.27210", "2009-12-31": 49.4985, "2009-09-30": -4.751, "2009-06-30": 11.8603, "2009-03-31": "-26.23680", "2008-12-31": 51.9076, "2008-09-30": 50.5947, "2008-06-30": 30.7637, "2008-03-31": "42.11070", "2007-12-31": 45.7453, "2007-09-30": 13.8595, "2007-06-30": 23.5703, "2007-03-31": "-31.17070", "2006-12-31": 43.6479, "2006-09-30": 33.5843, "2006-06-30": 6.9498, "2006-03-31": "6.07770", "2005-12-31": 15.1825, "2005-09-30": 5.5938, "2005-06-30": 9.2888, "2005-03-31": "12.46030"}, "Net Common Equity Issued/Repurchased": {"2020-12-31": 55.858, "2020-09-30": -0.3, "2020-06-30": -0.347, "2020-03-31": "-55.21100", "2019-12-31": -12.075, "2019-09-30": -11.462, "2019-06-30": -8.167, "2019-03-31": "-33.40600", "2018-12-31": -20.657, "2018-09-30": -0.629, "2018-06-30": -0.83, "2018-03-31": "-3.64900", "2017-12-31": 1.554, "2017-09-30": -0.351, "2017-06-30": 0.257, "2017-03-31": "191.22800", "2016-12-31": 4.9004, "2016-09-30": 2.9143, "2016-06-30": 0.7157, "2016-03-31": "3.05860", "2015-12-31": -0.9622, "2015-09-30": 1.1671, "2015-06-30": 2.5198, "2015-03-31": "0.87810", "2014-12-31": 2.1006, "2014-09-30": 1.3068, "2014-06-30": 1.7671, "2014-03-31": "1.24720", "2013-12-31": 1.6042, "2013-09-30": 0.7058, "2013-06-30": 0.3627, "2013-03-31": "0.22220", "2012-12-31": 0.1274, "2012-09-30": -0.6492, "2012-06-30": 0.2281, "2012-03-31": "0.40540", "2011-12-31": 0.1906, "2011-09-30": 0.2225, "2011-06-30": -0.0176, "2011-03-31": "0.46930", "2010-12-31": 1.149, "2010-09-30": 1.1928, "2010-06-30": 0.3879, "2010-03-31": "0.59240", "2009-12-31": 0.3272, "2009-09-30": 0.0282, "2009-06-30": 109.039, "2009-03-31": "0.59940", "2008-12-31": 0.4071, "2008-09-30": 22.6813, "2008-06-30": 1.2799, "2008-03-31": "0.73990", "2007-12-31": 0.2826, "2007-09-30": 0.0933, "2007-06-30": 0.0741, "2007-03-31": "0.42750", "2006-12-31": 0.292, "2006-09-30": 0.1804, "2006-06-30": 0.7411, "2006-03-31": "0.08130", "2005-12-31": 0.0312, "2005-09-30": 0.045, "2005-06-30": 0.0845, "2005-03-31": "0.01410"}, "Net Total Equity Issued/Repurchased": {"2020-12-31": -161.268, "2020-09-30": -0.806, "2020-06-30": 217.285, "2020-03-31": "-55.21100", "2019-12-31": -12.075, "2019-09-30": -11.462, "2019-06-30": -8.167, "2019-03-31": "-33.40600", "2018-12-31": -20.657, "2018-09-30": -0.629, "2018-06-30": -0.83, "2018-03-31": "-3.64900", "2017-12-31": 1.554, "2017-09-30": -0.351, "2017-06-30": 0.257, "2017-03-31": "191.22800", "2016-12-31": 4.9004, "2016-09-30": 2.9143, "2016-06-30": 0.7157, "2016-03-31": "3.05860", "2015-12-31": 35.6456, "2015-09-30": -35.4407, "2015-06-30": 2.5198, "2015-03-31": "0.87810", "2014-12-31": 2.1006, "2014-09-30": 1.3068, "2014-06-30": 1.7671, "2014-03-31": "1.24720", "2013-12-31": 1.6042, "2013-09-30": 0.7058, "2013-06-30": 0.3627, "2013-03-31": "0.22220", "2012-12-31": 0.1274, "2012-09-30": -0.6492, "2012-06-30": -71.0219, "2012-03-31": "0.40540", "2011-12-31": -23.5594, "2011-09-30": 0.2225, "2011-06-30": -0.0176, "2011-03-31": "0.46930", "2010-12-31": 1.149, "2010-09-30": 1.1928, "2010-06-30": 0.3879, "2010-03-31": "0.59240", "2009-12-31": 0.3272, "2009-09-30": 0.0282, "2009-06-30": 109.039, "2009-03-31": "0.59940", "2008-12-31": 95.3451, "2008-09-30": 22.6813, "2008-06-30": 1.2799, "2008-03-31": "0.73990", "2007-12-31": 0.2826, "2007-09-30": 0.0933, "2007-06-30": 0.0741, "2007-03-31": "0.42750", "2006-12-31": 0.292, "2006-09-30": 0.1804, "2006-06-30": 0.7411, "2006-03-31": "0.08130", "2005-12-31": 0.0312, "2005-09-30": 0.045, "2005-06-30": 0.0845, "2005-03-31": "0.01410"}, "Total Common And Preferred Stock Dividends Paid": {"2020-12-31": 40.903, "2020-09-30": -16.083, "2020-06-30": -12.378, "2020-03-31": "-12.44200", "2019-12-31": -12.413, "2019-09-30": -12.438, "2019-06-30": -12.432, "2019-03-31": "-12.54500", "2018-12-31": -12.551, "2018-09-30": -10.978, "2018-06-30": -10.951, "2018-03-31": "-10.97400", "2017-12-31": -10.923, "2017-09-30": -10.934, "2017-06-30": -7.025, "2017-03-31": "-7.02500", "2016-12-31": -6.5088, "2016-09-30": -6.4998, "2016-06-30": -5.9256, "2016-03-31": "-5.79180", "2015-12-31": -4.9288, "2015-09-30": -4.7445, "2015-06-30": -4.3297, "2015-03-31": "-4.30410", "2014-12-31": -2.8624, "2014-09-30": -2.8562, "2014-06-30": -2.8552, "2014-03-31": "-2.82450", "2013-12-31": -2.8147, "2013-09-30": 0, "2013-06-30": 0, "2013-03-31": "", "2012-12-31": 0, "2012-09-30": 0, "2012-06-30": -1.237, "2012-03-31": "-0.89060", "2011-12-31": -1.3293, "2011-09-30": -1.1875, "2011-06-30": -1.1875, "2011-03-31": "-1.18750", "2010-12-31": -1.1875, "2010-09-30": -1.1875, "2010-06-30": -1.1875, "2010-03-31": "-1.18750", "2009-12-31": -1.1876, "2009-09-30": -1.1874, "2009-06-30": -1.1875, "2009-03-31": "-0.83130", "2008-12-31": 0, "2008-09-30": 0, "2008-06-30": 0, "2008-03-31": "", "2007-12-31": 0, "2007-09-30": 0, "2007-06-30": 0, "2007-03-31": "", "2006-12-31": 0, "2006-09-30": 0, "2006-06-30": 0, "2006-03-31": "", "2005-12-31": 0, "2005-09-30": 0, "2005-06-30": 0, "2005-03-31": ""}, "Financial Activities - Other": {"2020-12-31": -6363.187, "2020-09-30": 1022.195, "2020-06-30": 4188.746, "2020-03-31": "1152.24600", "2019-12-31": 180.47, "2019-09-30": 551.423, "2019-06-30": 969.064, "2019-03-31": "-368.46600", "2018-12-31": 441.841, "2018-09-30": 550.461, "2018-06-30": 1355.066, "2018-03-31": "52.03900", "2017-12-31": 663.214, "2017-09-30": 33.565, "2017-06-30": 269.932, "2017-03-31": "521.56300", "2016-12-31": 91.3027, "2016-09-30": 411.367, "2016-06-30": 215.0664, "2016-03-31": "109.17490", "2015-12-31": 372.5106, "2015-09-30": 202.5536, "2015-06-30": 204.3516, "2015-03-31": "8.05330", "2014-12-31": 120.4459, "2014-09-30": 11.1777, "2014-06-30": 151.0035, "2014-03-31": "-31.79640", "2013-12-31": 200.0863, "2013-09-30": 237.0576, "2013-06-30": 193.7947, "2013-03-31": "-112.26450", "2012-12-31": 295.9054, "2012-09-30": 9.4871, "2012-06-30": 121.7074, "2012-03-31": "-66.21530", "2011-12-31": -58.2919, "2011-09-30": -48.8582, "2011-06-30": 29.6497, "2011-03-31": "-101.14650", "2010-12-31": 7.4664, "2010-09-30": -27.7205, "2010-06-30": 17.1108, "2010-03-31": "12.84910", "2009-12-31": 3.799, "2009-09-30": 58.5785, "2009-06-30": 10.614, "2009-03-31": "217.89530", "2008-12-31": 238.3346, "2008-09-30": 143.5886, "2008-06-30": 186.2563, "2008-03-31": "42.78560", "2007-12-31": 141.1668, "2007-09-30": 29.5409, "2007-06-30": 97.661, "2007-03-31": "78.02200", "2006-12-31": 37.5595, "2006-09-30": 26.1475, "2006-06-30": 143.9492, "2006-03-31": "22.03250", "2005-12-31": 21.523, "2005-09-30": 98.7084, "2005-06-30": 70.8985, "2005-03-31": "48.29380"}, "Cash Flow From Financial Activities": {"2020-12-31": -5628.936, "2020-09-30": 390.668, "2020-06-30": 3918.619, "2020-03-31": "1319.64900", "2019-12-31": 196.74, "2019-09-30": 714.363, "2019-06-30": 820.234, "2019-03-31": "258.45100", "2018-12-31": 325.563, "2018-09-30": 479.008, "2018-06-30": 944.917, "2018-03-31": "690.93500", "2017-12-31": 355.464, "2017-09-30": 845.497, "2017-06-30": 828.493, "2017-03-31": "516.16100", "2016-12-31": 203.2806, "2016-09-30": -95.263, "2016-06-30": 407.9542, "2016-03-31": "473.48820", "2015-12-31": 131.2257, "2015-09-30": 197.4482, "2015-06-30": 184.3191, "2015-03-31": "278.04500", "2014-12-31": 128.2511, "2014-09-30": 56.4873, "2014-06-30": 163.4393, "2014-03-31": "23.61260", "2013-12-31": 159.6679, "2013-09-30": -6.2502, "2013-06-30": 301.7618, "2013-03-31": "26.72810", "2012-12-31": 160.2709, "2012-09-30": -79.7788, "2012-06-30": 128.9645, "2012-03-31": "-80.22120", "2011-12-31": -15.5609, "2011-09-30": 4.5548, "2011-06-30": -12.3112, "2011-03-31": "-93.04630", "2010-12-31": -37.6892, "2010-09-30": -5.8328, "2010-06-30": -50.5024, "2010-03-31": "-118.01810", "2009-12-31": 52.4372, "2009-09-30": 52.6682, "2009-06-30": 130.3257, "2009-03-31": "191.42670", "2008-12-31": 385.5873, "2008-09-30": 216.8645, "2008-06-30": 218.3, "2008-03-31": "85.63620", "2007-12-31": 187.1925, "2007-09-30": 43.4958, "2007-06-30": 121.3054, "2007-03-31": "47.27880", "2006-12-31": 81.4993, "2006-09-30": 59.9121, "2006-06-30": 151.6402, "2006-03-31": "28.19150", "2005-12-31": 36.7366, "2005-09-30": 104.3473, "2005-06-30": 80.2717, "2005-03-31": "60.76820"}, "Net Cash Flow": {"2020-12-31": -2516.618, "2020-09-30": 349.864, "2020-06-30": 1669.093, "2020-03-31": "497.66100", "2019-12-31": -393.596, "2019-09-30": 292.716, "2019-06-30": 142.09, "2019-03-31": "-236.19500", "2018-12-31": 170.612, "2018-09-30": -95.843, "2018-06-30": 278.161, "2018-03-31": "-410.83400", "2017-12-31": 371.314, "2017-09-30": -130.503, "2017-06-30": 346.111, "2017-03-31": "9.02900", "2016-12-31": -73.3317, "2016-09-30": -214.8041, "2016-06-30": 89.2035, "2016-03-31": "61.62630", "2015-12-31": -6.087, "2015-09-30": 54.0909, "2015-06-30": -20.8293, "2015-03-31": "105.86920", "2014-12-31": -29.662, "2014-09-30": 6.4615, "2014-06-30": 40.1706, "2014-03-31": "-38.00130", "2013-12-31": -2.2027, "2013-09-30": -30.0296, "2013-06-30": 141.6118, "2013-03-31": "-65.72940", "2012-12-31": 17.1498, "2012-09-30": -62.679, "2012-06-30": 78.7505, "2012-03-31": "-40.09570", "2011-12-31": -8.3723, "2011-09-30": -35.7163, "2011-06-30": 75.481, "2011-03-31": "-47.81550", "2010-12-31": -61.9879, "2010-09-30": 11.8696, "2010-06-30": 143.4243, "2010-03-31": "-71.32190", "2009-12-31": 45.5788, "2009-09-30": 11.3777, "2009-06-30": -43.6466, "2009-03-31": "63.03940", "2008-12-31": -1.1458, "2008-09-30": -53.8116, "2008-06-30": 28.9236, "2008-03-31": "-6.21730", "2007-12-31": 41.2959, "2007-09-30": -24.7933, "2007-06-30": 18.3396, "2007-03-31": "-4.85720", "2006-12-31": -20.4807, "2006-09-30": 0.1329, "2006-06-30": 33.275, "2006-03-31": "20.93740", "2005-12-31": -38.4171, "2005-09-30": 37.9159, "2005-06-30": 14.2266, "2005-03-31": "18.18310"}, "Stock-Based Compensation": {"2020-12-31": -14.092, "2020-09-30": 4.443, "2020-06-30": 4.148, "2020-03-31": "5.50100", "2019-12-31": 6.135, "2019-09-30": 5.018, "2019-06-30": 5.16, "2019-03-31": "4.91300", "2018-12-31": 4.382, "2018-09-30": 4.503, "2018-06-30": 4.303, "2018-03-31": "4.44800", "2017-12-31": 5.126, "2017-09-30": 5.779, "2017-06-30": 5.159, "2017-03-31": "3.47400", "2016-12-31": 2.8698, "2016-09-30": 2.8563, "2016-06-30": 2.6161, "2016-03-31": "2.62880", "2015-12-31": 2.0366, "2015-09-30": 1.9435, "2015-06-30": 1.7078, "2015-03-31": "1.65370", "2014-12-31": 1.3382, "2014-09-30": 1.3885, "2014-06-30": 1.3804, "2014-03-31": "1.20110", "2013-12-31": 1.0549, "2013-09-30": 1.0314, "2013-06-30": 1.0328, "2013-03-31": "0.96300", "2012-12-31": 0.5957, "2012-09-30": 0.8965, "2012-06-30": 1.4338, "2012-03-31": "1.48850", "2011-12-31": 1.1131, "2011-09-30": 1.3628, "2011-06-30": 1.267, "2011-03-31": "1.27540", "2010-12-31": 0.9334, "2010-09-30": 0.9989, "2010-06-30": 0.8626, "2010-03-31": "1.18610", "2009-12-31": 0.8795, "2009-09-30": 0.6644, "2009-06-30": 0.832, "2009-03-31": "0.87510", "2008-12-31": 0.6409, "2008-09-30": 0.6906, "2008-06-30": 0.534, "2008-03-31": "0.48190", "2007-12-31": 0.5749, "2007-09-30": 0.6014, "2007-06-30": 0.4562, "2007-03-31": "0.46730", "2006-12-31": 0.4736, "2006-09-30": 0.4688, "2006-06-30": 0.3459, "2006-03-31": "0.18670", "2005-12-31": 0.1158, "2005-09-30": 0.1289, "2005-06-30": 0, "2005-03-31": ""}, "Common Stock Dividends Paid": {"2020-12-31": 37.105, "2020-09-30": -12.285, "2020-06-30": -12.378, "2020-03-31": "-12.44200", "2019-12-31": -12.413, "2019-09-30": -12.438, "2019-06-30": -12.432, "2019-03-31": "-12.54500", "2018-12-31": -12.551, "2018-09-30": -10.978, "2018-06-30": -10.951, "2018-03-31": "-10.97400", "2017-12-31": -10.923, "2017-09-30": -10.934, "2017-06-30": -7.025, "2017-03-31": "-7.02500", "2016-12-31": -6.5088, "2016-09-30": -6.4998, "2016-06-30": -5.9256, "2016-03-31": "-5.79180", "2015-12-31": -4.9288, "2015-09-30": -4.7445, "2015-06-30": -4.3297, "2015-03-31": "-4.30410", "2014-12-31": -2.8624, "2014-09-30": -2.8562, "2014-06-30": -2.8552, "2014-03-31": "-2.82450", "2013-12-31": -2.8147, "2013-09-30": 0, "2013-06-30": 0, "2013-03-31": "", "2012-12-31": 0, "2012-09-30": 0, "2012-06-30": 0, "2012-03-31": "", "2011-12-31": 0, "2011-09-30": 0, "2011-06-30": 0, "2011-03-31": "", "2010-12-31": 0, "2010-09-30": 0, "2010-06-30": 0, "2010-03-31": "", "2009-12-31": 0, "2009-09-30": 0, "2009-06-30": 0, "2009-03-31": "", "2008-12-31": 0, "2008-09-30": 0, "2008-06-30": 0, "2008-03-31": "", "2007-12-31": 0, "2007-09-30": 0, "2007-06-30": 0, "2007-03-31": "", "2006-12-31": 0, "2006-09-30": 0, "2006-06-30": 0, "2006-03-31": "", "2005-12-31": 0, "2005-09-30": 0, "2005-06-30": 0, "2005-03-31": ""}}, "financial ratios": {"Current Ratio": {"2019-12-31": "", "2018-12-31": "", "2017-12-31": "", "2016-12-31": "", "2015-12-31": "", "2014-12-31": "", "2013-12-31": "", "2012-12-31": "", "2011-12-31": "", "2010-12-31": "", "2009-12-31": "", "2008-12-31": "", "2007-12-31": "", "2006-12-31": "", "2005-12-31": ""}, "Long-term Debt / Capital": {"2019-12-31": "0.14670", "2018-12-31": "0.10900", "2017-12-31": "0.11150", "2016-12-31": "0.18990", "2015-12-31": "0.10920", "2014-12-31": "0.10700", "2013-12-31": "0.12000", "2012-12-31": "0.13520", "2011-12-31": "0.12070", "2010-12-31": "0.12580", "2009-12-31": "0.12210", "2008-12-31": "0.13450", "2007-12-31": "0.15020", "2006-12-31": "0.16760", "2005-12-31": "0.32780"}, "Debt/Equity Ratio": {"2019-12-31": "0.67450", "2018-12-31": "0.51270", "2017-12-31": "0.51800", "2016-12-31": "0.56310", "2015-12-31": "0.45080", "2014-12-31": "0.48040", "2013-12-31": "0.35890", "2012-12-31": "0.43690", "2011-12-31": "0.64090", "2010-12-31": "0.53900", "2009-12-31": "0.83530", "2008-12-31": "0.88540", "2007-12-31": "0.81480", "2006-12-31": "0.96200", "2005-12-31": "2.17960"}, "Gross Margin": {"2019-12-31": "", "2018-12-31": "", "2017-12-31": "", "2016-12-31": "", "2015-12-31": "", "2014-12-31": "", "2013-12-31": "", "2012-12-31": "", "2011-12-31": "", "2010-12-31": "", "2009-12-31": "", "2008-12-31": "", "2007-12-31": "", "2006-12-31": "", "2005-12-31": ""}, "Operating Margin": {"2019-12-31": "", "2018-12-31": "", "2017-12-31": "", "2016-12-31": "", "2015-12-31": "", "2014-12-31": "", "2013-12-31": "", "2012-12-31": "", "2011-12-31": "", "2010-12-31": "", "2009-12-31": "", "2008-12-31": "", "2007-12-31": "", "2006-12-31": "", "2005-12-31": ""}, "EBIT Margin": {"2019-12-31": "", "2018-12-31": "", "2017-12-31": "", "2016-12-31": "", "2015-12-31": "", "2014-12-31": "", "2013-12-31": "", "2012-12-31": "", "2011-12-31": "", "2010-12-31": "", "2009-12-31": "", "2008-12-31": "", "2007-12-31": "", "2006-12-31": "", "2005-12-31": ""}, "EBITDA Margin": {"2019-12-31": "", "2018-12-31": "", "2017-12-31": "", "2016-12-31": "", "2015-12-31": "", "2014-12-31": "", "2013-12-31": "", "2012-12-31": "", "2011-12-31": "", "2010-12-31": "", "2009-12-31": "", "2008-12-31": "", "2007-12-31": "", "2006-12-31": "", "2005-12-31": ""}, "Pre-Tax Profit Margin": {"2019-12-31": "49.62050", "2018-12-31": "49.83720", "2017-12-31": "44.84050", "2016-12-31": "44.75050", "2015-12-31": "45.57630", "2014-12-31": "43.66670", "2013-12-31": "39.91920", "2012-12-31": "31.15590", "2011-12-31": "17.00390", "2010-12-31": "-15.66260", "2009-12-31": "-120.87770", "2008-12-31": "31.39780", "2007-12-31": "35.32500", "2006-12-31": "36.13750", "2005-12-31": "34.84430"}, "Net Profit Margin": {"2019-12-31": "39.98080", "2018-12-31": "39.81240", "2017-12-31": "26.18010", "2016-12-31": "29.74850", "2015-12-31": "30.41950", "2014-12-31": "29.12610", "2013-12-31": "26.83120", "2012-12-31": "18.96930", "2011-12-31": "22.11880", "2010-12-31": "-23.97180", "2009-12-31": "-77.17270", "2008-12-31": "22.19330", "2007-12-31": "24.63970", "2006-12-31": "24.55510", "2005-12-31": "24.95460"}, "Asset Turnover": {"2019-12-31": "0.03610", "2018-12-31": "0.03610", "2017-12-31": "0.02990", "2016-12-31": "0.03820", "2015-12-31": "0.03600", "2014-12-31": "0.04020", "2013-12-31": "0.03870", "2012-12-31": "0.03980", "2011-12-31": "0.03450", "2010-12-31": "0.02590", "2009-12-31": "0.01050", "2008-12-31": "0.02900", "2007-12-31": "0.02460", "2006-12-31": "0.03410", "2005-12-31": "0.03170"}, "Inventory Turnover Ratio": {"2019-12-31": "", "2018-12-31": "", "2017-12-31": "", "2016-12-31": "", "2015-12-31": "", "2014-12-31": "", "2013-12-31": "", "2012-12-31": "", "2011-12-31": "", "2010-12-31": "", "2009-12-31": "", "2008-12-31": "", "2007-12-31": "", "2006-12-31": "", "2005-12-31": ""}, "Receiveable Turnover": {"2019-12-31": "", "2018-12-31": "", "2017-12-31": "", "2016-12-31": "", "2015-12-31": "", "2014-12-31": "", "2013-12-31": "", "2012-12-31": "", "2011-12-31": "", "2010-12-31": "", "2009-12-31": "", "2008-12-31": "", "2007-12-31": "", "2006-12-31": "", "2005-12-31": ""}, "Days Sales In Receivables": {"2019-12-31": "", "2018-12-31": "", "2017-12-31": "", "2016-12-31": "", "2015-12-31": "", "2014-12-31": "", "2013-12-31": "", "2012-12-31": "", "2011-12-31": "", "2010-12-31": "", "2009-12-31": "", "2008-12-31": "", "2007-12-31": "", "2006-12-31": "", "2005-12-31": ""}, "ROE - Return On Equity": {"2019-12-31": "9.20350", "2018-12-31": "9.06320", "2017-12-31": "4.69210", "2016-12-31": "8.50040", "2015-12-31": "8.26480", "2014-12-31": "8.77930", "2013-12-31": "7.97650", "2012-12-31": "6.16780", "2011-12-31": "6.82280", "2010-12-31": "-4.14210", "2009-12-31": "-5.80480", "2008-12-31": "5.72850", "2007-12-31": "4.93800", "2006-12-31": "7.00230", "2005-12-31": "12.69820"}, "Return On Tangible Equity": {"2019-12-31": "16.13330", "2018-12-31": "17.01360", "2017-12-31": "9.43880", "2016-12-31": "13.68010", "2015-12-31": "13.39850", "2014-12-31": "12.66850", "2013-12-31": "12.12190", "2012-12-31": "9.74210", "2011-12-31": "9.54490", "2010-12-31": "-5.74940", "2009-12-31": "-8.00940", "2008-12-31": "8.42940", "2007-12-31": "11.20090", "2006-12-31": "13.75360", "2005-12-31": "12.69820"}, "ROA - Return On Assets": {"2019-12-31": "1.44170", "2018-12-31": "1.43600", "2017-12-31": "0.78350", "2016-12-31": "1.13650", "2015-12-31": "1.09600", "2014-12-31": "1.17100", "2013-12-31": "1.03750", "2012-12-31": "0.83090", "2011-12-31": "0.89920", "2010-12-31": "-0.49500", "2009-12-31": "-0.69220", "2008-12-31": "0.64940", "2007-12-31": "0.60730", "2006-12-31": "0.83690", "2005-12-31": "0.79220"}, "ROI - Return On Investment": {"2019-12-31": "7.85300", "2018-12-31": "8.07540", "2017-12-31": "4.16870", "2016-12-31": "6.88650", "2015-12-31": "7.36260", "2014-12-31": "7.84010", "2013-12-31": "7.01950", "2012-12-31": "5.33400", "2011-12-31": "5.41560", "2010-12-31": "-3.13580", "2009-12-31": "-4.44590", "2008-12-31": "4.25980", "2007-12-31": "4.19630", "2006-12-31": "5.82870", "2005-12-31": "8.53620"}, "Book Value Per Share": {"2019-12-31": "56.93790", "2018-12-31": "51.17340", "2017-12-31": "47.72140", "2016-12-31": "32.28490", "2015-12-31": "28.25040", "2014-12-31": "22.46430", "2013-12-31": "20.54700", "2012-12-31": "19.57150", "2011-12-31": "20.67080", "2010-12-31": "20.00170", "2009-12-31": "21.22370", "2008-12-31": "26.39920", "2007-12-31": "20.95710", "2006-12-31": "16.57500", "2005-12-31": "7.52780"}, "Operating Cash Flow Per Share": {"2019-12-31": -0.4208, "2018-12-31": 3.4998, "2017-12-31": -0.9045, "2016-12-31": 1.255, "2015-12-31": -0.4782, "2014-12-31": -0.9577, "2013-12-31": 0.3503, "2012-12-31": -0.0068, "2011-12-31": -0.6319, "2010-12-31": 0.772, "2009-12-31": 1.782, "2008-12-31": 0.4482, "2007-12-31": 0.1645, "2006-12-31": -0.0778, "2005-12-31": 0.8633}, "Free Cash Flow Per Share": {"2019-12-31": -0.7008, "2018-12-31": 4.0629, "2017-12-31": -1.3958, "2016-12-31": 1.1806, "2015-12-31": -0.5765, "2014-12-31": -0.9716, "2013-12-31": 0.3669, "2012-12-31": -0.1172, "2011-12-31": -0.3991, "2010-12-31": 1.1549, "2009-12-31": 1.3822, "2008-12-31": 0.5245, "2007-12-31": 0.1194, "2006-12-31": -0.0212, "2005-12-31": 0.5}}, "financial ratios, quarterly": {"Current Ratio": {"2020-09-30": "", "2020-06-30": "", "2020-03-31": "", "2019-12-31": "", "2019-09-30": "", "2019-06-30": "", "2019-03-31": "", "2018-12-31": "", "2018-09-30": "", "2018-06-30": "", "2018-03-31": "", "2017-12-31": "", "2017-09-30": "", "2017-06-30": "", "2017-03-31": "", "2016-12-31": "", "2016-09-30": "", "2016-06-30": "", "2016-03-31": "", "2015-12-31": "", "2015-09-30": "", "2015-06-30": "", "2015-03-31": "", "2014-12-31": "", "2014-09-30": "", "2014-06-30": "", "2014-03-31": "", "2013-12-31": "", "2013-09-30": "", "2013-06-30": "", "2013-03-31": "", "2012-12-31": "", "2012-09-30": "", "2012-06-30": "", "2012-03-31": "", "2011-12-31": "", "2011-09-30": "", "2011-06-30": "", "2011-03-31": "", "2010-12-31": "", "2010-09-30": "", "2010-06-30": "", "2010-03-31": "", "2009-12-31": "", "2009-09-30": "", "2009-06-30": "", "2009-03-31": "", "2008-12-31": "", "2008-09-30": "", "2008-06-30": "", "2008-03-31": "", "2007-12-31": "", "2007-09-30": "", "2007-06-30": "", "2007-03-31": "", "2006-12-31": "", "2006-09-30": "", "2006-06-30": "", "2006-03-31": "", "2005-12-31": "", "2005-09-30": "", "2005-06-30": "", "2005-03-31": ""}, "Long-term Debt / Capital": {"2020-09-30": "0.12280", "2020-06-30": "0.13250", "2020-03-31": "0.13250", "2019-12-31": "0.14670", "2019-09-30": "0.14880", "2019-06-30": "0.10000", "2019-03-31": "0.10670", "2018-12-31": "0.10900", "2018-09-30": "0.10670", "2018-06-30": "0.10840", "2018-03-31": "0.11050", "2017-12-31": "0.11150", "2017-09-30": "0.11250", "2017-06-30": "0.11410", "2017-03-31": "0.16920", "2016-12-31": "0.18990", "2016-09-30": "0.15100", "2016-06-30": "0.15400", "2016-03-31": "0.14580", "2015-12-31": "0.10920", "2015-09-30": "0.11160", "2015-06-30": "0.13730", "2015-03-31": "0.14120", "2014-12-31": "0.10700", "2014-09-30": "0.11010", "2014-06-30": "0.11300", "2014-03-31": "0.11660", "2013-12-31": "0.12000", "2013-09-30": "0.12230", "2013-06-30": "0.12540", "2013-03-31": "0.13240", "2012-12-31": "0.13520", "2012-09-30": "0.13700", "2012-06-30": "0.15670", "2012-03-31": "0.11940", "2011-12-31": "0.12070", "2011-09-30": "0.11860", "2011-06-30": "0.12230", "2011-03-31": "0.12520", "2010-12-31": "0.12580", "2010-09-30": "0.12430", "2010-06-30": "0.12510", "2010-03-31": "0.12220", "2009-12-31": "0.12210", "2009-09-30": "0.12070", "2009-06-30": "0.12170", "2009-03-31": "0.13370", "2008-12-31": "0.13450", "2008-09-30": "0.15980", "2008-06-30": "0.14620", "2008-03-31": "0.14740", "2007-12-31": "0.15020", "2007-09-30": "0.15800", "2007-06-30": "0.16270", "2007-03-31": "0.16390", "2006-12-31": "0.16760", "2006-09-30": "0.17150", "2006-06-30": "0.11470", "2006-03-31": "0.11570", "2005-12-31": "0.32780", "2005-09-30": "0.32970", "2005-06-30": "0.14360", "2005-03-31": "0.15170"}, "Debt/Equity Ratio": {"2020-09-30": "0.43550", "2020-06-30": "0.57480", "2020-03-31": "0.72370", "2019-12-31": "0.67450", "2019-09-30": "0.67490", "2019-06-30": "0.61740", "2019-03-31": "0.66730", "2018-12-31": "0.51270", "2018-09-30": "0.54310", "2018-06-30": "0.56860", "2018-03-31": "0.68660", "2017-12-31": "0.51800", "2017-09-30": "0.60410", "2017-06-30": "0.38600", "2017-03-31": "0.37910", "2016-12-31": "0.56310", "2016-09-30": "0.49410", "2016-06-30": "0.86060", "2016-03-31": "0.72340", "2015-12-31": "0.45080", "2015-09-30": "0.66640", "2015-06-30": "0.76160", "2015-03-31": "0.79960", "2014-12-31": "0.48040", "2014-09-30": "0.48220", "2014-06-30": "0.43200", "2014-03-31": "0.42660", "2013-12-31": "0.35890", "2013-09-30": "0.41980", "2013-06-30": "0.77960", "2013-03-31": "0.62970", "2012-12-31": "0.43690", "2012-09-30": "0.64270", "2012-06-30": "0.79040", "2012-03-31": "0.61450", "2011-12-31": "0.64090", "2011-09-30": "0.53500", "2011-06-30": "0.47650", "2011-03-31": "0.54890", "2010-12-31": "0.53900", "2010-09-30": "0.59760", "2010-06-30": "0.56960", "2010-03-31": "0.65020", "2009-12-31": "0.83530", "2009-09-30": "0.75500", "2009-06-30": "0.76860", "2009-03-31": "0.83770", "2008-12-31": "0.88540", "2008-09-30": "0.98240", "2008-06-30": "0.94040", "2008-03-31": "0.88500", "2007-12-31": "0.81480", "2007-09-30": "0.91960", "2007-06-30": "0.90010", "2007-03-31": "0.81820", "2006-12-31": "0.96200", "2006-09-30": "0.81360", "2006-06-30": "0.70810", "2006-03-31": "0.68590", "2005-12-31": "2.17960", "2005-09-30": "1.95710", "2005-06-30": "1.91030", "2005-03-31": "1.87660"}, "Gross Margin": {"2020-09-30": "", "2020-06-30": "", "2020-03-31": "", "2019-12-31": "", "2019-09-30": "", "2019-06-30": "", "2019-03-31": "", "2018-12-31": "", "2018-09-30": "", "2018-06-30": "", "2018-03-31": "", "2017-12-31": "", "2017-09-30": "", "2017-06-30": "", "2017-03-31": "", "2016-12-31": "", "2016-09-30": "", "2016-06-30": "", "2016-03-31": "", "2015-12-31": "", "2015-09-30": "", "2015-06-30": "", "2015-03-31": "", "2014-12-31": "", "2014-09-30": "", "2014-06-30": "", "2014-03-31": "", "2013-12-31": "", "2013-09-30": "", "2013-06-30": "", "2013-03-31": "", "2012-12-31": "", "2012-09-30": "", "2012-06-30": "", "2012-03-31": "", "2011-12-31": "", "2011-09-30": "", "2011-06-30": "", "2011-03-31": "", "2010-12-31": "", "2010-09-30": "", "2010-06-30": "", "2010-03-31": "", "2009-12-31": "", "2009-09-30": "", "2009-06-30": "", "2009-03-31": "", "2008-12-31": "", "2008-09-30": "", "2008-06-30": "", "2008-03-31": "", "2007-12-31": "", "2007-09-30": "", "2007-06-30": "", "2007-03-31": "", "2006-12-31": "", "2006-09-30": "", "2006-06-30": "", "2006-03-31": "", "2005-12-31": "", "2005-09-30": "", "2005-06-30": "", "2005-03-31": ""}, "Operating Margin": {"2020-09-30": "", "2020-06-30": "", "2020-03-31": "", "2019-12-31": "", "2019-09-30": "", "2019-06-30": "", "2019-03-31": "", "2018-12-31": "", "2018-09-30": "", "2018-06-30": "", "2018-03-31": "", "2017-12-31": "", "2017-09-30": "", "2017-06-30": "", "2017-03-31": "", "2016-12-31": "", "2016-09-30": "", "2016-06-30": "", "2016-03-31": "", "2015-12-31": "", "2015-09-30": "", "2015-06-30": "", "2015-03-31": "", "2014-12-31": "", "2014-09-30": "", "2014-06-30": "", "2014-03-31": "", "2013-12-31": "", "2013-09-30": "", "2013-06-30": "", "2013-03-31": "", "2012-12-31": "", "2012-09-30": "", "2012-06-30": "", "2012-03-31": "", "2011-12-31": "", "2011-09-30": "", "2011-06-30": "", "2011-03-31": "", "2010-12-31": "", "2010-09-30": "", "2010-06-30": "", "2010-03-31": "", "2009-12-31": "", "2009-09-30": "", "2009-06-30": "", "2009-03-31": "", "2008-12-31": "", "2008-09-30": "", "2008-06-30": "", "2008-03-31": "", "2007-12-31": "", "2007-09-30": "", "2007-06-30": "", "2007-03-31": "", "2006-12-31": "", "2006-09-30": "", "2006-06-30": "", "2006-03-31": "", "2005-12-31": "", "2005-09-30": "", "2005-06-30": "", "2005-03-31": ""}, "EBIT Margin": {"2020-09-30": "", "2020-06-30": "", "2020-03-31": "", "2019-12-31": "", "2019-09-30": "", "2019-06-30": "", "2019-03-31": "", "2018-12-31": "", "2018-09-30": "", "2018-06-30": "", "2018-03-31": "", "2017-12-31": "", "2017-09-30": "", "2017-06-30": "", "2017-03-31": "", "2016-12-31": "", "2016-09-30": "", "2016-06-30": "", "2016-03-31": "", "2015-12-31": "", "2015-09-30": "", "2015-06-30": "", "2015-03-31": "", "2014-12-31": "", "2014-09-30": "", "2014-06-30": "", "2014-03-31": "", "2013-12-31": "", "2013-09-30": "", "2013-06-30": "", "2013-03-31": "", "2012-12-31": "", "2012-09-30": "", "2012-06-30": "", "2012-03-31": "", "2011-12-31": "", "2011-09-30": "", "2011-06-30": "", "2011-03-31": "", "2010-12-31": "", "2010-09-30": "", "2010-06-30": "", "2010-03-31": "", "2009-12-31": "", "2009-09-30": "", "2009-06-30": "", "2009-03-31": "", "2008-12-31": "", "2008-09-30": "", "2008-06-30": "", "2008-03-31": "", "2007-12-31": "", "2007-09-30": "", "2007-06-30": "", "2007-03-31": "", "2006-12-31": "", "2006-09-30": "", "2006-06-30": "", "2006-03-31": "", "2005-12-31": "", "2005-09-30": "", "2005-06-30": "", "2005-03-31": ""}, "EBITDA Margin": {"2020-09-30": "", "2020-06-30": "", "2020-03-31": "", "2019-12-31": "", "2019-09-30": "", "2019-06-30": "", "2019-03-31": "", "2018-12-31": "", "2018-09-30": "", "2018-06-30": "", "2018-03-31": "", "2017-12-31": "", "2017-09-30": "", "2017-06-30": "", "2017-03-31": "", "2016-12-31": "", "2016-09-30": "", "2016-06-30": "", "2016-03-31": "", "2015-12-31": "", "2015-09-30": "", "2015-06-30": "", "2015-03-31": "", "2014-12-31": "", "2014-09-30": "", "2014-06-30": "", "2014-03-31": "", "2013-12-31": "", "2013-09-30": "", "2013-06-30": "", "2013-03-31": "", "2012-12-31": "", "2012-09-30": "", "2012-06-30": "", "2012-03-31": "", "2011-12-31": "", "2011-09-30": "", "2011-06-30": "", "2011-03-31": "", "2010-12-31": "", "2010-09-30": "", "2010-06-30": "", "2010-03-31": "", "2009-12-31": "", "2009-09-30": "", "2009-06-30": "", "2009-03-31": "", "2008-12-31": "", "2008-09-30": "", "2008-06-30": "", "2008-03-31": "", "2007-12-31": "", "2007-09-30": "", "2007-06-30": "", "2007-03-31": "", "2006-12-31": "", "2006-09-30": "", "2006-06-30": "", "2006-03-31": "", "2005-12-31": "", "2005-09-30": "", "2005-06-30": "", "2005-03-31": ""}, "Pre-Tax Profit Margin": {"2020-09-30": "48.71540", "2020-06-30": "35.88970", "2020-03-31": "16.27100", "2019-12-31": "47.60030", "2019-09-30": "50.79270", "2019-06-30": "49.41230", "2019-03-31": "50.65400", "2018-12-31": "49.86310", "2018-09-30": "50.90300", "2018-06-30": "49.76380", "2018-03-31": "48.71600", "2017-12-31": "39.99550", "2017-09-30": "47.55450", "2017-06-30": "46.76580", "2017-03-31": "46.27270", "2016-12-31": "46.40540", "2016-09-30": "43.39060", "2016-06-30": "45.42070", "2016-03-31": "43.60420", "2015-12-31": "43.65190", "2015-09-30": "44.47800", "2015-06-30": "47.99660", "2015-03-31": "46.96500", "2014-12-31": "45.10930", "2014-09-30": "44.19820", "2014-06-30": "43.08840", "2014-03-31": "42.14210", "2013-12-31": "40.90950", "2013-09-30": "39.71470", "2013-06-30": "40.82170", "2013-03-31": "38.19590", "2012-12-31": "34.07240", "2012-09-30": "32.77520", "2012-06-30": "31.42950", "2012-03-31": "26.02150", "2011-12-31": "21.12570", "2011-09-30": "20.37350", "2011-06-30": "16.23760", "2011-03-31": "9.17330", "2010-12-31": "7.83600", "2010-09-30": "5.24520", "2010-06-30": "-131.57710", "2010-03-31": "-13.66110", "2009-12-31": "-20.10840", "2009-09-30": "-35.37880", "2009-06-30": "226.44260", "2009-03-31": "10.56900", "2008-12-31": "34.00180", "2008-09-30": "34.12420", "2008-06-30": "32.03830", "2008-03-31": "25.32190", "2007-12-31": "32.62080", "2007-09-30": "35.75650", "2007-06-30": "35.08460", "2007-03-31": "38.44440", "2006-12-31": "38.25620", "2006-09-30": "37.82630", "2006-06-30": "33.02950", "2006-03-31": "34.37230", "2005-12-31": "34.32730", "2005-09-30": "34.18540", "2005-06-30": "35.75590", "2005-03-31": "35.29400"}, "Net Profit Margin": {"2020-09-30": "37.97980", "2020-06-30": "30.41910", "2020-03-31": "17.28600", "2019-12-31": "38.58750", "2019-09-30": "40.90870", "2019-06-30": "39.74600", "2019-03-31": "40.65330", "2018-12-31": "40.02170", "2018-09-30": "40.37810", "2018-06-30": "39.34580", "2018-03-31": "39.44310", "2017-12-31": "13.07620", "2017-09-30": "30.79840", "2017-06-30": "31.94580", "2017-03-31": "34.33220", "2016-12-31": "30.82310", "2016-09-30": "28.85100", "2016-06-30": "30.04290", "2016-03-31": "29.17160", "2015-12-31": "28.99290", "2015-09-30": "29.72460", "2015-06-30": "32.07300", "2015-03-31": "31.45250", "2014-12-31": "29.90490", "2014-09-30": "29.55260", "2014-06-30": "28.82340", "2014-03-31": "28.14520", "2013-12-31": "27.73880", "2013-09-30": "26.49820", "2013-06-30": "27.44090", "2013-03-31": "25.62110", "2012-12-31": "22.18980", "2012-09-30": "22.72130", "2012-06-30": "15.73930", "2012-03-31": "14.88210", "2011-12-31": "13.03490", "2011-09-30": "54.76680", "2011-06-30": "11.80830", "2011-03-31": "5.26430", "2010-12-31": "5.68470", "2010-09-30": "1.37730", "2010-06-30": "-176.87280", "2010-03-31": "-16.87240", "2009-12-31": "-13.47220", "2009-09-30": "-24.07390", "2009-06-30": "137.34760", "2009-03-31": "2.27930", "2008-12-31": "22.62760", "2008-09-30": "24.83830", "2008-06-30": "23.44740", "2008-03-31": "17.76690", "2007-12-31": "23.67820", "2007-09-30": "24.54070", "2007-06-30": "24.31750", "2007-03-31": "26.27500", "2006-12-31": "26.53850", "2006-09-30": "25.46490", "2006-06-30": "22.08900", "2006-03-31": "23.38760", "2005-12-31": "24.63220", "2005-09-30": "24.77500", "2005-06-30": "25.35960", "2005-03-31": "25.13950"}, "Asset Turnover": {"2020-09-30": "0.00830", "2020-06-30": "0.00620", "2020-03-31": "0.00560", "2019-12-31": "0.00900", "2019-09-30": "0.00980", "2019-06-30": "0.00950", "2019-03-31": "0.00900", "2018-12-31": "0.00950", "2018-09-30": "0.00950", "2018-06-30": "0.00920", "2018-03-31": "0.00920", "2017-12-31": "0.00920", "2017-09-30": "0.00960", "2017-06-30": "0.00650", "2017-03-31": "0.00990", "2016-12-31": "0.01050", "2016-09-30": "0.01020", "2016-06-30": "0.01050", "2016-03-31": "0.01040", "2015-12-31": "0.01060", "2015-09-30": "0.00950", "2015-06-30": "0.01080", "2015-03-31": "0.01100", "2014-12-31": "0.01040", "2014-09-30": "0.01050", "2014-06-30": "0.01030", "2014-03-31": "0.01040", "2013-12-31": "0.00990", "2013-09-30": "0.01030", "2013-06-30": "0.00970", "2013-03-31": "0.01040", "2012-12-31": "0.01050", "2012-09-30": "0.01030", "2012-06-30": "0.01000", "2012-03-31": "0.01010", "2011-12-31": "0.00900", "2011-09-30": "0.00920", "2011-06-30": "0.00850", "2011-03-31": "0.00790", "2010-12-31": "0.00810", "2010-09-30": "0.00800", "2010-06-30": "0.00320", "2010-03-31": "0.00630", "2009-12-31": "0.00580", "2009-09-30": "0.00400", "2009-06-30": "-0.00480", "2009-03-31": "0.00570", "2008-12-31": "0.00720", "2008-09-30": "0.00820", "2008-06-30": "0.00830", "2008-03-31": "0.00880", "2007-12-31": "0.00690", "2007-09-30": "0.00990", "2007-06-30": "0.00960", "2007-03-31": "0.00970", "2006-12-31": "0.00990", "2006-09-30": "0.01020", "2006-06-30": "0.00990", "2006-03-31": "0.00610", "2005-12-31": "0.00890", "2005-09-30": "0.00860", "2005-06-30": "0.00890", "2005-03-31": "0.00900"}, "Inventory Turnover Ratio": {"2020-09-30": "", "2020-06-30": "", "2020-03-31": "", "2019-12-31": "", "2019-09-30": "", "2019-06-30": "", "2019-03-31": "", "2018-12-31": "", "2018-09-30": "", "2018-06-30": "", "2018-03-31": "", "2017-12-31": "", "2017-09-30": "", "2017-06-30": "", "2017-03-31": "", "2016-12-31": "", "2016-09-30": "", "2016-06-30": "", "2016-03-31": "", "2015-12-31": "", "2015-09-30": "", "2015-06-30": "", "2015-03-31": "", "2014-12-31": "", "2014-09-30": "", "2014-06-30": "", "2014-03-31": "", "2013-12-31": "", "2013-09-30": "", "2013-06-30": "", "2013-03-31": "", "2012-12-31": "", "2012-09-30": "", "2012-06-30": "", "2012-03-31": "", "2011-12-31": "", "2011-09-30": "", "2011-06-30": "", "2011-03-31": "", "2010-12-31": "", "2010-09-30": "", "2010-06-30": "", "2010-03-31": "", "2009-12-31": "", "2009-09-30": "", "2009-06-30": "", "2009-03-31": "", "2008-12-31": "", "2008-09-30": "", "2008-06-30": "", "2008-03-31": "", "2007-12-31": "", "2007-09-30": "", "2007-06-30": "", "2007-03-31": "", "2006-12-31": "", "2006-09-30": "", "2006-06-30": "", "2006-03-31": "", "2005-12-31": "", "2005-09-30": "", "2005-06-30": "", "2005-03-31": ""}, "Receiveable Turnover": {"2020-09-30": "", "2020-06-30": "", "2020-03-31": "", "2019-12-31": "", "2019-09-30": "", "2019-06-30": "", "2019-03-31": "", "2018-12-31": "", "2018-09-30": "", "2018-06-30": "", "2018-03-31": "", "2017-12-31": "", "2017-09-30": "", "2017-06-30": "", "2017-03-31": "", "2016-12-31": "", "2016-09-30": "", "2016-06-30": "", "2016-03-31": "", "2015-12-31": "", "2015-09-30": "", "2015-06-30": "", "2015-03-31": "", "2014-12-31": "", "2014-09-30": "", "2014-06-30": "", "2014-03-31": "", "2013-12-31": "", "2013-09-30": "", "2013-06-30": "", "2013-03-31": "", "2012-12-31": "", "2012-09-30": "", "2012-06-30": "", "2012-03-31": "", "2011-12-31": "", "2011-09-30": "", "2011-06-30": "", "2011-03-31": "", "2010-12-31": "", "2010-09-30": "", "2010-06-30": "", "2010-03-31": "", "2009-12-31": "", "2009-09-30": "", "2009-06-30": "", "2009-03-31": "", "2008-12-31": "", "2008-09-30": "", "2008-06-30": "", "2008-03-31": "", "2007-12-31": "", "2007-09-30": "", "2007-06-30": "", "2007-03-31": "", "2006-12-31": "", "2006-09-30": "", "2006-06-30": "", "2006-03-31": "", "2005-12-31": "", "2005-09-30": "", "2005-06-30": "", "2005-03-31": ""}, "Days Sales In Receivables": {"2020-09-30": "", "2020-06-30": "", "2020-03-31": "", "2019-12-31": "", "2019-09-30": "", "2019-06-30": "", "2019-03-31": "", "2018-12-31": "", "2018-09-30": "", "2018-06-30": "", "2018-03-31": "", "2017-12-31": "", "2017-09-30": "", "2017-06-30": "", "2017-03-31": "", "2016-12-31": "", "2016-09-30": "", "2016-06-30": "", "2016-03-31": "", "2015-12-31": "", "2015-09-30": "", "2015-06-30": "", "2015-03-31": "", "2014-12-31": "", "2014-09-30": "", "2014-06-30": "", "2014-03-31": "", "2013-12-31": "", "2013-09-30": "", "2013-06-30": "", "2013-03-31": "", "2012-12-31": "", "2012-09-30": "", "2012-06-30": "", "2012-03-31": "", "2011-12-31": "", "2011-09-30": "", "2011-06-30": "", "2011-03-31": "", "2010-12-31": "", "2010-09-30": "", "2010-06-30": "", "2010-03-31": "", "2009-12-31": "", "2009-09-30": "", "2009-06-30": "", "2009-03-31": "", "2008-12-31": "", "2008-09-30": "", "2008-06-30": "", "2008-03-31": "", "2007-12-31": "", "2007-09-30": "", "2007-06-30": "", "2007-03-31": "", "2006-12-31": "", "2006-09-30": "", "2006-06-30": "", "2006-03-31": "", "2005-12-31": "", "2005-09-30": "", "2005-06-30": "", "2005-03-31": ""}, "ROE - Return On Equity": {"2020-09-30": "2.42100", "2020-06-30": "1.39450", "2020-03-31": "0.64660", "2019-12-31": "2.20580", "2019-09-30": "2.57350", "2019-06-30": "2.40210", "2019-03-31": "2.31660", "2018-12-31": "2.40340", "2018-09-30": "2.40560", "2018-06-30": "2.27000", "2018-03-31": "2.22730", "2017-12-31": "0.72270", "2017-09-30": "1.75430", "2017-06-30": "1.19180", "2017-03-31": "2.30130", "2016-12-31": "2.41180", "2016-09-30": "2.19400", "2016-06-30": "2.43920", "2016-03-31": "2.27590", "2015-12-31": "2.32380", "2015-09-30": "2.12910", "2015-06-30": "2.69360", "2015-03-31": "2.65030", "2014-12-31": "2.33430", "2014-09-30": "2.32720", "2014-06-30": "2.24630", "2014-03-31": "2.20430", "2013-12-31": "2.11700", "2013-09-30": "2.05650", "2013-06-30": "2.05440", "2013-03-31": "1.94500", "2012-12-31": "1.72740", "2012-09-30": "1.68680", "2012-06-30": "1.58350", "2012-03-31": "1.28830", "2011-12-31": "1.21050", "2011-09-30": "4.12600", "2011-06-30": "1.04830", "2011-03-31": "0.59390", "2010-12-31": "0.64700", "2010-09-30": "0.35080", "2010-06-30": "-4.45500", "2010-03-31": "-0.62630", "2009-12-31": "-0.40340", "2009-09-30": "-0.53910", "2009-06-30": "-5.16770", "2009-03-31": "0.38490", "2008-12-31": "1.49420", "2008-09-30": "1.71590", "2008-06-30": "1.65270", "2008-03-31": "1.27100", "2007-12-31": "1.33770", "2007-09-30": "2.10160", "2007-06-30": "2.04600", "2007-03-31": "2.13070", "2006-12-31": "2.20530", "2006-09-30": "2.14680", "2006-06-30": "1.81050", "2006-03-31": "1.10520", "2005-12-31": "3.52810", "2005-09-30": "3.30450", "2005-06-30": "3.18560", "2005-03-31": "3.08680"}, "Return On Tangible Equity": {"2020-09-30": "3.78560", "2020-06-30": "2.20750", "2020-03-31": "1.12670", "2019-12-31": "3.86670", "2019-09-30": "4.55830", "2019-06-30": "4.30990", "2019-03-31": "4.26130", "2018-12-31": "4.51180", "2018-09-30": "4.59280", "2018-06-30": "4.41340", "2018-03-31": "4.42560", "2017-12-31": "1.45390", "2017-09-30": "3.55830", "2017-06-30": "2.45700", "2017-03-31": "3.42540", "2016-12-31": "3.88140", "2016-09-30": "3.56240", "2016-06-30": "3.72830", "2016-03-31": "3.55220", "2015-12-31": "3.76720", "2015-09-30": "3.48380", "2015-06-30": "3.80480", "2015-03-31": "3.77870", "2014-12-31": "3.36840", "2014-09-30": "3.39950", "2014-06-30": "3.31810", "2014-03-31": "3.30430", "2013-12-31": "3.21720", "2013-09-30": "3.15450", "2013-06-30": "3.19190", "2013-03-31": "3.03680", "2012-12-31": "2.72840", "2012-09-30": "2.68310", "2012-06-30": "2.55400", "2012-03-31": "1.78950", "2011-12-31": "1.69340", "2011-09-30": "5.53300", "2011-06-30": "1.42910", "2011-03-31": "0.82050", "2010-12-31": "0.89810", "2010-09-30": "0.48520", "2010-06-30": "-6.19420", "2010-03-31": "-0.86260", "2009-12-31": "-0.55670", "2009-09-30": "-0.74130", "2009-06-30": "-7.15000", "2009-03-31": "0.56280", "2008-12-31": "2.19860", "2008-09-30": "3.49490", "2008-06-30": "3.57730", "2008-03-31": "2.79340", "2007-12-31": "3.03430", "2007-09-30": "3.83480", "2007-06-30": "3.86040", "2007-03-31": "4.06640", "2006-12-31": "4.33150", "2006-09-30": "4.37990", "2006-06-30": "3.91360", "2006-03-31": "2.42730", "2005-12-31": "3.52810", "2005-09-30": "3.30450", "2005-06-30": "3.18560", "2005-03-31": "3.08680"}, "ROA - Return On Assets": {"2020-09-30": "0.32710", "2020-06-30": "0.18730", "2020-03-31": "0.09690", "2019-12-31": "0.34550", "2019-09-30": "0.40120", "2019-06-30": "0.37800", "2019-03-31": "0.36760", "2018-12-31": "0.38080", "2018-09-30": "0.38170", "2018-06-30": "0.36210", "2018-03-31": "0.36410", "2017-12-31": "0.12070", "2017-09-30": "0.29570", "2017-06-30": "0.20630", "2017-03-31": "0.33820", "2016-12-31": "0.32240", "2016-09-30": "0.29490", "2016-06-30": "0.31620", "2016-03-31": "0.30200", "2015-12-31": "0.30820", "2015-09-30": "0.28250", "2015-06-30": "0.34780", "2015-03-31": "0.34590", "2014-12-31": "0.31130", "2014-09-30": "0.31020", "2014-06-30": "0.29660", "2014-03-31": "0.29220", "2013-12-31": "0.27540", "2013-09-30": "0.27170", "2013-06-30": "0.26630", "2013-03-31": "0.26520", "2012-12-31": "0.23270", "2012-09-30": "0.23300", "2012-06-30": "0.21170", "2012-03-31": "0.17460", "2011-12-31": "0.15950", "2011-09-30": "0.53610", "2011-06-30": "0.13190", "2011-03-31": "0.07270", "2010-12-31": "0.07730", "2010-09-30": "0.04210", "2010-06-30": "-0.53170", "2010-03-31": "-0.07610", "2009-12-31": "-0.04810", "2009-09-30": "-0.06570", "2009-06-30": "-0.63090", "2009-03-31": "0.04220", "2008-12-31": "0.16940", "2008-09-30": "0.20280", "2008-06-30": "0.19390", "2008-03-31": "0.15590", "2007-12-31": "0.16450", "2007-09-30": "0.24370", "2007-06-30": "0.23430", "2007-03-31": "0.25540", "2006-12-31": "0.26360", "2006-09-30": "0.26050", "2006-06-30": "0.21770", "2006-03-31": "0.14290", "2005-12-31": "0.22010", "2005-09-30": "0.21240", "2005-06-30": "0.22470", "2005-03-31": "0.22600"}, "ROI - Return On Investment": {"2020-09-30": "2.02740", "2020-06-30": "1.15370", "2020-03-31": "0.56100", "2019-12-31": "1.88210", "2019-09-30": "2.19070", "2019-06-30": "2.16190", "2019-03-31": "2.06930", "2018-12-31": "2.14150", "2018-09-30": "2.14890", "2018-06-30": "2.02380", "2018-03-31": "1.98130", "2017-12-31": "0.64210", "2017-09-30": "1.55700", "2017-06-30": "1.05580", "2017-03-31": "1.91200", "2016-12-31": "1.95390", "2016-09-30": "1.86270", "2016-06-30": "2.06360", "2016-03-31": "1.94400", "2015-12-31": "2.07010", "2015-09-30": "1.89150", "2015-06-30": "2.32380", "2015-03-31": "2.27600", "2014-12-31": "2.08460", "2014-09-30": "2.07080", "2014-06-30": "1.99240", "2014-03-31": "1.94720", "2013-12-31": "1.86300", "2013-09-30": "1.80490", "2013-06-30": "1.79670", "2013-03-31": "1.68740", "2012-12-31": "1.49390", "2012-09-30": "1.45570", "2012-06-30": "1.33540", "2012-03-31": "1.02490", "2011-12-31": "0.96080", "2011-09-30": "3.17590", "2011-06-30": "0.79980", "2011-03-31": "0.45010", "2010-12-31": "0.48980", "2010-09-30": "0.26670", "2010-06-30": "-3.38260", "2010-03-31": "-0.47930", "2009-12-31": "-0.30900", "2009-09-30": "-0.41450", "2009-06-30": "-3.96580", "2009-03-31": "0.28670", "2008-12-31": "1.11110", "2008-09-30": "1.44170", "2008-06-30": "1.41110", "2008-03-31": "1.08370", "2007-12-31": "1.13680", "2007-09-30": "1.76950", "2007-06-30": "1.71300", "2007-03-31": "1.78140", "2006-12-31": "1.83570", "2006-09-30": "1.77870", "2006-06-30": "1.60290", "2006-03-31": "0.97730", "2005-12-31": "2.37170", "2005-09-30": "2.21510", "2005-06-30": "2.72820", "2005-03-31": "2.61860"}, "Book Value Per Share": {"2020-09-30": "63.15710", "2020-06-30": "61.94790", "2020-03-31": "57.85130", "2019-12-31": "56.86360", "2019-09-30": "55.99260", "2019-06-30": "54.30900", "2019-03-31": "52.60620", "2018-12-31": "51.17340", "2018-09-30": "50.02620", "2018-06-30": "49.12290", "2018-03-31": "48.15880", "2017-12-31": "47.72140", "2017-09-30": "47.30530", "2017-06-30": "46.56110", "2017-03-31": "34.60690", "2016-12-31": "32.28490", "2016-09-30": "31.96810", "2016-06-30": "29.92010", "2016-03-31": "29.26020", "2015-12-31": "28.25040", "2015-09-30": "27.79760", "2015-06-30": "23.38630", "2015-03-31": "22.97950", "2014-12-31": "22.46430", "2014-09-30": "21.93120", "2014-06-30": "21.47080", "2014-03-31": "20.87600", "2013-12-31": "20.54700", "2013-09-30": "20.27140", "2013-06-30": "19.86010", "2013-03-31": "19.74280", "2012-12-31": "19.57150", "2012-09-30": "19.39420", "2012-06-30": "19.01280", "2012-03-31": "20.76110", "2011-12-31": "20.67080", "2011-09-30": "21.11450", "2011-06-30": "20.48360", "2011-03-31": "19.95860", "2010-12-31": "20.00170", "2010-09-30": "20.39600", "2010-06-30": "20.40320", "2010-03-31": "20.99670", "2009-12-31": "21.22370", "2009-09-30": "21.54600", "2009-06-30": "21.37180", "2009-03-31": "26.25190", "2008-12-31": "26.39920", "2008-09-30": "21.62740", "2008-06-30": "21.32590", "2008-03-31": "21.23820", "2007-12-31": "20.95710", "2007-09-30": "17.65810", "2007-06-30": "17.05870", "2007-03-31": "16.92850", "2006-12-31": "16.57500", "2006-09-30": "16.16320", "2006-06-30": "15.53180", "2006-03-31": "15.44520", "2005-12-31": "7.52780", "2005-09-30": "7.46570", "2005-06-30": "7.31630", "2005-03-31": "6.87130"}, "Operating Cash Flow Per Share": {"2020-09-30": 1.5451, "2020-06-30": 1.7135, "2020-03-31": "0.74520", "2019-12-31": 1.5492, "2019-09-30": 1.7059, "2019-06-30": 0.3889, "2019-03-31": "2.01340", "2018-12-31": 1.968, "2018-09-30": 1.3924, "2018-06-30": 1.6722, "2018-03-31": "1.04560", "2017-12-31": 1.0229, "2017-09-30": -0.0082, "2017-06-30": 1.403, "2017-03-31": "0.16070", "2016-12-31": 1.7837, "2016-09-30": 0.287, "2016-06-30": 0.824, "2016-03-31": "0.58820", "2015-12-31": 1.3282, "2015-09-30": 0.0809, "2015-06-30": 0.6705, "2015-03-31": "0.14830", "2014-12-31": 0.9766, "2014-09-30": 1.0169, "2014-06-30": 0.3322, "2014-03-31": "0.38040", "2013-12-31": 0.7885, "2013-09-30": 1.2858, "2013-06-30": 0.8869, "2013-03-31": "0.70260", "2012-12-31": 0.823, "2012-09-30": 0.8623, "2012-06-30": 0.3978, "2012-03-31": "1.23040", "2011-12-31": 0.756, "2011-09-30": 0.6411, "2011-06-30": 0.8687, "2011-03-31": "1.05450", "2010-12-31": 1.1749, "2010-09-30": 1.0338, "2010-06-30": 0.5811, "2010-03-31": "1.16240", "2009-12-31": 0.9489, "2009-09-30": 0.9443, "2009-06-30": 0.6345, "2009-03-31": "0.65250", "2008-12-31": -0.284, "2008-09-30": 0.8056, "2008-06-30": 0.5164, "2008-03-31": "0.36020", "2007-12-31": -0.4129, "2007-09-30": 0.6051, "2007-06-30": 0.7004, "2007-03-31": "0.05740", "2006-12-31": 0.7893, "2006-09-30": 0.3589, "2006-06-30": 0.4968, "2006-03-31": "-0.85950", "2005-12-31": 0.6484, "2005-09-30": 0.2485, "2005-06-30": -0.0698, "2005-03-31": "0.03620"}, "Free Cash Flow Per Share": {"2020-09-30": 1.3907, "2020-06-30": 1.5491, "2020-03-31": "0.66180", "2019-12-31": 1.4468, "2019-09-30": 1.6339, "2019-06-30": 0.0417, "2019-03-31": "1.98680", "2018-12-31": 1.9324, "2018-09-30": 1.3447, "2018-06-30": 1.599, "2018-03-31": "0.93390", "2017-12-31": 0.6581, "2017-09-30": -0.1265, "2017-06-30": 1.2907, "2017-03-31": "-0.07520", "2016-12-31": 1.6296, "2016-09-30": 0.2143, "2016-06-30": 0.7805, "2016-03-31": "0.51850", "2015-12-31": 1.2496, "2015-09-30": 0.057, "2015-06-30": 0.5419, "2015-03-31": "0.11380", "2014-12-31": 0.9228, "2014-09-30": 0.9965, "2014-06-30": 0.2564, "2014-03-31": "0.36310", "2013-12-31": 0.7615, "2013-09-30": 1.2578, "2013-06-30": 0.8307, "2013-03-31": "0.66040", "2012-12-31": 0.7356, "2012-09-30": 0.836, "2012-06-30": 0.3785, "2012-03-31": "1.19340", "2011-12-31": 0.7453, "2011-09-30": 0.6312, "2011-06-30": 0.8584, "2011-03-31": "1.02580", "2010-12-31": 1.1111, "2010-09-30": 0.9935, "2010-06-30": 0.5157, "2010-03-31": "1.03950", "2009-12-31": 0.5941, "2009-09-30": 0.7794, "2009-06-30": 0.5466, "2009-03-31": "0.58480", "2008-12-31": -0.4214, "2008-09-30": 0.7314, "2008-06-30": 0.5633, "2008-03-31": "0.24940", "2007-12-31": -0.4578, "2007-09-30": 0.5004, "2007-06-30": 0.6361, "2007-03-31": "-0.08050", "2006-12-31": 0.7052, "2006-09-30": 0.3092, "2006-06-30": 0.3456, "2006-03-31": "-0.88120", "2005-12-31": 0.6363, "2005-09-30": 0.1549, "2005-06-30": -0.2165, "2005-03-31": "-0.07470"}}, "revenue": {"Pinnacle Financial Partners Annual Revenue (Millions of US $)": {"2020": "$1,339", "2019": "$1,332", "2018": "$1,148", "2017": "$781", "2016": "$485", "2015": "$342", "2014": "$259", "2013": "$238", "2012": "$229", "2011": "$226", "2010": "$240", "2009": "$245", "2008": "$241", "2007": "$173", "2006": "$125", "2005": "$52"}, "Pinnacle Financial Partners Quarterly Revenue (Millions of US $)": {"2020-12-31": "$340", "2020-09-30": "$340", "2020-06-30": "$325", "2020-03-31": "$333", "2019-12-31": "$328", "2019-09-30": "$358", "2019-06-30": "$337", "2019-03-31": "$309", "2018-12-31": "$313", "2018-09-30": "$300", "2018-06-30": "$279", "2018-03-31": "$256", "2017-12-31": "$245", "2017-09-30": "$245", "2017-06-30": "$159", "2017-03-31": "$133", "2016-12-31": "$132", "2016-09-30": "$129", "2016-06-30": "$116", "2016-03-31": "$107", "2015-12-31": "$104", "2015-09-30": "$89", "2015-06-30": "$76", "2015-03-31": "$73", "2014-12-31": "$68", "2014-09-30": "$66", "2014-06-30": "$63", "2014-03-31": "$62", "2013-12-31": "$61", "2013-09-30": "$60", "2013-06-30": "$59", "2013-03-31": "$59", "2012-12-31": "$60", "2012-09-30": "$57", "2012-06-30": "$56", "2012-03-31": "$56", "2011-12-31": "$56", "2011-09-30": "$57", "2011-06-30": "$58", "2011-03-31": "$56", "2010-12-31": "$58", "2010-09-30": "$59", "2010-06-30": "$61", "2010-03-31": "$61", "2009-12-31": "$62", "2009-09-30": "$60", "2009-06-30": "$61", "2009-03-31": "$63", "2008-12-31": "$61", "2008-09-30": "$61", "2008-06-30": "$58", "2008-03-31": "$61", "2007-12-31": "$50", "2007-09-30": "$44", "2007-06-30": "$41", "2007-03-31": "$39", "2006-12-31": "$38", "2006-09-30": "$36", "2006-06-30": "$33", "2006-03-31": "$19", "2005-12-31": "$16", "2005-09-30": "$14", "2005-06-30": "$12", "2005-03-31": "$10"}}, "gross-profit": {"Pinnacle Financial Partners Annual Gross Profit (Millions of US $)": {"2020": "$1,140", "2019": "$1,030", "2018": "$937", "2017": "$688", "2016": "$446", "2015": "$323", "2014": "$246", "2013": "$223", "2012": "$206", "2011": "$189", "2010": "$181", "2009": "$170", "2008": "$149", "2007": "$98", "2006": "$77", "2005": "$34"}, "Pinnacle Financial Partners Quarterly Gross Profit (Millions of US $)": {"2020-12-31": "$304", "2020-09-30": "$298", "2020-06-30": "$274", "2020-03-31": "$264", "2019-12-31": "$254", "2019-09-30": "$278", "2019-06-30": "$260", "2019-03-31": "$238", "2018-12-31": "$247", "2018-09-30": "$241", "2018-06-30": "$230", "2018-03-31": "$219", "2017-12-31": "$211", "2017-09-30": "$216", "2017-06-30": "$142", "2017-03-31": "$119", "2016-12-31": "$120", "2016-09-30": "$118", "2016-06-30": "$108", "2016-03-31": "$100", "2015-12-31": "$98", "2015-09-30": "$83", "2015-06-30": "$72", "2015-03-31": "$70", "2014-12-31": "$65", "2014-09-30": "$62", "2014-06-30": "$60", "2014-03-31": "$59", "2013-12-31": "$57", "2013-09-30": "$56", "2013-06-30": "$55", "2013-03-31": "$55", "2012-12-31": "$55", "2012-09-30": "$51", "2012-06-30": "$50", "2012-03-31": "$49", "2011-12-31": "$49", "2011-09-30": "$48", "2011-06-30": "$48", "2011-03-31": "$44", "2010-12-31": "$45", "2010-09-30": "$45", "2010-06-30": "$46", "2010-03-31": "$45", "2009-12-31": "$45", "2009-09-30": "$42", "2009-06-30": "$41", "2009-03-31": "$42", "2008-12-31": "$38", "2008-09-30": "$39", "2008-06-30": "$37", "2008-03-31": "$36", "2007-12-31": "$29", "2007-09-30": "$24", "2007-06-30": "$23", "2007-03-31": "$22", "2006-12-31": "$22", "2006-09-30": "$22", "2006-06-30": "$21", "2006-03-31": "$12", "2005-12-31": "$10", "2005-09-30": "$9", "2005-06-30": "$8", "2005-03-31": "$8"}}, "operating-income": {"Pinnacle Financial Partners Annual Operating Income (Millions of US $)": {"2020": "$371", "2019": "$498", "2018": "$458", "2017": "$330", "2016": "$203", "2015": "$148", "2014": "$106", "2013": "$86", "2012": "$63", "2011": "$29", "2010": "$-20", "2009": "$-65", "2008": "$50", "2007": "$34", "2006": "$28", "2005": "$11"}, "Pinnacle Financial Partners Quarterly Operating Income (Millions of US $)": {"2020-12-31": "$134", "2020-09-30": "$137", "2020-06-30": "$74", "2020-03-31": "$27", "2019-12-31": "$119", "2019-09-30": "$137", "2019-06-30": "$125", "2019-03-31": "$117", "2018-12-31": "$119", "2018-09-30": "$118", "2018-06-30": "$113", "2018-03-31": "$108", "2017-12-31": "$101", "2017-09-30": "$108", "2017-06-30": "$66", "2017-03-31": "$54", "2016-12-31": "$58", "2016-09-30": "$54", "2016-06-30": "$48", "2016-03-31": "$44", "2015-12-31": "$43", "2015-09-30": "$38", "2015-06-30": "$34", "2015-03-31": "$33", "2014-12-31": "$28", "2014-09-30": "$27", "2014-06-30": "$26", "2014-03-31": "$25", "2013-12-31": "$23", "2013-09-30": "$22", "2013-06-30": "$21", "2013-03-31": "$20", "2012-12-31": "$18", "2012-09-30": "$16", "2012-06-30": "$16", "2012-03-31": "$13", "2011-12-31": "$9", "2011-09-30": "$9", "2011-06-30": "$7", "2011-03-31": "$4", "2010-12-31": "$3", "2010-09-30": "$2", "2010-06-30": "$-21", "2010-03-31": "$-4", "2009-12-31": "$-6", "2009-09-30": "$-7", "2009-06-30": "$-55", "2009-03-31": "$3", "2008-12-31": "$12", "2008-09-30": "$13", "2008-06-30": "$12", "2008-03-31": "$12", "2007-12-31": "$9", "2007-09-30": "$8", "2007-06-30": "$8", "2007-03-31": "$8", "2006-12-31": "$8", "2006-09-30": "$8", "2006-06-30": "$7", "2006-03-31": "$4", "2005-12-31": "$3", "2005-09-30": "$3", "2005-06-30": "$3", "2005-03-31": "$2"}}, "ebitda": {"Pinnacle Financial Partners Annual EBITDA (Millions of US $)": {"2019": "$", "2018": "$", "2017": "$", "2016": "$", "2015": "$", "2014": "$", "2013": "$", "2012": "$", "2011": "$", "2010": "$", "2009": "$", "2008": "$", "2007": "$", "2006": "$", "2005": "$"}, "Pinnacle Financial Partners Quarterly EBITDA (Millions of US $)": {"2020-09-30": "", "2020-06-30": "", "2020-03-31": "", "2019-12-31": "", "2019-09-30": "", "2019-06-30": "", "2019-03-31": "", "2018-12-31": "", "2018-09-30": "", "2018-06-30": "", "2018-03-31": "", "2017-12-31": "", "2017-09-30": "", "2017-06-30": "", "2017-03-31": "", "2016-12-31": "", "2016-09-30": "", "2016-06-30": "", "2016-03-31": "", "2015-12-31": "", "2015-09-30": "", "2015-06-30": "", "2015-03-31": "", "2014-12-31": "", "2014-09-30": "", "2014-06-30": "", "2014-03-31": "", "2013-12-31": "", "2013-09-30": "", "2013-06-30": "", "2013-03-31": "", "2012-12-31": "", "2012-09-30": "", "2012-06-30": "", "2012-03-31": "", "2011-12-31": "", "2011-09-30": "", "2011-06-30": "", "2011-03-31": "", "2010-12-31": "", "2010-09-30": "", "2010-06-30": "", "2010-03-31": "", "2009-12-31": "", "2009-09-30": "", "2009-06-30": "", "2009-03-31": "", "2008-12-31": "", "2008-09-30": "", "2008-06-30": "", "2008-03-31": "", "2007-12-31": "", "2007-09-30": "", "2007-06-30": "", "2007-03-31": "", "2006-12-31": "", "2006-09-30": "", "2006-06-30": "", "2006-03-31": "", "2005-12-31": "", "2005-09-30": "", "2005-06-30": "", "2005-03-31": ""}}, "net-income": {"Pinnacle Financial Partners Annual Net Income (Millions of US $)": {"2020": "$305", "2019": "$401", "2018": "$359", "2017": "$174", "2016": "$127", "2015": "$96", "2014": "$70", "2013": "$58", "2012": "$38", "2011": "$37", "2010": "$-30", "2009": "$-41", "2008": "$31", "2007": "$23", "2006": "$18", "2005": "$8"}, "Pinnacle Financial Partners Quarterly Net Income (Millions of US $)": {"2020-12-31": "$107", "2020-09-30": "$107", "2020-06-30": "$62", "2020-03-31": "$28", "2019-12-31": "$96", "2019-09-30": "$111", "2019-06-30": "$100", "2019-03-31": "$94", "2018-12-31": "$95", "2018-09-30": "$94", "2018-06-30": "$87", "2018-03-31": "$84", "2017-12-31": "$27", "2017-09-30": "$64", "2017-06-30": "$43", "2017-03-31": "$40", "2016-12-31": "$36", "2016-09-30": "$32", "2016-06-30": "$31", "2016-03-31": "$28", "2015-12-31": "$27", "2015-09-30": "$24", "2015-06-30": "$23", "2015-03-31": "$22", "2014-12-31": "$19", "2014-09-30": "$18", "2014-06-30": "$17", "2014-03-31": "$16", "2013-12-31": "$15", "2013-09-30": "$15", "2013-06-30": "$14", "2013-03-31": "$13", "2012-12-31": "$12", "2012-09-30": "$11", "2012-06-30": "$8", "2012-03-31": "$7", "2011-12-31": "$6", "2011-09-30": "$25", "2011-06-30": "$5", "2011-03-31": "$2", "2010-12-31": "$2", "2010-09-30": "$1", "2010-06-30": "$-28", "2010-03-31": "$-5", "2009-12-31": "$-4", "2009-09-30": "$-5", "2009-06-30": "$-33", "2009-03-31": "$1", "2008-12-31": "$8", "2008-09-30": "$9", "2008-06-30": "$8", "2008-03-31": "$6", "2007-12-31": "$6", "2007-09-30": "$6", "2007-06-30": "$5", "2007-03-31": "$6", "2006-12-31": "$6", "2006-09-30": "$5", "2006-06-30": "$4", "2006-03-31": "$3", "2005-12-31": "$2", "2005-09-30": "$2", "2005-06-30": "$2", "2005-03-31": "$2"}}, "eps-earnings-per-share-diluted": {"Pinnacle Financial Partners Annual EPS": {"2020": "$4.03", "2019": "$5.22", "2018": "$4.64", "2017": "$2.70", "2016": "$2.91", "2015": "$2.52", "2014": "$2.01", "2013": "$1.67", "2012": "$1.10", "2011": "$1.09", "2010": "$-0.93", "2009": "$-1.46", "2008": "$1.27", "2007": "$1.34", "2006": "$1.18", "2005": "$0.85"}, "Pinnacle Financial Partners Quarterly EPS": {"2020-12-31": "$1.42", "2020-09-30": "$1.42", "2020-06-30": "$0.83", "2020-03-31": "$0.37", "2019-12-31": "$1.25", "2019-09-30": "$1.44", "2019-06-30": "$1.31", "2019-03-31": "$1.22", "2018-12-31": "$1.23", "2018-09-30": "$1.21", "2018-06-30": "$1.12", "2018-03-31": "$1.08", "2017-12-31": "$0.25", "2017-09-30": "$0.83", "2017-06-30": "$0.80", "2017-03-31": "$0.82", "2016-12-31": "$0.79", "2016-09-30": "$0.71", "2016-06-30": "$0.73", "2016-03-31": "$0.68", "2015-12-31": "$0.64", "2015-09-30": "$0.62", "2015-06-30": "$0.64", "2015-03-31": "$0.62", "2014-12-31": "$0.53", "2014-09-30": "$0.52", "2014-06-30": "$0.49", "2014-03-31": "$0.47", "2013-12-31": "$0.44", "2013-09-30": "$0.42", "2013-06-30": "$0.42", "2013-03-31": "$0.39", "2012-12-31": "$0.33", "2012-09-30": "$0.33", "2012-06-30": "$0.23", "2012-03-31": "$0.21", "2011-12-31": "$0.17", "2011-09-30": "$0.72", "2011-06-30": "$0.14", "2011-03-31": "$0.06", "2010-12-31": "$0.06", "2010-09-30": "$0.02", "2010-06-30": "$-0.85", "2010-03-31": "$-0.16", "2009-12-31": "$-0.01", "2009-09-30": "$-0.15", "2009-06-30": "$-1.33", "2009-03-31": "$0.03", "2008-12-31": "$0.31", "2008-09-30": "$0.36", "2008-06-30": "$0.34", "2008-03-31": "$0.26", "2007-12-31": "$0.32", "2007-09-30": "$0.35", "2007-06-30": "$0.33", "2007-03-31": "$0.34", "2006-12-31": "$0.36", "2006-09-30": "$0.32", "2006-06-30": "$0.26", "2006-03-31": "$0.24", "2005-12-31": "$0.23", "2005-09-30": "$0.22", "2005-06-30": "$0.21", "2005-03-31": "$0.19"}}, "shares-outstanding": {"Pinnacle Financial Partners Annual Shares Outstanding (Millions of Shares)": {"2020": "76", "2019": "77", "2018": "77", "2017": "64", "2016": "44", "2015": "38", "2014": "35", "2013": "35", "2012": "34", "2011": "34", "2010": "33", "2009": "28", "2008": "24", "2007": "17", "2006": "15", "2005": "9"}, "Pinnacle Financial Partners Quarterly Shares Outstanding (Millions of Shares)": {"2020-12-31": "76", "2020-09-30": "75", "2020-06-30": "75", "2020-03-31": "76", "2019-12-31": "77", "2019-09-30": "77", "2019-06-30": "77", "2019-03-31": "77", "2018-12-31": "77", "2018-09-30": "77", "2018-06-30": "77", "2018-03-31": "77", "2017-12-31": "64", "2017-09-30": "77", "2017-06-30": "54", "2017-03-31": "49", "2016-12-31": "44", "2016-09-30": "46", "2016-06-30": "42", "2016-03-31": "41", "2015-12-31": "38", "2015-09-30": "39", "2015-06-30": "36", "2015-03-31": "35", "2014-12-31": "35", "2014-09-30": "35", "2014-06-30": "35", "2014-03-31": "35", "2013-12-31": "35", "2013-09-30": "35", "2013-06-30": "34", "2013-03-31": "34", "2012-12-31": "34", "2012-09-30": "35", "2012-06-30": "34", "2012-03-31": "34", "2011-12-31": "34", "2011-09-30": "34", "2011-06-30": "34", "2011-03-31": "34", "2010-12-31": "33", "2010-09-30": "34", "2010-06-30": "33", "2010-03-31": "33", "2009-12-31": "28", "2009-09-30": "32", "2009-06-30": "25", "2009-03-31": "25", "2008-12-31": "24", "2008-09-30": "24", "2008-06-30": "24", "2008-03-31": "23", "2007-12-31": "17", "2007-09-30": "17", "2007-06-30": "17", "2007-03-31": "17", "2006-12-31": "15", "2006-09-30": "17", "2006-06-30": "17", "2006-03-31": "11", "2005-12-31": "9", "2005-09-30": "9", "2005-06-30": "9", "2005-03-31": "9"}}, "total-assets": {"Pinnacle Financial Partners Annual Total Assets (Millions of US $)": {"2019": "$27,806", "2018": "$25,031", "2017": "$22,206", "2016": "$11,195", "2015": "$8,715", "2014": "$6,018", "2013": "$5,564", "2012": "$5,041", "2011": "$4,864", "2010": "$4,909", "2009": "$5,129", "2008": "$4,754", "2007": "$3,794", "2006": "$2,142", "2005": "$1,017"}, "Pinnacle Financial Partners Quarterly Total Assets (Millions of US $)": {"2020-09-30": "$33,825", "2020-06-30": "$33,342", "2020-03-31": "$29,264", "2019-12-31": "$27,806", "2019-09-30": "$27,548", "2019-06-30": "$26,540", "2019-03-31": "$25,558", "2018-12-31": "$25,031", "2018-09-30": "$24,558", "2018-06-30": "$23,988", "2018-03-31": "$22,935", "2017-12-31": "$22,206", "2017-09-30": "$21,790", "2017-06-30": "$20,886", "2017-03-31": "$11,725", "2016-12-31": "$11,195", "2016-09-30": "$10,978", "2016-06-30": "$9,736", "2016-03-31": "$9,261", "2015-12-31": "$8,715", "2015-09-30": "$8,549", "2015-06-30": "$6,517", "2015-03-31": "$6,314", "2014-12-31": "$6,018", "2014-09-30": "$5,866", "2014-06-30": "$5,789", "2014-03-31": "$5,601", "2013-12-31": "$5,564", "2013-09-30": "$5,391", "2013-06-30": "$5,373", "2013-03-31": "$5,071", "2012-12-31": "$5,041", "2012-09-30": "$4,871", "2012-06-30": "$4,932", "2012-03-31": "$4,790", "2011-12-31": "$4,864", "2011-09-30": "$4,869", "2011-06-30": "$4,831", "2011-03-31": "$4,821", "2010-12-31": "$4,909", "2010-09-30": "$4,962", "2010-06-30": "$4,958", "2010-03-31": "$5,022", "2009-12-31": "$5,129", "2009-09-30": "$5,095", "2009-06-30": "$5,037", "2009-03-31": "$4,952", "2008-12-31": "$4,754", "2008-09-30": "$4,338", "2008-06-30": "$4,106", "2008-03-31": "$3,889", "2007-12-31": "$3,794", "2007-09-30": "$2,368", "2007-06-30": "$2,315", "2007-03-31": "$2,193", "2006-12-31": "$2,142", "2006-09-30": "$2,052", "2006-06-30": "$1,986", "2006-03-31": "$1,828", "2005-12-31": "$1,017", "2005-09-30": "$979", "2005-06-30": "$872", "2005-03-31": "$787"}}, "cash-on-hand": {"Pinnacle Financial Partners Annual Cash on Hand (Millions of US $)": {"2019": "$527", "2018": "$722", "2017": "$780", "2016": "$184", "2015": "$321", "2014": "$188", "2013": "$209", "2012": "$165", "2011": "$172", "2010": "$189", "2009": "$167", "2008": "$90", "2007": "$123", "2006": "$93", "2005": "$59"}, "Pinnacle Financial Partners Quarterly Cash on Hand (Millions of US $)": {"2020-09-30": "$3,043", "2020-06-30": "$2,693", "2020-03-31": "$1,024", "2019-12-31": "$527", "2019-09-30": "$920", "2019-06-30": "$628", "2019-03-31": "$485", "2018-12-31": "$722", "2018-09-30": "$551", "2018-06-30": "$647", "2018-03-31": "$369", "2017-12-31": "$780", "2017-09-30": "$408", "2017-06-30": "$539", "2017-03-31": "$193", "2016-12-31": "$184", "2016-09-30": "$257", "2016-06-30": "$472", "2016-03-31": "$383", "2015-12-31": "$321", "2015-09-30": "$327", "2015-06-30": "$273", "2015-03-31": "$294", "2014-12-31": "$188", "2014-09-30": "$218", "2014-06-30": "$211", "2014-03-31": "$171", "2013-12-31": "$209", "2013-09-30": "$211", "2013-06-30": "$241", "2013-03-31": "$100", "2012-12-31": "$165", "2012-09-30": "$148", "2012-06-30": "$211", "2012-03-31": "$132", "2011-12-31": "$172", "2011-09-30": "$181", "2011-06-30": "$216", "2011-03-31": "$141", "2010-12-31": "$189", "2010-09-30": "$251", "2010-06-30": "$239", "2010-03-31": "$95", "2009-12-31": "$167", "2009-09-30": "$121", "2009-06-30": "$110", "2009-03-31": "$153", "2008-12-31": "$90", "2008-09-30": "$91", "2008-06-30": "$145", "2008-03-31": "$116", "2007-12-31": "$123", "2007-09-30": "$81", "2007-06-30": "$106", "2007-03-31": "$88", "2006-12-31": "$93", "2006-09-30": "$113", "2006-06-30": "$113", "2006-03-31": "$80", "2005-12-31": "$59", "2005-09-30": "$97", "2005-06-30": "$59", "2005-03-31": "$45"}}, "long-term-debt": {"Pinnacle Financial Partners Annual Long Term Debt (Millions of US $)": {"2019": "$2,812", "2018": "$1,929", "2017": "$1,785", "2016": "$757", "2015": "$442", "2014": "$292", "2013": "$189", "2012": "$182", "2011": "$324", "2010": "$219", "2009": "$310", "2008": "$299", "2007": "$184", "2006": "$105", "2005": "$72"}, "Pinnacle Financial Partners Quarterly Long Term Debt (Millions of US $)": {"2020-09-30": "$1,958", "2020-06-30": "$2,505", "2020-03-31": "$2,987", "2019-12-31": "$2,812", "2019-09-30": "$2,803", "2019-06-30": "$2,424", "2019-03-31": "$2,606", "2018-12-31": "$1,929", "2018-09-30": "$1,986", "2018-06-30": "$2,047", "2018-03-31": "$2,442", "2017-12-31": "$1,785", "2017-09-30": "$2,089", "2017-06-30": "$1,191", "2017-03-31": "$532", "2016-12-31": "$757", "2016-09-30": "$645", "2016-06-30": "$1,013", "2016-03-31": "$826", "2015-12-31": "$442", "2015-09-30": "$688", "2015-06-30": "$579", "2015-03-31": "$591", "2014-12-31": "$292", "2014-09-30": "$312", "2014-06-30": "$268", "2014-03-31": "$249", "2013-12-31": "$189", "2013-09-30": "$215", "2013-06-30": "$426", "2013-03-31": "$306", "2012-12-31": "$182", "2012-09-30": "$298", "2012-06-30": "$393", "2012-03-31": "$324", "2011-12-31": "$324", "2011-09-30": "$259", "2011-06-30": "$209", "2011-03-31": "$209", "2010-12-31": "$219", "2010-09-30": "$219", "2010-06-30": "$229", "2010-03-31": "$255", "2009-12-31": "$310", "2009-09-30": "$320", "2009-06-30": "$326", "2009-03-31": "$319", "2008-12-31": "$299", "2008-09-30": "$305", "2008-06-30": "$270", "2008-03-31": "$251", "2007-12-31": "$184", "2007-09-30": "$87", "2007-06-30": "$78", "2007-03-31": "$78", "2006-12-31": "$105", "2006-09-30": "$80", "2006-06-30": "$65", "2006-03-31": "$98", "2005-12-31": "$72", "2005-09-30": "$55", "2005-06-30": "$60", "2005-03-31": "$62"}}, "total-liabilities": {"Pinnacle Financial Partners Annual Total Liabilities (Millions of US $)": {"2019": "$23,450", "2018": "$21,065", "2017": "$18,498", "2016": "$9,698", "2015": "$7,559", "2014": "$5,216", "2013": "$4,840", "2012": "$4,361", "2011": "$4,154", "2010": "$4,232", "2009": "$4,428", "2008": "$4,127", "2007": "$3,328", "2006": "$1,886", "2005": "$953"}, "Pinnacle Financial Partners Quarterly Total Liabilities (Millions of US $)": {"2020-09-30": "$29,038", "2020-06-30": "$28,646", "2020-03-31": "$24,879", "2019-12-31": "$23,450", "2019-09-30": "$23,253", "2019-06-30": "$22,364", "2019-03-31": "$21,502", "2018-12-31": "$21,065", "2018-09-30": "$20,661", "2018-06-30": "$20,162", "2018-03-31": "$19,186", "2017-12-31": "$18,498", "2017-09-30": "$18,117", "2017-06-30": "$17,271", "2017-03-31": "$10,002", "2016-12-31": "$9,698", "2016-09-30": "$9,503", "2016-06-30": "$8,474", "2016-03-31": "$8,033", "2015-12-31": "$7,559", "2015-09-30": "$7,415", "2015-06-30": "$5,675", "2015-03-31": "$5,490", "2014-12-31": "$5,216", "2014-09-30": "$5,084", "2014-06-30": "$5,024", "2014-03-31": "$4,858", "2013-12-31": "$4,840", "2013-09-30": "$4,679", "2013-06-30": "$4,677", "2013-03-31": "$4,380", "2012-12-31": "$4,361", "2012-09-30": "$4,199", "2012-06-30": "$4,273", "2012-03-31": "$4,071", "2011-12-31": "$4,154", "2011-09-30": "$4,145", "2011-06-30": "$4,132", "2011-03-31": "$4,140", "2010-12-31": "$4,232", "2010-09-30": "$4,275", "2010-06-30": "$4,277", "2010-03-31": "$4,321", "2009-12-31": "$4,428", "2009-09-30": "$4,385", "2009-06-30": "$4,333", "2009-03-31": "$4,321", "2008-12-31": "$4,127", "2008-09-30": "$3,825", "2008-06-30": "$3,624", "2008-03-31": "$3,412", "2007-12-31": "$3,328", "2007-09-30": "$2,093", "2007-06-30": "$2,050", "2007-03-31": "$1,930", "2006-12-31": "$1,886", "2006-09-30": "$1,803", "2006-06-30": "$1,747", "2006-03-31": "$1,592", "2005-12-31": "$953", "2005-09-30": "$916", "2005-06-30": "$811", "2005-03-31": "$730"}}, "total-share-holder-equity": {"Pinnacle Financial Partners Annual Share Holder Equity (Millions of US $)": {"2019": "$4,356", "2018": "$3,966", "2017": "$3,708", "2016": "$1,497", "2015": "$1,156", "2014": "$803", "2013": "$724", "2012": "$679", "2011": "$710", "2010": "$677", "2009": "$701", "2008": "$627", "2007": "$467", "2006": "$256", "2005": "$63"}, "Pinnacle Financial Partners Quarterly Share Holder Equity (Millions of US $)": {"2020-09-30": "$4,787", "2020-06-30": "$4,696", "2020-03-31": "$4,385", "2019-12-31": "$4,356", "2019-09-30": "$4,295", "2019-06-30": "$4,176", "2019-03-31": "$4,056", "2018-12-31": "$3,966", "2018-09-30": "$3,897", "2018-06-30": "$3,827", "2018-03-31": "$3,749", "2017-12-31": "$3,708", "2017-09-30": "$3,673", "2017-06-30": "$3,615", "2017-03-31": "$1,723", "2016-12-31": "$1,497", "2016-09-30": "$1,476", "2016-06-30": "$1,262", "2016-03-31": "$1,229", "2015-12-31": "$1,156", "2015-09-30": "$1,134", "2015-06-30": "$841", "2015-03-31": "$824", "2014-12-31": "$803", "2014-09-30": "$782", "2014-06-30": "$764", "2014-03-31": "$742", "2013-12-31": "$724", "2013-09-30": "$712", "2013-06-30": "$697", "2013-03-31": "$691", "2012-12-31": "$679", "2012-09-30": "$673", "2012-06-30": "$659", "2012-03-31": "$719", "2011-12-31": "$710", "2011-09-30": "$724", "2011-06-30": "$699", "2011-03-31": "$681", "2010-12-31": "$677", "2010-09-30": "$687", "2010-06-30": "$682", "2010-03-31": "$700", "2009-12-31": "$701", "2009-09-30": "$710", "2009-06-30": "$704", "2009-03-31": "$632", "2008-12-31": "$627", "2008-09-30": "$513", "2008-06-30": "$482", "2008-03-31": "$477", "2007-12-31": "$467", "2007-09-30": "$275", "2007-06-30": "$265", "2007-03-31": "$263", "2006-12-31": "$256", "2006-09-30": "$249", "2006-06-30": "$239", "2006-03-31": "$236", "2005-12-31": "$63", "2005-09-30": "$63", "2005-06-30": "$62", "2005-03-31": "$58"}}, "profit-margins": {"current": "23.04%"}, "gross margin": {"2020-12-31": "85.20%", "2020-09-30": "82.20%", "2020-06-30": "79.61%", "2020-03-31": "77.88%", "2019-12-31": "77.33%", "2019-09-30": "77.68%", "2019-06-30": "78.32%", "2019-03-31": "79.60%", "2018-12-31": "81.62%", "2018-09-30": "83.43%", "2018-06-30": "85.46%", "2018-03-31": "87.07%", "2017-12-31": "87.98%", "2017-09-30": "89.24%", "2017-06-30": "90.24%", "2017-03-31": "91.18%", "2016-12-31": "92.15%", "2016-09-30": "92.98%", "2016-06-30": "93.51%", "2016-03-31": "93.88%", "2015-12-31": "94.44%", "2015-09-30": "94.77%", "2015-06-30": "95.05%", "2015-03-31": "95.19%", "2014-12-31": "94.98%", "2014-09-30": "94.44%", "2014-06-30": "94.31%", "2014-03-31": "93.80%", "2013-12-31": "93.31%", "2013-09-30": "92.86%", "2013-06-30": "91.91%", "2013-03-31": "90.95%", "2012-12-31": "89.52%", "2012-09-30": "88.44%", "2012-06-30": "87.11%", "2012-03-31": "85.46%", "2011-12-31": "83.26%", "2011-09-30": "80.79%", "2011-06-30": "78.79%", "2011-03-31": "76.92%", "2010-12-31": "75.73%", "2010-09-30": "74.49%", "2010-06-30": "72.95%", "2010-03-31": "70.90%", "2009-12-31": "69.11%", "2009-09-30": "66.53%", "2009-06-30": "65.04%", "2009-03-31": "64.20%", "2008-12-31": "62.24%", "2008-09-30": "61.30%", "2008-06-30": "59.15%", "2008-03-31": "57.14%", "2007-12-31": "56.32%", "2007-09-30": "56.17%", "2007-06-30": "57.79%", "2007-03-31": "59.59%", "2006-12-31": "61.11%", "2006-09-30": "62.50%", "2006-06-30": "63.41%", "2006-03-31": "63.93%", "2005-12-31": "67.31%"}, "operating margin": {"2020-12-31": "27.80%", "2020-09-30": "26.92%", "2020-06-30": "26.56%", "2020-03-31": "30.09%", "2019-12-31": "37.39%", "2019-09-30": "37.81%", "2019-06-30": "38.05%", "2019-03-31": "38.88%", "2018-12-31": "39.90%", "2018-09-30": "40.74%", "2018-06-30": "41.95%", "2018-03-31": "42.32%", "2017-12-31": "42.07%", "2017-09-30": "42.75%", "2017-06-30": "41.95%", "2017-03-31": "41.96%", "2016-12-31": "42.15%", "2016-09-30": "41.45%", "2016-06-30": "41.59%", "2016-03-31": "42.29%", "2015-12-31": "43.27%", "2015-09-30": "43.46%", "2015-06-30": "43.11%", "2015-03-31": "42.22%", "2014-12-31": "40.93%", "2014-09-30": "40.08%", "2014-06-30": "39.02%", "2014-03-31": "37.60%", "2013-12-31": "35.98%", "2013-09-30": "34.03%", "2013-06-30": "31.91%", "2013-03-31": "30.17%", "2012-12-31": "27.51%", "2012-09-30": "24.00%", "2012-06-30": "20.89%", "2012-03-31": "16.74%", "2011-12-31": "12.78%", "2011-09-30": "10.04%", "2011-06-30": "6.93%", "2011-03-31": "-5.13%", "2010-12-31": "-8.37%", "2010-09-30": "-11.93%", "2010-06-30": "-15.57%", "2010-03-31": "-29.51%", "2009-12-31": "-26.42%", "2009-09-30": "-19.18%", "2009-06-30": "-10.98%", "2009-03-31": "16.46%", "2008-12-31": "20.33%", "2008-09-30": "20.00%", "2008-06-30": "19.25%", "2008-03-31": "18.88%", "2007-12-31": "18.97%", "2007-09-30": "19.75%", "2007-06-30": "20.78%", "2007-03-31": "21.23%", "2006-12-31": "21.43%", "2006-09-30": "21.15%", "2006-06-30": "20.73%", "2006-03-31": "21.31%", "2005-12-31": "21.15%"}, "ebitda margin": {"2020-09-30": "0.00%", "2020-06-30": "0.00%", "2020-03-31": "0.00%", "2019-12-31": "0.00%", "2019-09-30": "0.00%", "2019-06-30": "0.00%", "2019-03-31": "0.00%", "2018-12-31": "0.00%", "2018-09-30": "0.00%", "2018-06-30": "0.00%", "2018-03-31": "0.00%", "2017-12-31": "0.00%", "2017-09-30": "0.00%", "2017-06-30": "0.00%", "2017-03-31": "0.00%", "2016-12-31": "0.00%", "2016-09-30": "0.00%", "2016-06-30": "0.00%", "2016-03-31": "0.00%", "2015-12-31": "0.00%", "2015-09-30": "0.00%", "2015-06-30": "0.00%", "2015-03-31": "0.00%", "2014-12-31": "0.00%", "2014-09-30": "0.00%", "2014-06-30": "0.00%", "2014-03-31": "0.00%", "2013-12-31": "0.00%", "2013-09-30": "0.00%", "2013-06-30": "0.00%", "2013-03-31": "0.00%", "2012-12-31": "0.00%", "2012-09-30": "0.00%", "2012-06-30": "0.00%", "2012-03-31": "0.00%", "2011-12-31": "0.00%", "2011-09-30": "0.00%", "2011-06-30": "0.00%", "2011-03-31": "0.00%", "2010-12-31": "0.00%", "2010-09-30": "0.00%", "2010-06-30": "0.00%", "2010-03-31": "0.00%", "2009-12-31": "0.00%", "2009-09-30": "0.00%", "2009-06-30": "0.00%", "2009-03-31": "0.00%", "2008-12-31": "0.00%", "2008-09-30": "0.00%", "2008-06-30": "0.00%", "2008-03-31": "0.00%", "2007-12-31": "0.00%", "2007-09-30": "0.00%", "2007-06-30": "0.00%", "2007-03-31": "0.00%", "2006-12-31": "0.00%", "2006-09-30": "0.00%", "2006-06-30": "0.00%", "2006-03-31": "0.00%", "2005-12-31": "0.00%"}, "pre tax profit margin": {"2020-12-31": "27.80%", "2020-09-30": "26.92%", "2020-06-30": "26.56%", "2020-03-31": "30.09%", "2019-12-31": "37.39%", "2019-09-30": "37.81%", "2019-06-30": "38.05%", "2019-03-31": "38.63%", "2018-12-31": "39.20%", "2018-09-30": "38.24%", "2018-06-30": "38.54%", "2018-03-31": "38.45%", "2017-12-31": "38.11%", "2017-09-30": "40.36%", "2017-06-30": "39.60%", "2017-03-31": "39.80%", "2016-12-31": "39.67%", "2016-09-30": "39.04%", "2016-06-30": "39.66%", "2016-03-31": "40.43%", "2015-12-31": "41.81%", "2015-09-30": "42.81%", "2015-06-30": "43.11%", "2015-03-31": "42.22%", "2014-12-31": "40.93%", "2014-09-30": "40.08%", "2014-06-30": "39.02%", "2014-03-31": "37.60%", "2013-12-31": "35.98%", "2013-09-30": "34.03%", "2013-06-30": "31.91%", "2013-03-31": "30.17%", "2012-12-31": "27.51%", "2012-09-30": "24.00%", "2012-06-30": "20.89%", "2012-03-31": "16.74%", "2011-12-31": "12.78%", "2011-09-30": "10.04%", "2011-06-30": "6.93%", "2011-03-31": "-5.13%", "2010-12-31": "-8.37%", "2010-09-30": "-11.93%", "2010-06-30": "-15.57%", "2010-03-31": "-29.51%", "2009-12-31": "-26.42%", "2009-09-30": "-19.18%", "2009-06-30": "-11.38%", "2009-03-31": "15.64%", "2008-12-31": "18.26%", "2008-09-30": "17.83%", "2008-06-30": "17.37%", "2008-03-31": "17.35%", "2007-12-31": "18.97%", "2007-09-30": "19.75%", "2007-06-30": "20.78%", "2007-03-31": "20.55%", "2006-12-31": "20.63%", "2006-09-30": "20.19%", "2006-06-30": "19.51%", "2006-03-31": "21.31%", "2005-12-31": "21.15%"}, "net profit margin": {"2020-12-31": "22.72%", "2020-09-30": "22.10%", "2020-06-30": "22.10%", "2020-03-31": "24.71%", "2019-12-31": "30.11%", "2019-09-30": "30.37%", "2019-06-30": "30.42%", "2019-03-31": "30.81%", "2018-12-31": "31.36%", "2018-09-30": "27.04%", "2018-06-30": "25.56%", "2018-03-31": "24.09%", "2017-12-31": "22.25%", "2017-09-30": "27.35%", "2017-06-30": "27.31%", "2017-03-31": "27.25%", "2016-12-31": "26.24%", "2016-09-30": "25.88%", "2016-06-30": "26.44%", "2016-03-31": "27.13%", "2015-12-31": "28.07%", "2015-09-30": "28.76%", "2015-06-30": "28.98%", "2015-03-31": "28.15%", "2014-12-31": "27.03%", "2014-09-30": "26.19%", "2014-06-30": "25.61%", "2014-03-31": "24.79%", "2013-12-31": "23.85%", "2013-09-30": "22.69%", "2013-06-30": "21.28%", "2013-03-31": "18.97%", "2012-12-31": "16.59%", "2012-09-30": "14.22%", "2012-06-30": "20.44%", "2012-03-31": "18.94%", "2011-12-31": "16.74%", "2011-09-30": "14.85%", "2011-06-30": "4.33%", "2011-03-31": "-9.83%", "2010-12-31": "-12.55%", "2010-09-30": "-14.81%", "2010-06-30": "-17.21%", "2010-03-31": "-19.26%", "2009-12-31": "-16.67%", "2009-09-30": "-11.84%", "2009-06-30": "-6.10%", "2009-03-31": "10.70%", "2008-12-31": "12.86%", "2008-09-30": "12.61%", "2008-06-30": "12.21%", "2008-03-31": "11.73%", "2007-12-31": "13.22%", "2007-09-30": "14.20%", "2007-06-30": "14.29%", "2007-03-31": "14.38%", "2006-12-31": "14.29%", "2006-09-30": "13.46%", "2006-06-30": "13.41%", "2006-03-31": "14.75%", "2005-12-31": "15.38%"}, "pe ratio": {"current": "16.98", "2021-02-05": "27.93", "2020-12-31": "24.52", "2020-09-30": "9.12", "2020-06-30": "10.66", "2020-03-31": "8.45", "2019-12-31": "12.04", "2019-09-30": "10.71", "2019-06-30": "11.31", "2019-03-31": "11.16", "2018-12-31": "9.66", "2018-09-30": "15.51", "2018-06-30": "17.56", "2018-03-31": "20.26", "2017-12-31": "22.81", "2017-09-30": "19.93", "2017-06-30": "19.37", "2017-03-31": "20.92", "2016-12-31": "22.82", "2016-09-30": "18.59", "2016-06-30": "17.31", "2016-03-31": "17.94", "2015-12-31": "19.17", "2015-09-30": "19.32", "2015-06-30": "22.13", "2015-03-31": "19.30", "2014-12-31": "18.39", "2014-09-30": "17.54", "2014-06-30": "20.19", "2014-03-31": "19.89", "2013-12-31": "18.04", "2013-09-30": "17.54", "2013-06-30": "16.05", "2013-03-31": "16.73", "2012-12-31": "15.68", "2012-09-30": "18.99", "2012-06-30": "13.55", "2012-03-31": "13.67", "2011-12-31": "13.69", "2011-09-30": "10.21", "2011-06-30": "49.58", "2011-03-31": "0.00", "2010-12-31": "0.00", "2010-09-30": "0.00", "2010-06-30": "0.00", "2010-03-31": "0.00", "2009-12-31": "0.00", "2009-09-30": "0.00", "2009-06-30": "0.00", "2009-03-31": "21.07", "2008-12-31": "21.69", "2008-09-30": "22.06", "2008-06-30": "14.50", "2008-03-31": "18.63", "2007-12-31": "17.40", "2007-09-30": "19.58", "2007-06-30": "20.40", "2007-03-31": "22.37", "2006-12-31": "26.43"}, "price sales": {"2021-02-05": "4.13", "2020-12-31": "3.63", "2020-09-30": "2.02", "2020-06-30": "2.36", "2020-03-31": "2.09", "2019-12-31": "3.63", "2019-09-30": "3.25", "2019-06-30": "3.45", "2019-03-31": "3.44", "2018-12-31": "3.03", "2018-09-30": "4.00", "2018-06-30": "4.28", "2018-03-31": "4.68", "2017-12-31": "5.04", "2017-09-30": "5.41", "2017-06-30": "5.23", "2017-03-31": "5.61", "2016-12-31": "5.90", "2016-09-30": "4.70", "2016-06-30": "4.45", "2016-03-31": "4.75", "2015-12-31": "5.26", "2015-09-30": "5.54", "2015-06-30": "6.39", "2015-03-31": "5.44", "2014-12-31": "5.01", "2014-09-30": "4.67", "2014-06-30": "5.20", "2014-03-31": "4.99", "2013-12-31": "4.35", "2013-09-30": "3.99", "2013-06-30": "3.48", "2013-03-31": "3.20", "2012-12-31": "2.62", "2012-09-30": "2.73", "2012-06-30": "2.75", "2012-03-31": "2.56", "2011-12-31": "2.24", "2011-09-30": "1.50", "2011-06-30": "2.10", "2011-03-31": "2.17", "2010-12-31": "1.72", "2010-09-30": "1.10", "2010-06-30": "1.52", "2010-03-31": "1.67", "2009-12-31": "1.46", "2009-09-30": "1.26", "2009-06-30": "1.23", "2009-03-31": "2.19", "2008-12-31": "2.73", "2008-09-30": "2.73", "2008-06-30": "1.76", "2008-03-31": "2.24", "2007-12-31": "2.28", "2007-09-30": "2.68", "2007-06-30": "2.87", "2007-03-31": "3.14", "2006-12-31": "3.65"}, "price book": {"current": "1.18", "2021-02-05": "1.16", "2020-09-30": "0.56", "2020-06-30": "0.67", "2020-03-31": "0.64", "2019-12-31": "1.11", "2019-09-30": "0.99", "2019-06-30": "1.04", "2019-03-31": "1.01", "2018-12-31": "0.88", "2018-09-30": "1.17", "2018-06-30": "1.21", "2018-03-31": "1.29", "2017-12-31": "1.34", "2017-09-30": "1.36", "2017-06-30": "1.29", "2017-03-31": "1.84", "2016-12-31": "2.05", "2016-09-30": "1.61", "2016-06-30": "1.55", "2016-03-31": "1.59", "2015-12-31": "1.72", "2015-09-30": "1.67", "2015-06-30": "2.19", "2015-03-31": "1.81", "2014-12-31": "1.65", "2014-09-30": "1.54", "2014-06-30": "1.71", "2014-03-31": "1.67", "2013-12-31": "1.47", "2013-09-30": "1.36", "2013-06-30": "1.20", "2013-03-31": "1.09", "2012-12-31": "0.89", "2012-09-30": "0.92", "2012-06-30": "0.95", "2012-03-31": "0.82", "2011-12-31": "0.72", "2011-09-30": "0.48", "2011-06-30": "0.70", "2011-03-31": "0.77", "2010-12-31": "0.63", "2010-09-30": "0.42", "2010-06-30": "0.58", "2010-03-31": "0.66", "2009-12-31": "0.62", "2009-09-30": "0.55", "2009-06-30": "0.58", "2009-03-31": "0.83", "2008-12-31": "1.04", "2008-09-30": "1.32", "2008-06-30": "0.87", "2008-03-31": "1.11", "2007-12-31": "1.12", "2007-09-30": "1.51", "2007-06-30": "1.59", "2007-03-31": "1.67", "2006-12-31": "1.85", "2006-09-30": "2.05", "2006-06-30": "1.81", "2006-03-31": "1.64"}, "price fcf": {"2021-02-05": "", "2020-09-30": "$5.05", "2020-06-30": "$5.29", "2020-03-31": "$3.78", "2019-12-31": "$5.11", "2019-09-30": "$5.59", "2019-06-30": "$5.31", "2019-03-31": "$6.86", "2018-12-31": "$5.81", "2018-09-30": "$4.54", "2018-06-30": "$3.06", "2018-03-31": "$2.76", "2017-12-31": "$1.75", "2017-09-30": "$2.72", "2017-06-30": "$3.06", "2017-03-31": "$2.55", "2016-12-31": "$3.14", "2016-09-30": "$2.76", "2016-06-30": "$2.61", "2016-03-31": "$2.37", "2015-12-31": "$1.96", "2015-09-30": "$1.64", "2015-06-30": "$2.58", "2015-03-31": "$2.29", "2014-12-31": "$2.54", "2014-09-30": "$2.38", "2014-06-30": "$2.64", "2014-03-31": "$3.21", "2013-12-31": "$3.51", "2013-09-30": "$3.48", "2013-06-30": "$3.06", "2013-03-31": "$2.61", "2012-12-31": "$3.14", "2012-09-30": "$3.15", "2012-06-30": "$2.95", "2012-03-31": "$3.43", "2011-12-31": "$3.26", "2011-09-30": "$3.63", "2011-06-30": "$3.99", "2011-03-31": "$3.65", "2010-12-31": "$3.66", "2010-09-30": "$3.14", "2010-06-30": "$2.93", "2010-03-31": "$2.96", "2009-12-31": "$2.50", "2009-09-30": "$1.49", "2009-06-30": "$1.44", "2009-03-31": "$1.46", "2008-12-31": "$1.12", "2008-09-30": "$1.09", "2008-06-30": "$0.86", "2008-03-31": "$0.93", "2007-12-31": "$0.60", "2007-09-30": "$1.76", "2007-06-30": "$1.57", "2007-03-31": "$1.28", "2006-12-31": "$0.48"}, "net worth": {"value": "$5.55B"}, "current ratio": {"2020-12-31": "0.95", "2020-09-30": "0.95", "2020-06-30": "0.98", "2020-03-31": "0.99", "2019-12-31": "1.00", "2019-09-30": "1.01", "2019-06-30": "1.00", "2019-03-31": "1.01", "2018-12-31": "0.97", "2018-09-30": "0.97", "2018-06-30": "0.99", "2018-03-31": "1.01", "2017-12-31": "1.00", "2017-09-30": "0.99", "2017-06-30": "0.96", "2017-03-31": "0.95", "2016-12-31": "0.98", "2016-09-30": "0.98", "2016-06-30": "1.03", "2016-03-31": "1.01", "2015-12-31": "0.97", "2015-09-30": "1.00", "2015-06-30": "1.01", "2015-03-31": "1.01", "2014-12-31": "0.97", "2014-09-30": "0.98", "2014-06-30": "0.96", "2014-03-31": "0.95", "2013-12-31": "0.94", "2013-09-30": "0.94", "2013-06-30": "0.98", "2013-03-31": "0.96", "2012-12-31": "0.94", "2012-09-30": "0.95", "2012-06-30": "0.95", "2012-03-31": "0.93", "2011-12-31": "0.91", "2011-09-30": "0.88", "2011-06-30": "0.87", "2011-03-31": "0.85", "2010-12-31": "0.84", "2010-09-30": "0.86", "2010-06-30": "0.88", "2010-03-31": "0.87", "2009-12-31": "0.89", "2009-09-30": "0.91", "2009-06-30": "0.91", "2009-03-31": "0.91", "2008-12-31": "0.91", "2008-09-30": "0.94", "2008-06-30": "0.95", "2008-03-31": "0.95", "2007-12-31": "0.92", "2007-09-30": "0.91", "2007-06-30": "0.90", "2007-03-31": "0.90", "2006-12-31": "0.90", "2006-09-30": "0.89", "2006-06-30": "0.88", "2006-03-31": "0.89", "2005-12-31": "0.81", "2005-09-30": "0.82", "2005-06-30": "0.83", "2005-03-31": "0.84"}, "quick ratio": {"2020-12-31": "0.00", "2020-09-30": "0.00", "2020-06-30": "0.00", "2020-03-31": "0.00", "2019-12-31": "0.00", "2019-09-30": "0.00", "2019-06-30": "0.00", "2019-03-31": "0.00", "2018-12-31": "0.00", "2018-09-30": "0.00", "2018-06-30": "0.00", "2018-03-31": "0.00", "2017-12-31": "0.00", "2017-09-30": "0.00", "2017-06-30": "0.00", "2017-03-31": "0.00", "2016-12-31": "0.00", "2016-09-30": "0.00", "2016-06-30": "0.00", "2016-03-31": "0.00", "2015-12-31": "0.00", "2015-09-30": "0.00", "2015-06-30": "0.00", "2015-03-31": "0.00", "2014-12-31": "0.00", "2014-09-30": "0.00", "2014-06-30": "0.00", "2014-03-31": "0.00", "2013-12-31": "0.00", "2013-09-30": "0.00", "2013-06-30": "0.00", "2013-03-31": "0.00", "2012-12-31": "0.00", "2012-09-30": "0.00", "2012-06-30": "0.00", "2012-03-31": "0.00", "2011-12-31": "0.00", "2011-09-30": "0.00", "2011-06-30": "0.00", "2011-03-31": "0.00", "2010-12-31": "0.00", "2010-09-30": "0.00", "2010-06-30": "0.00", "2010-03-31": "0.00", "2009-12-31": "0.00", "2009-09-30": "0.00", "2009-06-30": "0.00", "2009-03-31": "0.00", "2008-12-31": "0.00", "2008-09-30": "0.00", "2008-06-30": "0.00", "2008-03-31": "0.00", "2007-12-31": "0.00", "2007-09-30": "0.00", "2007-06-30": "0.00", "2007-03-31": "0.00", "2006-12-31": "0.00", "2006-09-30": "0.00", "2006-06-30": "0.00", "2006-03-31": "0.00", "2005-12-31": "0.00", "2005-09-30": "0.00", "2005-06-30": "0.00", "2005-03-31": "0.00"}, "debt equity ratio": {"current": "0.38", "2020-12-31": "6.12", "2020-09-30": "6.07", "2020-06-30": "6.10", "2020-03-31": "5.67", "2019-12-31": "5.38", "2019-09-30": "5.41", "2019-06-30": "5.36", "2019-03-31": "5.30", "2018-12-31": "5.31", "2018-09-30": "5.30", "2018-06-30": "5.27", "2018-03-31": "5.12", "2017-12-31": "4.99", "2017-09-30": "4.93", "2017-06-30": "4.78", "2017-03-31": "5.80", "2016-12-31": "6.48", "2016-09-30": "6.44", "2016-06-30": "6.71", "2016-03-31": "6.54", "2015-12-31": "6.54", "2015-09-30": "6.54", "2015-06-30": "6.75", "2015-03-31": "6.66", "2014-12-31": "6.50", "2014-09-30": "6.50", "2014-06-30": "6.57", "2014-03-31": "6.54", "2013-12-31": "6.69", "2013-09-30": "6.57", "2013-06-30": "6.71", "2013-03-31": "6.33", "2012-12-31": "6.42", "2012-09-30": "6.24", "2012-06-30": "6.48", "2012-03-31": "5.67", "2011-12-31": "5.85", "2011-09-30": "5.72", "2011-06-30": "5.91", "2011-03-31": "6.08", "2010-12-31": "6.25", "2010-09-30": "6.23", "2010-06-30": "6.27", "2010-03-31": "6.17", "2009-12-31": "6.32", "2009-09-30": "6.18", "2009-06-30": "6.16", "2009-03-31": "6.84", "2008-12-31": "6.58", "2008-09-30": "7.46", "2008-06-30": "7.52", "2008-03-31": "7.15", "2007-12-31": "7.13", "2007-09-30": "7.62", "2007-06-30": "7.73", "2007-03-31": "7.34", "2006-12-31": "7.37", "2006-09-30": "7.24", "2006-06-30": "7.32", "2006-03-31": "6.74", "2005-12-31": "15.03", "2005-09-30": "14.56", "2005-06-30": "13.18", "2005-03-31": "12.66"}, "return on equity": {"2020-12-31": "6.48%", "2020-09-30": "6.43%", "2020-06-30": "6.70%", "2020-03-31": "7.79%", "2019-12-31": "9.50%", "2019-09-30": "9.70%", "2019-06-30": "9.52%", "2019-03-31": "9.40%", "2018-12-31": "9.33%", "2018-09-30": "7.69%", "2018-06-30": "7.01%", "2018-03-31": "5.91%", "2017-12-31": "5.47%", "2017-09-30": "6.97%", "2017-06-30": "7.27%", "2017-03-31": "9.33%", "2016-12-31": "9.30%", "2016-09-30": "9.21%", "2016-06-30": "9.20%", "2016-03-31": "9.36%", "2015-12-31": "9.71%", "2015-09-30": "9.77%", "2015-06-30": "10.09%", "2015-03-31": "9.58%", "2014-12-31": "9.06%", "2014-09-30": "8.76%", "2014-06-30": "8.57%", "2014-03-31": "8.35%", "2013-12-31": "8.07%", "2013-09-30": "7.77%", "2013-06-30": "7.30%", "2013-03-31": "6.51%", "2012-12-31": "5.57%", "2012-09-30": "4.64%", "2012-06-30": "6.54%", "2012-03-31": "6.03%", "2011-12-31": "5.40%", "2011-09-30": "4.89%", "2011-06-30": "1.46%", "2011-03-31": "-3.37%", "2010-12-31": "-4.37%", "2010-09-30": "-5.20%", "2010-06-30": "-6.02%", "2010-03-31": "-6.68%", "2009-12-31": "-5.97%", "2009-09-30": "-4.34%", "2009-06-30": "-2.42%", "2009-03-31": "4.61%", "2008-12-31": "5.91%", "2008-09-30": "5.98%", "2008-06-30": "6.11%", "2008-03-31": "6.20%", "2007-12-31": "7.24%", "2007-09-30": "8.69%", "2007-06-30": "8.52%", "2007-03-31": "8.34%", "2006-12-31": "7.35%", "2006-09-30": "7.12%", "2006-06-30": "7.32%", "2006-03-31": "8.49%", "2005-12-31": "13.01%"}, "return on assets": {"2020-12-31": "0.93%", "2020-09-30": "0.94%", "2020-06-30": "1.01%", "2020-03-31": "1.21%", "2019-12-31": "1.49%", "2019-09-30": "1.53%", "2019-06-30": "1.51%", "2019-03-31": "1.49%", "2018-12-31": "1.49%", "2018-09-30": "1.25%", "2018-06-30": "1.15%", "2018-03-31": "0.99%", "2017-12-31": "0.91%", "2017-09-30": "1.12%", "2017-06-30": "1.10%", "2017-03-31": "1.27%", "2016-12-31": "1.23%", "2016-09-30": "1.22%", "2016-06-30": "1.21%", "2016-03-31": "1.23%", "2015-12-31": "1.28%", "2015-09-30": "1.28%", "2015-06-30": "1.33%", "2015-03-31": "1.27%", "2014-12-31": "1.20%", "2014-09-30": "1.16%", "2014-06-30": "1.13%", "2014-03-31": "1.09%", "2013-12-31": "1.07%", "2013-09-30": "1.03%", "2013-06-30": "0.98%", "2013-03-31": "0.88%", "2012-12-31": "0.77%", "2012-09-30": "0.66%", "2012-06-30": "0.95%", "2012-03-31": "0.89%", "2011-12-31": "0.78%", "2011-09-30": "0.70%", "2011-06-30": "0.20%", "2011-03-31": "-0.47%", "2010-12-31": "-0.60%", "2010-09-30": "-0.72%", "2010-06-30": "-0.83%", "2010-03-31": "-0.93%", "2009-12-31": "-0.81%", "2009-09-30": "-0.58%", "2009-06-30": "-0.31%", "2009-03-31": "0.57%", "2008-12-31": "0.73%", "2008-09-30": "0.72%", "2008-06-30": "0.73%", "2008-03-31": "0.74%", "2007-12-31": "0.86%", "2007-09-30": "1.02%", "2007-06-30": "1.01%", "2007-03-31": "1.00%", "2006-12-31": "0.90%", "2006-09-30": "0.81%", "2006-06-30": "0.76%", "2006-03-31": "0.77%", "2005-12-31": "0.88%"}, "return on investments": {"2020-12-31": "5.32%", "2020-09-30": "5.01%", "2020-06-30": "4.95%", "2020-03-31": "5.78%", "2019-12-31": "7.24%", "2019-09-30": "7.59%", "2019-06-30": "7.65%", "2019-03-31": "7.68%", "2018-12-31": "7.68%", "2018-09-30": "7.51%", "2018-06-30": "7.38%", "2018-03-31": "6.88%", "2017-12-31": "7.18%", "2017-09-30": "7.59%", "2017-06-30": "8.12%", "2017-03-31": "9.61%", "2016-12-31": "9.38%", "2016-09-30": "9.39%", "2016-06-30": "8.93%", "2016-03-31": "9.22%", "2015-12-31": "9.46%", "2015-09-30": "9.25%", "2015-06-30": "9.71%", "2015-03-31": "9.84%", "2014-12-31": "10.07%", "2014-09-30": "10.02%", "2014-06-30": "9.94%", "2014-03-31": "9.21%", "2013-12-31": "8.69%", "2013-09-30": "8.29%", "2013-06-30": "7.59%", "2013-03-31": "7.21%", "2012-12-31": "6.42%", "2012-09-30": "5.27%", "2012-06-30": "4.57%", "2012-03-31": "3.83%", "2011-12-31": "3.04%", "2011-09-30": "2.50%", "2011-06-30": "1.78%", "2011-03-31": "-1.33%", "2010-12-31": "-2.18%", "2010-09-30": "-3.07%", "2010-06-30": "-3.89%", "2010-03-31": "-7.15%", "2009-12-31": "-6.46%", "2009-09-30": "-4.77%", "2009-06-30": "-2.90%", "2009-03-31": "4.64%", "2008-12-31": "6.08%", "2008-09-30": "6.24%", "2008-06-30": "6.58%", "2008-03-31": "7.10%", "2007-12-31": "7.78%", "2007-09-30": "9.10%", "2007-06-30": "9.32%", "2007-03-31": "9.30%", "2006-12-31": "8.13%", "2006-09-30": "7.98%", "2006-06-30": "7.62%", "2006-03-31": "7.32%", "2005-12-31": "8.91%"}, "return on tangible equity": {"2020-09-30": "10.90%", "2020-06-30": "11.58%", "2020-03-31": "13.74%", "2019-12-31": "16.99%", "2019-09-30": "17.64%", "2019-06-30": "17.64%", "2019-03-31": "17.77%", "2018-12-31": "17.98%", "2018-09-30": "15.09%", "2018-06-30": "13.96%", "2018-03-31": "11.95%", "2017-12-31": "10.60%", "2017-09-30": "12.95%", "2017-06-30": "12.71%", "2017-03-31": "14.54%", "2016-12-31": "14.72%", "2016-09-30": "14.59%", "2016-06-30": "14.57%", "2016-03-31": "14.63%", "2015-12-31": "14.88%", "2015-09-30": "14.53%", "2015-06-30": "14.48%", "2015-03-31": "13.91%", "2014-12-31": "13.31%", "2014-09-30": "13.05%", "2014-06-30": "12.91%", "2014-03-31": "12.75%", "2013-12-31": "12.45%", "2013-09-30": "12.10%", "2013-06-30": "11.47%", "2013-03-31": "10.32%", "2012-12-31": "8.79%", "2012-09-30": "7.29%", "2012-06-30": "10.19%", "2012-03-31": "9.33%", "2011-12-31": "8.43%", "2011-09-30": "7.69%", "2011-06-30": "2.32%", "2011-03-31": "-5.39%", "2010-12-31": "-6.96%", "2010-09-30": "-8.26%", "2010-06-30": "-9.52%", "2010-03-31": "-10.55%", "2009-12-31": "-9.59%", "2009-09-30": "-7.10%", "2009-06-30": "-4.19%", "2009-03-31": "8.58%", "2008-12-31": "11.72%", "2008-09-30": "12.92%", "2008-06-30": "13.05%", "2008-03-31": "12.87%", "2007-12-31": "14.47%", "2007-09-30": "16.43%", "2007-06-30": "16.57%", "2007-03-31": "16.80%", "2006-12-31": "15.32%", "2006-09-30": "13.90%", "2006-06-30": "12.79%", "2006-03-31": "12.16%", "2005-12-31": "13.01%"}, "dividend yield history": {"last payout": "$0.72", "last yield": "0.98%"}}