{"ticker": "PLD", "price": {"title": "Prologis Historical Annual Stock Price Data", "value": 107.76, "historical": {"2021": {"Average Stock Price": "101.2989", "Year Open": "96.0400", "Year High": "107.7600", "Year Low": "93.9100", "Year Close": "107.7600", "Annual % Change": "8.13%"}, "2020": {"Average Stock Price": "94.5355", "Year Open": "88.4000", "Year High": "108.2900", "Year Low": "62.8200", "Year Close": "99.6600", "Annual % Change": "11.80%"}, "2019": {"Average Stock Price": "79.0651", "Year Open": "57.0300", "Year High": "92.4000", "Year Low": "56.5700", "Year Close": "89.1400", "Annual % Change": "51.81%"}, "2018": {"Average Stock Price": "64.2736", "Year Open": "64.0100", "Year High": "68.6500", "Year Low": "55.9400", "Year Close": "58.7200", "Annual % Change": "-8.98%"}, "2017": {"Average Stock Price": "58.4003", "Year Open": "52.8000", "Year High": "67.4000", "Year Low": "48.4400", "Year Close": "64.5100", "Annual % Change": "22.20%"}, "2016": {"Average Stock Price": "47.7648", "Year Open": "41.9000", "Year High": "54.6100", "Year Low": "35.5700", "Year Close": "52.7900", "Annual % Change": "23.00%"}, "2015": {"Average Stock Price": "41.4208", "Year Open": "43.4300", "Year High": "47.1300", "Year Low": "36.4500", "Year Close": "42.9200", "Annual % Change": "-0.26%"}, "2014": {"Average Stock Price": "40.5229", "Year Open": "36.9100", "Year High": "43.6400", "Year Low": "36.5100", "Year Close": "43.0300", "Annual % Change": "16.45%"}, "2013": {"Average Stock Price": "38.9865", "Year Open": "37.3500", "Year High": "44.7700", "Year Low": "34.7800", "Year Close": "36.9500", "Annual % Change": "1.26%"}, "2012": {"Average Stock Price": "33.6728", "Year Open": "29.2400", "Year High": "36.9100", "Year Low": "28.5000", "Year Close": "36.4900", "Annual % Change": "27.63%"}, "2011": {"Average Stock Price": "31.5236", "Year Open": "32.3100", "Year High": "37.2600", "Year Low": "22.6300", "Year Close": "28.5900", "Annual % Change": "-9.84%"}, "2010": {"Average Stock Price": "26.5006", "Year Open": "25.3700", "Year High": "31.8200", "Year Low": "22.1400", "Year Close": "31.7100", "Annual % Change": "24.11%"}, "2009": {"Average Stock Price": "19.7021", "Year Open": "23.0700", "Year High": "26.9100", "Year Low": "9.7200", "Year Close": "25.5500", "Annual % Change": "9.09%"}, "2008": {"Average Stock Price": "44.2249", "Year Open": "56.4300", "Year High": "59.7500", "Year Low": "10.1600", "Year Close": "23.4200", "Annual % Change": "-59.31%"}, "2007": {"Average Stock Price": "58.4869", "Year Open": "58.4200", "Year High": "66.1500", "Year Low": "49.0500", "Year Close": "57.5600", "Annual % Change": "-1.79%"}, "2006": {"Average Stock Price": "53.6971", "Year Open": "49.7500", "Year High": "62.7700", "Year Low": "46.8500", "Year Close": "58.6100", "Annual % Change": "19.20%"}, "2005": {"Average Stock Price": "42.2186", "Year Open": "40.5000", "Year High": "49.8500", "Year Low": "36.8900", "Year Close": "49.1700", "Annual % Change": "21.74%"}, "2004": {"Average Stock Price": "35.6393", "Year Open": "32.9900", "Year High": "41.0800", "Year Low": "29.2500", "Year Close": "40.3900", "Annual % Change": "22.84%"}, "2003": {"Average Stock Price": "28.8864", "Year Open": "27.1400", "Year High": "33.4500", "Year Low": "26.0000", "Year Close": "32.8800", "Annual % Change": "20.18%"}, "2002": {"Average Stock Price": "27.8455", "Year Open": "26.0500", "Year High": "31.0000", "Year Low": "24.9900", "Year Close": "27.3600", "Annual % Change": "5.23%"}, "2001": {"Average Stock Price": "24.7921", "Year Open": "25.5600", "Year High": "26.6400", "Year Low": "22.9000", "Year Close": "26.0000", "Annual % Change": "0.74%"}, "2000": {"Average Stock Price": "22.7794", "Year Open": "19.8100", "Year High": "26.0600", "Year Low": "19.0600", "Year Close": "25.8100", "Annual % Change": "29.44%"}, "1999": {"Average Stock Price": "21.3727", "Year Open": "21.8800", "Year High": "23.5000", "Year Low": "18.1300", "Year Close": "19.9400", "Annual % Change": "-9.36%"}, "1998": {"Average Stock Price": "23.5804", "Year Open": "24.8800", "Year High": "25.8100", "Year Low": "20.9400", "Year Close": "22.0000", "Annual % Change": "-12.46%"}}}, "market cap": {"value": "$79.41B"}, "income statement": {"Revenue": {"2020-12-31": "4438.73500", "2019-12-31": "3330.62100", "2018-12-31": "2804.44900", "2017-12-31": "2618.13400", "2016-12-31": "2533.13500", "2015-12-31": "2197.07400", "2014-12-31": "1760.78700", "2013-12-31": "1750.48600", "2012-12-31": "1960.51800", "2011-12-31": "1421.77100", "2010-12-31": "840.15200", "2009-12-31": "1027.17100", "2008-12-31": "677.65900", "2007-12-31": "650.88600", "2006-12-31": "712.39100", "2005-12-31": "646.87700"}, "Cost Of Goods Sold": {"2020-12-31": "1170.10400", "2019-12-31": "918.92700", "2018-12-31": "757.68800", "2017-12-31": "724.66400", "2016-12-31": "697.37600", "2015-12-31": "652.60400", "2014-12-31": "545.71900", "2013-12-31": "541.21700", "2012-12-31": "555.05900", "2011-12-31": "403.65000", "2010-12-31": "239.85800", "2009-12-31": "257.51700", "2008-12-31": "173.85700", "2007-12-31": "169.08100", "2006-12-31": "173.20800", "2005-12-31": "157.01000"}, "Gross Profit": {"2020-12-31": "3268.63100", "2019-12-31": "2411.69400", "2018-12-31": "2046.76100", "2017-12-31": "1893.47000", "2016-12-31": "1835.75900", "2015-12-31": "1544.47000", "2014-12-31": "1215.06800", "2013-12-31": "1209.26900", "2012-12-31": "1405.45900", "2011-12-31": "1018.12100", "2010-12-31": "600.29390", "2009-12-31": "769.65410", "2008-12-31": "503.80200", "2007-12-31": "481.80500", "2006-12-31": "539.18300", "2005-12-31": "489.86700"}, "Research And Development Expenses": {"2020-12-31": "", "2019-12-31": "", "2018-12-31": "", "2017-12-31": "", "2016-12-31": "", "2015-12-31": "", "2014-12-31": "", "2013-12-31": "", "2012-12-31": "", "2011-12-31": "", "2010-12-31": "", "2009-12-31": "", "2008-12-31": "", "2007-12-31": "", "2006-12-31": "", "2005-12-31": ""}, "SG&A Expenses": {"2020-12-31": "274.84500", "2019-12-31": "266.71800", "2018-12-31": "238.98500", "2017-12-31": "231.05900", "2016-12-31": "222.06700", "2015-12-31": "217.22700", "2014-12-31": "229.33200", "2013-12-31": "229.20700", "2012-12-31": "228.06800", "2011-12-31": "195.16100", "2010-12-31": "165.98100", "2009-12-31": "192.23100", "2008-12-31": "143.96200", "2007-12-31": "129.50800", "2006-12-31": "104.26200", "2005-12-31": "71.56400"}, "Other Operating Income Or Expenses": {"2020-12-31": "687.12700", "2019-12-31": "844.66900", "2018-12-31": "827.43600", "2017-12-31": "1170.76000", "2016-12-31": "-14.32900", "2015-12-31": "-66.69800", "2014-12-31": "-23.46700", "2013-12-31": "-26.98200", "2012-12-31": "-279.47000", "2011-12-31": "-45.26800", "2010-12-31": "-752.96700", "2009-12-31": "-355.61700", "2008-12-31": "-184.46400", "2007-12-31": "-6.18800", "2006-12-31": "-4.71100", "2005-12-31": "-6.52000"}, "Operating Expenses": {"2020-12-31": "2319.79100", "2019-12-31": "1480.85500", "2018-12-31": "1116.45100", "2017-12-31": "664.10290", "2016-12-31": "1864.75700", "2015-12-31": "1816.90200", "2014-12-31": "1440.97900", "2013-12-31": "1446.07400", "2012-12-31": "1867.53500", "2011-12-31": "1326.99300", "2010-12-31": "1453.67300", "2009-12-31": "1071.72900", "2008-12-31": "675.58900", "2007-12-31": "462.06700", "2006-12-31": "457.61300", "2005-12-31": "394.56300"}, "Operating Income": {"2020-12-31": "2118.94400", "2019-12-31": "1849.76600", "2018-12-31": "1687.99800", "2017-12-31": "1954.03100", "2016-12-31": "668.37810", "2015-12-31": "380.17190", "2014-12-31": "319.80800", "2013-12-31": "304.41190", "2012-12-31": "92.98290", "2011-12-31": "94.77810", "2010-12-31": "-613.52100", "2009-12-31": "-44.55800", "2008-12-31": "2.07000", "2007-12-31": "188.81900", "2006-12-31": "254.77800", "2005-12-31": "252.31400"}, "Total Non-Operating Income/Expense": {"2020-12-31": "-371.85600", "2019-12-31": "-73.40300", "2018-12-31": "198.29200", "2017-12-31": "-138.46300", "2016-12-31": "678.72600", "2015-12-31": "568.43300", "2014-12-31": "393.82000", "2013-12-31": "31.85000", "2012-12-31": "-195.80000", "2011-12-31": "-367.94600", "2010-12-31": "-1018.46500", "2009-12-31": "-304.55600", "2008-12-31": "-19.98900", "2007-12-31": "99.44700", "2006-12-31": "-26.32100", "2005-12-31": "-55.33900"}, "Pre-Tax Income": {"2020-12-31": "1747.08800", "2019-12-31": "1776.36300", "2018-12-31": "1886.29000", "2017-12-31": "1815.56800", "2016-12-31": "1347.10400", "2015-12-31": "948.60500", "2014-12-31": "713.62800", "2013-12-31": "336.26200", "2012-12-31": "-102.81700", "2011-12-31": "-273.16800", "2010-12-31": "-1631.98600", "2009-12-31": "-349.11400", "2008-12-31": "-17.91900", "2007-12-31": "288.26610", "2006-12-31": "228.45700", "2005-12-31": "196.97500"}, "Income Taxes": {"2020-12-31": "130.45800", "2019-12-31": "74.51700", "2018-12-31": "63.33000", "2017-12-31": "54.60900", "2016-12-31": "54.56400", "2015-12-31": "23.09000", "2014-12-31": "-25.65600", "2013-12-31": "106.73300", "2012-12-31": "3.58000", "2011-12-31": "1.77600", "2010-12-31": "-30.49900", "2009-12-31": "5.97500", "2008-12-31": "", "2007-12-31": "", "2006-12-31": "", "2005-12-31": ""}, "Income After Taxes": {"2020-12-31": "1616.63000", "2019-12-31": "1701.84600", "2018-12-31": "1822.96000", "2017-12-31": "1760.95900", "2016-12-31": "1292.54000", "2015-12-31": "925.51500", "2014-12-31": "739.28400", "2013-12-31": "229.52900", "2012-12-31": "-106.39700", "2011-12-31": "-274.94400", "2010-12-31": "-1601.48700", "2009-12-31": "-355.08900", "2008-12-31": "-17.91900", "2007-12-31": "288.26610", "2006-12-31": "228.45700", "2005-12-31": "196.97500"}, "Other Income": {"2020-12-31": "", "2019-12-31": "", "2018-12-31": "", "2017-12-31": "", "2016-12-31": "", "2015-12-31": "", "2014-12-31": "", "2013-12-31": "", "2012-12-31": "", "2011-12-31": "", "2010-12-31": "", "2009-12-31": "", "2008-12-31": "", "2007-12-31": "", "2006-12-31": "", "2005-12-31": ""}, "Income From Continuous Operations": {"2020-12-31": "1616.63000", "2019-12-31": "1701.84600", "2018-12-31": "1822.96000", "2017-12-31": "1760.95900", "2016-12-31": "1292.54000", "2015-12-31": "925.51500", "2014-12-31": "739.28400", "2013-12-31": "229.52900", "2012-12-31": "-106.39700", "2011-12-31": "-274.94400", "2010-12-31": "-1601.48700", "2009-12-31": "-355.08900", "2008-12-31": "-17.91900", "2007-12-31": "288.26600", "2006-12-31": "166.28300", "2005-12-31": "123.62700"}, "Income From Discontinued Operations": {"2020-12-31": "", "2019-12-31": "", "2018-12-31": "", "2017-12-31": "", "2016-12-31": "", "2015-12-31": "", "2014-12-31": "", "2013-12-31": "123.52000", "2012-12-31": "75.92500", "2011-12-31": "117.00600", "2010-12-31": "331.03400", "2009-12-31": "379.01800", "2008-12-31": "11.16900", "2007-12-31": "83.45000", "2006-12-31": "57.59600", "2005-12-31": "134.18000"}, "Net Income": {"2020-12-31": "1473.12200", "2019-12-31": "1566.95000", "2018-12-31": "1643.42600", "2017-12-31": "1641.93100", "2016-12-31": "1203.21800", "2015-12-31": "862.78800", "2014-12-31": "622.23500", "2013-12-31": "315.42200", "2012-12-31": "-80.94600", "2011-12-31": "-188.11000", "2010-12-31": "-1295.92000", "2009-12-31": "-2.65000", "2008-12-31": "-66.45100", "2007-12-31": "293.55200", "2006-12-31": "209.42000", "2005-12-31": "250.41900"}, "EBITDA": {"2020-12-31": "2118.94400", "2019-12-31": "2908.22500", "2018-12-31": "2580.92700", "2017-12-31": "2752.90100", "2016-12-31": "1490.61800", "2015-12-31": "1228.70400", "2014-12-31": "940.55300", "2013-12-31": "931.69790", "2012-12-31": "860.44190", "2011-12-31": "639.27810", "2010-12-31": "-218.27200", "2009-12-31": "342.87300", "2008-12-31": "161.71300", "2007-12-31": "336.82400", "2006-12-31": "419.41900", "2005-12-31": "396.43200"}, "EBIT": {"2020-12-31": "2118.94400", "2019-12-31": "1849.76600", "2018-12-31": "1687.99800", "2017-12-31": "1954.03100", "2016-12-31": "668.37810", "2015-12-31": "380.17190", "2014-12-31": "319.80800", "2013-12-31": "304.41190", "2012-12-31": "92.98290", "2011-12-31": "94.77810", "2010-12-31": "-613.52100", "2009-12-31": "-44.55800", "2008-12-31": "2.07000", "2007-12-31": "188.81900", "2006-12-31": "254.77800", "2005-12-31": "252.31400"}, "Basic Shares Outstanding": {"2020-12-31": "", "2019-12-31": "630.58000", "2018-12-31": "567.36700", "2017-12-31": "530.40000", "2016-12-31": "526.10300", "2015-12-31": "521.24100", "2014-12-31": "499.58300", "2013-12-31": "486.07600", "2012-12-31": "459.89500", "2011-12-31": "370.53400", "2010-12-31": "219.51500", "2009-12-31": "179.96600", "2008-12-31": "97.40400", "2007-12-31": "97.19000", "2006-12-31": "87.71000", "2005-12-31": "84.04900"}, "Shares Outstanding": {"2020-12-31": "754.41400", "2019-12-31": "654.90300", "2018-12-31": "590.23900", "2017-12-31": "552.30000", "2016-12-31": "546.66600", "2015-12-31": "533.94400", "2014-12-31": "506.39100", "2013-12-31": "491.54600", "2012-12-31": "461.84800", "2011-12-31": "371.73000", "2010-12-31": "219.51500", "2009-12-31": "179.96600", "2008-12-31": "97.40400", "2007-12-31": "99.60100", "2006-12-31": "91.10700", "2005-12-31": "87.87300"}, "Basic EPS": {"2020-12-31": "", "2019-12-31": "2.48000", "2018-12-31": "2.90000", "2017-12-31": "3.10000", "2016-12-31": "2.29000", "2015-12-31": "1.66000", "2014-12-31": "1.25000", "2013-12-31": "0.65000", "2012-12-31": "-0.18000", "2011-12-31": "-0.51000", "2010-12-31": "-5.90000", "2009-12-31": "-0.01000", "2008-12-31": "-0.68000", "2007-12-31": "3.02000", "2006-12-31": "2.39000", "2005-12-31": "2.98000"}, "EPS - Earnings Per Share": {"2020-12-31": "2.01000", "2019-12-31": "2.46000", "2018-12-31": "2.87000", "2017-12-31": "3.06000", "2016-12-31": "2.27000", "2015-12-31": "1.64000", "2014-12-31": "1.24000", "2013-12-31": "0.64000", "2012-12-31": "-0.18000", "2011-12-31": "-0.51000", "2010-12-31": "-5.90000", "2009-12-31": "-0.01000", "2008-12-31": "-0.68000", "2007-12-31": "2.95000", "2006-12-31": "2.30000", "2005-12-31": "2.85000"}}, "income statement, quarterly": {"Revenue": {"2020-12-31": "1111.59700", "2020-09-30": "1082.77300", "2020-06-30": "1266.12400", "2020-03-31": "978.24100", "2019-12-31": "826.01590", "2019-09-30": "942.18100", "2019-06-30": "790.37200", "2019-03-31": "772.05200", "2018-12-31": "807.08510", "2018-09-30": "682.43200", "2018-06-30": "621.27600", "2018-03-31": "693.65600", "2017-12-31": "619.92200", "2017-09-30": "602.87400", "2017-06-30": "766.18300", "2017-03-31": "629.15500", "2016-12-31": "620.11510", "2016-09-30": "704.56500", "2016-06-30": "602.15500", "2016-03-31": "606.30000", "2015-12-31": "643.20090", "2015-09-30": "580.62200", "2015-06-30": "510.40400", "2015-03-31": "462.84700", "2014-12-31": "450.86500", "2014-09-30": "415.15100", "2014-06-30": "460.08900", "2014-03-31": "434.68200", "2013-12-31": "436.76400", "2013-09-30": "423.05800", "2013-06-30": "410.69300", "2013-03-31": "479.97100", "2012-12-31": "480.44490", "2012-09-30": "499.46200", "2012-06-30": "501.18100", "2012-03-31": "479.43000", "2011-12-31": "401.85500", "2011-09-30": "469.13700", "2011-06-30": "320.91200", "2011-03-31": "229.86700", "2010-12-31": "238.30200", "2010-09-30": "228.61400", "2010-06-30": "219.14600", "2010-03-31": "154.09000", "2009-12-31": "561.61300", "2009-09-30": "153.56700", "2009-06-30": "148.57200", "2009-03-31": "163.41900", "2008-12-31": "144.78400", "2008-09-30": "158.47700", "2008-06-30": "202.54000", "2008-03-31": "171.85800", "2007-12-31": "153.61100", "2007-09-30": "165.36900", "2007-06-30": "167.40100", "2007-03-31": "164.50500", "2006-12-31": "179.73200", "2006-09-30": "180.33500", "2006-06-30": "175.91700", "2006-03-31": "176.40700", "2005-12-31": "172.27100", "2005-09-30": "160.07600", "2005-06-30": "157.80800", "2005-03-31": "156.72200"}, "Cost Of Goods Sold": {"2020-12-31": "290.97700", "2020-09-30": "291.28100", "2020-06-30": "313.65400", "2020-03-31": "274.19200", "2019-12-31": "230.18900", "2019-09-30": "244.26800", "2019-06-30": "218.34400", "2019-03-31": "226.12600", "2018-12-31": "220.13400", "2018-09-30": "182.57400", "2018-06-30": "168.17900", "2018-03-31": "186.80100", "2017-12-31": "175.69800", "2017-09-30": "164.73100", "2017-06-30": "199.78000", "2017-03-31": "184.45500", "2016-12-31": "171.77300", "2016-09-30": "185.13800", "2016-06-30": "168.59100", "2016-03-31": "171.87400", "2015-12-31": "182.74400", "2015-09-30": "166.81600", "2015-06-30": "150.76700", "2015-03-31": "152.27700", "2014-12-31": "148.86000", "2014-09-30": "124.76600", "2014-06-30": "137.41300", "2014-03-31": "134.68000", "2013-12-31": "127.27700", "2013-09-30": "128.83400", "2013-06-30": "134.84300", "2013-03-31": "150.26300", "2012-12-31": "136.29300", "2012-09-30": "142.16100", "2012-06-30": "140.99300", "2012-03-31": "135.61200", "2011-12-31": "106.65000", "2011-09-30": "137.02900", "2011-06-30": "88.79500", "2011-03-31": "71.17600", "2010-12-31": "81.38500", "2010-09-30": "66.36000", "2010-06-30": "64.02000", "2010-03-31": "48.11800", "2009-12-31": "-35.60900", "2009-09-30": "45.14600", "2009-06-30": "42.95300", "2009-03-31": "49.38800", "2008-12-31": "39.46500", "2008-09-30": "43.18900", "2008-06-30": "46.20900", "2008-03-31": "44.99400", "2007-12-31": "40.16300", "2007-09-30": "42.66400", "2007-06-30": "42.56800", "2007-03-31": "43.68600", "2006-12-31": "40.93600", "2006-09-30": "44.54000", "2006-06-30": "43.58900", "2006-03-31": "44.14300", "2005-12-31": "37.48300", "2005-09-30": "39.84200", "2005-06-30": "39.91600", "2005-03-31": "39.76900"}, "Gross Profit": {"2020-12-31": "820.62010", "2020-09-30": "791.49190", "2020-06-30": "952.47000", "2020-03-31": "704.04910", "2019-12-31": "595.82690", "2019-09-30": "697.91300", "2019-06-30": "572.02800", "2019-03-31": "545.92600", "2018-12-31": "586.95100", "2018-09-30": "499.85800", "2018-06-30": "453.09700", "2018-03-31": "506.85500", "2017-12-31": "444.22400", "2017-09-30": "438.14300", "2017-06-30": "566.40300", "2017-03-31": "444.70000", "2016-12-31": "448.34210", "2016-09-30": "519.42700", "2016-06-30": "433.56400", "2016-03-31": "434.42600", "2015-12-31": "460.45680", "2015-09-30": "413.80600", "2015-06-30": "359.63700", "2015-03-31": "310.57000", "2014-12-31": "302.00500", "2014-09-30": "290.38500", "2014-06-30": "322.67600", "2014-03-31": "300.00200", "2013-12-31": "309.48700", "2013-09-30": "294.22400", "2013-06-30": "275.85000", "2013-03-31": "329.70800", "2012-12-31": "344.15190", "2012-09-30": "357.30100", "2012-06-30": "360.18800", "2012-03-31": "343.81800", "2011-12-31": "295.20510", "2011-09-30": "332.10800", "2011-06-30": "232.11700", "2011-03-31": "158.69100", "2010-12-31": "156.91700", "2010-09-30": "162.25400", "2010-06-30": "155.12600", "2010-03-31": "105.97200", "2009-12-31": "597.22200", "2009-09-30": "108.42100", "2009-06-30": "105.61900", "2009-03-31": "114.03100", "2008-12-31": "105.31900", "2008-09-30": "115.28800", "2008-06-30": "156.33100", "2008-03-31": "126.86400", "2007-12-31": "113.44800", "2007-09-30": "122.70500", "2007-06-30": "124.83300", "2007-03-31": "120.81900", "2006-12-31": "138.79600", "2006-09-30": "135.79500", "2006-06-30": "132.32800", "2006-03-31": "132.26400", "2005-12-31": "134.78810", "2005-09-30": "120.23400", "2005-06-30": "117.89200", "2005-03-31": "116.95300"}, "Research And Development Expenses": {"2020-12-31": "", "2020-09-30": "", "2020-06-30": "", "2020-03-31": "", "2019-12-31": "", "2019-09-30": "", "2019-06-30": "", "2019-03-31": "", "2018-12-31": "", "2018-09-30": "", "2018-06-30": "", "2018-03-31": "", "2017-12-31": "", "2017-09-30": "", "2017-06-30": "", "2017-03-31": "", "2016-12-31": "", "2016-09-30": "", "2016-06-30": "", "2016-03-31": "", "2015-12-31": "", "2015-09-30": "", "2015-06-30": "", "2015-03-31": "", "2014-12-31": "", "2014-09-30": "", "2014-06-30": "", "2014-03-31": "", "2013-12-31": "", "2013-09-30": "", "2013-06-30": "", "2013-03-31": "", "2012-12-31": "", "2012-09-30": "", "2012-06-30": "", "2012-03-31": "", "2011-12-31": "", "2011-09-30": "", "2011-06-30": "", "2011-03-31": "", "2010-12-31": "", "2010-09-30": "", "2010-06-30": "", "2010-03-31": "", "2009-12-31": "", "2009-09-30": "", "2009-06-30": "", "2009-03-31": "", "2008-12-31": "", "2008-09-30": "", "2008-06-30": "", "2008-03-31": "", "2007-12-31": "", "2007-09-30": "", "2007-06-30": "", "2007-03-31": "", "2006-12-31": "", "2006-09-30": "", "2006-06-30": "", "2006-03-31": "", "2005-12-31": "", "2005-09-30": "", "2005-06-30": "", "2005-03-31": ""}, "SG&A Expenses": {"2020-12-31": "66.14400", "2020-09-30": "74.34800", "2020-06-30": "64.66400", "2020-03-31": "69.68900", "2019-12-31": "65.54200", "2019-09-30": "65.19900", "2019-06-30": "66.27600", "2019-03-31": "69.70100", "2018-12-31": "56.69800", "2018-09-30": "62.24400", "2018-06-30": "57.61500", "2018-03-31": "62.42800", "2017-12-31": "59.70900", "2017-09-30": "57.65600", "2017-06-30": "60.07700", "2017-03-31": "53.61700", "2016-12-31": "56.43300", "2016-09-30": "58.15700", "2016-06-30": "56.93400", "2016-03-31": "50.54300", "2015-12-31": "59.76900", "2015-09-30": "54.17800", "2015-06-30": "51.97400", "2015-03-31": "51.30600", "2014-12-31": "47.55100", "2014-09-30": "58.20300", "2014-06-30": "60.37500", "2014-03-31": "63.20300", "2013-12-31": "63.06700", "2013-09-30": "55.03400", "2013-06-30": "54.90900", "2013-03-31": "56.19700", "2012-12-31": "60.60800", "2012-09-30": "55.88600", "2012-06-30": "51.41500", "2012-03-31": "60.15900", "2011-12-31": "50.79700", "2011-09-30": "53.34100", "2011-06-30": "51.84000", "2011-03-31": "39.18300", "2010-12-31": "60.15000", "2010-09-30": "34.95900", "2010-06-30": "38.92100", "2010-03-31": "31.95100", "2009-12-31": "108.10800", "2009-09-30": "27.16900", "2009-06-30": "25.64100", "2009-03-31": "31.31300", "2008-12-31": "40.67900", "2008-09-30": "34.41300", "2008-06-30": "33.74400", "2008-03-31": "35.12600", "2007-12-31": "34.24900", "2007-09-30": "35.14500", "2007-06-30": "30.26000", "2007-03-31": "29.85400", "2006-12-31": "30.43100", "2006-09-30": "25.64100", "2006-06-30": "25.14200", "2006-03-31": "23.04800", "2005-12-31": "16.09400", "2005-09-30": "16.81500", "2005-06-30": "20.11100", "2005-03-31": "18.54400"}, "Other Operating Income Or Expenses": {"2020-12-31": "144.97000", "2020-09-30": "240.11400", "2020-06-30": "122.37600", "2020-03-31": "179.66700", "2019-12-31": "318.59500", "2019-09-30": "121.02000", "2019-06-30": "220.68000", "2019-03-31": "184.37400", "2018-12-31": "355.15090", "2018-09-30": "190.66700", "2018-06-30": "89.74600", "2018-03-31": "191.87200", "2017-12-31": "1179.36800", "2017-09-30": "-3.09300", "2017-06-30": "-2.90900", "2017-03-31": "-2.60600", "2016-12-31": "-1.96500", "2016-09-30": "-3.77900", "2016-06-30": "-3.90000", "2016-03-31": "-4.68500", "2015-12-31": "-22.23100", "2015-09-30": "-8.76500", "2015-06-30": "-30.12700", "2015-03-31": "-5.57500", "2014-12-31": "-8.09600", "2014-09-30": "-4.86800", "2014-06-30": "-5.45000", "2014-03-31": "-5.05300", "2013-12-31": "-9.48800", "2013-09-30": "-6.37000", "2013-06-30": "-6.77100", "2013-03-31": "-4.35300", "2012-12-31": "-249.36500", "2012-09-30": "-15.35800", "2012-06-30": "-7.22700", "2012-03-31": "-7.52000", "2011-12-31": "-31.02600", "2011-09-30": "-3.97100", "2011-06-30": "-5.58700", "2011-03-31": "-4.68400", "2010-12-31": "-738.10800", "2010-09-30": "-8.33800", "2010-06-30": "-5.01600", "2010-03-31": "-1.50500", "2009-12-31": "-172.31300", "2009-09-30": "-3.28900", "2009-06-30": "-4.52900", "2009-03-31": "-175.48600", "2008-12-31": "-183.30400", "2008-09-30": "0.77600", "2008-06-30": "-1.80600", "2008-03-31": "-0.13000", "2007-12-31": "-2.41400", "2007-09-30": "-1.20500", "2007-06-30": "-1.41600", "2007-03-31": "-1.15300", "2006-12-31": "-1.98900", "2006-09-30": "-1.38800", "2006-06-30": "-0.18300", "2006-03-31": "-1.15100", "2005-12-31": "-2.37800", "2005-09-30": "-3.25400", "2005-06-30": "0.41200", "2005-03-31": "-1.30000"}, "Operating Expenses": {"2020-12-31": "629.21690", "2020-09-30": "526.25310", "2020-06-30": "654.13700", "2020-03-31": "510.18400", "2019-12-31": "266.37630", "2019-09-30": "470.70100", "2019-06-30": "348.31600", "2019-03-31": "395.46200", "2018-12-31": "208.43900", "2018-09-30": "306.85300", "2018-06-30": "339.72100", "2018-03-31": "261.43800", "2017-12-31": "-721.46010", "2017-09-30": "427.38300", "2017-06-30": "490.91100", "2017-03-31": "467.26900", "2016-12-31": "455.90690", "2016-09-30": "471.94100", "2016-06-30": "459.80700", "2016-03-31": "477.10200", "2015-12-31": "537.65000", "2015-09-30": "477.23000", "2015-06-30": "423.05600", "2015-03-31": "378.96600", "2014-12-31": "375.90890", "2014-09-30": "337.03900", "2014-06-30": "364.81500", "2014-03-31": "363.21600", "2013-12-31": "365.28610", "2013-09-30": "345.67700", "2013-06-30": "352.17900", "2013-03-31": "382.93200", "2012-12-31": "649.44700", "2012-09-30": "424.21200", "2012-06-30": "399.57700", "2012-03-31": "394.29900", "2011-12-31": "368.23490", "2011-09-30": "389.79800", "2011-06-30": "367.88000", "2011-03-31": "201.08000", "2010-12-31": "944.04000", "2010-09-30": "192.87700", "2010-06-30": "184.82800", "2010-03-31": "131.92800", "2009-12-31": "536.36800", "2009-09-30": "121.57900", "2009-06-30": "115.47000", "2009-03-31": "298.31200", "2008-12-31": "310.25600", "2008-09-30": "122.62500", "2008-06-30": "121.48900", "2008-03-31": "121.21900", "2007-12-31": "112.86100", "2007-09-30": "119.64200", "2007-06-30": "114.41700", "2007-03-31": "115.14700", "2006-12-31": "114.62000", "2006-09-30": "118.48300", "2006-06-30": "113.41400", "2006-03-31": "111.09600", "2005-12-31": "97.63400", "2005-09-30": "100.40500", "2005-06-30": "97.37900", "2005-03-31": "99.14500"}, "Operating Income": {"2020-12-31": "482.38010", "2020-09-30": "556.51990", "2020-06-30": "611.98700", "2020-03-31": "468.05700", "2019-12-31": "559.63950", "2019-09-30": "471.48010", "2019-06-30": "442.05600", "2019-03-31": "376.59000", "2018-12-31": "598.64610", "2018-09-30": "375.57900", "2018-06-30": "281.55500", "2018-03-31": "432.21800", "2017-12-31": "1341.38200", "2017-09-30": "175.49100", "2017-06-30": "275.27200", "2017-03-31": "161.88600", "2016-12-31": "164.20810", "2016-09-30": "232.62400", "2016-06-30": "142.34800", "2016-03-31": "129.19800", "2015-12-31": "105.55080", "2015-09-30": "103.39200", "2015-06-30": "87.34800", "2015-03-31": "83.88100", "2014-12-31": "74.95610", "2014-09-30": "78.11200", "2014-06-30": "95.27400", "2014-03-31": "71.46600", "2013-12-31": "71.47790", "2013-09-30": "77.38100", "2013-06-30": "58.51400", "2013-03-31": "97.03900", "2012-12-31": "-169.00210", "2012-09-30": "75.25000", "2012-06-30": "101.60400", "2012-03-31": "85.13100", "2011-12-31": "33.62010", "2011-09-30": "79.33900", "2011-06-30": "-46.96800", "2011-03-31": "28.78700", "2010-12-31": "-705.73800", "2010-09-30": "35.73700", "2010-06-30": "34.31800", "2010-03-31": "22.16200", "2009-12-31": "25.24490", "2009-09-30": "31.98800", "2009-06-30": "33.10200", "2009-03-31": "-134.89300", "2008-12-31": "-165.47200", "2008-09-30": "35.85200", "2008-06-30": "81.05100", "2008-03-31": "50.63900", "2007-12-31": "40.75000", "2007-09-30": "45.72700", "2007-06-30": "52.98400", "2007-03-31": "49.35800", "2006-12-31": "65.11200", "2006-09-30": "61.85200", "2006-06-30": "62.50300", "2006-03-31": "65.31100", "2005-12-31": "74.63710", "2005-09-30": "59.67100", "2005-06-30": "60.42900", "2005-03-31": "57.57700"}, "Total Non-Operating Income/Expense": {"2020-12-31": "-133.49300", "2020-09-30": "-211.84500", "2020-06-30": "-110.53800", "2020-03-31": "84.02000", "2019-12-31": "-112.11100", "2019-09-30": "32.61900", "2019-06-30": "-4.59800", "2019-03-31": "10.68700", "2018-12-31": "110.56200", "2018-09-30": "13.89700", "2018-06-30": "97.54000", "2018-03-31": "-23.70700", "2017-12-31": "-990.22800", "2017-09-30": "755.87290", "2017-06-30": "27.48900", "2017-03-31": "68.40300", "2016-12-31": "320.46000", "2016-09-30": "90.53700", "2016-06-30": "158.58500", "2016-03-31": "109.14400", "2015-12-31": "23.22600", "2015-09-30": "218.12200", "2015-06-30": "57.76300", "2015-03-31": "269.32200", "2014-12-31": "352.41400", "2014-09-30": "45.75100", "2014-06-30": "48.23800", "2014-03-31": "-52.58300", "2013-12-31": "-39.79300", "2013-09-30": "-113.87100", "2013-06-30": "-58.61800", "2013-03-31": "244.13200", "2012-12-31": "-102.38500", "2012-09-30": "-104.72700", "2012-06-30": "-105.00800", "2012-03-31": "116.32000", "2011-12-31": "-146.16900", "2011-09-30": "-39.62200", "2011-06-30": "-107.78900", "2011-03-31": "-74.36600", "2010-12-31": "-819.22710", "2010-09-30": "-63.35800", "2010-06-30": "-112.25800", "2010-03-31": "-23.62200", "2009-12-31": "-261.75400", "2009-09-30": "-19.56900", "2009-06-30": "-16.61700", "2009-03-31": "-6.61600", "2008-12-31": "-32.83100", "2008-09-30": "-4.14300", "2008-06-30": "1.81200", "2008-03-31": "15.17300", "2007-12-31": "5.02600", "2007-09-30": "30.35300", "2007-06-30": "78.77200", "2007-03-31": "-14.70400", "2006-12-31": "15.33200", "2006-09-30": "-15.29900", "2006-06-30": "6.53000", "2006-03-31": "-32.88400", "2005-12-31": "2.05500", "2005-09-30": "-32.41400", "2005-06-30": "-8.73400", "2005-03-31": "-16.24600"}, "Pre-Tax Income": {"2020-12-31": "348.88700", "2020-09-30": "344.67500", "2020-06-30": "501.44900", "2020-03-31": "552.07700", "2019-12-31": "447.52900", "2019-09-30": "504.09900", "2019-06-30": "437.45800", "2019-03-31": "387.27700", "2018-12-31": "709.20800", "2018-09-30": "389.47600", "2018-06-30": "379.09500", "2018-03-31": "408.51100", "2017-12-31": "351.15400", "2017-09-30": "931.36400", "2017-06-30": "302.76100", "2017-03-31": "230.28900", "2016-12-31": "484.66800", "2016-09-30": "323.16100", "2016-06-30": "300.93300", "2016-03-31": "238.34200", "2015-12-31": "128.77690", "2015-09-30": "321.51400", "2015-06-30": "145.11100", "2015-03-31": "353.20300", "2014-12-31": "427.37000", "2014-09-30": "123.86300", "2014-06-30": "143.51200", "2014-03-31": "18.88300", "2013-12-31": "31.68500", "2013-09-30": "-36.49000", "2013-06-30": "-0.10400", "2013-03-31": "341.17100", "2012-12-31": "-271.38700", "2012-09-30": "-29.47700", "2012-06-30": "-3.40400", "2012-03-31": "201.45100", "2011-12-31": "-112.54900", "2011-09-30": "39.71700", "2011-06-30": "-154.75700", "2011-03-31": "-45.57900", "2010-12-31": "-1524.96500", "2010-09-30": "-27.62100", "2010-06-30": "-77.94000", "2010-03-31": "-1.46000", "2009-12-31": "-236.50900", "2009-09-30": "12.41900", "2009-06-30": "16.48500", "2009-03-31": "-141.50900", "2008-12-31": "-198.30300", "2008-09-30": "31.70900", "2008-06-30": "82.86300", "2008-03-31": "65.81200", "2007-12-31": "45.77610", "2007-09-30": "76.08000", "2007-06-30": "131.75600", "2007-03-31": "34.65400", "2006-12-31": "80.44400", "2006-09-30": "46.55300", "2006-06-30": "69.03300", "2006-03-31": "32.42700", "2005-12-31": "76.69200", "2005-09-30": "27.25700", "2005-06-30": "51.69500", "2005-03-31": "41.33100"}, "Income Taxes": {"2020-12-31": "40.88000", "2020-09-30": "12.15400", "2020-06-30": "46.51100", "2020-03-31": "30.91300", "2019-12-31": "21.28700", "2019-09-30": "13.08600", "2019-06-30": "26.63200", "2019-03-31": "13.51200", "2018-12-31": "18.71800", "2018-09-30": "13.95600", "2018-06-30": "14.10400", "2018-03-31": "16.55200", "2017-12-31": "12.28100", "2017-09-30": "17.94700", "2017-06-30": "14.78100", "2017-03-31": "9.60000", "2016-12-31": "17.96600", "2016-09-30": "15.91900", "2016-06-30": "5.14200", "2016-03-31": "15.53700", "2015-12-31": "2.02000", "2015-09-30": "14.32800", "2015-06-30": "4.85100", "2015-03-31": "1.89100", "2014-12-31": "-0.35400", "2014-09-30": "-23.26400", "2014-06-30": "-8.91800", "2014-03-31": "6.88000", "2013-12-31": "22.19900", "2013-09-30": "12.18000", "2013-06-30": "20.48800", "2013-03-31": "51.86600", "2012-12-31": "3.36400", "2012-09-30": "-19.98300", "2012-06-30": "8.07500", "2012-03-31": "12.12400", "2011-12-31": "-8.18400", "2011-09-30": "-2.83800", "2011-06-30": "6.42900", "2011-03-31": "6.36900", "2010-12-31": "2.29500", "2010-09-30": "7.45500", "2010-06-30": "-40.24900", "2010-03-31": "", "2009-12-31": "", "2009-09-30": "", "2009-06-30": "", "2009-03-31": "", "2008-12-31": "", "2008-09-30": "", "2008-06-30": "", "2008-03-31": "", "2007-12-31": "", "2007-09-30": "", "2007-06-30": "", "2007-03-31": "", "2006-12-31": "", "2006-09-30": "", "2006-06-30": "", "2006-03-31": "", "2005-12-31": "", "2005-09-30": "", "2005-06-30": "", "2005-03-31": ""}, "Income After Taxes": {"2020-12-31": "308.00700", "2020-09-30": "332.52100", "2020-06-30": "454.93800", "2020-03-31": "521.16400", "2019-12-31": "426.24190", "2019-09-30": "491.01300", "2019-06-30": "410.82600", "2019-03-31": "373.76500", "2018-12-31": "690.49010", "2018-09-30": "375.52000", "2018-06-30": "364.99100", "2018-03-31": "391.95900", "2017-12-31": "338.87300", "2017-09-30": "913.41700", "2017-06-30": "287.98000", "2017-03-31": "220.68900", "2016-12-31": "466.70200", "2016-09-30": "307.24200", "2016-06-30": "295.79100", "2016-03-31": "222.80500", "2015-12-31": "126.75700", "2015-09-30": "307.18600", "2015-06-30": "140.26000", "2015-03-31": "351.31200", "2014-12-31": "427.72400", "2014-09-30": "147.12700", "2014-06-30": "152.43000", "2014-03-31": "12.00300", "2013-12-31": "9.48600", "2013-09-30": "-48.67000", "2013-06-30": "-20.59200", "2013-03-31": "289.30500", "2012-12-31": "-274.75100", "2012-09-30": "-9.49400", "2012-06-30": "-11.47900", "2012-03-31": "189.32700", "2011-12-31": "-104.36500", "2011-09-30": "42.55500", "2011-06-30": "-161.18600", "2011-03-31": "-51.94800", "2010-12-31": "-1527.26000", "2010-09-30": "-35.07600", "2010-06-30": "-37.69100", "2010-03-31": "-1.46000", "2009-12-31": "-242.48400", "2009-09-30": "12.41900", "2009-06-30": "16.48500", "2009-03-31": "-141.50900", "2008-12-31": "-198.30300", "2008-09-30": "31.70900", "2008-06-30": "82.86300", "2008-03-31": "65.81200", "2007-12-31": "45.77610", "2007-09-30": "76.08000", "2007-06-30": "131.75600", "2007-03-31": "34.65400", "2006-12-31": "80.44400", "2006-09-30": "46.55300", "2006-06-30": "69.03300", "2006-03-31": "32.42700", "2005-12-31": "76.69200", "2005-09-30": "27.25700", "2005-06-30": "51.69500", "2005-03-31": "41.33100"}, "Other Income": {"2020-12-31": "", "2020-09-30": "", "2020-06-30": "", "2020-03-31": "", "2019-12-31": "", "2019-09-30": "", "2019-06-30": "", "2019-03-31": "", "2018-12-31": "", "2018-09-30": "", "2018-06-30": "", "2018-03-31": "", "2017-12-31": "", "2017-09-30": "", "2017-06-30": "", "2017-03-31": "", "2016-12-31": "", "2016-09-30": "", "2016-06-30": "", "2016-03-31": "", "2015-12-31": "", "2015-09-30": "", "2015-06-30": "", "2015-03-31": "", "2014-12-31": "", "2014-09-30": "", "2014-06-30": "", "2014-03-31": "", "2013-12-31": "", "2013-09-30": "", "2013-06-30": "", "2013-03-31": "", "2012-12-31": "", "2012-09-30": "", "2012-06-30": "", "2012-03-31": "", "2011-12-31": "", "2011-09-30": "", "2011-06-30": "", "2011-03-31": "", "2010-12-31": "", "2010-09-30": "", "2010-06-30": "", "2010-03-31": "", "2009-12-31": "", "2009-09-30": "", "2009-06-30": "", "2009-03-31": "", "2008-12-31": "", "2008-09-30": "", "2008-06-30": "", "2008-03-31": "", "2007-12-31": "", "2007-09-30": "", "2007-06-30": "", "2007-03-31": "", "2006-12-31": "", "2006-09-30": "", "2006-06-30": "", "2006-03-31": "", "2005-12-31": "", "2005-09-30": "", "2005-06-30": "", "2005-03-31": ""}, "Income From Continuous Operations": {"2020-12-31": "308.00700", "2020-09-30": "332.52100", "2020-06-30": "454.93800", "2020-03-31": "521.16400", "2019-12-31": "426.24190", "2019-09-30": "491.01300", "2019-06-30": "410.82600", "2019-03-31": "373.76500", "2018-12-31": "690.49010", "2018-09-30": "375.52000", "2018-06-30": "364.99100", "2018-03-31": "391.95900", "2017-12-31": "338.87300", "2017-09-30": "913.41700", "2017-06-30": "287.98000", "2017-03-31": "220.68900", "2016-12-31": "466.70200", "2016-09-30": "307.24200", "2016-06-30": "295.79100", "2016-03-31": "222.80500", "2015-12-31": "126.75700", "2015-09-30": "307.18600", "2015-06-30": "140.26000", "2015-03-31": "351.31200", "2014-12-31": "427.72400", "2014-09-30": "147.12700", "2014-06-30": "152.43000", "2014-03-31": "12.00300", "2013-12-31": "9.48600", "2013-09-30": "-48.67000", "2013-06-30": "-20.59200", "2013-03-31": "289.30500", "2012-12-31": "-274.75100", "2012-09-30": "-9.49400", "2012-06-30": "-11.47900", "2012-03-31": "189.32700", "2011-12-31": "-104.36500", "2011-09-30": "42.55500", "2011-06-30": "-161.18600", "2011-03-31": "-51.94800", "2010-12-31": "-1527.26000", "2010-09-30": "-35.07600", "2010-06-30": "-37.69100", "2010-03-31": "-1.46000", "2009-12-31": "-242.48400", "2009-09-30": "12.41900", "2009-06-30": "16.48500", "2009-03-31": "-141.50900", "2008-12-31": "-198.30300", "2008-09-30": "31.70900", "2008-06-30": "82.86300", "2008-03-31": "65.81200", "2007-12-31": "83.52900", "2007-09-30": "66.06300", "2007-06-30": "115.86200", "2007-03-31": "22.81200", "2006-12-31": "64.38900", "2006-09-30": "29.61500", "2006-06-30": "54.15400", "2006-03-31": "18.12500", "2005-12-31": "58.31000", "2005-09-30": "12.53400", "2005-06-30": "36.30100", "2005-03-31": "16.48200"}, "Income From Discontinued Operations": {"2020-12-31": "", "2020-09-30": "", "2020-06-30": "", "2020-03-31": "", "2019-12-31": "", "2019-09-30": "", "2019-06-30": "", "2019-03-31": "", "2018-12-31": "", "2018-09-30": "", "2018-06-30": "", "2018-03-31": "", "2017-12-31": "", "2017-09-30": "", "2017-06-30": "", "2017-03-31": "", "2016-12-31": "", "2016-09-30": "", "2016-06-30": "", "2016-03-31": "", "2015-12-31": "", "2015-09-30": "", "2015-06-30": "", "2015-03-31": "", "2014-12-31": "", "2014-09-30": "", "2014-06-30": "", "2014-03-31": "", "2013-12-31": "58.78300", "2013-09-30": "41.50300", "2013-06-30": "15.60700", "2013-03-31": "7.62700", "2012-12-31": "59.41200", "2012-09-30": "-23.40400", "2012-06-30": "16.14700", "2012-03-31": "23.77000", "2011-12-31": "64.35000", "2011-09-30": "23.31300", "2011-06-30": "17.55900", "2011-03-31": "11.78400", "2010-12-31": "282.51000", "2010-09-30": "26.58300", "2010-06-30": "21.10100", "2010-03-31": "0.84000", "2009-12-31": "283.93900", "2009-09-30": "64.04500", "2009-06-30": "12.54900", "2009-03-31": "18.48500", "2008-12-31": "-0.94900", "2008-09-30": "3.02800", "2008-06-30": "5.16700", "2008-03-31": "3.92300", "2007-12-31": "71.12600", "2007-09-30": "7.04700", "2007-06-30": "2.40700", "2007-03-31": "2.87000", "2006-12-31": "23.36600", "2006-09-30": "3.77200", "2006-06-30": "21.19900", "2006-03-31": "9.25900", "2005-12-31": "82.87300", "2005-09-30": "16.53400", "2005-06-30": "4.48800", "2005-03-31": "30.28500"}, "Net Income": {"2020-12-31": "280.47000", "2020-09-30": "298.69500", "2020-06-30": "404.53900", "2020-03-31": "489.41800", "2019-12-31": "385.47990", "2019-09-30": "450.63900", "2019-06-30": "383.78400", "2019-03-31": "347.04700", "2018-12-31": "596.56810", "2018-09-30": "346.34500", "2018-06-30": "334.61100", "2018-03-31": "365.90200", "2017-12-31": "295.51500", "2017-09-30": "876.21800", "2017-06-30": "266.94300", "2017-03-31": "203.25500", "2016-12-31": "440.53900", "2016-09-30": "279.25500", "2016-06-30": "275.38300", "2016-03-31": "208.04100", "2015-12-31": "118.36300", "2015-09-30": "258.97900", "2015-06-30": "140.24000", "2015-03-31": "345.20600", "2014-12-31": "408.60900", "2014-09-30": "136.24500", "2014-06-30": "72.71500", "2014-03-31": "4.66600", "2013-12-31": "59.05700", "2013-09-30": "-7.53400", "2013-06-30": "-1.51700", "2013-03-31": "265.41600", "2012-12-31": "-228.71200", "2012-09-30": "-46.52600", "2012-06-30": "-8.12000", "2012-03-31": "202.41200", "2011-12-31": "-45.45900", "2011-09-30": "55.43600", "2011-06-30": "-151.47100", "2011-03-31": "-46.61600", "2010-12-31": "-1253.27100", "2010-09-30": "-15.05200", "2010-06-30": "-23.15000", "2010-03-31": "-4.44700", "2009-12-31": "40.00600", "2009-09-30": "62.79000", "2009-06-30": "17.16200", "2009-03-31": "-122.60800", "2008-12-31": "-201.56000", "2008-09-30": "23.72800", "2008-06-30": "72.40100", "2008-03-31": "38.98000", "2007-12-31": "91.27700", "2007-09-30": "69.15500", "2007-06-30": "111.39000", "2007-03-31": "21.73000", "2006-12-31": "83.73800", "2006-09-30": "29.96300", "2006-06-30": "72.33500", "2006-03-31": "23.38400", "2005-12-31": "139.14400", "2005-09-30": "27.28500", "2005-06-30": "39.00600", "2005-03-31": "44.98400"}, "EBITDA": {"2020-12-31": "", "2020-09-30": "923.63490", "2020-06-30": "983.29900", "2020-03-31": "791.46400", "2019-12-31": "831.97450", "2019-09-30": "732.72500", "2019-06-30": "706.67600", "2019-03-31": "636.84900", "2018-12-31": "867.95810", "2018-09-30": "611.84010", "2018-06-30": "476.87600", "2018-03-31": "624.25300", "2017-12-31": "1551.43200", "2017-09-30": "362.94000", "2017-06-30": "478.45400", "2017-03-31": "360.07500", "2016-12-31": "368.91010", "2016-09-30": "422.50900", "2016-06-30": "345.67500", "2016-03-31": "353.52400", "2015-12-31": "406.42380", "2015-09-30": "305.44100", "2015-06-30": "274.40100", "2015-03-31": "242.43800", "2014-12-31": "237.94600", "2014-09-30": "202.36400", "2014-06-30": "263.17100", "2014-03-31": "237.07200", "2013-12-31": "196.09590", "2013-09-30": "238.80700", "2013-06-30": "219.83290", "2013-03-31": "276.96200", "2012-12-31": "3.19890", "2012-09-30": "312.96700", "2012-06-30": "278.28200", "2012-03-31": "265.99400", "2011-12-31": "179.92110", "2011-09-30": "265.76700", "2011-06-30": "81.44900", "2011-03-31": "112.14100", "2010-12-31": "-636.28200", "2010-09-30": "145.17900", "2010-06-30": "204.23600", "2010-03-31": "68.59500", "2009-12-31": "285.47990", "2009-09-30": "77.20700", "2009-06-30": "73.25400", "2009-03-31": "-93.06800", "2008-12-31": "-129.23590", "2008-09-30": "80.70700", "2008-06-30": "120.07100", "2008-03-31": "90.17100", "2007-12-31": "73.43500", "2007-09-30": "84.47500", "2007-06-30": "92.39500", "2007-03-31": "86.51900", "2006-12-31": "105.63000", "2006-09-30": "104.77400", "2006-06-30": "103.24600", "2006-03-31": "105.76900", "2005-12-31": "110.23710", "2005-09-30": "159.46300", "2005-06-30": "32.80700", "2005-03-31": "93.92500"}, "EBIT": {"2020-12-31": "482.38010", "2020-09-30": "556.51990", "2020-06-30": "611.98700", "2020-03-31": "468.05700", "2019-12-31": "559.63980", "2019-09-30": "471.48010", "2019-06-30": "442.05600", "2019-03-31": "376.59000", "2018-12-31": "598.64590", "2018-09-30": "375.57900", "2018-06-30": "281.55500", "2018-03-31": "432.21800", "2017-12-31": "1341.38200", "2017-09-30": "175.49100", "2017-06-30": "275.27200", "2017-03-31": "161.88600", "2016-12-31": "164.20800", "2016-09-30": "232.62400", "2016-06-30": "142.34800", "2016-03-31": "129.19800", "2015-12-31": "105.55100", "2015-09-30": "103.39200", "2015-06-30": "87.34800", "2015-03-31": "83.88100", "2014-12-31": "74.95600", "2014-09-30": "78.11200", "2014-06-30": "95.27400", "2014-03-31": "71.46600", "2013-12-31": "71.47790", "2013-09-30": "77.38100", "2013-06-30": "58.51400", "2013-03-31": "97.03900", "2012-12-31": "-169.00210", "2012-09-30": "75.25000", "2012-06-30": "101.60400", "2012-03-31": "85.13100", "2011-12-31": "33.62010", "2011-09-30": "79.33900", "2011-06-30": "-46.96800", "2011-03-31": "28.78700", "2010-12-31": "-705.73800", "2010-09-30": "35.73700", "2010-06-30": "34.31800", "2010-03-31": "22.16200", "2009-12-31": "25.24500", "2009-09-30": "31.98800", "2009-06-30": "33.10200", "2009-03-31": "-134.89300", "2008-12-31": "-165.47200", "2008-09-30": "35.85200", "2008-06-30": "81.05100", "2008-03-31": "50.63900", "2007-12-31": "40.75000", "2007-09-30": "45.72700", "2007-06-30": "52.98400", "2007-03-31": "49.35800", "2006-12-31": "65.11200", "2006-09-30": "61.85200", "2006-06-30": "62.50300", "2006-03-31": "65.31100", "2005-12-31": "74.63700", "2005-09-30": "59.67100", "2005-06-30": "60.42900", "2005-03-31": "57.57700"}, "Basic Shares Outstanding": {"2020-12-31": "", "2020-09-30": "738.19400", "2020-06-30": "737.99200", "2020-03-31": "698.27200", "2019-12-31": "630.58000", "2019-09-30": "630.92900", "2019-06-30": "630.27100", "2019-03-31": "629.67600", "2018-12-31": "567.36700", "2018-09-30": "574.52000", "2018-06-30": "532.63900", "2018-03-31": "532.18500", "2017-12-31": "530.40000", "2017-09-30": "531.28800", "2017-06-30": "530.04000", "2017-03-31": "528.72100", "2016-12-31": "526.10300", "2016-09-30": "527.28800", "2016-06-30": "524.84200", "2016-03-31": "524.20500", "2015-12-31": "521.24100", "2015-09-30": "523.52800", "2015-06-30": "523.47600", "2015-03-31": "514.02200", "2014-12-31": "499.58300", "2014-09-30": "499.29200", "2014-06-30": "499.11200", "2014-03-31": "498.69600", "2013-12-31": "486.07600", "2013-09-30": "497.98900", "2013-06-30": "486.03200", "2013-03-31": "461.46800", "2012-12-31": "459.89500", "2012-09-30": "460.07900", "2012-06-30": "459.87800", "2012-03-31": "459.20300", "2011-12-31": "370.53400", "2011-09-30": "458.25600", "2011-06-30": "307.75600", "2011-03-31": "254.69800", "2010-12-31": "219.51500", "2010-09-30": "212.94500", "2010-06-30": "212.84000", "2010-03-31": "148.66600", "2009-12-31": "179.96600", "2009-09-30": "145.33200", "2009-06-30": "145.31800", "2009-03-31": "98.91600", "2008-12-31": "97.40400", "2008-09-30": "97.14900", "2008-06-30": "97.08300", "2008-03-31": "97.75100", "2007-12-31": "97.19000", "2007-09-30": "98.72200", "2007-06-30": "98.93700", "2007-03-31": "92.26500", "2006-12-31": "87.71000", "2006-09-30": "88.02900", "2006-06-30": "87.31700", "2006-03-31": "86.43300", "2005-12-31": "84.04900", "2005-09-30": "84.43800", "2005-06-30": "83.52100", "2005-03-31": "83.13300"}, "Shares Outstanding": {"2020-12-31": "764.76100", "2020-09-30": "764.61900", "2020-06-30": "765.83000", "2020-03-31": "723.98300", "2019-12-31": "654.90300", "2019-09-30": "655.25900", "2019-06-30": "655.44700", "2019-03-31": "654.35900", "2018-12-31": "590.23900", "2018-09-30": "597.64700", "2018-06-30": "554.51500", "2018-03-31": "554.12300", "2017-12-31": "552.30000", "2017-09-30": "554.16300", "2017-06-30": "552.11400", "2017-03-31": "550.01000", "2016-12-31": "546.66600", "2016-09-30": "547.20000", "2016-06-30": "545.38800", "2016-03-31": "543.56200", "2015-12-31": "533.94400", "2015-09-30": "532.07300", "2015-06-30": "530.64000", "2015-03-31": "529.02200", "2014-12-31": "506.39100", "2014-09-30": "516.08800", "2014-06-30": "516.61900", "2014-03-31": "504.37300", "2013-12-31": "491.54600", "2013-09-30": "499.84800", "2013-06-30": "487.92500", "2013-03-31": "478.95200", "2012-12-31": "461.84800", "2012-09-30": "461.97900", "2012-06-30": "459.87800", "2012-03-31": "476.10700", "2011-12-31": "371.73000", "2011-09-30": "462.40800", "2011-06-30": "307.75600", "2011-03-31": "254.69800", "2010-12-31": "219.51500", "2010-09-30": "212.94500", "2010-06-30": "212.84000", "2010-03-31": "148.66600", "2009-12-31": "179.96600", "2009-09-30": "145.65900", "2009-06-30": "145.38000", "2009-03-31": "98.91600", "2008-12-31": "97.40400", "2008-09-30": "98.83200", "2008-06-30": "99.26900", "2008-03-31": "99.66800", "2007-12-31": "99.60100", "2007-09-30": "100.91400", "2007-06-30": "101.36100", "2007-03-31": "95.09900", "2006-12-31": "91.10700", "2006-09-30": "91.05800", "2006-06-30": "90.13600", "2006-03-31": "90.17900", "2005-12-31": "87.87300", "2005-09-30": "88.37300", "2005-06-30": "87.07600", "2005-03-31": "86.51700"}, "Basic EPS": {"2020-12-31": "", "2020-09-30": "0.40000", "2020-06-30": "0.55000", "2020-03-31": "0.70000", "2019-12-31": "0.61000", "2019-09-30": "0.71000", "2019-06-30": "0.61000", "2019-03-31": "0.55000", "2018-12-31": "0.98000", "2018-09-30": "0.60000", "2018-06-30": "0.63000", "2018-03-31": "0.69000", "2017-12-31": "0.57000", "2017-09-30": "1.65000", "2017-06-30": "0.50000", "2017-03-31": "0.38000", "2016-12-31": "0.84000", "2016-09-30": "0.53000", "2016-06-30": "0.52000", "2016-03-31": "0.40000", "2015-12-31": "0.23000", "2015-09-30": "0.49000", "2015-06-30": "0.27000", "2015-03-31": "0.67000", "2014-12-31": "0.82000", "2014-09-30": "0.27000", "2014-06-30": "0.15000", "2014-03-31": "0.01000", "2013-12-31": "0.09000", "2013-09-30": "-0.02000", "2013-06-30": "0.00000", "2013-03-31": "0.58000", "2012-12-31": "-0.50000", "2012-09-30": "-0.10000", "2012-06-30": "-0.02000", "2012-03-31": "0.44000", "2011-12-31": "0.04000", "2011-09-30": "0.12000", "2011-06-30": "-0.49000", "2011-03-31": "-0.18000", "2010-12-31": "-5.69000", "2010-09-30": "-0.07000", "2010-06-30": "-0.11000", "2010-03-31": "-0.03000", "2009-12-31": "0.68000", "2009-09-30": "0.43000", "2009-06-30": "0.12000", "2009-03-31": "-1.24000", "2008-12-31": "-2.06000", "2008-09-30": "0.24000", "2008-06-30": "0.75000", "2008-03-31": "0.39000", "2007-12-31": "0.95000", "2007-09-30": "0.70000", "2007-06-30": "1.13000", "2007-03-31": "0.24000", "2006-12-31": "0.95000", "2006-09-30": "0.34000", "2006-06-30": "0.83000", "2006-03-31": "0.27000", "2005-12-31": "1.65000", "2005-09-30": "0.32000", "2005-06-30": "0.47000", "2005-03-31": "0.54000"}, "EPS - Earnings Per Share": {"2020-12-31": "0.38000", "2020-09-30": "0.40000", "2020-06-30": "0.54000", "2020-03-31": "0.70000", "2019-12-31": "0.60000", "2019-09-30": "0.71000", "2019-06-30": "0.60000", "2019-03-31": "0.55000", "2018-12-31": "0.97000", "2018-09-30": "0.60000", "2018-06-30": "0.62000", "2018-03-31": "0.68000", "2017-12-31": "0.55000", "2017-09-30": "1.63000", "2017-06-30": "0.50000", "2017-03-31": "0.38000", "2016-12-31": "0.84000", "2016-09-30": "0.52000", "2016-06-30": "0.52000", "2016-03-31": "0.39000", "2015-12-31": "0.23000", "2015-09-30": "0.49000", "2015-06-30": "0.27000", "2015-03-31": "0.65000", "2014-12-31": "0.87000", "2014-09-30": "0.23000", "2014-06-30": "0.13000", "2014-03-31": "0.01000", "2013-12-31": "0.09000", "2013-09-30": "-0.02000", "2013-06-30": "0.00000", "2013-03-31": "0.57000", "2012-12-31": "-0.50000", "2012-09-30": "-0.10000", "2012-06-30": "-0.02000", "2012-03-31": "0.44000", "2011-12-31": "0.04000", "2011-09-30": "0.12000", "2011-06-30": "-0.49000", "2011-03-31": "-0.18000", "2010-12-31": "-5.69000", "2010-09-30": "-0.07000", "2010-06-30": "-0.11000", "2010-03-31": "-0.03000", "2009-12-31": "0.68000", "2009-09-30": "0.43000", "2009-06-30": "0.12000", "2009-03-31": "-1.24000", "2008-12-31": "-2.04000", "2008-09-30": "0.24000", "2008-06-30": "0.73000", "2008-03-31": "0.39000", "2007-12-31": "0.93000", "2007-09-30": "0.69000", "2007-06-30": "1.10000", "2007-03-31": "0.23000", "2006-12-31": "0.91000", "2006-09-30": "0.33000", "2006-06-30": "0.80000", "2006-03-31": "0.26000", "2005-12-31": "1.57000", "2005-09-30": "0.31000", "2005-06-30": "0.45000", "2005-03-31": "0.52000"}}, "balance sheet": {"Cash On Hand": {"2020-12-31": "598.08600", "2019-12-31": "1088.85500", "2018-12-31": "343.85600", "2017-12-31": "447.04600", "2016-12-31": "807.31600", "2015-12-31": "264.08000", "2014-12-31": "350.69200", "2013-12-31": "491.12900", "2012-12-31": "277.73600", "2011-12-31": "248.06400", "2010-12-31": "64.71500", "2009-12-31": "206.07700", "2008-12-31": "251.23100", "2007-12-31": "250.41600", "2006-12-31": "195.87800", "2005-12-31": "267.23300"}, "Receivables": {"2020-12-31": "", "2019-12-31": "", "2018-12-31": "", "2017-12-31": "34.26000", "2016-12-31": "32.10000", "2015-12-31": "235.05000", "2014-12-31": "", "2013-12-31": "295.95500", "2012-12-31": "359.08400", "2011-12-31": "470.83300", "2010-12-31": "361.12300", "2009-12-31": "155.95800", "2008-12-31": "160.52800", "2007-12-31": "184.27000", "2006-12-31": "133.99800", "2005-12-31": "178.68200"}, "Inventory": {"2020-12-31": "", "2019-12-31": "", "2018-12-31": "", "2017-12-31": "", "2016-12-31": "", "2015-12-31": "", "2014-12-31": "", "2013-12-31": "", "2012-12-31": "", "2011-12-31": "", "2010-12-31": "", "2009-12-31": "", "2008-12-31": "", "2007-12-31": "", "2006-12-31": "", "2005-12-31": ""}, "Pre-Paid Expenses": {"2020-12-31": "", "2019-12-31": "", "2018-12-31": "", "2017-12-31": "", "2016-12-31": "", "2015-12-31": "", "2014-12-31": "", "2013-12-31": "", "2012-12-31": "", "2011-12-31": "", "2010-12-31": "", "2009-12-31": "", "2008-12-31": "", "2007-12-31": "", "2006-12-31": "", "2005-12-31": ""}, "Other Current Assets": {"2020-12-31": "", "2019-12-31": "", "2018-12-31": "", "2017-12-31": "", "2016-12-31": "", "2015-12-31": "", "2014-12-31": "", "2013-12-31": "", "2012-12-31": "", "2011-12-31": "", "2010-12-31": "", "2009-12-31": "", "2008-12-31": "", "2007-12-31": "", "2006-12-31": "", "2005-12-31": ""}, "Total Current Assets": {"2020-12-31": "598.08600", "2019-12-31": "1088.85500", "2018-12-31": "343.85600", "2017-12-31": "481.30600", "2016-12-31": "839.41600", "2015-12-31": "499.13000", "2014-12-31": "350.69200", "2013-12-31": "787.08400", "2012-12-31": "636.81990", "2011-12-31": "718.89700", "2010-12-31": "425.83800", "2009-12-31": "362.03500", "2008-12-31": "411.75900", "2007-12-31": "434.68600", "2006-12-31": "329.87600", "2005-12-31": "467.53600"}, "Property, Plant, And Equipment": {"2020-12-31": "43845.17000", "2019-12-31": "29786.75000", "2018-12-31": "29930.31000", "2017-12-31": "21779.30000", "2016-12-31": "23360.96000", "2015-12-31": "24247.08000", "2014-12-31": "19399.36000", "2013-12-31": "18255.48000", "2012-12-31": "23328.46000", "2011-12-31": "22629.63000", "2010-12-31": "11283.96000", "2009-12-31": "5809.27800", "2008-12-31": "6242.14200", "2007-12-31": "6321.71100", "2006-12-31": "5960.99200", "2005-12-31": "6151.59700"}, "Long-Term Investments": {"2020-12-31": "", "2019-12-31": "", "2018-12-31": "", "2017-12-31": "", "2016-12-31": "", "2015-12-31": "", "2014-12-31": "", "2013-12-31": "", "2012-12-31": "", "2011-12-31": "", "2010-12-31": "", "2009-12-31": "", "2008-12-31": "", "2007-12-31": "", "2006-12-31": "", "2005-12-31": ""}, "Goodwill And Intangible Assets": {"2020-12-31": "", "2019-12-31": "", "2018-12-31": "", "2017-12-31": "", "2016-12-31": "", "2015-12-31": "", "2014-12-31": "", "2013-12-31": "", "2012-12-31": "", "2011-12-31": "", "2010-12-31": "", "2009-12-31": "", "2008-12-31": "", "2007-12-31": "", "2006-12-31": "", "2005-12-31": ""}, "Other Long-Term Assets": {"2020-12-31": "11621.75000", "2019-12-31": "8669.91300", "2018-12-31": "8143.50100", "2017-12-31": "7220.47300", "2016-12-31": "6049.55800", "2015-12-31": "6648.55300", "2014-12-31": "6024.94500", "2013-12-31": "5529.74400", "2012-12-31": "3344.86200", "2011-12-31": "4375.38500", "2010-12-31": "3192.86600", "2009-12-31": "645.76200", "2008-12-31": "622.47000", "2007-12-31": "482.69300", "2006-12-31": "402.25000", "2005-12-31": "158.58000"}, "Total Long-Term Assets": {"2020-12-31": "55466.92000", "2019-12-31": "38456.66000", "2018-12-31": "38073.81000", "2017-12-31": "28999.77000", "2016-12-31": "29410.52000", "2015-12-31": "30895.64000", "2014-12-31": "25424.31000", "2013-12-31": "23785.22000", "2012-12-31": "26673.32000", "2011-12-31": "27005.02000", "2010-12-31": "14476.83000", "2009-12-31": "6479.92300", "2008-12-31": "6889.88900", "2007-12-31": "6827.71700", "2006-12-31": "6383.63600", "2005-12-31": "6335.20300"}, "Total Assets": {"2020-12-31": "56065.00000", "2019-12-31": "40031.85000", "2018-12-31": "38417.66000", "2017-12-31": "29481.07000", "2016-12-31": "30249.93000", "2015-12-31": "31394.77000", "2014-12-31": "25775.00000", "2013-12-31": "24572.31000", "2012-12-31": "27310.14000", "2011-12-31": "27723.91000", "2010-12-31": "14902.67000", "2009-12-31": "6841.95800", "2008-12-31": "7301.64800", "2007-12-31": "7262.40300", "2006-12-31": "6713.51200", "2005-12-31": "6802.73900"}, "Total Current Liabilities": {"2020-12-31": "2891.34900", "2019-12-31": "704.95400", "2018-12-31": "760.51500", "2017-12-31": "702.80400", "2016-12-31": "556.17900", "2015-12-31": "712.72500", "2014-12-31": "627.99900", "2013-12-31": "563.99300", "2012-12-31": "611.77000", "2011-12-31": "639.49000", "2010-12-31": "388.53600", "2009-12-31": "238.71800", "2008-12-31": "282.77100", "2007-12-31": "210.44700", "2006-12-31": "186.80700", "2005-12-31": "170.30700"}, "Long Term Debt": {"2020-12-31": "16849.08000", "2019-12-31": "11905.88000", "2018-12-31": "11089.82000", "2017-12-31": "9412.63100", "2016-12-31": "10608.29000", "2015-12-31": "11626.83000", "2014-12-31": "9336.97700", "2013-12-31": "9011.21600", "2012-12-31": "11790.79000", "2011-12-31": "11382.41000", "2010-12-31": "6506.02900", "2009-12-31": "3212.59600", "2008-12-31": "3990.18500", "2007-12-31": "3494.84400", "2006-12-31": "3437.41500", "2005-12-31": "3401.56100"}, "Other Non-Current Liabilities": {"2020-12-31": "", "2019-12-31": "877.60100", "2018-12-31": "766.44600", "2017-12-31": "659.89900", "2016-12-31": "627.31900", "2015-12-31": "634.37500", "2014-12-31": "626.42600", "2013-12-31": "820.64500", "2012-12-31": "1134.24500", "2011-12-31": "1246.54000", "2010-12-31": "487.74700", "2009-12-31": "99.32400", "2008-12-31": "62.48800", "2007-12-31": "95.74900", "2006-12-31": "85.07300", "2005-12-31": "93.43700"}, "Total Long Term Liabilities": {"2020-12-31": "16849.08000", "2019-12-31": "12783.48000", "2018-12-31": "11856.26000", "2017-12-31": "10072.53000", "2016-12-31": "11235.61000", "2015-12-31": "12261.21000", "2014-12-31": "9963.40200", "2013-12-31": "9831.86100", "2012-12-31": "12925.04000", "2011-12-31": "12628.95000", "2010-12-31": "6993.77600", "2009-12-31": "3311.92000", "2008-12-31": "4052.67300", "2007-12-31": "4288.00400", "2006-12-31": "4360.04800", "2005-12-31": "4716.13300"}, "Total Liabilities": {"2020-12-31": "19740.43000", "2019-12-31": "13960.07000", "2018-12-31": "12616.78000", "2017-12-31": "10775.33000", "2016-12-31": "11791.79000", "2015-12-31": "12973.93000", "2014-12-31": "10591.40000", "2013-12-31": "10395.85000", "2012-12-31": "13536.81000", "2011-12-31": "13268.44000", "2010-12-31": "7382.31200", "2009-12-31": "3550.63800", "2008-12-31": "4335.44400", "2007-12-31": "4498.45100", "2006-12-31": "4546.85500", "2005-12-31": "4886.44000"}, "Common Stock Net": {"2020-12-31": "", "2019-12-31": "6.31800", "2018-12-31": "6.29600", "2017-12-31": "5.32200", "2016-12-31": "5.28700", "2015-12-31": "5.24500", "2014-12-31": "5.09500", "2013-12-31": "4.98800", "2012-12-31": "4.61800", "2011-12-31": "4.59400", "2010-12-31": "2.54500", "2009-12-31": "1.48900", "2008-12-31": "0.98100", "2007-12-31": "0.99000", "2006-12-31": "0.89500", "2005-12-31": "0.85700"}, "Retained Earnings (Accumulated Deficit)": {"2020-12-31": "", "2019-12-31": "-2151.16800", "2018-12-31": "-2378.46700", "2017-12-31": "-2904.46100", "2016-12-31": "-3610.00700", "2015-12-31": "-3926.48300", "2014-12-31": "-3974.49300", "2013-12-31": "-3932.66400", "2012-12-31": "-3696.09300", "2011-12-31": "-3092.16200", "2010-12-31": "-2515.72200", "2009-12-31": "-29.00800", "2008-12-31": "29.79900", "2007-12-31": "244.68800", "2006-12-31": "147.27400", "2005-12-31": "101.12400"}, "Comprehensive Income": {"2020-12-31": "", "2019-12-31": "-990.39800", "2018-12-31": "-1084.67100", "2017-12-31": "-901.65800", "2016-12-31": "-937.47300", "2015-12-31": "-791.42900", "2014-12-31": "-600.33700", "2013-12-31": "-435.67500", "2012-12-31": "-233.56300", "2011-12-31": "-182.32100", "2010-12-31": "-3.16000", "2009-12-31": "3.81600", "2008-12-31": "22.04300", "2007-12-31": "11.32100", "2006-12-31": "-1.77800", "2005-12-31": "-2.41600"}, "Other Share Holders Equity": {"2020-12-31": "", "2019-12-31": "", "2018-12-31": "", "2017-12-31": "", "2016-12-31": "", "2015-12-31": "", "2014-12-31": "", "2013-12-31": "", "2012-12-31": "", "2011-12-31": "", "2010-12-31": "", "2009-12-31": "", "2008-12-31": "", "2007-12-31": "", "2006-12-31": "", "2005-12-31": ""}, "Share Holder Equity": {"2020-12-31": "36324.58000", "2019-12-31": "26071.78000", "2018-12-31": "25800.89000", "2017-12-31": "18705.74000", "2016-12-31": "18458.14000", "2015-12-31": "18420.84000", "2014-12-31": "15183.60000", "2013-12-31": "14176.45000", "2012-12-31": "13773.34000", "2011-12-31": "14455.47000", "2010-12-31": "7520.35500", "2009-12-31": "3291.32000", "2008-12-31": "2966.20400", "2007-12-31": "2763.95200", "2006-12-31": "2166.65700", "2005-12-31": "1916.29900"}, "Total Liabilities And Share Holders Equity": {"2020-12-31": "56065.00000", "2019-12-31": "40031.85000", "2018-12-31": "38417.66000", "2017-12-31": "29481.07000", "2016-12-31": "30249.93000", "2015-12-31": "31394.77000", "2014-12-31": "25775.00000", "2013-12-31": "24572.31000", "2012-12-31": "27310.14000", "2011-12-31": "27723.91000", "2010-12-31": "14902.67000", "2009-12-31": "6841.95800", "2008-12-31": "7301.64800", "2007-12-31": "7262.40300", "2006-12-31": "6713.51200", "2005-12-31": "6802.73900"}}, "balance sheet, quarterly": {"Cash On Hand": {"2020-12-31": "598.08600", "2020-09-30": "940.19300", "2020-06-30": "549.12900", "2020-03-31": "807.87100", "2019-12-31": "1088.85500", "2019-09-30": "1024.99400", "2019-06-30": "401.19000", "2019-03-31": "251.03000", "2018-12-31": "343.85600", "2018-09-30": "275.56200", "2018-06-30": "527.83000", "2018-03-31": "458.09900", "2017-12-31": "447.04600", "2017-09-30": "568.72600", "2017-06-30": "271.35400", "2017-03-31": "395.82900", "2016-12-31": "807.31600", "2016-09-30": "375.12000", "2016-06-30": "332.22100", "2016-03-31": "369.73700", "2015-12-31": "264.08000", "2015-09-30": "310.43300", "2015-06-30": "351.02500", "2015-03-31": "192.01300", "2014-12-31": "350.69200", "2014-09-30": "311.87900", "2014-06-30": "267.42700", "2014-03-31": "198.63600", "2013-12-31": "491.12900", "2013-09-30": "164.18100", "2013-06-30": "412.06600", "2013-03-31": "833.96400", "2012-12-31": "277.73600", "2012-09-30": "330.70300", "2012-06-30": "444.81500", "2012-03-31": "435.69300", "2011-12-31": "248.06400", "2011-09-30": "294.54700", "2011-06-30": "329.28300", "2011-03-31": "235.28800", "2010-12-31": "64.71500", "2010-09-30": "205.59100", "2010-06-30": "240.69400", "2010-03-31": "175.33800", "2009-12-31": "206.07700", "2009-09-30": "200.69600", "2009-06-30": "209.34500", "2009-03-31": "282.29800", "2008-12-31": "251.23100", "2008-09-30": "309.54700", "2008-06-30": "378.52600", "2008-03-31": "322.48900", "2007-12-31": "250.41600", "2007-09-30": "400.01100", "2007-06-30": "251.05200", "2007-03-31": "286.16100", "2006-12-31": "195.87800", "2006-09-30": "184.23000", "2006-06-30": "231.91200", "2006-03-31": "168.00700", "2005-12-31": "267.23300", "2005-09-30": "162.43700", "2005-06-30": "169.47100", "2005-03-31": "215.06800"}, "Receivables": {"2020-12-31": "", "2020-09-30": "", "2020-06-30": "", "2020-03-31": "", "2019-12-31": "", "2019-09-30": "", "2019-06-30": "", "2019-03-31": "", "2018-12-31": "", "2018-09-30": "", "2018-06-30": "", "2018-03-31": "", "2017-12-31": "34.26000", "2017-09-30": "", "2017-06-30": "19.53600", "2017-03-31": "17.00600", "2016-12-31": "32.10000", "2016-09-30": "33.80000", "2016-06-30": "33.80000", "2016-03-31": "37.55000", "2015-12-31": "235.05000", "2015-09-30": "197.50000", "2015-06-30": "197.50000", "2015-03-31": "197.50000", "2014-12-31": "", "2014-09-30": "132.46400", "2014-06-30": "123.96100", "2014-03-31": "306.58300", "2013-12-31": "295.95500", "2013-09-30": "327.54200", "2013-06-30": "314.61600", "2013-03-31": "327.69100", "2012-12-31": "359.08400", "2012-09-30": "425.83400", "2012-06-30": "413.66200", "2012-03-31": "410.92000", "2011-12-31": "470.83300", "2011-09-30": "570.67700", "2011-06-30": "556.70300", "2011-03-31": "170.86700", "2010-12-31": "361.12300", "2010-09-30": "159.09300", "2010-06-30": "156.65500", "2010-03-31": "142.39300", "2009-12-31": "155.95800", "2009-09-30": "135.16400", "2009-06-30": "142.28800", "2009-03-31": "145.26600", "2008-12-31": "160.52800", "2008-09-30": "163.11800", "2008-06-30": "209.92600", "2008-03-31": "181.91000", "2007-12-31": "184.27000", "2007-09-30": "159.26900", "2007-06-30": "166.44900", "2007-03-31": "141.64700", "2006-12-31": "133.99800", "2006-09-30": "143.59400", "2006-06-30": "127.52800", "2006-03-31": "148.90700", "2005-12-31": "178.68200", "2005-09-30": "158.00000", "2005-06-30": "173.36000", "2005-03-31": "135.76800"}, "Inventory": {"2020-12-31": "", "2020-09-30": "", "2020-06-30": "", "2020-03-31": "", "2019-12-31": "", "2019-09-30": "", "2019-06-30": "", "2019-03-31": "", "2018-12-31": "", "2018-09-30": "", "2018-06-30": "", "2018-03-31": "", "2017-12-31": "", "2017-09-30": "", "2017-06-30": "", "2017-03-31": "", "2016-12-31": "", "2016-09-30": "", "2016-06-30": "", "2016-03-31": "", "2015-12-31": "", "2015-09-30": "", "2015-06-30": "", "2015-03-31": "", "2014-12-31": "", "2014-09-30": "", "2014-06-30": "", "2014-03-31": "", "2013-12-31": "", "2013-09-30": "", "2013-06-30": "", "2013-03-31": "", "2012-12-31": "", "2012-09-30": "", "2012-06-30": "", "2012-03-31": "", "2011-12-31": "", "2011-09-30": "", "2011-06-30": "", "2011-03-31": "", "2010-12-31": "", "2010-09-30": "", "2010-06-30": "", "2010-03-31": "", "2009-12-31": "", "2009-09-30": "", "2009-06-30": "", "2009-03-31": "", "2008-12-31": "", "2008-09-30": "", "2008-06-30": "", "2008-03-31": "", "2007-12-31": "", "2007-09-30": "", "2007-06-30": "", "2007-03-31": "", "2006-12-31": "", "2006-09-30": "", "2006-06-30": "", "2006-03-31": "", "2005-12-31": "", "2005-09-30": "", "2005-06-30": "", "2005-03-31": ""}, "Pre-Paid Expenses": {"2020-12-31": "", "2020-09-30": "", "2020-06-30": "", "2020-03-31": "", "2019-12-31": "", "2019-09-30": "", "2019-06-30": "", "2019-03-31": "", "2018-12-31": "", "2018-09-30": "", "2018-06-30": "", "2018-03-31": "", "2017-12-31": "", "2017-09-30": "", "2017-06-30": "", "2017-03-31": "", "2016-12-31": "", "2016-09-30": "", "2016-06-30": "", "2016-03-31": "", "2015-12-31": "", "2015-09-30": "", "2015-06-30": "", "2015-03-31": "", "2014-12-31": "", "2014-09-30": "", "2014-06-30": "", "2014-03-31": "", "2013-12-31": "", "2013-09-30": "", "2013-06-30": "", "2013-03-31": "", "2012-12-31": "", "2012-09-30": "", "2012-06-30": "", "2012-03-31": "", "2011-12-31": "", "2011-09-30": "", "2011-06-30": "", "2011-03-31": "", "2010-12-31": "", "2010-09-30": "", "2010-06-30": "", "2010-03-31": "", "2009-12-31": "", "2009-09-30": "", "2009-06-30": "", "2009-03-31": "", "2008-12-31": "", "2008-09-30": "", "2008-06-30": "", "2008-03-31": "", "2007-12-31": "", "2007-09-30": "", "2007-06-30": "", "2007-03-31": "", "2006-12-31": "", "2006-09-30": "", "2006-06-30": "", "2006-03-31": "", "2005-12-31": "", "2005-09-30": "", "2005-06-30": "", "2005-03-31": ""}, "Other Current Assets": {"2020-12-31": "", "2020-09-30": "", "2020-06-30": "", "2020-03-31": "", "2019-12-31": "", "2019-09-30": "", "2019-06-30": "", "2019-03-31": "", "2018-12-31": "", "2018-09-30": "", "2018-06-30": "", "2018-03-31": "", "2017-12-31": "", "2017-09-30": "", "2017-06-30": "", "2017-03-31": "", "2016-12-31": "", "2016-09-30": "", "2016-06-30": "", "2016-03-31": "", "2015-12-31": "", "2015-09-30": "", "2015-06-30": "", "2015-03-31": "", "2014-12-31": "", "2014-09-30": "", "2014-06-30": "", "2014-03-31": "", "2013-12-31": "", "2013-09-30": "", "2013-06-30": "", "2013-03-31": "", "2012-12-31": "", "2012-09-30": "", "2012-06-30": "", "2012-03-31": "", "2011-12-31": "", "2011-09-30": "", "2011-06-30": "", "2011-03-31": "", "2010-12-31": "", "2010-09-30": "", "2010-06-30": "", "2010-03-31": "", "2009-12-31": "", "2009-09-30": "", "2009-06-30": "", "2009-03-31": "", "2008-12-31": "", "2008-09-30": "", "2008-06-30": "", "2008-03-31": "", "2007-12-31": "", "2007-09-30": "", "2007-06-30": "", "2007-03-31": "", "2006-12-31": "", "2006-09-30": "", "2006-06-30": "", "2006-03-31": "", "2005-12-31": "", "2005-09-30": "", "2005-06-30": "", "2005-03-31": ""}, "Total Current Assets": {"2020-12-31": "598.08600", "2020-09-30": "940.19300", "2020-06-30": "549.12900", "2020-03-31": "807.87100", "2019-12-31": "1088.85500", "2019-09-30": "1024.99400", "2019-06-30": "401.19000", "2019-03-31": "251.03000", "2018-12-31": "343.85600", "2018-09-30": "275.56200", "2018-06-30": "527.83000", "2018-03-31": "458.09900", "2017-12-31": "481.30600", "2017-09-30": "568.72600", "2017-06-30": "290.89000", "2017-03-31": "412.83500", "2016-12-31": "839.41600", "2016-09-30": "408.92000", "2016-06-30": "366.02100", "2016-03-31": "407.28700", "2015-12-31": "499.13000", "2015-09-30": "507.93300", "2015-06-30": "548.52500", "2015-03-31": "389.51300", "2014-12-31": "350.69200", "2014-09-30": "444.34300", "2014-06-30": "391.38800", "2014-03-31": "505.21900", "2013-12-31": "787.08400", "2013-09-30": "491.72300", "2013-06-30": "726.68200", "2013-03-31": "1161.65500", "2012-12-31": "636.81990", "2012-09-30": "756.53700", "2012-06-30": "858.47700", "2012-03-31": "846.61300", "2011-12-31": "718.89700", "2011-09-30": "865.22400", "2011-06-30": "885.98600", "2011-03-31": "406.15500", "2010-12-31": "425.83800", "2010-09-30": "364.68400", "2010-06-30": "397.34900", "2010-03-31": "317.73100", "2009-12-31": "362.03500", "2009-09-30": "335.86000", "2009-06-30": "351.63300", "2009-03-31": "427.56400", "2008-12-31": "411.75900", "2008-09-30": "472.66500", "2008-06-30": "588.45200", "2008-03-31": "504.39900", "2007-12-31": "434.68600", "2007-09-30": "559.28000", "2007-06-30": "417.50100", "2007-03-31": "446.51900", "2006-12-31": "329.87600", "2006-09-30": "346.60600", "2006-06-30": "378.25600", "2006-03-31": "338.50300", "2005-12-31": "467.53600", "2005-09-30": "342.08900", "2005-06-30": "364.51300", "2005-03-31": "372.54600"}, "Property, Plant, And Equipment": {"2020-12-31": "43845.17000", "2020-09-30": "42876.61000", "2020-06-30": "42647.43000", "2020-03-31": "42449.95000", "2019-12-31": "29786.75000", "2019-09-30": "29624.01000", "2019-06-30": "29809.83000", "2019-03-31": "29527.09000", "2018-12-31": "29930.31000", "2018-09-30": "29834.35000", "2018-06-30": "21271.47000", "2018-03-31": "21676.84000", "2017-12-31": "21779.30000", "2017-09-30": "21999.49000", "2017-06-30": "23474.91000", "2017-03-31": "23216.41000", "2016-12-31": "23360.96000", "2016-09-30": "23932.02000", "2016-06-30": "24035.21000", "2016-03-31": "24204.54000", "2015-12-31": "24247.08000", "2015-09-30": "24112.91000", "2015-06-30": "24387.61000", "2015-03-31": "18923.02000", "2014-12-31": "19399.36000", "2014-09-30": "16770.84000", "2014-06-30": "17133.06000", "2014-03-31": "18340.75000", "2013-12-31": "18255.48000", "2013-09-30": "19059.54000", "2013-06-30": "18475.96000", "2013-03-31": "18302.86000", "2012-12-31": "23328.46000", "2012-09-30": "24071.85000", "2012-06-30": "24166.20000", "2012-03-31": "24321.58000", "2011-12-31": "22629.63000", "2011-09-30": "23684.20000", "2011-06-30": "23984.46000", "2011-03-31": "5873.98400", "2010-12-31": "11283.96000", "2010-09-30": "5880.30400", "2010-06-30": "5769.57000", "2010-03-31": "5771.78300", "2009-12-31": "5809.27800", "2009-09-30": "5870.50500", "2009-06-30": "5893.84600", "2009-03-31": "5844.79900", "2008-12-31": "6242.14200", "2008-09-30": "6162.11100", "2008-06-30": "6735.09700", "2008-03-31": "6546.34600", "2007-12-31": "6321.71100", "2007-09-30": "5986.39100", "2007-06-30": "5843.53300", "2007-03-31": "6104.11200", "2006-12-31": "5960.99200", "2006-09-30": "6979.25300", "2006-06-30": "6720.63200", "2006-03-31": "6474.27600", "2005-12-31": "6151.59700", "2005-09-30": "6302.91900", "2005-06-30": "6072.22500", "2005-03-31": "6006.10700"}, "Long-Term Investments": {"2020-12-31": "", "2020-09-30": "", "2020-06-30": "", "2020-03-31": "", "2019-12-31": "", "2019-09-30": "", "2019-06-30": "", "2019-03-31": "", "2018-12-31": "", "2018-09-30": "", "2018-06-30": "", "2018-03-31": "", "2017-12-31": "", "2017-09-30": "", "2017-06-30": "", "2017-03-31": "", "2016-12-31": "", "2016-09-30": "", "2016-06-30": "", "2016-03-31": "", "2015-12-31": "", "2015-09-30": "", "2015-06-30": "", "2015-03-31": "", "2014-12-31": "", "2014-09-30": "", "2014-06-30": "", "2014-03-31": "", "2013-12-31": "", "2013-09-30": "", "2013-06-30": "", "2013-03-31": "", "2012-12-31": "", "2012-09-30": "", "2012-06-30": "", "2012-03-31": "", "2011-12-31": "", "2011-09-30": "", "2011-06-30": "", "2011-03-31": "", "2010-12-31": "", "2010-09-30": "", "2010-06-30": "", "2010-03-31": "", "2009-12-31": "", "2009-09-30": "", "2009-06-30": "", "2009-03-31": "", "2008-12-31": "", "2008-09-30": "", "2008-06-30": "", "2008-03-31": "", "2007-12-31": "", "2007-09-30": "", "2007-06-30": "", "2007-03-31": "", "2006-12-31": "", "2006-09-30": "", "2006-06-30": "", "2006-03-31": "", "2005-12-31": "", "2005-09-30": "", "2005-06-30": "", "2005-03-31": ""}, "Goodwill And Intangible Assets": {"2020-12-31": "", "2020-09-30": "", "2020-06-30": "", "2020-03-31": "", "2019-12-31": "", "2019-09-30": "", "2019-06-30": "", "2019-03-31": "", "2018-12-31": "", "2018-09-30": "", "2018-06-30": "", "2018-03-31": "", "2017-12-31": "", "2017-09-30": "", "2017-06-30": "", "2017-03-31": "", "2016-12-31": "", "2016-09-30": "", "2016-06-30": "", "2016-03-31": "", "2015-12-31": "", "2015-09-30": "", "2015-06-30": "", "2015-03-31": "", "2014-12-31": "", "2014-09-30": "", "2014-06-30": "", "2014-03-31": "", "2013-12-31": "", "2013-09-30": "", "2013-06-30": "", "2013-03-31": "", "2012-12-31": "", "2012-09-30": "", "2012-06-30": "", "2012-03-31": "", "2011-12-31": "", "2011-09-30": "", "2011-06-30": "", "2011-03-31": "", "2010-12-31": "", "2010-09-30": "", "2010-06-30": "", "2010-03-31": "", "2009-12-31": "", "2009-09-30": "", "2009-06-30": "", "2009-03-31": "", "2008-12-31": "", "2008-09-30": "", "2008-06-30": "", "2008-03-31": "", "2007-12-31": "", "2007-09-30": "", "2007-06-30": "", "2007-03-31": "", "2006-12-31": "", "2006-09-30": "", "2006-06-30": "", "2006-03-31": "", "2005-12-31": "", "2005-09-30": "", "2005-06-30": "", "2005-03-31": ""}, "Other Long-Term Assets": {"2020-12-31": "11621.75000", "2020-09-30": "11487.09000", "2020-06-30": "11527.49000", "2020-03-31": "11239.24000", "2019-12-31": "8669.91300", "2019-09-30": "8362.14300", "2019-06-30": "8101.12500", "2019-03-31": "8230.29100", "2018-12-31": "8143.50100", "2018-09-30": "8158.25100", "2018-06-30": "7703.58600", "2018-03-31": "7536.54300", "2017-12-31": "7220.47300", "2017-09-30": "7085.93400", "2017-06-30": "6384.59000", "2017-03-31": "6185.71100", "2016-12-31": "6049.55800", "2016-09-30": "6547.27300", "2016-06-30": "6344.70100", "2016-03-31": "6763.92400", "2015-12-31": "6648.55300", "2015-09-30": "6798.50800", "2015-06-30": "6666.26100", "2015-03-31": "6148.28700", "2014-12-31": "6024.94500", "2014-09-30": "6856.92300", "2014-06-30": "6607.11700", "2014-03-31": "5809.18200", "2013-12-31": "5529.74400", "2013-09-30": "5238.28200", "2013-06-30": "4834.93000", "2013-03-31": "4610.78200", "2012-12-31": "3344.86200", "2012-09-30": "3748.03300", "2012-06-30": "3390.89000", "2012-03-31": "3699.75600", "2011-12-31": "4375.38500", "2011-09-30": "4036.87800", "2011-06-30": "4264.05500", "2011-03-31": "1105.69300", "2010-12-31": "3192.86600", "2010-09-30": "854.97900", "2010-06-30": "871.10600", "2010-03-31": "797.60300", "2009-12-31": "645.76200", "2009-09-30": "648.28300", "2009-06-30": "620.71900", "2009-03-31": "619.40900", "2008-12-31": "622.47000", "2008-09-30": "661.38100", "2008-06-30": "579.49300", "2008-03-31": "614.83400", "2007-12-31": "482.69300", "2007-09-30": "493.12700", "2007-06-30": "473.36900", "2007-03-31": "396.16200", "2006-12-31": "402.25000", "2006-09-30": "226.82000", "2006-06-30": "213.13300", "2006-03-31": "205.88000", "2005-12-31": "158.58000", "2005-09-30": "167.05400", "2005-06-30": "162.90100", "2005-03-31": "149.26800"}, "Total Long-Term Assets": {"2020-12-31": "55466.92000", "2020-09-30": "54363.70000", "2020-06-30": "54174.93000", "2020-03-31": "53689.19000", "2019-12-31": "38456.66000", "2019-09-30": "37986.15000", "2019-06-30": "37910.96000", "2019-03-31": "37757.38000", "2018-12-31": "38073.81000", "2018-09-30": "37992.60000", "2018-06-30": "28975.05000", "2018-03-31": "29213.39000", "2017-12-31": "28999.77000", "2017-09-30": "29085.42000", "2017-06-30": "29859.50000", "2017-03-31": "29402.12000", "2016-12-31": "29410.52000", "2016-09-30": "30479.29000", "2016-06-30": "30379.91000", "2016-03-31": "30968.46000", "2015-12-31": "30895.64000", "2015-09-30": "30911.42000", "2015-06-30": "31053.87000", "2015-03-31": "25071.31000", "2014-12-31": "25424.31000", "2014-09-30": "23627.76000", "2014-06-30": "23740.17000", "2014-03-31": "24149.93000", "2013-12-31": "23785.22000", "2013-09-30": "24297.82000", "2013-06-30": "23310.88000", "2013-03-31": "22913.64000", "2012-12-31": "26673.32000", "2012-09-30": "27819.88000", "2012-06-30": "27557.09000", "2012-03-31": "28021.34000", "2011-12-31": "27005.02000", "2011-09-30": "27721.08000", "2011-06-30": "28248.52000", "2011-03-31": "7014.60800", "2010-12-31": "14476.83000", "2010-09-30": "6759.04200", "2010-06-30": "6662.64300", "2010-03-31": "6591.74000", "2009-12-31": "6479.92300", "2009-09-30": "6537.40600", "2009-06-30": "6533.61500", "2009-03-31": "6485.37100", "2008-12-31": "6889.88900", "2008-09-30": "6845.15300", "2008-06-30": "7338.34000", "2008-03-31": "7184.85500", "2007-12-31": "6827.71700", "2007-09-30": "6503.89800", "2007-06-30": "6341.76300", "2007-03-31": "6530.46400", "2006-12-31": "6383.63600", "2006-09-30": "7231.75500", "2006-06-30": "6958.11000", "2006-03-31": "6705.06000", "2005-12-31": "6335.20300", "2005-09-30": "6494.14800", "2005-06-30": "6259.85800", "2005-03-31": "6182.53800"}, "Total Assets": {"2020-12-31": "56065.00000", "2020-09-30": "55759.60000", "2020-06-30": "55221.86000", "2020-03-31": "55007.25000", "2019-12-31": "40031.85000", "2019-09-30": "39448.18000", "2019-06-30": "38706.75000", "2019-03-31": "38392.11000", "2018-12-31": "38417.66000", "2018-09-30": "38268.16000", "2018-06-30": "29502.88000", "2018-03-31": "29671.48000", "2017-12-31": "29481.07000", "2017-09-30": "29654.15000", "2017-06-30": "30150.39000", "2017-03-31": "29814.96000", "2016-12-31": "30249.93000", "2016-09-30": "30888.21000", "2016-06-30": "30745.93000", "2016-03-31": "31375.75000", "2015-12-31": "31394.77000", "2015-09-30": "31419.35000", "2015-06-30": "31602.40000", "2015-03-31": "25460.82000", "2014-12-31": "25775.00000", "2014-09-30": "24072.10000", "2014-06-30": "24131.56000", "2014-03-31": "24655.15000", "2013-12-31": "24572.31000", "2013-09-30": "24789.54000", "2013-06-30": "24037.57000", "2013-03-31": "24075.30000", "2012-12-31": "27310.14000", "2012-09-30": "28576.42000", "2012-06-30": "28415.56000", "2012-03-31": "28867.95000", "2011-12-31": "27723.91000", "2011-09-30": "28586.30000", "2011-06-30": "29134.51000", "2011-03-31": "7420.76300", "2010-12-31": "14902.67000", "2010-09-30": "7123.72600", "2010-06-30": "7059.99200", "2010-03-31": "6909.47100", "2009-12-31": "6841.95800", "2009-09-30": "6873.26600", "2009-06-30": "6885.24800", "2009-03-31": "6912.93500", "2008-12-31": "7301.64800", "2008-09-30": "7317.81800", "2008-06-30": "7926.79200", "2008-03-31": "7689.25400", "2007-12-31": "7262.40300", "2007-09-30": "7063.17800", "2007-06-30": "6759.26400", "2007-03-31": "6976.98300", "2006-12-31": "6713.51200", "2006-09-30": "7578.36100", "2006-06-30": "7336.36600", "2006-03-31": "7043.56300", "2005-12-31": "6802.73900", "2005-09-30": "6836.23700", "2005-06-30": "6624.37100", "2005-03-31": "6555.08400"}, "Total Current Liabilities": {"2020-12-31": "2891.34900", "2020-09-30": "1119.12400", "2020-06-30": "1140.56900", "2020-03-31": "888.34100", "2019-12-31": "704.95400", "2019-09-30": "808.89800", "2019-06-30": "740.94100", "2019-03-31": "695.76100", "2018-12-31": "760.51500", "2018-09-30": "873.41200", "2018-06-30": "719.67900", "2018-03-31": "692.85300", "2017-12-31": "702.80400", "2017-09-30": "707.04900", "2017-06-30": "554.77500", "2017-03-31": "549.83600", "2016-12-31": "556.17900", "2016-09-30": "672.11100", "2016-06-30": "627.44100", "2016-03-31": "698.67800", "2015-12-31": "712.72500", "2015-09-30": "697.86000", "2015-06-30": "537.43200", "2015-03-31": "459.84500", "2014-12-31": "627.99900", "2014-09-30": "556.96500", "2014-06-30": "615.84900", "2014-03-31": "572.75400", "2013-12-31": "563.99300", "2013-09-30": "692.24100", "2013-06-30": "651.08100", "2013-03-31": "589.03400", "2012-12-31": "611.77000", "2012-09-30": "625.87300", "2012-06-30": "600.01900", "2012-03-31": "674.08400", "2011-12-31": "639.49000", "2011-09-30": "633.04400", "2011-06-30": "702.37800", "2011-03-31": "234.86900", "2010-12-31": "388.53600", "2010-09-30": "249.38600", "2010-06-30": "241.13300", "2010-03-31": "246.15900", "2009-12-31": "238.71800", "2009-09-30": "253.31100", "2009-06-30": "255.00400", "2009-03-31": "280.66600", "2008-12-31": "282.77100", "2008-09-30": "297.17800", "2008-06-30": "270.65100", "2008-03-31": "219.29400", "2007-12-31": "210.44700", "2007-09-30": "238.88600", "2007-06-30": "184.03600", "2007-03-31": "192.59800", "2006-12-31": "186.80700", "2006-09-30": "206.20000", "2006-06-30": "162.93000", "2006-03-31": "154.89400", "2005-12-31": "170.30700", "2005-09-30": "173.45000", "2005-06-30": "160.47400", "2005-03-31": "175.21700"}, "Long Term Debt": {"2020-12-31": "16849.08000", "2020-09-30": "16518.13000", "2020-06-30": "15666.87000", "2020-03-31": "15676.59000", "2019-12-31": "11905.88000", "2019-09-30": "11459.22000", "2019-06-30": "10968.32000", "2019-03-31": "10706.14000", "2018-12-31": "11089.82000", "2018-09-30": "11232.13000", "2018-06-30": "9427.12400", "2018-03-31": "9460.17700", "2017-12-31": "9412.63100", "2017-09-30": "9721.06500", "2017-06-30": "11081.92000", "2017-03-31": "10966.93000", "2016-12-31": "10608.29000", "2016-09-30": "11257.00000", "2016-06-30": "11139.42000", "2016-03-31": "11687.17000", "2015-12-31": "11626.83000", "2015-09-30": "11934.36000", "2015-06-30": "12121.30000", "2015-03-31": "8641.42100", "2014-12-31": "9336.97700", "2014-09-30": "8822.95200", "2014-06-30": "8529.45300", "2014-03-31": "8870.63500", "2013-12-31": "9011.21600", "2013-09-30": "9119.31700", "2013-06-30": "8417.31000", "2013-03-31": "9074.12300", "2012-12-31": "11790.79000", "2012-09-30": "12578.06000", "2012-06-30": "12433.58000", "2012-03-31": "12380.92000", "2011-12-31": "11382.41000", "2011-09-30": "12147.28000", "2011-06-30": "12119.95000", "2011-03-31": "3426.05100", "2010-12-31": "6506.02900", "2010-09-30": "3066.90700", "2010-06-30": "2994.65500", "2010-03-31": "3313.72000", "2009-12-31": "3212.59600", "2009-09-30": "3172.00100", "2009-06-30": "3242.28600", "2009-03-31": "3232.71400", "2008-12-31": "3990.18500", "2008-09-30": "3758.22300", "2008-06-30": "4119.67500", "2008-03-31": "3986.17400", "2007-12-31": "3494.84400", "2007-09-30": "3330.79600", "2007-06-30": "3045.49400", "2007-03-31": "3266.51700", "2006-12-31": "3437.41500", "2006-09-30": "3982.99800", "2006-06-30": "3873.88600", "2006-03-31": "3666.39500", "2005-12-31": "3401.56100", "2005-09-30": "3551.88600", "2005-06-30": "3405.90800", "2005-03-31": "3351.12700"}, "Other Non-Current Liabilities": {"2020-12-31": "", "2020-09-30": "1184.50700", "2020-06-30": "1179.65700", "2020-03-31": "1168.33200", "2019-12-31": "877.60100", "2019-09-30": "812.36490", "2019-06-30": "816.88600", "2019-03-31": "773.81000", "2018-12-31": "766.44600", "2018-09-30": "724.96600", "2018-06-30": "629.57600", "2018-03-31": "730.33500", "2017-12-31": "659.89900", "2017-09-30": "666.78000", "2017-06-30": "653.46000", "2017-03-31": "629.76900", "2016-12-31": "627.31900", "2016-09-30": "675.83100", "2016-06-30": "696.04400", "2016-03-31": "649.27500", "2015-12-31": "634.37500", "2015-09-30": "602.16800", "2015-06-30": "589.63600", "2015-03-31": "566.74800", "2014-12-31": "626.42600", "2014-09-30": "555.43700", "2014-06-30": "709.41000", "2014-03-31": "718.51600", "2013-12-31": "820.64500", "2013-09-30": "714.46300", "2013-06-30": "646.67500", "2013-03-31": "719.10900", "2012-12-31": "1134.24500", "2012-09-30": "1197.96800", "2012-06-30": "1212.39200", "2012-03-31": "1262.28800", "2011-12-31": "1246.54000", "2011-09-30": "1204.01700", "2011-06-30": "1241.93100", "2011-03-31": "59.75000", "2010-12-31": "487.74700", "2010-09-30": "108.41400", "2010-06-30": "104.89400", "2010-03-31": "98.49700", "2009-12-31": "99.32400", "2009-09-30": "97.77400", "2009-06-30": "96.04500", "2009-03-31": "94.24200", "2008-12-31": "62.48800", "2008-09-30": "113.87200", "2008-06-30": "113.38900", "2008-03-31": "102.68400", "2007-12-31": "95.74900", "2007-09-30": "94.14800", "2007-06-30": "94.88500", "2007-03-31": "94.77400", "2006-12-31": "85.07300", "2006-09-30": "91.15800", "2006-06-30": "91.29300", "2006-03-31": "94.25500", "2005-12-31": "93.43700", "2005-09-30": "88.97500", "2005-06-30": "82.47000", "2005-03-31": "82.94200"}, "Total Long Term Liabilities": {"2020-12-31": "16849.08000", "2020-09-30": "17702.63000", "2020-06-30": "16846.53000", "2020-03-31": "16844.92000", "2019-12-31": "12783.48000", "2019-09-30": "12271.59000", "2019-06-30": "11785.21000", "2019-03-31": "11479.95000", "2018-12-31": "11856.26000", "2018-09-30": "11957.09000", "2018-06-30": "10056.70000", "2018-03-31": "10190.51000", "2017-12-31": "10072.53000", "2017-09-30": "10387.85000", "2017-06-30": "11735.38000", "2017-03-31": "11596.70000", "2016-12-31": "11235.61000", "2016-09-30": "11932.83000", "2016-06-30": "11835.46000", "2016-03-31": "12336.45000", "2015-12-31": "12261.21000", "2015-09-30": "12536.52000", "2015-06-30": "12710.94000", "2015-03-31": "9208.16900", "2014-12-31": "9963.40200", "2014-09-30": "9378.38900", "2014-06-30": "9238.86300", "2014-03-31": "9589.15000", "2013-12-31": "9831.86100", "2013-09-30": "9833.78000", "2013-06-30": "9063.98400", "2013-03-31": "10275.73000", "2012-12-31": "12925.04000", "2012-09-30": "13776.03000", "2012-06-30": "13645.98000", "2012-03-31": "13643.21000", "2011-12-31": "12628.95000", "2011-09-30": "13351.29000", "2011-06-30": "13361.88000", "2011-03-31": "3485.80100", "2010-12-31": "6993.77600", "2010-09-30": "3175.32100", "2010-06-30": "3099.54900", "2010-03-31": "3412.21700", "2009-12-31": "3311.92000", "2009-09-30": "3269.77500", "2009-06-30": "3338.33100", "2009-03-31": "3326.95600", "2008-12-31": "4052.67300", "2008-09-30": "4324.35300", "2008-06-30": "4943.54600", "2008-03-31": "4779.12600", "2007-12-31": "4288.00400", "2007-09-30": "4123.22600", "2007-06-30": "3863.14300", "2007-03-31": "4161.01700", "2006-12-31": "4360.04800", "2006-09-30": "5311.63900", "2006-06-30": "5195.29100", "2006-03-31": "4949.26700", "2005-12-31": "4716.13300", "2005-09-30": "4939.22000", "2005-06-30": "4762.88400", "2005-03-31": "4686.01200"}, "Total Liabilities": {"2020-12-31": "19740.43000", "2020-09-30": "19270.29000", "2020-06-30": "18475.65000", "2020-03-31": "18231.38000", "2019-12-31": "13960.07000", "2019-09-30": "13512.61000", "2019-06-30": "12929.32000", "2019-03-31": "12568.05000", "2018-12-31": "12616.78000", "2018-09-30": "12830.51000", "2018-06-30": "10776.38000", "2018-03-31": "10883.37000", "2017-12-31": "10775.33000", "2017-09-30": "11094.89000", "2017-06-30": "12290.16000", "2017-03-31": "12146.54000", "2016-12-31": "11791.79000", "2016-09-30": "12604.94000", "2016-06-30": "12462.90000", "2016-03-31": "13035.12000", "2015-12-31": "12973.93000", "2015-09-30": "13234.38000", "2015-06-30": "13248.37000", "2015-03-31": "9668.01400", "2014-12-31": "10591.40000", "2014-09-30": "9935.35400", "2014-06-30": "9854.71200", "2014-03-31": "10161.91000", "2013-12-31": "10395.85000", "2013-09-30": "10526.02000", "2013-06-30": "9715.06600", "2013-03-31": "10864.77000", "2012-12-31": "13536.81000", "2012-09-30": "14401.90000", "2012-06-30": "14246.00000", "2012-03-31": "14317.29000", "2011-12-31": "13268.44000", "2011-09-30": "13984.34000", "2011-06-30": "14064.26000", "2011-03-31": "3720.67000", "2010-12-31": "7382.31200", "2010-09-30": "3424.70700", "2010-06-30": "3340.68200", "2010-03-31": "3658.37600", "2009-12-31": "3550.63800", "2009-09-30": "3523.08600", "2009-06-30": "3593.33500", "2009-03-31": "3607.62200", "2008-12-31": "4335.44400", "2008-09-30": "4621.53100", "2008-06-30": "5214.19700", "2008-03-31": "4998.42000", "2007-12-31": "4498.45100", "2007-09-30": "4362.11200", "2007-06-30": "4047.17900", "2007-03-31": "4353.61500", "2006-12-31": "4546.85500", "2006-09-30": "5517.83900", "2006-06-30": "5358.22100", "2006-03-31": "5104.16100", "2005-12-31": "4886.44000", "2005-09-30": "5112.67000", "2005-06-30": "4923.35800", "2005-03-31": "4861.22900"}, "Common Stock Net": {"2020-12-31": "", "2020-09-30": "7.39000", "2020-06-30": "7.38700", "2020-03-31": "7.38600", "2019-12-31": "6.31800", "2019-09-30": "6.31700", "2019-06-30": "6.31100", "2019-03-31": "6.30700", "2018-12-31": "6.29600", "2018-09-30": "6.29500", "2018-06-30": "5.33300", "2018-03-31": "5.33100", "2017-12-31": "5.32200", "2017-09-30": "5.32100", "2017-06-30": "5.31300", "2017-03-31": "5.30200", "2016-12-31": "5.28700", "2016-09-30": "5.28600", "2016-06-30": "5.26500", "2016-03-31": "5.25100", "2015-12-31": "5.24500", "2015-09-30": "5.24200", "2015-06-30": "5.24100", "2015-03-31": "5.24000", "2014-12-31": "5.09500", "2014-09-30": "5.00000", "2014-06-30": "4.99800", "2014-03-31": "4.99700", "2013-12-31": "4.98800", "2013-09-30": "4.98600", "2013-06-30": "4.98600", "2013-03-31": "4.62400", "2012-12-31": "4.61800", "2012-09-30": "4.60900", "2012-06-30": "4.60600", "2012-03-31": "4.60400", "2011-12-31": "4.59400", "2011-09-30": "4.59100", "2011-06-30": "4.58900", "2011-03-31": "1.69200", "2010-12-31": "2.54500", "2010-09-30": "1.68000", "2010-06-30": "1.68000", "2010-03-31": "1.49600", "2009-12-31": "1.48900", "2009-09-30": "1.45900", "2009-06-30": "1.45900", "2009-03-31": "1.45900", "2008-12-31": "0.98100", "2008-09-30": "0.98000", "2008-06-30": "0.97700", "2008-03-31": "0.97600", "2007-12-31": "0.99000", "2007-09-30": "0.98800", "2007-06-30": "0.99500", "2007-03-31": "0.99100", "2006-12-31": "0.89500", "2006-09-30": "0.89100", "2006-06-30": "0.88000", "2006-03-31": "0.87400", "2005-12-31": "0.85700", "2005-09-30": "0.85300", "2005-06-30": "0.84100", "2005-03-31": "0.83900"}, "Retained Earnings (Accumulated Deficit)": {"2020-12-31": "", "2020-09-30": "-2245.92100", "2020-06-30": "-2115.67900", "2020-03-31": "-2090.88100", "2019-12-31": "-2151.16800", "2019-09-30": "-2201.46100", "2019-06-30": "-2317.00800", "2019-03-31": "-2366.01500", "2018-12-31": "-2378.46700", "2018-09-30": "-2672.73600", "2018-06-30": "-2716.24100", "2018-03-31": "-2794.77000", "2017-12-31": "-2904.46100", "2017-09-30": "-2965.82800", "2017-06-30": "-3607.25300", "2017-03-31": "-3640.15000", "2016-12-31": "-3610.00700", "2016-09-30": "-3828.13200", "2016-06-30": "-3885.01700", "2016-03-31": "-3939.31200", "2015-12-31": "-3926.48300", "2015-09-30": "-3825.67300", "2015-06-30": "-3870.80800", "2015-03-31": "-3819.35100", "2014-12-31": "-3974.49300", "2014-09-30": "-4214.22400", "2014-06-30": "-4188.61100", "2014-03-31": "-4094.68900", "2013-12-31": "-3932.66400", "2013-09-30": "-3852.84600", "2013-06-30": "-3704.03400", "2013-03-31": "-3561.42900", "2012-12-31": "-3696.09300", "2012-09-30": "-3335.75700", "2012-06-30": "-3159.46200", "2012-03-31": "-3019.82900", "2011-12-31": "-3092.16200", "2011-09-30": "-2916.99700", "2011-06-30": "-2842.84200", "2011-03-31": "-9.51900", "2010-12-31": "-2515.72200", "2010-09-30": "-22.89700", "2010-06-30": "-29.87200", "2010-03-31": "-33.11100", "2009-12-31": "-29.00800", "2009-09-30": "-14.87100", "2009-06-30": "-78.05900", "2009-03-31": "-95.48100", "2008-12-31": "29.79900", "2008-09-30": "228.23300", "2008-06-30": "255.06600", "2008-03-31": "232.85900", "2007-12-31": "244.68800", "2007-09-30": "200.98100", "2007-06-30": "181.21500", "2007-03-31": "119.59300", "2006-12-31": "147.27400", "2006-09-30": "104.78900", "2006-06-30": "115.87300", "2006-03-31": "84.07000", "2005-12-31": "101.12400", "2005-09-30": "", "2005-06-30": "9.99200", "2005-03-31": "8.04000"}, "Comprehensive Income": {"2020-12-31": "", "2020-09-30": "-1184.46500", "2020-06-30": "-1142.12900", "2020-03-31": "-1142.35200", "2019-12-31": "-990.39800", "2019-09-30": "-1050.24600", "2019-06-30": "-1079.10900", "2019-03-31": "-1029.20600", "2018-12-31": "-1084.67100", "2018-09-30": "-1046.56500", "2018-06-30": "-1041.48600", "2018-03-31": "-903.34300", "2017-12-31": "-901.65800", "2017-09-30": "-924.62000", "2017-06-30": "-934.19600", "2017-03-31": "-943.28200", "2016-12-31": "-937.47300", "2016-09-30": "-889.22300", "2016-06-30": "-848.07900", "2016-03-31": "-813.90000", "2015-12-31": "-791.42900", "2015-09-30": "-776.57000", "2015-06-30": "-631.26500", "2015-03-31": "-701.71300", "2014-12-31": "-600.33700", "2014-09-30": "-510.66100", "2014-06-30": "-385.24800", "2014-03-31": "-444.59400", "2013-12-31": "-435.67500", "2013-09-30": "-451.65800", "2013-06-30": "-541.35500", "2013-03-31": "-503.78600", "2012-12-31": "-233.56300", "2012-09-30": "-165.10000", "2012-06-30": "-333.81100", "2012-03-31": "-219.57400", "2011-12-31": "-182.32100", "2011-09-30": "-102.54600", "2011-06-30": "225.36400", "2011-03-31": "52.55400", "2010-12-31": "-3.16000", "2010-09-30": "28.35200", "2010-06-30": "13.33600", "2010-03-31": "2.70900", "2009-12-31": "3.81600", "2009-09-30": "15.33400", "2009-06-30": "-10.50300", "2009-03-31": "-15.26500", "2008-12-31": "22.04300", "2008-09-30": "10.70400", "2008-06-30": "30.89300", "2008-03-31": "37.49200", "2007-12-31": "11.32100", "2007-09-30": "6.04000", "2007-06-30": "-2.06800", "2007-03-31": "-1.43800", "2006-12-31": "-1.77800", "2006-09-30": "-2.15500", "2006-06-30": "0.37300", "2006-03-31": "-1.40500", "2005-12-31": "-2.41600", "2005-09-30": "-2.29700", "2005-06-30": "-4.39700", "2005-03-31": "-2.23800"}, "Other Share Holders Equity": {"2020-12-31": "", "2020-09-30": "", "2020-06-30": "", "2020-03-31": "", "2019-12-31": "", "2019-09-30": "", "2019-06-30": "", "2019-03-31": "", "2018-12-31": "", "2018-09-30": "", "2018-06-30": "", "2018-03-31": "", "2017-12-31": "", "2017-09-30": "", "2017-06-30": "", "2017-03-31": "", "2016-12-31": "", "2016-09-30": "", "2016-06-30": "", "2016-03-31": "", "2015-12-31": "", "2015-09-30": "", "2015-06-30": "", "2015-03-31": "", "2014-12-31": "", "2014-09-30": "", "2014-06-30": "", "2014-03-31": "", "2013-12-31": "", "2013-09-30": "", "2013-06-30": "", "2013-03-31": "", "2012-12-31": "", "2012-09-30": "", "2012-06-30": "", "2012-03-31": "", "2011-12-31": "", "2011-09-30": "", "2011-06-30": "", "2011-03-31": "", "2010-12-31": "", "2010-09-30": "", "2010-06-30": "", "2010-03-31": "", "2009-12-31": "", "2009-09-30": "", "2009-06-30": "", "2009-03-31": "", "2008-12-31": "", "2008-09-30": "", "2008-06-30": "", "2008-03-31": "", "2007-12-31": "", "2007-09-30": "", "2007-06-30": "", "2007-03-31": "", "2006-12-31": "", "2006-09-30": "", "2006-06-30": "", "2006-03-31": "", "2005-12-31": "", "2005-09-30": "", "2005-06-30": "", "2005-03-31": ""}, "Share Holder Equity": {"2020-12-31": "36324.58000", "2020-09-30": "36489.31000", "2020-06-30": "36746.21000", "2020-03-31": "36775.87000", "2019-12-31": "26071.78000", "2019-09-30": "25935.58000", "2019-06-30": "25777.43000", "2019-03-31": "25824.06000", "2018-12-31": "25800.89000", "2018-09-30": "25437.65000", "2018-06-30": "18726.50000", "2018-03-31": "18788.12000", "2017-12-31": "18705.74000", "2017-09-30": "18559.26000", "2017-06-30": "17860.24000", "2017-03-31": "17668.42000", "2016-12-31": "18458.14000", "2016-09-30": "18283.27000", "2016-06-30": "18283.03000", "2016-03-31": "18340.62000", "2015-12-31": "18420.84000", "2015-09-30": "18184.97000", "2015-06-30": "18354.02000", "2015-03-31": "15792.81000", "2014-12-31": "15183.60000", "2014-09-30": "14136.75000", "2014-06-30": "14276.85000", "2014-03-31": "14493.24000", "2013-12-31": "14176.45000", "2013-09-30": "14263.52000", "2013-06-30": "14322.50000", "2013-03-31": "13210.53000", "2012-12-31": "13773.34000", "2012-09-30": "14174.52000", "2012-06-30": "14169.57000", "2012-03-31": "14550.66000", "2011-12-31": "14455.47000", "2011-09-30": "14601.97000", "2011-06-30": "15070.25000", "2011-03-31": "3700.09300", "2010-12-31": "7520.35500", "2010-09-30": "3699.01900", "2010-06-30": "3719.31000", "2010-03-31": "3251.09500", "2009-12-31": "3291.32000", "2009-09-30": "3350.18000", "2009-06-30": "3291.91300", "2009-03-31": "3305.31300", "2008-12-31": "2966.20400", "2008-09-30": "2696.28700", "2008-06-30": "2712.59500", "2008-03-31": "2690.83400", "2007-12-31": "2763.95200", "2007-09-30": "2701.06600", "2007-06-30": "2712.08500", "2007-03-31": "2623.36800", "2006-12-31": "2166.65700", "2006-09-30": "2060.52200", "2006-06-30": "1978.14500", "2006-03-31": "1939.40200", "2005-12-31": "1916.29900", "2005-09-30": "1723.56700", "2005-06-30": "1701.01300", "2005-03-31": "1693.85500"}, "Total Liabilities And Share Holders Equity": {"2020-12-31": "56065.00000", "2020-09-30": "55759.60000", "2020-06-30": "55221.86000", "2020-03-31": "55007.25000", "2019-12-31": "40031.85000", "2019-09-30": "39448.18000", "2019-06-30": "38706.75000", "2019-03-31": "38392.11000", "2018-12-31": "38417.66000", "2018-09-30": "38268.16000", "2018-06-30": "29502.88000", "2018-03-31": "29671.48000", "2017-12-31": "29481.07000", "2017-09-30": "29654.15000", "2017-06-30": "30150.39000", "2017-03-31": "29814.96000", "2016-12-31": "30249.93000", "2016-09-30": "30888.21000", "2016-06-30": "30745.93000", "2016-03-31": "31375.75000", "2015-12-31": "31394.77000", "2015-09-30": "31419.35000", "2015-06-30": "31602.40000", "2015-03-31": "25460.82000", "2014-12-31": "25775.00000", "2014-09-30": "24072.10000", "2014-06-30": "24131.56000", "2014-03-31": "24655.15000", "2013-12-31": "24572.31000", "2013-09-30": "24789.54000", "2013-06-30": "24037.57000", "2013-03-31": "24075.30000", "2012-12-31": "27310.14000", "2012-09-30": "28576.42000", "2012-06-30": "28415.56000", "2012-03-31": "28867.95000", "2011-12-31": "27723.91000", "2011-09-30": "28586.30000", "2011-06-30": "29134.51000", "2011-03-31": "7420.76300", "2010-12-31": "14902.67000", "2010-09-30": "7123.72600", "2010-06-30": "7059.99200", "2010-03-31": "6909.47100", "2009-12-31": "6841.95800", "2009-09-30": "6873.26600", "2009-06-30": "6885.24800", "2009-03-31": "6912.93500", "2008-12-31": "7301.64800", "2008-09-30": "7317.81800", "2008-06-30": "7926.79200", "2008-03-31": "7689.25400", "2007-12-31": "7262.40300", "2007-09-30": "7063.17800", "2007-06-30": "6759.26400", "2007-03-31": "6976.98300", "2006-12-31": "6713.51200", "2006-09-30": "7578.36100", "2006-06-30": "7336.36600", "2006-03-31": "7043.56300", "2005-12-31": "6802.73900", "2005-09-30": "6836.23700", "2005-06-30": "6624.37100", "2005-03-31": "6555.08400"}}, "cash flow statement": {"Net Income/Loss": {"2020-12-31": "0.00000", "2019-12-31": "1701.84600", "2018-12-31": "1822.96000", "2017-12-31": "1760.95900", "2016-12-31": "1292.54000", "2015-12-31": "925.51500", "2014-12-31": "739.28400", "2013-12-31": "353.04900", "2012-12-31": "-30.47200", "2011-12-31": "-157.93800", "2010-12-31": "-1270.45300", "2009-12-31": "23.92900", "2008-12-31": "-6.75000", "2007-12-31": "371.71600", "2006-12-31": "224.07200", "2005-12-31": "257.80700"}, "Total Depreciation And Amortization - Cash Flow": {"2020-12-31": "", "2019-12-31": "1058.45900", "2018-12-31": "892.92900", "2017-12-31": "798.87000", "2016-12-31": "822.24000", "2015-12-31": "848.53200", "2014-12-31": "620.74500", "2013-12-31": "627.28600", "2012-12-31": "767.45900", "2011-12-31": "544.50000", "2010-12-31": "395.24900", "2009-12-31": "387.43100", "2008-12-31": "159.64300", "2007-12-31": "148.00500", "2006-12-31": "164.64100", "2005-12-31": "144.11800"}, "Other Non-Cash Items": {"2020-12-31": "", "2019-12-31": "-503.32500", "2018-12-31": "-869.50000", "2017-12-31": "-946.23500", "2016-12-31": "-617.95100", "2015-12-31": "-597.39700", "2014-12-31": "-414.58200", "2013-12-31": "-402.31400", "2012-12-31": "-89.18500", "2011-12-31": "7.50800", "2010-12-31": "1128.12300", "2009-12-31": "-180.69000", "2008-12-31": "128.14000", "2007-12-31": "-223.99300", "2006-12-31": "-73.10300", "2005-12-31": "-78.80400"}, "Total Non-Cash Items": {"2020-12-31": "", "2019-12-31": "555.13390", "2018-12-31": "23.42900", "2017-12-31": "-147.36500", "2016-12-31": "204.28900", "2015-12-31": "251.13490", "2014-12-31": "206.16310", "2013-12-31": "224.97200", "2012-12-31": "678.27400", "2011-12-31": "552.00810", "2010-12-31": "1523.37200", "2009-12-31": "206.74100", "2008-12-31": "287.78300", "2007-12-31": "-75.98800", "2006-12-31": "91.53800", "2005-12-31": "65.31400"}, "Change In Accounts Receivable": {"2020-12-31": "", "2019-12-31": "-108.16500", "2018-12-31": "-72.95500", "2017-12-31": "37.27800", "2016-12-31": "-106.33700", "2015-12-31": "-64.74900", "2014-12-31": "-0.09300", "2013-12-31": "-12.91200", "2012-12-31": "-178.38700", "2011-12-31": "-40.09500", "2010-12-31": "", "2009-12-31": "", "2008-12-31": "27.77600", "2007-12-31": "-82.28800", "2006-12-31": "3.27600", "2005-12-31": "-42.37900"}, "Change In Inventories": {"2020-12-31": "", "2019-12-31": "", "2018-12-31": "", "2017-12-31": "", "2016-12-31": "", "2015-12-31": "", "2014-12-31": "", "2013-12-31": "", "2012-12-31": "", "2011-12-31": "", "2010-12-31": "", "2009-12-31": "", "2008-12-31": "", "2007-12-31": "", "2006-12-31": "", "2005-12-31": ""}, "Change In Accounts Payable": {"2020-12-31": "", "2019-12-31": "", "2018-12-31": "", "2017-12-31": "", "2016-12-31": "", "2015-12-31": "", "2014-12-31": "", "2013-12-31": "", "2012-12-31": "", "2011-12-31": "", "2010-12-31": "", "2009-12-31": "", "2008-12-31": "", "2007-12-31": "", "2006-12-31": "", "2005-12-31": ""}, "Change In Assets/Liabilities": {"2020-12-31": "", "2019-12-31": "", "2018-12-31": "", "2017-12-31": "", "2016-12-31": "", "2015-12-31": "", "2014-12-31": "", "2013-12-31": "", "2012-12-31": "", "2011-12-31": "", "2010-12-31": "63.70100", "2009-12-31": "102.51000", "2008-12-31": "", "2007-12-31": "", "2006-12-31": "", "2005-12-31": ""}, "Total Change In Assets/Liabilities": {"2020-12-31": "", "2019-12-31": "7.05400", "2018-12-31": "-42.83000", "2017-12-31": "73.65200", "2016-12-31": "-79.82400", "2015-12-31": "-60.32300", "2014-12-31": "-50.97400", "2013-12-31": "-93.03200", "2012-12-31": "-184.31000", "2011-12-31": "-187.00600", "2010-12-31": "-12.13600", "2009-12-31": "-141.57500", "2008-12-31": "21.58100", "2007-12-31": "-55.18500", "2006-12-31": "20.24500", "2005-12-31": "-27.30600"}, "Cash Flow From Operating Activities": {"2020-12-31": "", "2019-12-31": "2264.03400", "2018-12-31": "1803.55900", "2017-12-31": "1687.24600", "2016-12-31": "1417.00500", "2015-12-31": "1116.32700", "2014-12-31": "894.47300", "2013-12-31": "484.98900", "2012-12-31": "463.49200", "2011-12-31": "207.06400", "2010-12-31": "240.78300", "2009-12-31": "89.09500", "2008-12-31": "302.61400", "2007-12-31": "240.54300", "2006-12-31": "335.85500", "2005-12-31": "295.81500"}, "Net Change In Property, Plant, And Equipment": {"2020-12-31": "", "2019-12-31": "-791.86010", "2018-12-31": "-869.82810", "2017-12-31": "923.88400", "2016-12-31": "458.72190", "2015-12-31": "327.24710", "2014-12-31": "396.37110", "2013-12-31": "3814.01800", "2012-12-31": "713.10300", "2011-12-31": "474.28800", "2010-12-31": "1099.05600", "2009-12-31": "202.39400", "2008-12-31": "-1020.81900", "2007-12-31": "-1300.65100", "2006-12-31": "-1033.94100", "2005-12-31": "-662.56100"}, "Net Change In Intangible Assets": {"2020-12-31": "", "2019-12-31": "", "2018-12-31": "", "2017-12-31": "", "2016-12-31": "", "2015-12-31": "", "2014-12-31": "", "2013-12-31": "", "2012-12-31": "", "2011-12-31": "", "2010-12-31": "", "2009-12-31": "", "2008-12-31": "", "2007-12-31": "", "2006-12-31": "", "2005-12-31": ""}, "Net Acquisitions/Divestitures": {"2020-12-31": "", "2019-12-31": "", "2018-12-31": "-45.87000", "2017-12-31": "-374.60500", "2016-12-31": "", "2015-12-31": "-4809.49900", "2014-12-31": "", "2013-12-31": "", "2012-12-31": "-365.15600", "2011-12-31": "-791.20600", "2010-12-31": "", "2009-12-31": "", "2008-12-31": "226.09300", "2007-12-31": "767.37900", "2006-12-31": "164.40300", "2005-12-31": "664.65000"}, "Net Change In Short-term Investments": {"2020-12-31": "", "2019-12-31": "", "2018-12-31": "", "2017-12-31": "", "2016-12-31": "", "2015-12-31": "", "2014-12-31": "", "2013-12-31": "", "2012-12-31": "", "2011-12-31": "", "2010-12-31": "", "2009-12-31": "", "2008-12-31": "", "2007-12-31": "", "2006-12-31": "", "2005-12-31": ""}, "Net Change In Long-Term Investments": {"2020-12-31": "", "2019-12-31": "-276.16900", "2018-12-31": "-160.35800", "2017-12-31": "-249.73500", "2016-12-31": "-265.95100", "2015-12-31": "-474.42000", "2014-12-31": "-1346.80600", "2013-12-31": "-1899.79700", "2012-12-31": "-165.01100", "2011-12-31": "-37.75500", "2010-12-31": "-335.39600", "2009-12-31": "944.08200", "2008-12-31": "-112.59700", "2007-12-31": "-54.33400", "2006-12-31": "-18.96900", "2005-12-31": "-74.06900"}, "Net Change In Investments - Total": {"2020-12-31": "", "2019-12-31": "-276.16900", "2018-12-31": "-160.35800", "2017-12-31": "-249.73500", "2016-12-31": "-265.95100", "2015-12-31": "-474.42000", "2014-12-31": "-1346.80600", "2013-12-31": "-1899.79700", "2012-12-31": "-165.01100", "2011-12-31": "-37.75500", "2010-12-31": "-335.39600", "2009-12-31": "944.08200", "2008-12-31": "-112.59700", "2007-12-31": "-54.33400", "2006-12-31": "-18.96900", "2005-12-31": "-74.06900"}, "Investing Activities - Other": {"2020-12-31": "", "2019-12-31": "382.67900", "2018-12-31": "412.26000", "2017-12-31": "243.73400", "2016-12-31": "1059.26700", "2015-12-31": "167.44000", "2014-12-31": "285.17400", "2013-12-31": "419.70100", "2012-12-31": "346.67900", "2011-12-31": "121.60800", "2010-12-31": "-30.36500", "2009-12-31": "88.80100", "2008-12-31": "25.55500", "2007-12-31": "-44.63400", "2006-12-31": "7.94700", "2005-12-31": "11.57300"}, "Cash Flow From Investing Activities": {"2020-12-31": "", "2019-12-31": "-685.35000", "2018-12-31": "-663.79600", "2017-12-31": "543.27800", "2016-12-31": "1252.03800", "2015-12-31": "-4789.23200", "2014-12-31": "-665.26100", "2013-12-31": "2333.92200", "2012-12-31": "529.61500", "2011-12-31": "-233.06500", "2010-12-31": "733.29500", "2009-12-31": "1235.27700", "2008-12-31": "-881.76800", "2007-12-31": "-632.24000", "2006-12-31": "-880.56000", "2005-12-31": "-60.40700"}, "Net Long-Term Debt": {"2020-12-31": "", "2019-12-31": "802.69510", "2018-12-31": "59.03320", "2017-12-31": "-875.83690", "2016-12-31": "-898.32190", "2015-12-31": "2217.59800", "2014-12-31": "-143.22510", "2013-12-31": "-2516.82500", "2012-12-31": "-408.38100", "2011-12-31": "-608.38200", "2010-12-31": "-1747.95900", "2009-12-31": "-2529.77400", "2008-12-31": "949.97710", "2007-12-31": "395.80100", "2006-12-31": "644.93900", "2005-12-31": "206.12810"}, "Net Current Debt": {"2020-12-31": "", "2019-12-31": "", "2018-12-31": "", "2017-12-31": "", "2016-12-31": "", "2015-12-31": "", "2014-12-31": "", "2013-12-31": "", "2012-12-31": "", "2011-12-31": "", "2010-12-31": "", "2009-12-31": "", "2008-12-31": "", "2007-12-31": "", "2006-12-31": "", "2005-12-31": ""}, "Debt Issuance/Retirement Net - Total": {"2020-12-31": "", "2019-12-31": "802.69510", "2018-12-31": "59.03320", "2017-12-31": "-875.83690", "2016-12-31": "-898.32190", "2015-12-31": "2217.59800", "2014-12-31": "-143.22510", "2013-12-31": "-2516.82500", "2012-12-31": "-408.38100", "2011-12-31": "-608.38200", "2010-12-31": "-1747.95900", "2009-12-31": "-2529.77400", "2008-12-31": "949.97710", "2007-12-31": "395.80100", "2006-12-31": "644.93900", "2005-12-31": "206.12810"}, "Net Common Equity Issued/Repurchased": {"2020-12-31": "", "2019-12-31": "6.08200", "2018-12-31": "6.89100", "2017-12-31": "32.85800", "2016-12-31": "39.47000", "2015-12-31": "90.25800", "2014-12-31": "378.24700", "2013-12-31": "1505.79100", "2012-12-31": "30.98100", "2011-12-31": "1156.49300", "2010-12-31": "1162.46100", "2009-12-31": "1491.13700", "2008-12-31": "-83.48300", "2007-12-31": "447.04100", "2006-12-31": "55.52100", "2005-12-31": "48.47200"}, "Net Total Equity Issued/Repurchased": {"2020-12-31": "", "2019-12-31": "6.08200", "2018-12-31": "6.89100", "2017-12-31": "19.67600", "2016-12-31": "39.47000", "2015-12-31": "90.25800", "2014-12-31": "-321.58600", "2013-12-31": "1023.29100", "2012-12-31": "30.98100", "2011-12-31": "1156.49300", "2010-12-31": "1162.46100", "2009-12-31": "1491.13700", "2008-12-31": "-83.49300", "2007-12-31": "343.72000", "2006-12-31": "5.52700", "2005-12-31": "120.81600"}, "Total Common And Preferred Stock Dividends Paid": {"2020-12-31": "", "2019-12-31": "-1345.66000", "2018-12-31": "-1123.36700", "2017-12-31": "-942.88400", "2016-12-31": "-931.55900", "2015-12-31": "-804.69700", "2014-12-31": "", "2013-12-31": "-580.86200", "2012-12-31": "-567.83400", "2011-12-31": "-414.09800", "2010-12-31": "-306.07400", "2009-12-31": "-297.26100", "2008-12-31": "-286.48300", "2007-12-31": "-349.46600", "2006-12-31": "-343.99200", "2005-12-31": "-579.15900"}, "Financial Activities - Other": {"2020-12-31": "", "2019-12-31": "-302.71600", "2018-12-31": "-174.65800", "2017-12-31": "-807.53900", "2016-12-31": "-335.05400", "2015-12-31": "2092.75700", "2014-12-31": "114.00400", "2013-12-31": "-291.22600", "2012-12-31": "-126.27700", "2011-12-31": "29.30500", "2010-12-31": "-78.19000", "2009-12-31": "-126.73800", "2008-12-31": "0.17000", "2007-12-31": "29.97000", "2006-12-31": "177.14700", "2005-12-31": "150.35900"}, "Cash Flow From Financial Activities": {"2020-12-31": "", "2019-12-31": "-839.59900", "2018-12-31": "-1232.10100", "2017-12-31": "-2606.58400", "2016-12-31": "-2125.46500", "2015-12-31": "3595.91600", "2014-12-31": "-350.80700", "2013-12-31": "-2365.62200", "2012-12-31": "-1071.51100", "2011-12-31": "163.31800", "2010-12-31": "-969.76200", "2009-12-31": "-1462.63600", "2008-12-31": "580.17100", "2007-12-31": "420.02500", "2006-12-31": "483.62100", "2005-12-31": "-101.85600"}, "Net Cash Flow": {"2020-12-31": "", "2019-12-31": "744.99900", "2018-12-31": "-103.19000", "2017-12-31": "-360.27000", "2016-12-31": "543.23600", "2015-12-31": "-86.61200", "2014-12-31": "-140.43700", "2013-12-31": "390.31900", "2012-12-31": "-75.26200", "2011-12-31": "138.43800", "2010-12-31": "3.27200", "2009-12-31": "-140.27400", "2008-12-31": "3.71200", "2007-12-31": "45.46100", "2006-12-31": "-58.11800", "2005-12-31": "123.48900"}, "Stock-Based Compensation": {"2020-12-31": "", "2019-12-31": "97.55700", "2018-12-31": "76.09300", "2017-12-31": "76.64000", "2016-12-31": "60.34100", "2015-12-31": "53.66500", "2014-12-31": "57.47800", "2013-12-31": "49.23900", "2012-12-31": "53.14600", "2011-12-31": "72.47600", "2010-12-31": "25.08500", "2009-12-31": "17.24200", "2008-12-31": "21.46700", "2007-12-31": "16.04600", "2006-12-31": "20.73600", "2005-12-31": "12.29600"}, "Common Stock Dividends Paid": {"2020-12-31": "", "2019-12-31": "-1345.66000", "2018-12-31": "-1123.36700", "2017-12-31": "-942.88400", "2016-12-31": "-931.55900", "2015-12-31": "-804.69700", "2014-12-31": "", "2013-12-31": "-580.86200", "2012-12-31": "", "2011-12-31": "-387.13300", "2010-12-31": "-280.65800", "2009-12-31": "-271.84500", "2008-12-31": "-286.48300", "2007-12-31": "-349.46600", "2006-12-31": "-343.99200", "2005-12-31": "-579.15900"}}, "cash flow statement, quarterly": {"Net Income/Loss": {"2020-12-31": -1308.623, "2020-09-30": 332.521, "2020-06-30": 454.938, "2020-03-31": "521.16400", "2019-12-31": 426.242, "2019-09-30": 491.013, "2019-06-30": 410.826, "2019-03-31": "373.76500", "2018-12-31": 690.49, "2018-09-30": 375.52, "2018-06-30": 364.991, "2018-03-31": "391.95900", "2017-12-31": 338.873, "2017-09-30": 913.417, "2017-06-30": 287.98, "2017-03-31": "220.68900", "2016-12-31": 466.702, "2016-09-30": 307.242, "2016-06-30": 295.791, "2016-03-31": "222.80500", "2015-12-31": 126.757, "2015-09-30": 307.186, "2015-06-30": 140.26, "2015-03-31": "351.31200", "2014-12-31": 427.724, "2014-09-30": 147.127, "2014-06-30": 152.43, "2014-03-31": "12.00300", "2013-12-31": 68.269, "2013-09-30": -7.167, "2013-06-30": -4.985, "2013-03-31": "296.93200", "2012-12-31": -215.34, "2012-09-30": -32.898, "2012-06-30": 4.669, "2012-03-31": "213.09700", "2011-12-31": -40.015, "2011-09-30": 65.868, "2011-06-30": -143.627, "2011-03-31": "-40.16400", "2010-12-31": -1160.863, "2010-09-30": -8.049, "2010-06-30": -100.921, "2010-03-31": "-0.62000", "2009-12-31": 41.787, "2009-09-30": 76.464, "2009-06-30": 28.702, "2009-03-31": "-123.02400", "2008-12-31": -199.252, "2008-09-30": 35.067, "2008-06-30": 87.7, "2008-03-31": "69.73500", "2007-12-31": 154.655, "2007-09-30": 73.11, "2007-06-30": 118.269, "2007-03-31": "25.68200", "2006-12-31": 87.755, "2006-09-30": 33.387, "2006-06-30": 75.353, "2006-03-31": "27.57700", "2005-12-31": 141.183, "2005-09-30": 29.068, "2005-06-30": 40.789, "2005-03-31": "46.76700"}, "Total Depreciation And Amortization - Cash Flow": {"2020-12-31": -1061.834, "2020-09-30": 367.115, "2020-06-30": 371.312, "2020-03-31": "323.40700", "2019-12-31": 272.335, "2019-09-30": 261.245, "2019-06-30": 264.62, "2019-03-31": "260.25900", "2018-12-31": 269.312, "2018-09-30": 236.261, "2018-06-30": 195.321, "2018-03-31": "192.03500", "2017-12-31": 210.0501, "2017-09-30": 187.4489, "2017-06-30": 203.182, "2017-03-31": "198.18900", "2016-12-31": 204.702, "2016-09-30": 189.885, "2016-06-30": 203.327, "2016-03-31": "224.32600", "2015-12-31": 300.873, "2015-09-30": 202.049, "2015-06-30": 187.053, "2015-03-31": "158.55700", "2014-12-31": 162.99, "2014-09-30": 124.252, "2014-06-30": 167.897, "2014-03-31": "165.60600", "2013-12-31": 124.618, "2013-09-30": 161.426, "2013-06-30": 161.319, "2013-03-31": "179.92300", "2012-12-31": 172.201, "2012-09-30": 237.717, "2012-06-30": 176.678, "2012-03-31": "180.86300", "2011-12-31": 146.301, "2011-09-30": 186.428, "2011-06-30": 128.417, "2011-03-31": "83.35400", "2010-12-31": 69.456, "2010-09-30": 109.442, "2010-06-30": 169.918, "2010-03-31": "46.43300", "2009-12-31": 260.235, "2009-09-30": 45.219, "2009-06-30": 40.152, "2009-03-31": "41.82500", "2008-12-31": 36.236, "2008-09-30": 44.855, "2008-06-30": 39.02, "2008-03-31": "39.53200", "2007-12-31": 32.685, "2007-09-30": 38.748, "2007-06-30": 39.411, "2007-03-31": "37.16100", "2006-12-31": 40.518, "2006-09-30": 42.922, "2006-06-30": 40.743, "2006-03-31": "40.45800", "2005-12-31": 35.6, "2005-09-30": 99.792, "2005-06-30": -27.622, "2005-03-31": "36.34800"}, "Other Non-Cash Items": {"2020-12-31": 54.153, "2020-09-30": 323.442, "2020-06-30": -229.937, "2020-03-31": "-147.65800", "2019-12-31": -33.263, "2019-09-30": -220.146, "2019-06-30": -178.44, "2019-03-31": "-71.47600", "2018-12-31": -447.414, "2018-09-30": -176.053, "2018-06-30": -58.349, "2018-03-31": "-187.68400", "2017-12-31": -170.631, "2017-09-30": -607.387, "2017-06-30": -136.411, "2017-03-31": "-31.80600", "2016-12-31": -224.516, "2016-09-30": -166.058, "2016-06-30": -163.413, "2016-03-31": "-63.96400", "2015-12-31": -83.326, "2015-09-30": -130.885, "2015-06-30": -96.86, "2015-03-31": "-286.32600", "2014-12-31": -199.98, "2014-09-30": -40.208, "2014-06-30": -184.377, "2014-03-31": "9.98300", "2013-12-31": -58.669, "2013-09-30": 14.737, "2013-06-30": -18.722, "2013-03-31": "-339.66000", "2012-12-31": 151.069, "2012-09-30": 15.7859, "2012-06-30": -14.2199, "2012-03-31": "-241.82000", "2011-12-31": 63.021, "2011-09-30": -62.553, "2011-06-30": 7.527, "2011-03-31": "-0.48700", "2010-12-31": 1158.585, "2010-09-30": -40.515, "2010-06-30": 2.487, "2010-03-31": "7.56600", "2009-12-31": -264.92, "2009-09-30": -53.066, "2009-06-30": -6.24, "2009-03-31": "143.53600", "2008-12-31": 196.438, "2008-09-30": -16.117, "2008-06-30": -23.956, "2008-03-31": "-28.22500", "2007-12-31": -117.133, "2007-09-30": -36.515, "2007-06-30": -77.436, "2007-03-31": "7.09100", "2006-12-31": -37.546, "2006-09-30": -1.977, "2006-06-30": -43.696, "2006-03-31": "10.11600", "2005-12-31": -67.227, "2005-09-30": -55.885, "2005-06-30": 56.636, "2005-03-31": "-12.32800"}, "Total Non-Cash Items": {"2020-12-31": -1007.681, "2020-09-30": 690.557, "2020-06-30": 141.375, "2020-03-31": "175.74900", "2019-12-31": 239.0719, "2019-09-30": 41.099, "2019-06-30": 86.18, "2019-03-31": "188.78300", "2018-12-31": -178.102, "2018-09-30": 60.208, "2018-06-30": 136.972, "2018-03-31": "4.35100", "2017-12-31": 39.419, "2017-09-30": -419.938, "2017-06-30": 66.771, "2017-03-31": "166.38300", "2016-12-31": -19.814, "2016-09-30": 23.827, "2016-06-30": 39.914, "2016-03-31": "160.36200", "2015-12-31": 217.5469, "2015-09-30": 71.164, "2015-06-30": 90.193, "2015-03-31": "-127.76900", "2014-12-31": -36.9899, "2014-09-30": 84.044, "2014-06-30": -16.48, "2014-03-31": "175.58900", "2013-12-31": 65.949, "2013-09-30": 176.1631, "2013-06-30": 142.5969, "2013-03-31": "-159.73700", "2012-12-31": 323.27, "2012-09-30": 253.503, "2012-06-30": 162.458, "2012-03-31": "-60.95700", "2011-12-31": 209.3221, "2011-09-30": 123.875, "2011-06-30": 135.944, "2011-03-31": "82.86700", "2010-12-31": 1228.041, "2010-09-30": 68.927, "2010-06-30": 172.405, "2010-03-31": "53.99900", "2009-12-31": -4.685, "2009-09-30": -7.847, "2009-06-30": 33.912, "2009-03-31": "185.36100", "2008-12-31": 232.674, "2008-09-30": 28.738, "2008-06-30": 15.064, "2008-03-31": "11.30700", "2007-12-31": -84.448, "2007-09-30": 2.233, "2007-06-30": -38.025, "2007-03-31": "44.25200", "2006-12-31": 2.972, "2006-09-30": 40.945, "2006-06-30": -2.953, "2006-03-31": "50.57400", "2005-12-31": -31.627, "2005-09-30": 43.907, "2005-06-30": 29.014, "2005-03-31": "24.02000"}, "Change In Accounts Receivable": {"2020-12-31": 33.189, "2020-09-30": -112.284, "2020-06-30": -26.553, "2020-03-31": "105.64800", "2019-12-31": -82.316, "2019-09-30": -14.109, "2019-06-30": 1.73, "2019-03-31": "-13.47000", "2018-12-31": 4.32, "2018-09-30": -41.519, "2018-06-30": -33.051, "2018-03-31": "-2.70500", "2017-12-31": -38.892, "2017-09-30": 14.718, "2017-06-30": 27.982, "2017-03-31": "33.47000", "2016-12-31": -58.106, "2016-09-30": -62.558, "2016-06-30": 2.872, "2016-03-31": "11.45500", "2015-12-31": 3.494, "2015-09-30": -53.614, "2015-06-30": 14.044, "2015-03-31": "-28.67300", "2014-12-31": 20.595, "2014-09-30": 14.546, "2014-06-30": 19.585, "2014-03-31": "-54.81900", "2013-12-31": -12.912, "2013-09-30": 0, "2013-06-30": 0, "2013-03-31": "", "2012-12-31": -178.387, "2012-09-30": 0, "2012-06-30": 0, "2012-03-31": "", "2011-12-31": -40.095, "2011-09-30": 0, "2011-06-30": 0, "2011-03-31": "", "2010-12-31": 0, "2010-09-30": 0, "2010-06-30": 1.369, "2010-03-31": "-1.36900", "2009-12-31": -17.479, "2009-09-30": 10.255, "2009-06-30": 2.647, "2009-03-31": "4.57700", "2008-12-31": 42.186, "2008-09-30": 26.474, "2008-06-30": -39.828, "2008-03-31": "-1.05600", "2007-12-31": -7.64, "2007-09-30": -45.454, "2007-06-30": -13.392, "2007-03-31": "-15.80200", "2006-12-31": 22.276, "2006-09-30": -32.635, "2006-06-30": 13.364, "2006-03-31": "0.27100", "2005-12-31": -15.677, "2005-09-30": 13.384, "2005-06-30": -5.864, "2005-03-31": "-34.22200"}, "Change In Inventories": {"2020-12-31": 0, "2020-09-30": 0, "2020-06-30": 0, "2020-03-31": "", "2019-12-31": 0, "2019-09-30": 0, "2019-06-30": 0, "2019-03-31": "", "2018-12-31": 0, "2018-09-30": 0, "2018-06-30": 0, "2018-03-31": "", "2017-12-31": 0, "2017-09-30": 0, "2017-06-30": 0, "2017-03-31": "", "2016-12-31": 0, "2016-09-30": 0, "2016-06-30": 0, "2016-03-31": "", "2015-12-31": 0, "2015-09-30": 0, "2015-06-30": 0, "2015-03-31": "", "2014-12-31": 0, "2014-09-30": 0, "2014-06-30": 0, "2014-03-31": "", "2013-12-31": 0, "2013-09-30": 0, "2013-06-30": 0, "2013-03-31": "", "2012-12-31": 0, "2012-09-30": 0, "2012-06-30": 0, "2012-03-31": "", "2011-12-31": 0, "2011-09-30": 0, "2011-06-30": 0, "2011-03-31": "", "2010-12-31": 0, "2010-09-30": 0, "2010-06-30": 0, "2010-03-31": "", "2009-12-31": 0, "2009-09-30": 0, "2009-06-30": 0, "2009-03-31": "", "2008-12-31": 0, "2008-09-30": 0, "2008-06-30": 0, "2008-03-31": "", "2007-12-31": 0, "2007-09-30": 0, "2007-06-30": 0, "2007-03-31": "", "2006-12-31": 0, "2006-09-30": 0, "2006-06-30": 0, "2006-03-31": "", "2005-12-31": 0, "2005-09-30": 0, "2005-06-30": 0, "2005-03-31": ""}, "Change In Accounts Payable": {"2020-12-31": 0, "2020-09-30": 0, "2020-06-30": 0, "2020-03-31": "", "2019-12-31": 0, "2019-09-30": 0, "2019-06-30": 0, "2019-03-31": "", "2018-12-31": 0, "2018-09-30": 0, "2018-06-30": 0, "2018-03-31": "", "2017-12-31": 0, "2017-09-30": 0, "2017-06-30": 0, "2017-03-31": "", "2016-12-31": 0, "2016-09-30": 0, "2016-06-30": 0, "2016-03-31": "", "2015-12-31": 0, "2015-09-30": 0, "2015-06-30": 0, "2015-03-31": "", "2014-12-31": 0, "2014-09-30": 0, "2014-06-30": 0, "2014-03-31": "", "2013-12-31": 0, "2013-09-30": 0, "2013-06-30": 0, "2013-03-31": "", "2012-12-31": 0, "2012-09-30": 0, "2012-06-30": 0, "2012-03-31": "", "2011-12-31": 0, "2011-09-30": 0, "2011-06-30": 0, "2011-03-31": "", "2010-12-31": 0, "2010-09-30": 0, "2010-06-30": 0, "2010-03-31": "", "2009-12-31": 0, "2009-09-30": 0, "2009-06-30": 0, "2009-03-31": "", "2008-12-31": 0, "2008-09-30": 0, "2008-06-30": 0, "2008-03-31": "", "2007-12-31": 0, "2007-09-30": 0, "2007-06-30": 0, "2007-03-31": "", "2006-12-31": 0, "2006-09-30": 0, "2006-06-30": 0, "2006-03-31": "", "2005-12-31": 0, "2005-09-30": 0, "2005-06-30": 0, "2005-03-31": ""}, "Change In Assets/Liabilities": {"2020-12-31": 0, "2020-09-30": 0, "2020-06-30": 0, "2020-03-31": "", "2019-12-31": 0, "2019-09-30": 0, "2019-06-30": 0, "2019-03-31": "", "2018-12-31": 0, "2018-09-30": 0, "2018-06-30": 0, "2018-03-31": "", "2017-12-31": 0, "2017-09-30": 0, "2017-06-30": 0, "2017-03-31": "", "2016-12-31": 0, "2016-09-30": 0, "2016-06-30": 0, "2016-03-31": "", "2015-12-31": 0, "2015-09-30": 0, "2015-06-30": 0, "2015-03-31": "", "2014-12-31": 0, "2014-09-30": 0, "2014-06-30": 0, "2014-03-31": "", "2013-12-31": 37.726, "2013-09-30": -92.705, "2013-06-30": 22.043, "2013-03-31": "32.93600", "2012-12-31": 186.45, "2012-09-30": -82.876, "2012-06-30": -58.141, "2012-03-31": "-45.43300", "2011-12-31": 36.999, "2011-09-30": 16.664, "2011-06-30": 2.535, "2011-03-31": "-56.19800", "2010-12-31": 58.623, "2010-09-30": -22.742, "2010-06-30": 27.82, "2010-03-31": "", "2009-12-31": 102.51, "2009-09-30": 0, "2009-06-30": 0, "2009-03-31": "", "2008-12-31": 0, "2008-09-30": 0, "2008-06-30": 0, "2008-03-31": "", "2007-12-31": 0, "2007-09-30": 0, "2007-06-30": 0, "2007-03-31": "", "2006-12-31": 0, "2006-09-30": 0, "2006-06-30": 0, "2006-03-31": "", "2005-12-31": 0, "2005-09-30": 0, "2005-06-30": 0, "2005-03-31": ""}, "Total Change In Assets/Liabilities": {"2020-12-31": -17.031, "2020-09-30": -45.092, "2020-06-30": 79.943, "2020-03-31": "-17.82000", "2019-12-31": -48.94, "2019-09-30": 112.027, "2019-06-30": 11.601, "2019-03-31": "-67.63400", "2018-12-31": 17.253, "2018-09-30": 64.966, "2018-06-30": -77.98, "2018-03-31": "-47.06900", "2017-12-31": -51.359, "2017-09-30": 121.674, "2017-06-30": 37.615, "2017-03-31": "-34.27800", "2016-12-31": -26.894, "2016-09-30": 32.282, "2016-06-30": 14.079, "2016-03-31": "-99.29100", "2015-12-31": 15.466, "2015-09-30": 22.318, "2015-06-30": 43.904, "2015-03-31": "-142.01100", "2014-12-31": 52.952, "2014-09-30": -86.25, "2014-06-30": 97.673, "2014-03-31": "-115.34900", "2013-12-31": 18.523, "2013-09-30": -40.316, "2013-06-30": -63.184, "2013-03-31": "-8.05500", "2012-12-31": -17.786, "2012-09-30": -7.362, "2012-06-30": -78.457, "2012-03-31": "-80.70500", "2011-12-31": -67.19, "2011-09-30": -68.899, "2011-06-30": -10.776, "2011-03-31": "-40.14100", "2010-12-31": -50.994, "2010-09-30": 60.998, "2010-06-30": -38.826, "2010-03-31": "16.68600", "2009-12-31": -156.246, "2009-09-30": 18.494, "2009-06-30": -3.311, "2009-03-31": "-0.51200", "2008-12-31": 29.161, "2008-09-30": 48.63, "2008-06-30": -37.612, "2008-03-31": "-18.59800", "2007-12-31": -46.599, "2007-09-30": 10.012, "2007-06-30": -4.624, "2007-03-31": "-13.97400", "2006-12-31": 24.044, "2006-09-30": -13.195, "2006-06-30": 35.448, "2006-03-31": "-26.05200", "2005-12-31": -8.029, "2005-09-30": 39.8, "2005-06-30": -35.893, "2005-03-31": "-23.18400"}, "Cash Flow From Operating Activities": {"2020-12-31": -2333.335, "2020-09-30": 977.986, "2020-06-30": 676.256, "2020-03-31": "679.09300", "2019-12-31": 616.374, "2019-09-30": 644.139, "2019-06-30": 508.607, "2019-03-31": "494.91400", "2018-12-31": 529.641, "2018-09-30": 500.694, "2018-06-30": 423.983, "2018-03-31": "349.24100", "2017-12-31": 326.933, "2017-09-30": 615.153, "2017-06-30": 392.366, "2017-03-31": "352.79400", "2016-12-31": 419.994, "2016-09-30": 363.351, "2016-06-30": 349.784, "2016-03-31": "283.87600", "2015-12-31": 359.77, "2015-09-30": 400.668, "2015-06-30": 274.357, "2015-03-31": "81.53200", "2014-12-31": 443.686, "2014-09-30": 144.921, "2014-06-30": 233.623, "2014-03-31": "72.24300", "2013-12-31": 152.741, "2013-09-30": 128.68, "2013-06-30": 74.428, "2013-03-31": "129.14000", "2012-12-31": 90.144, "2012-09-30": 213.243, "2012-06-30": 88.67, "2012-03-31": "71.43500", "2011-12-31": 102.117, "2011-09-30": 120.844, "2011-06-30": -18.459, "2011-03-31": "2.56200", "2010-12-31": 16.184, "2010-09-30": 121.876, "2010-06-30": 32.658, "2010-03-31": "70.06500", "2009-12-31": -119.144, "2009-09-30": 87.111, "2009-06-30": 59.303, "2009-03-31": "61.82500", "2008-12-31": 62.583, "2008-09-30": 112.435, "2008-06-30": 65.152, "2008-03-31": "62.44400", "2007-12-31": 23.608, "2007-09-30": 85.355, "2007-06-30": 75.62, "2007-03-31": "55.96000", "2006-12-31": 114.771, "2006-09-30": 61.137, "2006-06-30": 107.848, "2006-03-31": "52.09900", "2005-12-31": 101.527, "2005-09-30": 112.775, "2005-06-30": 33.91, "2005-03-31": "47.60300"}, "Net Change In Property, Plant, And Equipment": {"2020-12-31": 750.772, "2020-09-30": -334.32, "2020-06-30": -205.201, "2020-03-31": "-211.25100", "2019-12-31": -411.1193, "2019-09-30": -305.6707, "2019-06-30": 26.5079, "2019-03-31": "-101.57800", "2018-12-31": -182.1172, "2018-09-30": -419.253, "2018-06-30": -330.9459, "2018-03-31": "62.48800", "2017-12-31": 141.2779, "2017-09-30": 976.476, "2017-06-30": -231.5889, "2017-03-31": "37.71900", "2016-12-31": 297.1539, "2016-09-30": -92.151, "2016-06-30": 113.923, "2016-03-31": "139.79600", "2015-12-31": 194.3181, "2015-09-30": 261.6351, "2015-06-30": -5.8741, "2015-03-31": "-122.83200", "2014-12-31": 51.5991, "2014-09-30": 185.558, "2014-06-30": 440.48, "2014-03-31": "-281.26600", "2013-12-31": 1006.086, "2013-09-30": -60.63, "2013-06-30": -121.587, "2013-03-31": "2990.14900", "2012-12-31": 437.737, "2012-09-30": -148.676, "2012-06-30": -67, "2012-03-31": "491.04200", "2011-12-31": 401.156, "2011-09-30": -111.683, "2011-06-30": 8.031, "2011-03-31": "176.78400", "2010-12-31": 932.137, "2010-09-30": 166.919, "2010-06-30": 53.361, "2010-03-31": "-53.36100", "2009-12-31": 539.631, "2009-09-30": -66.436, "2009-06-30": -127.982, "2009-03-31": "-142.81900", "2008-12-31": -252.379, "2008-09-30": -228.832, "2008-06-30": -288.981, "2008-03-31": "-250.62700", "2007-12-31": -493.949, "2007-09-30": -268.993, "2007-06-30": -285.198, "2007-03-31": "-252.51100", "2006-12-31": -268.995, "2006-09-30": -266.999, "2006-06-30": -279.317, "2006-03-31": "-218.63000", "2005-12-31": -231.765, "2005-09-30": -209.223, "2005-06-30": -90.596, "2005-03-31": "-130.97700"}, "Net Change In Intangible Assets": {"2020-12-31": 0, "2020-09-30": 0, "2020-06-30": 0, "2020-03-31": "", "2019-12-31": 0, "2019-09-30": 0, "2019-06-30": 0, "2019-03-31": "", "2018-12-31": 0, "2018-09-30": 0, "2018-06-30": 0, "2018-03-31": "", "2017-12-31": 0, "2017-09-30": 0, "2017-06-30": 0, "2017-03-31": "", "2016-12-31": 0, "2016-09-30": 0, "2016-06-30": 0, "2016-03-31": "", "2015-12-31": 0, "2015-09-30": 0, "2015-06-30": 0, "2015-03-31": "", "2014-12-31": 0, "2014-09-30": 0, "2014-06-30": 0, "2014-03-31": "", "2013-12-31": 0, "2013-09-30": 0, "2013-06-30": 0, "2013-03-31": "", "2012-12-31": 0, "2012-09-30": 0, "2012-06-30": 0, "2012-03-31": "", "2011-12-31": 0, "2011-09-30": 0, "2011-06-30": 0, "2011-03-31": "", "2010-12-31": 0, "2010-09-30": 0, "2010-06-30": 0, "2010-03-31": "", "2009-12-31": 0, "2009-09-30": 0, "2009-06-30": 0, "2009-03-31": "", "2008-12-31": 0, "2008-09-30": 0, "2008-06-30": 0, "2008-03-31": "", "2007-12-31": 0, "2007-09-30": 0, "2007-06-30": 0, "2007-03-31": "", "2006-12-31": 0, "2006-09-30": 0, "2006-06-30": 0, "2006-03-31": "", "2005-12-31": 0, "2005-09-30": 0, "2005-06-30": 0, "2005-03-31": ""}, "Net Acquisitions/Divestitures": {"2020-12-31": 1689.909, "2020-09-30": -0.922, "2020-06-30": -1.773, "2020-03-31": "-1687.21400", "2019-12-31": 0, "2019-09-30": 0, "2019-06-30": 0, "2019-03-31": "", "2018-12-31": 0.398, "2018-09-30": -46.268, "2018-06-30": 0, "2018-03-31": "", "2017-12-31": 0, "2017-09-30": -374.605, "2017-06-30": 0, "2017-03-31": "", "2016-12-31": 0, "2016-09-30": 0, "2016-06-30": 0, "2016-03-31": "", "2015-12-31": 0, "2015-09-30": 0, "2015-06-30": -4809.499, "2015-03-31": "", "2014-12-31": 0, "2014-09-30": 0, "2014-06-30": 0, "2014-03-31": "", "2013-12-31": 461.823, "2013-09-30": -461.823, "2013-06-30": 0, "2013-03-31": "", "2012-12-31": 125.664, "2012-09-30": -98.669, "2012-06-30": -74.823, "2012-03-31": "-317.32800", "2011-12-31": 136.603, "2011-09-30": -71.854, "2011-06-30": -855.955, "2011-03-31": "", "2010-12-31": 0, "2010-09-30": 0, "2010-06-30": -22.248, "2010-03-31": "22.24800", "2009-12-31": -449.703, "2009-09-30": 171.123, "2009-06-30": 105.154, "2009-03-31": "173.42600", "2008-12-31": 7.609, "2008-09-30": 39.141, "2008-06-30": 72.441, "2008-03-31": "106.90200", "2007-12-31": 315.861, "2007-09-30": 81.852, "2007-06-30": 274.112, "2007-03-31": "95.55400", "2006-12-31": 354.851, "2006-09-30": -28.5, "2006-06-30": -61.458, "2006-03-31": "-100.49000", "2005-12-31": 624.866, "2005-09-30": -4.395, "2005-06-30": -81.151, "2005-03-31": "125.33000"}, "Net Change In Short-term Investments": {"2020-12-31": 0, "2020-09-30": 0, "2020-06-30": 0, "2020-03-31": "", "2019-12-31": 0, "2019-09-30": 0, "2019-06-30": 0, "2019-03-31": "", "2018-12-31": 0, "2018-09-30": 0, "2018-06-30": 0, "2018-03-31": "", "2017-12-31": 0, "2017-09-30": 0, "2017-06-30": 0, "2017-03-31": "", "2016-12-31": 0, "2016-09-30": 0, "2016-06-30": 0, "2016-03-31": "", "2015-12-31": 0, "2015-09-30": 0, "2015-06-30": 0, "2015-03-31": "", "2014-12-31": 0, "2014-09-30": 0, "2014-06-30": 0, "2014-03-31": "", "2013-12-31": 0, "2013-09-30": 0, "2013-06-30": 0, "2013-03-31": "", "2012-12-31": 0, "2012-09-30": 0, "2012-06-30": 0, "2012-03-31": "", "2011-12-31": 0, "2011-09-30": 0, "2011-06-30": 0, "2011-03-31": "", "2010-12-31": 0, "2010-09-30": 0, "2010-06-30": 0, "2010-03-31": "", "2009-12-31": 0, "2009-09-30": 0, "2009-06-30": 0, "2009-03-31": "", "2008-12-31": 0, "2008-09-30": 0, "2008-06-30": 0, "2008-03-31": "", "2007-12-31": 0, "2007-09-30": 0, "2007-06-30": 0, "2007-03-31": "", "2006-12-31": 0, "2006-09-30": 0, "2006-06-30": 0, "2006-03-31": "", "2005-12-31": 0, "2005-09-30": 0, "2005-06-30": 0, "2005-03-31": ""}, "Net Change In Long-Term Investments": {"2020-12-31": 345.31, "2020-09-30": -58.464, "2020-06-30": -35.173, "2020-03-31": "-251.67300", "2019-12-31": -19.442, "2019-09-30": -70.548, "2019-06-30": -110.62, "2019-03-31": "-75.55900", "2018-12-31": -43.353, "2018-09-30": -33.755, "2018-06-30": -31.119, "2018-03-31": "-52.13100", "2017-12-31": -5.434, "2017-09-30": -99.407, "2017-06-30": -38.236, "2017-03-31": "-106.65800", "2016-12-31": -37.363, "2016-09-30": -83.301, "2016-06-30": -28.27, "2016-03-31": "-117.01700", "2015-12-31": -35.456, "2015-09-30": -98.123, "2015-06-30": -217.152, "2015-03-31": "-123.68900", "2014-12-31": -22.276, "2014-09-30": -668.178, "2014-06-30": -328.031, "2014-03-31": "-328.32100", "2013-12-31": -863.387, "2013-09-30": -438.039, "2013-06-30": -339.957, "2013-03-31": "-258.41400", "2012-12-31": -94.804, "2012-09-30": -19.841, "2012-06-30": -18.642, "2012-03-31": "-31.72400", "2011-12-31": -28.084, "2011-09-30": -21, "2011-06-30": 0, "2011-03-31": "11.32900", "2010-12-31": -70.337, "2010-09-30": -265.059, "2010-06-30": 153.211, "2010-03-31": "-153.21100", "2009-12-31": 949.133, "2009-09-30": -0.891, "2009-06-30": 0.9, "2009-03-31": "-5.06000", "2008-12-31": -0.666, "2008-09-30": -67.77, "2008-06-30": -44.161, "2008-03-31": "", "2007-12-31": -0.482, "2007-09-30": -6.34, "2007-06-30": -47.512, "2007-03-31": "", "2006-12-31": -16.58, "2006-09-30": 2.732, "2006-06-30": -6.12, "2006-03-31": "0.99900", "2005-12-31": -6.856, "2005-09-30": -12.408, "2005-06-30": -5.895, "2005-03-31": "-48.91000"}, "Net Change In Investments - Total": {"2020-12-31": 345.31, "2020-09-30": -58.464, "2020-06-30": -35.173, "2020-03-31": "-251.67300", "2019-12-31": -19.442, "2019-09-30": -70.548, "2019-06-30": -110.62, "2019-03-31": "-75.55900", "2018-12-31": -43.353, "2018-09-30": -33.755, "2018-06-30": -31.119, "2018-03-31": "-52.13100", "2017-12-31": -5.434, "2017-09-30": -99.407, "2017-06-30": -38.236, "2017-03-31": "-106.65800", "2016-12-31": -37.363, "2016-09-30": -83.301, "2016-06-30": -28.27, "2016-03-31": "-117.01700", "2015-12-31": -35.456, "2015-09-30": -98.123, "2015-06-30": -217.152, "2015-03-31": "-123.68900", "2014-12-31": -22.276, "2014-09-30": -668.178, "2014-06-30": -328.031, "2014-03-31": "-328.32100", "2013-12-31": -863.387, "2013-09-30": -438.039, "2013-06-30": -339.957, "2013-03-31": "-258.41400", "2012-12-31": -94.804, "2012-09-30": -19.841, "2012-06-30": -18.642, "2012-03-31": "-31.72400", "2011-12-31": -28.084, "2011-09-30": -21, "2011-06-30": 0, "2011-03-31": "11.32900", "2010-12-31": -70.337, "2010-09-30": -265.059, "2010-06-30": 153.211, "2010-03-31": "-153.21100", "2009-12-31": 949.133, "2009-09-30": -0.891, "2009-06-30": 0.9, "2009-03-31": "-5.06000", "2008-12-31": -0.666, "2008-09-30": -67.77, "2008-06-30": -44.161, "2008-03-31": "", "2007-12-31": -0.482, "2007-09-30": -6.34, "2007-06-30": -47.512, "2007-03-31": "", "2006-12-31": -16.58, "2006-09-30": 2.732, "2006-06-30": -6.12, "2006-03-31": "0.99900", "2005-12-31": -6.856, "2005-09-30": -12.408, "2005-06-30": -5.895, "2005-03-31": "-48.91000"}, "Investing Activities - Other": {"2020-12-31": -206.169, "2020-09-30": 65.047, "2020-06-30": 0.157, "2020-03-31": "140.96500", "2019-12-31": 27.457, "2019-09-30": 12.2, "2019-06-30": 6.246, "2019-03-31": "336.77600", "2018-12-31": 205.381, "2018-09-30": 41.945, "2018-06-30": 23.429, "2018-03-31": "141.50500", "2017-12-31": 65.547, "2017-09-30": 9.927, "2017-06-30": 42.834, "2017-03-31": "125.42600", "2016-12-31": 262.115, "2016-09-30": 45.801, "2016-06-30": 441.841, "2016-03-31": "309.51000", "2015-12-31": 21.141, "2015-09-30": -52.127, "2015-06-30": 152.254, "2015-03-31": "46.17200", "2014-12-31": -91.129, "2014-09-30": 68.779, "2014-06-30": 215.064, "2014-03-31": "92.46000", "2013-12-31": 62.732, "2013-09-30": 209.308, "2013-06-30": 64.814, "2013-03-31": "82.84700", "2012-12-31": 108.895, "2012-09-30": 28.95, "2012-06-30": 174.263, "2012-03-31": "34.57100", "2011-12-31": 55.783, "2011-09-30": 53.874, "2011-06-30": 21.808, "2011-03-31": "-9.85700", "2010-12-31": -39.994, "2010-09-30": 9.629, "2010-06-30": -1.072, "2010-03-31": "1.07200", "2009-12-31": 89.076, "2009-09-30": 6.972, "2009-06-30": 3.055, "2009-03-31": "-10.30200", "2008-12-31": 4.029, "2008-09-30": 14.085, "2008-06-30": 115.041, "2008-03-31": "-107.60000", "2007-12-31": -16.435, "2007-09-30": 8.438, "2007-06-30": -31.43, "2007-03-31": "-5.20700", "2006-12-31": -24.992, "2006-09-30": 11.148, "2006-06-30": 12.727, "2006-03-31": "9.06400", "2005-12-31": 3.79, "2005-09-30": 11.681, "2005-06-30": 14.057, "2005-03-31": "-17.95500"}, "Cash Flow From Investing Activities": {"2020-12-31": 2579.822, "2020-09-30": -328.659, "2020-06-30": -241.99, "2020-03-31": "-2009.17300", "2019-12-31": -403.104, "2019-09-30": -364.019, "2019-06-30": -77.866, "2019-03-31": "159.63900", "2018-12-31": -19.691, "2018-09-30": -457.331, "2018-06-30": -338.636, "2018-03-31": "151.86200", "2017-12-31": 201.391, "2017-09-30": 512.391, "2017-06-30": -226.991, "2017-03-31": "56.48700", "2016-12-31": 521.906, "2016-09-30": -129.651, "2016-06-30": 527.494, "2016-03-31": "332.28900", "2015-12-31": 180.003, "2015-09-30": 111.385, "2015-06-30": -4880.271, "2015-03-31": "-200.34900", "2014-12-31": -61.806, "2014-09-30": -413.841, "2014-06-30": 327.513, "2014-03-31": "-517.12700", "2013-12-31": 667.254, "2013-09-30": -751.184, "2013-06-30": -396.73, "2013-03-31": "2814.58200", "2012-12-31": 577.492, "2012-09-30": -238.236, "2012-06-30": 13.798, "2012-03-31": "176.56100", "2011-12-31": 565.458, "2011-09-30": -150.663, "2011-06-30": -826.116, "2011-03-31": "178.25600", "2010-12-31": 821.806, "2010-09-30": 37.538, "2010-06-30": 57.203, "2010-03-31": "-183.25200", "2009-12-31": 1128.137, "2009-09-30": 110.768, "2009-06-30": -18.873, "2009-03-31": "15.24500", "2008-12-31": -241.407, "2008-09-30": -243.376, "2008-06-30": -145.66, "2008-03-31": "-251.32500", "2007-12-31": -195.005, "2007-09-30": -185.043, "2007-06-30": -90.028, "2007-03-31": "-162.16400", "2006-12-31": 44.284, "2006-09-30": -281.619, "2006-06-30": -334.168, "2006-03-31": "-309.05700", "2005-12-31": 390.035, "2005-09-30": -214.345, "2005-06-30": -163.585, "2005-03-31": "-72.51200"}, "Net Long-Term Debt": {"2020-12-31": -1004.935, "2020-09-30": 380.4296, "2020-06-30": -176.3667, "2020-03-31": "800.87210", "2019-12-31": 217.19, "2019-09-30": 737.6749, "2019-06-30": 145.7382, "2019-03-31": "-297.90800", "2018-12-31": -124.6709, "2018-09-30": 20.8271, "2018-06-30": 318.583, "2018-03-31": "-155.70600", "2017-12-31": -407.9348, "2017-09-30": -565.6791, "2017-06-30": -152.174, "2017-03-31": "249.95100", "2016-12-31": -231.2899, "2016-09-30": 96.7491, "2016-06-30": -556.9521, "2016-03-31": "-206.82900", "2015-12-31": -308.443, "2015-09-30": -200.473, "2015-06-30": 2625.03, "2015-03-31": "101.48400", "2014-12-31": -459.042, "2014-09-30": 500.5637, "2014-06-30": -32.2098, "2014-03-31": "-152.53700", "2013-12-31": -255.513, "2013-09-30": 535.879, "2013-06-30": -669.608, "2013-03-31": "-2127.58300", "2012-12-31": -588.6581, "2012-09-30": 48.2341, "2012-06-30": 88.697, "2012-03-31": "43.34600", "2011-12-31": -690.401, "2011-09-30": 143.894, "2011-06-30": 59.79, "2011-03-31": "-121.66500", "2010-12-31": -1830.104, "2010-09-30": -87.8329, "2010-06-30": 58.2189, "2010-03-31": "111.75900", "2009-12-31": -1793.005, "2009-09-30": -122.672, "2009-06-30": -21.793, "2009-03-31": "-592.30400", "2008-12-31": 187.7482, "2008-09-30": 140.7478, "2008-06-30": 227.3621, "2008-03-31": "394.11900", "2007-12-31": 158.4751, "2007-09-30": 291.718, "2007-06-30": 128.6689, "2007-03-31": "-183.06100", "2006-12-31": -42.3509, "2006-09-30": 167.1269, "2006-06-30": 291.145, "2006-03-31": "229.01800", "2005-12-31": -135.9389, "2005-09-30": 107.102, "2005-06-30": 135.011, "2005-03-31": "99.95400"}, "Net Current Debt": {"2020-12-31": 0, "2020-09-30": 0, "2020-06-30": 0, "2020-03-31": "", "2019-12-31": 0, "2019-09-30": 0, "2019-06-30": 0, "2019-03-31": "", "2018-12-31": 0, "2018-09-30": 0, "2018-06-30": 0, "2018-03-31": "", "2017-12-31": 0, "2017-09-30": 0, "2017-06-30": 0, "2017-03-31": "", "2016-12-31": 0, "2016-09-30": 0, "2016-06-30": 0, "2016-03-31": "", "2015-12-31": 0, "2015-09-30": 0, "2015-06-30": 0, "2015-03-31": "", "2014-12-31": 0, "2014-09-30": 0, "2014-06-30": 0, "2014-03-31": "", "2013-12-31": 0, "2013-09-30": 0, "2013-06-30": 0, "2013-03-31": "", "2012-12-31": 0, "2012-09-30": 0, "2012-06-30": 0, "2012-03-31": "", "2011-12-31": 0, "2011-09-30": 0, "2011-06-30": 0, "2011-03-31": "", "2010-12-31": 0, "2010-09-30": 0, "2010-06-30": 0, "2010-03-31": "", "2009-12-31": 0, "2009-09-30": 0, "2009-06-30": 0, "2009-03-31": "", "2008-12-31": 0, "2008-09-30": 0, "2008-06-30": 0, "2008-03-31": "", "2007-12-31": 0, "2007-09-30": 0, "2007-06-30": 0, "2007-03-31": "", "2006-12-31": 0, "2006-09-30": 0, "2006-06-30": 0, "2006-03-31": "", "2005-12-31": 0, "2005-09-30": 0, "2005-06-30": 0, "2005-03-31": ""}, "Debt Issuance/Retirement Net - Total": {"2020-12-31": -1004.935, "2020-09-30": 380.4296, "2020-06-30": -176.3667, "2020-03-31": "800.87210", "2019-12-31": 217.19, "2019-09-30": 737.6749, "2019-06-30": 145.7382, "2019-03-31": "-297.90800", "2018-12-31": -124.6709, "2018-09-30": 20.8271, "2018-06-30": 318.583, "2018-03-31": "-155.70600", "2017-12-31": -407.9348, "2017-09-30": -565.6791, "2017-06-30": -152.174, "2017-03-31": "249.95100", "2016-12-31": -231.2899, "2016-09-30": 96.7491, "2016-06-30": -556.9521, "2016-03-31": "-206.82900", "2015-12-31": -308.443, "2015-09-30": -200.473, "2015-06-30": 2625.03, "2015-03-31": "101.48400", "2014-12-31": -459.042, "2014-09-30": 500.5637, "2014-06-30": -32.2098, "2014-03-31": "-152.53700", "2013-12-31": -255.513, "2013-09-30": 535.879, "2013-06-30": -669.608, "2013-03-31": "-2127.58300", "2012-12-31": -588.6581, "2012-09-30": 48.2341, "2012-06-30": 88.697, "2012-03-31": "43.34600", "2011-12-31": -690.401, "2011-09-30": 143.894, "2011-06-30": 59.79, "2011-03-31": "-121.66500", "2010-12-31": -1830.104, "2010-09-30": -87.8329, "2010-06-30": 58.2189, "2010-03-31": "111.75900", "2009-12-31": -1793.005, "2009-09-30": -122.672, "2009-06-30": -21.793, "2009-03-31": "-592.30400", "2008-12-31": 187.7482, "2008-09-30": 140.7478, "2008-06-30": 227.3621, "2008-03-31": "394.11900", "2007-12-31": 158.4751, "2007-09-30": 291.718, "2007-06-30": 128.6689, "2007-03-31": "-183.06100", "2006-12-31": -42.3509, "2006-09-30": 167.1269, "2006-06-30": 291.145, "2006-03-31": "229.01800", "2005-12-31": -135.9389, "2005-09-30": 107.102, "2005-06-30": 135.011, "2005-03-31": "99.95400"}, "Net Common Equity Issued/Repurchased": {"2020-12-31": 32.96, "2020-09-30": 0.018, "2020-06-30": 17.812, "2020-03-31": "-50.79000", "2019-12-31": 0.183, "2019-09-30": 1.527, "2019-06-30": 21.02, "2019-03-31": "-16.64800", "2018-12-31": 1.738, "2018-09-30": 0.831, "2018-06-30": 3.089, "2018-03-31": "1.23300", "2017-12-31": 2.174, "2017-09-30": 5.31, "2017-06-30": 23.475, "2017-03-31": "1.89900", "2016-12-31": 1.369, "2016-09-30": 27.747, "2016-06-30": 9.162, "2016-03-31": "1.19200", "2015-12-31": 6.146, "2015-09-30": 0.75, "2015-06-30": 1.294, "2015-03-31": "82.06800", "2014-12-31": 363.162, "2014-09-30": 3.584, "2014-06-30": 4.036, "2014-03-31": "7.46500", "2013-12-31": 3.397, "2013-09-30": 0.052, "2013-06-30": 1497.14, "2013-03-31": "5.20200", "2012-12-31": 1.539, "2012-09-30": 6.378, "2012-06-30": 4.473, "2012-03-31": "18.59100", "2011-12-31": 0, "2011-09-30": 0, "2011-06-30": 1156.462, "2011-03-31": "0.03100", "2010-12-31": 1132.574, "2010-09-30": 1.173, "2010-06-30": 27.166, "2010-03-31": "1.54800", "2009-12-31": 938.428, "2009-09-30": 0.321, "2009-06-30": -0.113, "2009-03-31": "552.50100", "2008-12-31": 0, "2008-09-30": 0.729, "2008-06-30": 3, "2008-03-31": "-87.21200", "2007-12-31": 5.004, "2007-09-30": -51.955, "2007-06-30": 2.587, "2007-03-31": "491.40500", "2006-12-31": 5.941, "2006-09-30": 16.18, "2006-06-30": 3.931, "2006-03-31": "29.46900", "2005-12-31": 8.535, "2005-09-30": 23.682, "2005-06-30": 5.304, "2005-03-31": "10.95100"}, "Net Total Equity Issued/Repurchased": {"2020-12-31": 40.16, "2020-09-30": -7.182, "2020-06-30": 17.812, "2020-03-31": "-50.79000", "2019-12-31": 0.183, "2019-09-30": 1.527, "2019-06-30": 21.02, "2019-03-31": "-16.64800", "2018-12-31": 1.738, "2018-09-30": 0.831, "2018-06-30": 3.089, "2018-03-31": "1.23300", "2017-12-31": -11.008, "2017-09-30": 5.31, "2017-06-30": 23.475, "2017-03-31": "1.89900", "2016-12-31": 1.369, "2016-09-30": 27.747, "2016-06-30": 9.162, "2016-03-31": "1.19200", "2015-12-31": 6.146, "2015-09-30": 0.75, "2015-06-30": 1.294, "2015-03-31": "82.06800", "2014-12-31": -309.028, "2014-09-30": 3.584, "2014-06-30": -23.607, "2014-03-31": "7.46500", "2013-12-31": 434.485, "2013-09-30": -431.036, "2013-06-30": 1014.64, "2013-03-31": "5.20200", "2012-12-31": 1.539, "2012-09-30": 6.378, "2012-06-30": 4.473, "2012-03-31": "18.59100", "2011-12-31": 0, "2011-09-30": 0, "2011-06-30": 1156.462, "2011-03-31": "0.03100", "2010-12-31": 1132.574, "2010-09-30": 1.173, "2010-06-30": 27.166, "2010-03-31": "1.54800", "2009-12-31": 938.751, "2009-09-30": -0.002, "2009-06-30": -0.113, "2009-03-31": "552.50100", "2008-12-31": -0.01, "2008-09-30": 0.729, "2008-06-30": 3, "2008-03-31": "-87.21200", "2007-12-31": 4.42, "2007-09-30": -51.957, "2007-06-30": -100.148, "2007-03-31": "491.40500", "2006-12-31": 5.764, "2006-09-30": 54.543, "2006-06-30": -6.857, "2006-03-31": "-47.92300", "2005-12-31": 80.879, "2005-09-30": 23.682, "2005-06-30": 5.304, "2005-03-31": "10.95100"}, "Total Common And Preferred Stock Dividends Paid": {"2020-12-31": 1292.326, "2020-09-30": -430.589, "2020-06-30": -416.183, "2020-03-31": "-445.55400", "2019-12-31": -336.698, "2019-09-30": -336.599, "2019-06-30": -323.132, "2019-03-31": "-349.23100", "2018-12-31": -303.791, "2018-09-30": -304.331, "2018-06-30": -257.558, "2018-03-31": "-257.68700", "2017-12-31": -235.624, "2017-09-30": -236.468, "2017-06-30": -235.72, "2017-03-31": "-235.07200", "2016-12-31": -262.175, "2016-09-30": -224.041, "2016-06-30": -222.784, "2016-03-31": "-222.55900", "2015-12-31": -211.902, "2015-09-30": -211.606, "2015-06-30": -190.604, "2015-03-31": "-190.58500", "2014-12-31": 502.259, "2014-09-30": -166.014, "2014-06-30": -168.004, "2014-03-31": "-168.24100", "2013-12-31": -580.862, "2013-09-30": 288.19, "2013-06-30": -147.662, "2013-03-31": "-140.52800", "2012-12-31": -141.406, "2012-09-30": -139.542, "2012-06-30": -141.285, "2012-03-31": "-145.60100", "2011-12-31": -133.901, "2011-09-30": -138.459, "2011-06-30": -71.341, "2011-03-31": "-70.39700", "2010-12-31": -71.089, "2010-09-30": -78.11, "2010-06-30": -107.87, "2010-03-31": "-49.00500", "2009-12-31": -187.937, "2009-09-30": -50.219, "2009-06-30": -53.035, "2009-03-31": "-6.07000", "2008-12-31": -59.839, "2008-09-30": -74.541, "2008-06-30": -65.8, "2008-03-31": "-86.30300", "2007-12-31": -79.391, "2007-09-30": -91.656, "2007-06-30": -70.426, "2007-03-31": "-107.99300", "2006-12-31": -104.609, "2006-09-30": -100.037, "2006-06-30": -61.163, "2006-03-31": "-78.18300", "2005-12-31": -358.339, "2005-09-30": -61.716, "2005-06-30": -81.605, "2005-03-31": "-77.49900"}, "Financial Activities - Other": {"2020-12-31": -421.589, "2020-09-30": -202.984, "2020-06-30": -121.31, "2020-03-31": "745.88300", "2019-12-31": -36.897, "2019-09-30": -52.08, "2019-06-30": -128.892, "2019-03-31": "-84.84700", "2018-12-31": -16.286, "2018-09-30": -6.174, "2018-06-30": -68.389, "2018-03-31": "-83.80900", "2017-12-31": 5.27, "2017-09-30": -34.099, "2017-06-30": 66.996, "2017-03-31": "-845.70600", "2016-12-31": -4.706, "2016-09-30": -91.765, "2016-06-30": -150.24, "2016-03-31": "-88.34300", "2015-12-31": -70.866, "2015-09-30": -139.12, "2015-06-30": 2327.663, "2015-03-31": "-24.92000", "2014-12-31": -61.854, "2014-09-30": -10.382, "2014-06-30": -259.257, "2014-03-31": "445.49700", "2013-12-31": -34.622, "2013-09-30": -36.366, "2013-06-30": -221.282, "2013-03-31": "1.04400", "2012-12-31": 2.892, "2012-09-30": -21.047, "2012-06-30": -111.568, "2012-03-31": "3.44600", "2011-12-31": 113.601, "2011-09-30": -16.81, "2011-06-30": -64.362, "2011-03-31": "-3.12400", "2010-12-31": -49.355, "2010-09-30": -3.565, "2010-06-30": -28.348, "2010-03-31": "3.07800", "2009-12-31": -122.282, "2009-09-30": -7.959, "2009-06-30": 3.262, "2009-03-31": "0.24100", "2008-12-31": -2.698, "2008-09-30": 3.509, "2008-06-30": 0.445, "2008-03-31": "-1.08600", "2007-12-31": 5.119, "2007-09-30": 6.034, "2007-06-30": 28.195, "2007-03-31": "-9.37800", "2006-12-31": 2.763, "2006-09-30": 56.152, "2006-06-30": 55.587, "2006-03-31": "62.64500", "2005-12-31": 27.22, "2005-09-30": 27.077, "2005-06-30": 44.36, "2005-03-31": "51.70200"}, "Cash Flow From Financial Activities": {"2020-12-31": -94.038, "2020-09-30": -260.325, "2020-06-30": -696.048, "2020-03-31": "1050.41100", "2019-12-31": -156.222, "2019-09-30": 350.523, "2019-06-30": -285.266, "2019-03-31": "-748.63400", "2018-12-31": -443.01, "2018-09-30": -288.847, "2018-06-30": -4.275, "2018-03-31": "-495.96900", "2017-12-31": -649.297, "2017-09-30": -830.936, "2017-06-30": -297.423, "2017-03-31": "-828.92800", "2016-12-31": -496.802, "2016-09-30": -191.31, "2016-06-30": -920.814, "2016-03-31": "-516.53900", "2015-12-31": -585.065, "2015-09-30": -550.449, "2015-06-30": 4763.383, "2015-03-31": "-31.95300", "2014-12-31": -327.665, "2014-09-30": 327.752, "2014-06-30": -483.078, "2014-03-31": "132.18400", "2013-12-31": -436.512, "2013-09-30": 356.667, "2013-06-30": -23.912, "2013-03-31": "-2261.86500", "2012-12-31": -725.633, "2012-09-30": -105.977, "2012-06-30": -159.683, "2012-03-31": "-80.21800", "2011-12-31": -710.701, "2011-09-30": -11.375, "2011-06-30": 1080.549, "2011-03-31": "-195.15500", "2010-12-31": -817.974, "2010-09-30": -168.335, "2010-06-30": -50.833, "2010-03-31": "67.38000", "2009-12-31": -1164.473, "2009-09-30": -180.852, "2009-06-30": -71.679, "2009-03-31": "-45.63200", "2008-12-31": 125.201, "2008-09-30": 70.445, "2008-06-30": 165.007, "2008-03-31": "219.51800", "2007-12-31": 88.623, "2007-09-30": 154.139, "2007-06-30": -13.71, "2007-03-31": "190.97300", "2006-12-31": -138.433, "2006-09-30": 177.785, "2006-06-30": 278.712, "2006-03-31": "165.55700", "2005-12-31": -386.179, "2005-09-30": 96.145, "2005-06-30": 103.07, "2005-03-31": "85.10800"}, "Net Cash Flow": {"2020-12-31": 148.662, "2020-09-30": 391.064, "2020-06-30": -258.742, "2020-03-31": "-280.98400", "2019-12-31": 63.861, "2019-09-30": 623.804, "2019-06-30": 150.16, "2019-03-31": "-92.82600", "2018-12-31": 68.294, "2018-09-30": -252.268, "2018-06-30": 69.731, "2018-03-31": "11.05300", "2017-12-31": -121.68, "2017-09-30": 297.372, "2017-06-30": -124.475, "2017-03-31": "-411.48700", "2016-12-31": 432.196, "2016-09-30": 42.899, "2016-06-30": -37.516, "2016-03-31": "105.65700", "2015-12-31": -46.353, "2015-09-30": -40.592, "2015-06-30": 159.012, "2015-03-31": "-158.67900", "2014-12-31": 38.813, "2014-09-30": 44.452, "2014-06-30": 78.541, "2014-03-31": "-302.24300", "2013-12-31": 369.436, "2013-09-30": -263.731, "2013-06-30": -399.935, "2013-03-31": "684.54900", "2012-12-31": -57.378, "2012-09-30": -135.443, "2012-06-30": -50.105, "2012-03-31": "167.66400", "2011-12-31": -40.677, "2011-09-30": -44.144, "2011-06-30": 236.149, "2011-03-31": "-12.89000", "2010-12-31": 19.835, "2010-09-30": -7.303, "2010-06-30": 24.52, "2010-03-31": "-33.78000", "2009-12-31": -90.989, "2009-09-30": -11.255, "2009-06-30": -77.097, "2009-03-31": "39.06700", "2008-12-31": -61.996, "2008-09-30": -53.823, "2008-06-30": 83.135, "2008-03-31": "36.39600", "2007-12-31": -76.575, "2007-09-30": 72.831, "2007-06-30": -35.85, "2007-03-31": "85.05500", "2006-12-31": 20.426, "2006-09-30": -48.008, "2006-06-30": 59.877, "2006-03-31": "-90.41300", "2005-12-31": 101.006, "2005-09-30": -7.087, "2005-06-30": -28.819, "2005-03-31": "58.38900"}, "Stock-Based Compensation": {"2020-12-31": -86.36, "2020-09-30": 26.554, "2020-06-30": 27.998, "2020-03-31": "31.80800", "2019-12-31": 25.09, "2019-09-30": 20.523, "2019-06-30": 20.186, "2019-03-31": "31.75800", "2018-12-31": 18.064, "2018-09-30": 18.947, "2018-06-30": 19.086, "2018-03-31": "19.99600", "2017-12-31": 18.549, "2017-09-30": 20.487, "2017-06-30": 19.224, "2017-03-31": "18.38000", "2016-12-31": 16.683, "2016-09-30": 14.446, "2016-06-30": 16.747, "2016-03-31": "12.46500", "2015-12-31": 13.541, "2015-09-30": 13.406, "2015-06-30": 13.484, "2015-03-31": "13.23400", "2014-12-31": 14.436, "2014-09-30": 14.056, "2014-06-30": 13.748, "2014-03-31": "15.23800", "2013-12-31": 14.986, "2013-09-30": 12.263, "2013-06-30": 12.235, "2013-03-31": "9.75500", "2012-12-31": 29.092, "2012-09-30": 7.885, "2012-06-30": 8.046, "2012-03-31": "8.12300", "2011-12-31": 50.068, "2011-09-30": 17.369, "2011-06-30": 6.576, "2011-03-31": "-1.53700", "2010-12-31": 7.827, "2010-09-30": 5.349, "2010-06-30": 5.097, "2010-03-31": "6.81200", "2009-12-31": 0.753, "2009-09-30": 4.54, "2009-06-30": 4.645, "2009-03-31": "7.30400", "2008-12-31": 4.726, "2008-09-30": 5.118, "2008-06-30": 5.094, "2008-03-31": "6.52900", "2007-12-31": 2.529, "2007-09-30": 4.114, "2007-06-30": 4.295, "2007-03-31": "5.10800", "2006-12-31": 6.35, "2006-09-30": 3.445, "2006-06-30": 6.112, "2006-03-31": "4.82900", "2005-12-31": 2.673, "2005-09-30": 2.679, "2005-06-30": 2.664, "2005-03-31": "4.28000"}, "Common Stock Dividends Paid": {"2020-12-31": 1292.326, "2020-09-30": -430.589, "2020-06-30": -416.183, "2020-03-31": "-445.55400", "2019-12-31": -336.698, "2019-09-30": -336.599, "2019-06-30": -323.132, "2019-03-31": "-349.23100", "2018-12-31": -303.791, "2018-09-30": -304.331, "2018-06-30": -257.558, "2018-03-31": "-257.68700", "2017-12-31": -235.624, "2017-09-30": -236.468, "2017-06-30": -235.72, "2017-03-31": "-235.07200", "2016-12-31": -262.175, "2016-09-30": -224.041, "2016-06-30": -222.784, "2016-03-31": "-222.55900", "2015-12-31": -211.902, "2015-09-30": -211.606, "2015-06-30": -190.604, "2015-03-31": "-190.58500", "2014-12-31": 502.259, "2014-09-30": -166.014, "2014-06-30": -168.004, "2014-03-31": "-168.24100", "2013-12-31": -580.862, "2013-09-30": 288.19, "2013-06-30": -147.662, "2013-03-31": "-140.52800", "2012-12-31": 389.159, "2012-09-30": -129.237, "2012-06-30": -130.98, "2012-03-31": "-128.94200", "2011-12-31": -129.949, "2011-09-30": -128.154, "2011-06-30": -58.633, "2011-03-31": "-70.39700", "2010-12-31": -45.673, "2010-09-30": -78.11, "2010-06-30": -107.87, "2010-03-31": "-49.00500", "2009-12-31": -162.521, "2009-09-30": -50.219, "2009-06-30": -53.035, "2009-03-31": "-6.07000", "2008-12-31": -59.839, "2008-09-30": -74.541, "2008-06-30": -65.8, "2008-03-31": "-86.30300", "2007-12-31": -79.391, "2007-09-30": -91.656, "2007-06-30": -70.426, "2007-03-31": "-107.99300", "2006-12-31": -104.609, "2006-09-30": -100.037, "2006-06-30": -61.163, "2006-03-31": "-78.18300", "2005-12-31": -358.339, "2005-09-30": -61.716, "2005-06-30": -81.605, "2005-03-31": "-77.49900"}}, "financial ratios": {"Current Ratio": {"2019-12-31": "", "2018-12-31": "", "2017-12-31": "", "2016-12-31": "", "2015-12-31": "", "2014-12-31": "", "2013-12-31": "", "2012-12-31": "", "2011-12-31": "", "2010-12-31": "", "2009-12-31": "", "2008-12-31": "", "2007-12-31": "", "2006-12-31": "", "2005-12-31": ""}, "Long-term Debt / Capital": {"2019-12-31": "0.31350", "2018-12-31": "0.30060", "2017-12-31": "0.33480", "2016-12-31": "0.36500", "2015-12-31": "0.38690", "2014-12-31": "0.38080", "2013-12-31": "0.38860", "2012-12-31": "0.46120", "2011-12-31": "0.44050", "2010-12-31": "0.46380", "2009-12-31": "0.49390", "2008-12-31": "0.57360", "2007-12-31": "0.55840", "2006-12-31": "0.61340", "2005-12-31": "0.63960"}, "Debt/Equity Ratio": {"2019-12-31": "0.45670", "2018-12-31": "0.42980", "2017-12-31": "0.50320", "2016-12-31": "0.57470", "2015-12-31": "0.63120", "2014-12-31": "0.61490", "2013-12-31": "0.63560", "2012-12-31": "0.85610", "2011-12-31": "0.78740", "2010-12-31": "0.86510", "2009-12-31": "0.97610", "2008-12-31": "1.34520", "2007-12-31": "1.26440", "2006-12-31": "1.58650", "2005-12-31": "1.77510"}, "Gross Margin": {"2019-12-31": "", "2018-12-31": "", "2017-12-31": "", "2016-12-31": "", "2015-12-31": "", "2014-12-31": "", "2013-12-31": "", "2012-12-31": "", "2011-12-31": "", "2010-12-31": "", "2009-12-31": "", "2008-12-31": "", "2007-12-31": "", "2006-12-31": "", "2005-12-31": ""}, "Operating Margin": {"2019-12-31": "55.53820", "2018-12-31": "60.19000", "2017-12-31": "74.63450", "2016-12-31": "26.38540", "2015-12-31": "17.30360", "2014-12-31": "18.16280", "2013-12-31": "17.39010", "2012-12-31": "4.74280", "2011-12-31": "6.66620", "2010-12-31": "-73.02500", "2009-12-31": "-4.33790", "2008-12-31": "0.30550", "2007-12-31": "29.00950", "2006-12-31": "35.76380", "2005-12-31": "39.00490"}, "EBIT Margin": {"2019-12-31": "55.53820", "2018-12-31": "60.19000", "2017-12-31": "74.63450", "2016-12-31": "26.38540", "2015-12-31": "17.30360", "2014-12-31": "18.16280", "2013-12-31": "17.39010", "2012-12-31": "4.74280", "2011-12-31": "6.66620", "2010-12-31": "-73.02500", "2009-12-31": "-4.33790", "2008-12-31": "0.30550", "2007-12-31": "29.00950", "2006-12-31": "35.76380", "2005-12-31": "39.00490"}, "EBITDA Margin": {"2019-12-31": "87.31780", "2018-12-31": "92.02970", "2017-12-31": "105.14740", "2016-12-31": "58.84480", "2015-12-31": "55.92460", "2014-12-31": "53.41660", "2013-12-31": "53.22510", "2012-12-31": "43.88850", "2011-12-31": "44.96350", "2010-12-31": "-25.98010", "2009-12-31": "33.38030", "2008-12-31": "23.86350", "2007-12-31": "51.74850", "2006-12-31": "58.87480", "2005-12-31": "61.28400"}, "Pre-Tax Profit Margin": {"2019-12-31": "53.33430", "2018-12-31": "67.26060", "2017-12-31": "69.34590", "2016-12-31": "53.17930", "2015-12-31": "43.17580", "2014-12-31": "40.52890", "2013-12-31": "19.20960", "2012-12-31": "-5.24440", "2011-12-31": "-19.21320", "2010-12-31": "-194.24890", "2009-12-31": "-33.98790", "2008-12-31": "-2.64430", "2007-12-31": "44.28830", "2006-12-31": "32.06910", "2005-12-31": "30.45020"}, "Net Profit Margin": {"2019-12-31": "47.04680", "2018-12-31": "58.60070", "2017-12-31": "62.71380", "2016-12-31": "47.49920", "2015-12-31": "39.26990", "2014-12-31": "35.33850", "2013-12-31": "18.01910", "2012-12-31": "-4.12880", "2011-12-31": "-13.23070", "2010-12-31": "-154.24830", "2009-12-31": "-0.25800", "2008-12-31": "-9.80600", "2007-12-31": "45.10040", "2006-12-31": "29.39680", "2005-12-31": "38.71200"}, "Asset Turnover": {"2019-12-31": "0.08320", "2018-12-31": "0.07300", "2017-12-31": "0.08880", "2016-12-31": "0.08370", "2015-12-31": "0.07000", "2014-12-31": "0.06830", "2013-12-31": "0.07120", "2012-12-31": "0.07180", "2011-12-31": "0.05130", "2010-12-31": "0.05640", "2009-12-31": "0.15010", "2008-12-31": "0.09280", "2007-12-31": "0.08960", "2006-12-31": "0.10610", "2005-12-31": "0.09510"}, "Inventory Turnover Ratio": {"2019-12-31": "", "2018-12-31": "", "2017-12-31": "", "2016-12-31": "", "2015-12-31": "", "2014-12-31": "", "2013-12-31": "", "2012-12-31": "", "2011-12-31": "", "2010-12-31": "", "2009-12-31": "", "2008-12-31": "", "2007-12-31": "", "2006-12-31": "", "2005-12-31": ""}, "Receiveable Turnover": {"2019-12-31": "", "2018-12-31": "", "2017-12-31": "", "2016-12-31": "", "2015-12-31": "", "2014-12-31": "", "2013-12-31": "", "2012-12-31": "", "2011-12-31": "", "2010-12-31": "", "2009-12-31": "", "2008-12-31": "", "2007-12-31": "", "2006-12-31": "", "2005-12-31": ""}, "Days Sales In Receivables": {"2019-12-31": "", "2018-12-31": "", "2017-12-31": "", "2016-12-31": "", "2015-12-31": "", "2014-12-31": "", "2013-12-31": "", "2012-12-31": "", "2011-12-31": "", "2010-12-31": "", "2009-12-31": "", "2008-12-31": "", "2007-12-31": "", "2006-12-31": "", "2005-12-31": ""}, "ROE - Return On Equity": {"2019-12-31": "6.54480", "2018-12-31": "7.08440", "2017-12-31": "9.44880", "2016-12-31": "7.03240", "2015-12-31": "5.04570", "2014-12-31": "4.89420", "2013-12-31": "1.63060", "2012-12-31": "-0.80660", "2011-12-31": "-1.98180", "2010-12-31": "-22.33480", "2009-12-31": "-11.57430", "2008-12-31": "-0.65330", "2007-12-31": "11.34660", "2006-12-31": "8.55700", "2005-12-31": "7.10190"}, "Return On Tangible Equity": {"2019-12-31": "6.52750", "2018-12-31": "7.06550", "2017-12-31": "9.41400", "2016-12-31": "7.00250", "2015-12-31": "5.02430", "2014-12-31": "4.86900", "2013-12-31": "1.61910", "2012-12-31": "-0.77250", "2011-12-31": "-1.90200", "2010-12-31": "-21.29540", "2009-12-31": "-10.78870", "2008-12-31": "-0.60410", "2007-12-31": "10.42950", "2006-12-31": "7.67460", "2005-12-31": "6.45130"}, "ROA - Return On Assets": {"2019-12-31": "4.25120", "2018-12-31": "4.74510", "2017-12-31": "5.97320", "2016-12-31": "4.27290", "2015-12-31": "2.94800", "2014-12-31": "2.86820", "2013-12-31": "0.93410", "2012-12-31": "-0.38960", "2011-12-31": "-0.99170", "2010-12-31": "-10.74630", "2009-12-31": "-5.18990", "2008-12-31": "-0.24540", "2007-12-31": "3.96930", "2006-12-31": "2.47680", "2005-12-31": "1.81730"}, "ROI - Return On Investment": {"2019-12-31": "4.48120", "2018-12-31": "4.94150", "2017-12-31": "6.26270", "2016-12-31": "4.44680", "2015-12-31": "3.08020", "2014-12-31": "3.01500", "2013-12-31": "0.98990", "2012-12-31": "-0.41620", "2011-12-31": "-1.06410", "2010-12-31": "-11.41770", "2009-12-31": "-5.45960", "2008-12-31": "-0.25760", "2007-12-31": "4.60580", "2006-12-31": "2.96720", "2005-12-31": "2.32480"}, "Book Value Per Share": {"2019-12-31": "41.26610", "2018-12-31": "40.97880", "2017-12-31": "35.14890", "2016-12-31": "34.91420", "2015-12-31": "35.12000", "2014-12-31": "29.80110", "2013-12-31": "28.42120", "2012-12-31": "29.82730", "2011-12-31": "31.46590", "2010-12-31": "29.55160", "2009-12-31": "22.05120", "2008-12-31": "30.12290", "2007-12-31": "27.85960", "2006-12-31": "24.16470", "2005-12-31": "22.33060"}, "Operating Cash Flow Per Share": {"2019-12-31": 0.4015, "2018-12-31": 0.0007, "2017-12-31": 0.4628, "2016-12-31": 0.5014, "2015-12-31": 0.3243, "2014-12-31": 0.7797, "2013-12-31": -0.0169, "2012-12-31": 0.4466, "2011-12-31": -0.5399, "2010-12-31": 0.6018, "2009-12-31": -2.6117, "2008-12-31": 0.6917, "2007-12-31": -1.2713, "2006-12-31": 0.32, "2005-12-31": 3.3664}, "Free Cash Flow Per Share": {"2019-12-31": 0.6659, "2018-12-31": -3.1457, "2017-12-31": 1.2965, "2016-12-31": 0.7276, "2015-12-31": 0.1545, "2014-12-31": -6.1968, "2013-12-31": 6.1983, "2012-12-31": 0.7147, "2011-12-31": -4.2707, "2010-12-31": 4.4839, "2009-12-31": 8.9932, "2008-12-31": 3.2701, "2007-12-31": -2.9813, "2006-12-31": -3.4887, "2005-12-31": -4.1736}}, "financial ratios, quarterly": {"Current Ratio": {"2020-09-30": "", "2020-06-30": "", "2020-03-31": "", "2019-12-31": "", "2019-09-30": "", "2019-06-30": "", "2019-03-31": "", "2018-12-31": "", "2018-09-30": "", "2018-06-30": "", "2018-03-31": "", "2017-12-31": "", "2017-09-30": "", "2017-06-30": "", "2017-03-31": "", "2016-12-31": "", "2016-09-30": "", "2016-06-30": "", "2016-03-31": "", "2015-12-31": "", "2015-09-30": "", "2015-06-30": "", "2015-03-31": "", "2014-12-31": "", "2014-09-30": "", "2014-06-30": "", "2014-03-31": "", "2013-12-31": "", "2013-09-30": "", "2013-06-30": "", "2013-03-31": "", "2012-12-31": "", "2012-09-30": "", "2012-06-30": "", "2012-03-31": "", "2011-12-31": "", "2011-09-30": "", "2011-06-30": "", "2011-03-31": "", "2010-12-31": "", "2010-09-30": "", "2010-06-30": "", "2010-03-31": "", "2009-12-31": "", "2009-09-30": "", "2009-06-30": "", "2009-03-31": "", "2008-12-31": "", "2008-09-30": "", "2008-06-30": "", "2008-03-31": "", "2007-12-31": "", "2007-09-30": "", "2007-06-30": "", "2007-03-31": "", "2006-12-31": "", "2006-09-30": "", "2006-06-30": "", "2006-03-31": "", "2005-12-31": "", "2005-09-30": "", "2005-06-30": "", "2005-03-31": ""}, "Long-term Debt / Capital": {"2020-09-30": "0.31160", "2020-06-30": "0.29890", "2020-03-31": "0.29890", "2019-12-31": "0.31350", "2019-09-30": "0.30640", "2019-06-30": "0.29850", "2019-03-31": "0.29310", "2018-12-31": "0.30060", "2018-09-30": "0.30630", "2018-06-30": "0.33480", "2018-03-31": "0.33490", "2017-12-31": "0.33480", "2017-09-30": "0.34370", "2017-06-30": "0.38290", "2017-03-31": "0.38300", "2016-12-31": "0.36500", "2016-09-30": "0.38110", "2016-06-30": "0.37860", "2016-03-31": "0.38920", "2015-12-31": "0.38690", "2015-09-30": "0.39620", "2015-06-30": "0.39770", "2015-03-31": "0.35370", "2014-12-31": "0.38080", "2014-09-30": "0.38430", "2014-06-30": "0.37400", "2014-03-31": "0.37970", "2013-12-31": "0.38860", "2013-09-30": "0.39000", "2013-06-30": "0.37020", "2013-03-31": "0.40720", "2012-12-31": "0.46120", "2012-09-30": "0.47020", "2012-06-30": "0.46740", "2012-03-31": "0.45970", "2011-12-31": "0.44050", "2011-09-30": "0.45410", "2011-06-30": "0.44570", "2011-03-31": "0.48080", "2010-12-31": "0.46380", "2010-09-30": "0.45330", "2010-06-30": "0.44600", "2010-03-31": "0.50480", "2009-12-31": "0.49390", "2009-09-30": "0.48630", "2009-06-30": "0.49620", "2009-03-31": "0.49440", "2008-12-31": "0.57360", "2008-09-30": "0.58230", "2008-06-30": "0.60300", "2008-03-31": "0.59700", "2007-12-31": "0.55840", "2007-09-30": "0.55220", "2007-06-30": "0.52900", "2007-03-31": "0.55460", "2006-12-31": "0.61340", "2006-09-30": "0.65910", "2006-06-30": "0.66200", "2006-03-31": "0.65400", "2005-12-31": "0.63960", "2005-09-30": "0.67330", "2005-06-30": "0.66690", "2005-03-31": "0.66420"}, "Debt/Equity Ratio": {"2020-09-30": "0.45270", "2020-06-30": "0.42640", "2020-03-31": "0.42630", "2019-12-31": "0.45670", "2019-09-30": "0.44180", "2019-06-30": "0.42550", "2019-03-31": "0.41460", "2018-12-31": "0.42980", "2018-09-30": "0.44160", "2018-06-30": "0.50340", "2018-03-31": "0.50350", "2017-12-31": "0.50320", "2017-09-30": "0.52380", "2017-06-30": "0.62050", "2017-03-31": "0.62070", "2016-12-31": "0.57470", "2016-09-30": "0.61570", "2016-06-30": "0.60930", "2016-03-31": "0.63720", "2015-12-31": "0.63120", "2015-09-30": "0.65630", "2015-06-30": "0.66040", "2015-03-31": "0.54720", "2014-12-31": "0.61490", "2014-09-30": "0.62410", "2014-06-30": "0.59740", "2014-03-31": "0.61210", "2013-12-31": "0.63560", "2013-09-30": "0.63930", "2013-06-30": "0.58770", "2013-03-31": "0.68690", "2012-12-31": "0.85610", "2012-09-30": "0.88740", "2012-06-30": "0.87750", "2012-03-31": "0.85090", "2011-12-31": "0.78740", "2011-09-30": "0.83190", "2011-06-30": "0.80420", "2011-03-31": "0.92590", "2010-12-31": "0.86510", "2010-09-30": "0.82910", "2010-06-30": "0.80520", "2010-03-31": "1.01930", "2009-12-31": "0.97610", "2009-09-30": "0.94680", "2009-06-30": "0.98490", "2009-03-31": "0.97800", "2008-12-31": "1.34520", "2008-09-30": "1.39390", "2008-06-30": "1.51870", "2008-03-31": "1.48140", "2007-12-31": "1.26440", "2007-09-30": "1.23310", "2007-06-30": "1.12290", "2007-03-31": "1.24520", "2006-12-31": "1.58650", "2006-09-30": "1.93300", "2006-06-30": "1.95830", "2006-03-31": "1.89050", "2005-12-31": "1.77510", "2005-09-30": "2.06080", "2005-06-30": "2.00230", "2005-03-31": "1.97840"}, "Gross Margin": {"2020-09-30": "", "2020-06-30": "", "2020-03-31": "", "2019-12-31": "", "2019-09-30": "", "2019-06-30": "", "2019-03-31": "", "2018-12-31": "", "2018-09-30": "", "2018-06-30": "", "2018-03-31": "", "2017-12-31": "", "2017-09-30": "", "2017-06-30": "", "2017-03-31": "", "2016-12-31": "", "2016-09-30": "", "2016-06-30": "", "2016-03-31": "", "2015-12-31": "", "2015-09-30": "", "2015-06-30": "", "2015-03-31": "", "2014-12-31": "", "2014-09-30": "", "2014-06-30": "", "2014-03-31": "", "2013-12-31": "", "2013-09-30": "", "2013-06-30": "", "2013-03-31": "", "2012-12-31": "", "2012-09-30": "", "2012-06-30": "", "2012-03-31": "", "2011-12-31": "", "2011-09-30": "", "2011-06-30": "", "2011-03-31": "", "2010-12-31": "", "2010-09-30": "", "2010-06-30": "", "2010-03-31": "", "2009-12-31": "", "2009-09-30": "", "2009-06-30": "", "2009-03-31": "", "2008-12-31": "", "2008-09-30": "", "2008-06-30": "", "2008-03-31": "", "2007-12-31": "", "2007-09-30": "", "2007-06-30": "", "2007-03-31": "", "2006-12-31": "", "2006-09-30": "", "2006-06-30": "", "2006-03-31": "", "2005-12-31": "", "2005-09-30": "", "2005-06-30": "", "2005-03-31": ""}, "Operating Margin": {"2020-09-30": "51.39770", "2020-06-30": "48.33550", "2020-03-31": "47.84680", "2019-12-31": "67.75170", "2019-09-30": "50.04140", "2019-06-30": "55.93010", "2019-03-31": "48.77780", "2018-12-31": "74.17390", "2018-09-30": "55.03540", "2018-06-30": "45.31880", "2018-03-31": "62.31010", "2017-12-31": "216.37920", "2017-09-30": "29.10910", "2017-06-30": "35.92770", "2017-03-31": "25.73070", "2016-12-31": "26.48030", "2016-09-30": "33.01670", "2016-06-30": "23.63980", "2016-03-31": "21.30930", "2015-12-31": "16.41030", "2015-09-30": "17.80710", "2015-06-30": "17.11350", "2015-03-31": "18.12280", "2014-12-31": "16.62490", "2014-09-30": "18.81530", "2014-06-30": "20.70770", "2014-03-31": "16.44100", "2013-12-31": "16.36530", "2013-09-30": "18.29090", "2013-06-30": "14.24760", "2013-03-31": "20.21770", "2012-12-31": "-35.17620", "2012-09-30": "15.06620", "2012-06-30": "20.27290", "2012-03-31": "17.75670", "2011-12-31": "8.36620", "2011-09-30": "16.91170", "2011-06-30": "-14.63580", "2011-03-31": "12.52330", "2010-12-31": "-296.15280", "2010-09-30": "15.63200", "2010-06-30": "15.65990", "2010-03-31": "14.38250", "2009-12-31": "4.49510", "2009-09-30": "20.83000", "2009-06-30": "22.28010", "2009-03-31": "-82.54430", "2008-12-31": "-114.28880", "2008-09-30": "22.62280", "2008-06-30": "40.01730", "2008-03-31": "29.46560", "2007-12-31": "26.52810", "2007-09-30": "27.65150", "2007-06-30": "31.65100", "2007-03-31": "30.00400", "2006-12-31": "36.22730", "2006-09-30": "34.29840", "2006-06-30": "35.52980", "2006-03-31": "37.02290", "2005-12-31": "43.32540", "2005-09-30": "37.27670", "2005-06-30": "38.29270", "2005-03-31": "36.73830"}, "EBIT Margin": {"2020-09-30": "51.39770", "2020-06-30": "48.33550", "2020-03-31": "47.84680", "2019-12-31": "67.75170", "2019-09-30": "50.04140", "2019-06-30": "55.93010", "2019-03-31": "48.77780", "2018-12-31": "74.17380", "2018-09-30": "55.03540", "2018-06-30": "45.31880", "2018-03-31": "62.31010", "2017-12-31": "216.37920", "2017-09-30": "29.10910", "2017-06-30": "35.92770", "2017-03-31": "25.73070", "2016-12-31": "26.48030", "2016-09-30": "33.01670", "2016-06-30": "23.63980", "2016-03-31": "21.30930", "2015-12-31": "16.41030", "2015-09-30": "17.80710", "2015-06-30": "17.11350", "2015-03-31": "18.12280", "2014-12-31": "16.62490", "2014-09-30": "18.81530", "2014-06-30": "20.70770", "2014-03-31": "16.44100", "2013-12-31": "16.36530", "2013-09-30": "18.29090", "2013-06-30": "14.24760", "2013-03-31": "20.21770", "2012-12-31": "-35.17620", "2012-09-30": "15.06620", "2012-06-30": "20.27290", "2012-03-31": "17.75670", "2011-12-31": "8.36620", "2011-09-30": "16.91170", "2011-06-30": "-14.63580", "2011-03-31": "12.52330", "2010-12-31": "-296.15280", "2010-09-30": "15.63200", "2010-06-30": "15.65990", "2010-03-31": "14.38250", "2009-12-31": "4.49510", "2009-09-30": "20.83000", "2009-06-30": "22.28010", "2009-03-31": "-82.54430", "2008-12-31": "-114.28890", "2008-09-30": "22.62280", "2008-06-30": "40.01730", "2008-03-31": "29.46560", "2007-12-31": "26.52810", "2007-09-30": "27.65150", "2007-06-30": "31.65100", "2007-03-31": "30.00400", "2006-12-31": "36.22730", "2006-09-30": "34.29840", "2006-06-30": "35.52980", "2006-03-31": "37.02290", "2005-12-31": "43.32540", "2005-09-30": "37.27670", "2005-06-30": "38.29270", "2005-03-31": "36.73830"}, "EBITDA Margin": {"2020-09-30": "", "2020-06-30": "", "2020-03-31": "", "2019-12-31": "", "2019-09-30": "", "2019-06-30": "", "2019-03-31": "", "2018-12-31": "", "2018-09-30": "", "2018-06-30": "", "2018-03-31": "", "2017-12-31": "", "2017-09-30": "", "2017-06-30": "", "2017-03-31": "", "2016-12-31": "", "2016-09-30": "", "2016-06-30": "", "2016-03-31": "", "2015-12-31": "", "2015-09-30": "", "2015-06-30": "", "2015-03-31": "", "2014-12-31": "", "2014-09-30": "", "2014-06-30": "", "2014-03-31": "", "2013-12-31": "", "2013-09-30": "", "2013-06-30": "", "2013-03-31": "", "2012-12-31": "", "2012-09-30": "", "2012-06-30": "", "2012-03-31": "", "2011-12-31": "", "2011-09-30": "", "2011-06-30": "", "2011-03-31": "", "2010-12-31": "", "2010-09-30": "", "2010-06-30": "", "2010-03-31": "", "2009-12-31": "", "2009-09-30": "", "2009-06-30": "", "2009-03-31": "", "2008-12-31": "", "2008-09-30": "", "2008-06-30": "", "2008-03-31": "", "2007-12-31": "", "2007-09-30": "", "2007-06-30": "", "2007-03-31": "", "2006-12-31": "", "2006-09-30": "", "2006-06-30": "", "2006-03-31": "", "2005-12-31": "", "2005-09-30": "", "2005-06-30": "", "2005-03-31": ""}, "Pre-Tax Profit Margin": {"2020-09-30": "31.83260", "2020-06-30": "39.60510", "2020-03-31": "56.43570", "2019-12-31": "54.17920", "2019-09-30": "53.50340", "2019-06-30": "55.34840", "2019-03-31": "50.16200", "2018-12-31": "87.87280", "2018-09-30": "57.07180", "2018-06-30": "61.01880", "2018-03-31": "58.89250", "2017-12-31": "56.64490", "2017-09-30": "154.48730", "2017-06-30": "39.51550", "2017-03-31": "36.60290", "2016-12-31": "78.15780", "2016-09-30": "45.86670", "2016-06-30": "49.97600", "2016-03-31": "39.31090", "2015-12-31": "20.02130", "2015-09-30": "55.37410", "2015-06-30": "28.43060", "2015-03-31": "76.31100", "2014-12-31": "94.78890", "2014-09-30": "29.83570", "2014-06-30": "31.19220", "2014-03-31": "4.34410", "2013-12-31": "7.25450", "2013-09-30": "-8.62530", "2013-06-30": "-0.02530", "2013-03-31": "71.08160", "2012-12-31": "-56.48660", "2012-09-30": "-5.90180", "2012-06-30": "-0.67920", "2012-03-31": "42.01890", "2011-12-31": "-28.00740", "2011-09-30": "8.46600", "2011-06-30": "-48.22410", "2011-03-31": "-19.82840", "2010-12-31": "-639.92970", "2010-09-30": "-12.08190", "2010-06-30": "-35.56530", "2010-03-31": "-0.94750", "2009-12-31": "-42.11250", "2009-09-30": "8.08700", "2009-06-30": "11.09560", "2009-03-31": "-86.59270", "2008-12-31": "-136.96470", "2008-09-30": "20.00860", "2008-06-30": "40.91190", "2008-03-31": "38.29440", "2007-12-31": "29.80000", "2007-09-30": "46.00620", "2007-06-30": "78.70680", "2007-03-31": "21.06560", "2006-12-31": "44.75780", "2006-09-30": "25.81470", "2006-06-30": "39.24180", "2006-03-31": "18.38190", "2005-12-31": "44.51820", "2005-09-30": "17.02750", "2005-06-30": "32.75820", "2005-03-31": "26.37220"}, "Net Profit Margin": {"2020-09-30": "27.58610", "2020-06-30": "31.95100", "2020-03-31": "50.03040", "2019-12-31": "46.66740", "2019-09-30": "47.82940", "2019-06-30": "48.55740", "2019-03-31": "44.95120", "2018-12-31": "73.91640", "2018-09-30": "50.75160", "2018-06-30": "53.85870", "2018-03-31": "52.74980", "2017-12-31": "47.66970", "2017-09-30": "145.34010", "2017-06-30": "34.84060", "2017-03-31": "32.30600", "2016-12-31": "71.04150", "2016-09-30": "39.63510", "2016-06-30": "45.73290", "2016-03-31": "34.31320", "2015-12-31": "18.40220", "2015-09-30": "44.60370", "2015-06-30": "27.47630", "2015-03-31": "74.58320", "2014-12-31": "90.62780", "2014-09-30": "32.81820", "2014-06-30": "15.80460", "2014-03-31": "1.07340", "2013-12-31": "13.52150", "2013-09-30": "-1.78080", "2013-06-30": "-0.36940", "2013-03-31": "55.29830", "2012-12-31": "-47.60420", "2012-09-30": "-9.31520", "2012-06-30": "-1.62020", "2012-03-31": "42.21930", "2011-12-31": "-11.31230", "2011-09-30": "11.81660", "2011-06-30": "-47.20020", "2011-03-31": "-20.27960", "2010-12-31": "-525.91720", "2010-09-30": "-6.58400", "2010-06-30": "-10.56370", "2010-03-31": "-2.88600", "2009-12-31": "7.12340", "2009-09-30": "40.88770", "2009-06-30": "11.55130", "2009-03-31": "-75.02680", "2008-12-31": "-139.21420", "2008-09-30": "14.97250", "2008-06-30": "35.74650", "2008-03-31": "22.68150", "2007-12-31": "59.42090", "2007-09-30": "41.81860", "2007-06-30": "66.54080", "2007-03-31": "13.20930", "2006-12-31": "46.59050", "2006-09-30": "16.61520", "2006-06-30": "41.11880", "2006-03-31": "13.25570", "2005-12-31": "80.77040", "2005-09-30": "17.04500", "2005-06-30": "24.71740", "2005-03-31": "28.70310"}, "Asset Turnover": {"2020-09-30": "0.01940", "2020-06-30": "0.02290", "2020-03-31": "0.01780", "2019-12-31": "0.02060", "2019-09-30": "0.02390", "2019-06-30": "0.02040", "2019-03-31": "0.02010", "2018-12-31": "0.02100", "2018-09-30": "0.01780", "2018-06-30": "0.02110", "2018-03-31": "0.02340", "2017-12-31": "0.02100", "2017-09-30": "0.02030", "2017-06-30": "0.02540", "2017-03-31": "0.02110", "2016-12-31": "0.02050", "2016-09-30": "0.02280", "2016-06-30": "0.01960", "2016-03-31": "0.01930", "2015-12-31": "0.02050", "2015-09-30": "0.01850", "2015-06-30": "0.01620", "2015-03-31": "0.01820", "2014-12-31": "0.01750", "2014-09-30": "0.01720", "2014-06-30": "0.01910", "2014-03-31": "0.01760", "2013-12-31": "0.01780", "2013-09-30": "0.01710", "2013-06-30": "0.01710", "2013-03-31": "0.01990", "2012-12-31": "0.01760", "2012-09-30": "0.01750", "2012-06-30": "0.01760", "2012-03-31": "0.01660", "2011-12-31": "0.01450", "2011-09-30": "0.01640", "2011-06-30": "0.01100", "2011-03-31": "0.03100", "2010-12-31": "0.01600", "2010-09-30": "0.03210", "2010-06-30": "0.03100", "2010-03-31": "0.02230", "2009-12-31": "0.08210", "2009-09-30": "0.02230", "2009-06-30": "0.02160", "2009-03-31": "0.02360", "2008-12-31": "0.01980", "2008-09-30": "0.02170", "2008-06-30": "0.02560", "2008-03-31": "0.02240", "2007-12-31": "0.02120", "2007-09-30": "0.02340", "2007-06-30": "0.02480", "2007-03-31": "0.02360", "2006-12-31": "0.02680", "2006-09-30": "0.02380", "2006-06-30": "0.02400", "2006-03-31": "0.02500", "2005-12-31": "0.02530", "2005-09-30": "0.02340", "2005-06-30": "0.02380", "2005-03-31": "0.02390"}, "Inventory Turnover Ratio": {"2020-09-30": "", "2020-06-30": "", "2020-03-31": "", "2019-12-31": "", "2019-09-30": "", "2019-06-30": "", "2019-03-31": "", "2018-12-31": "", "2018-09-30": "", "2018-06-30": "", "2018-03-31": "", "2017-12-31": "", "2017-09-30": "", "2017-06-30": "", "2017-03-31": "", "2016-12-31": "", "2016-09-30": "", "2016-06-30": "", "2016-03-31": "", "2015-12-31": "", "2015-09-30": "", "2015-06-30": "", "2015-03-31": "", "2014-12-31": "", "2014-09-30": "", "2014-06-30": "", "2014-03-31": "", "2013-12-31": "", "2013-09-30": "", "2013-06-30": "", "2013-03-31": "", "2012-12-31": "", "2012-09-30": "", "2012-06-30": "", "2012-03-31": "", "2011-12-31": "", "2011-09-30": "", "2011-06-30": "", "2011-03-31": "", "2010-12-31": "", "2010-09-30": "", "2010-06-30": "", "2010-03-31": "", "2009-12-31": "", "2009-09-30": "", "2009-06-30": "", "2009-03-31": "", "2008-12-31": "", "2008-09-30": "", "2008-06-30": "", "2008-03-31": "", "2007-12-31": "", "2007-09-30": "", "2007-06-30": "", "2007-03-31": "", "2006-12-31": "", "2006-09-30": "", "2006-06-30": "", "2006-03-31": "", "2005-12-31": "", "2005-09-30": "", "2005-06-30": "", "2005-03-31": ""}, "Receiveable Turnover": {"2020-09-30": "", "2020-06-30": "", "2020-03-31": "", "2019-12-31": "", "2019-09-30": "", "2019-06-30": "", "2019-03-31": "", "2018-12-31": "", "2018-09-30": "", "2018-06-30": "", "2018-03-31": "", "2017-12-31": "", "2017-09-30": "", "2017-06-30": "", "2017-03-31": "", "2016-12-31": "", "2016-09-30": "", "2016-06-30": "", "2016-03-31": "", "2015-12-31": "", "2015-09-30": "", "2015-06-30": "", "2015-03-31": "", "2014-12-31": "", "2014-09-30": "", "2014-06-30": "", "2014-03-31": "", "2013-12-31": "", "2013-09-30": "", "2013-06-30": "", "2013-03-31": "", "2012-12-31": "", "2012-09-30": "", "2012-06-30": "", "2012-03-31": "", "2011-12-31": "", "2011-09-30": "", "2011-06-30": "", "2011-03-31": "", "2010-12-31": "", "2010-09-30": "", "2010-06-30": "", "2010-03-31": "", "2009-12-31": "", "2009-09-30": "", "2009-06-30": "", "2009-03-31": "", "2008-12-31": "", "2008-09-30": "", "2008-06-30": "", "2008-03-31": "", "2007-12-31": "", "2007-09-30": "", "2007-06-30": "", "2007-03-31": "", "2006-12-31": "", "2006-09-30": "", "2006-06-30": "", "2006-03-31": "", "2005-12-31": "", "2005-09-30": "", "2005-06-30": "", "2005-03-31": ""}, "Days Sales In Receivables": {"2020-09-30": "", "2020-06-30": "", "2020-03-31": "", "2019-12-31": "", "2019-09-30": "", "2019-06-30": "", "2019-03-31": "", "2018-12-31": "", "2018-09-30": "", "2018-06-30": "", "2018-03-31": "", "2017-12-31": "", "2017-09-30": "", "2017-06-30": "", "2017-03-31": "", "2016-12-31": "", "2016-09-30": "", "2016-06-30": "", "2016-03-31": "", "2015-12-31": "", "2015-09-30": "", "2015-06-30": "", "2015-03-31": "", "2014-12-31": "", "2014-09-30": "", "2014-06-30": "", "2014-03-31": "", "2013-12-31": "", "2013-09-30": "", "2013-06-30": "", "2013-03-31": "", "2012-12-31": "", "2012-09-30": "", "2012-06-30": "", "2012-03-31": "", "2011-12-31": "", "2011-09-30": "", "2011-06-30": "", "2011-03-31": "", "2010-12-31": "", "2010-09-30": "", "2010-06-30": "", "2010-03-31": "", "2009-12-31": "", "2009-09-30": "", "2009-06-30": "", "2009-03-31": "", "2008-12-31": "", "2008-09-30": "", "2008-06-30": "", "2008-03-31": "", "2007-12-31": "", "2007-09-30": "", "2007-06-30": "", "2007-03-31": "", "2006-12-31": "", "2006-09-30": "", "2006-06-30": "", "2006-03-31": "", "2005-12-31": "", "2005-09-30": "", "2005-06-30": "", "2005-03-31": ""}, "ROE - Return On Equity": {"2020-09-30": "0.91290", "2020-06-30": "1.24040", "2020-03-31": "1.41980", "2019-12-31": "1.63920", "2019-09-30": "1.89820", "2019-06-30": "1.59800", "2019-03-31": "1.45120", "2018-12-31": "2.68340", "2018-09-30": "1.48020", "2018-06-30": "1.95630", "2018-03-31": "2.09390", "2017-12-31": "1.81830", "2017-09-30": "4.94250", "2017-06-30": "1.61950", "2017-03-31": "1.25460", "2016-12-31": "2.53920", "2016-09-30": "1.68770", "2016-06-30": "1.62480", "2016-03-31": "1.22000", "2015-12-31": "0.69110", "2015-09-30": "1.69650", "2015-06-30": "0.76750", "2015-03-31": "2.23560", "2014-12-31": "2.83160", "2014-09-30": "1.04650", "2014-06-30": "1.07360", "2014-03-31": "0.08340", "2013-12-31": "0.06740", "2013-09-30": "-0.34360", "2013-06-30": "-0.14480", "2013-03-31": "2.20670", "2012-12-31": "-2.08280", "2012-09-30": "-0.06980", "2012-06-30": "-0.08450", "2012-03-31": "1.35540", "2011-12-31": "-0.75230", "2011-09-30": "0.30350", "2011-06-30": "-1.11250", "2011-03-31": "-1.49420", "2010-12-31": "-21.29960", "2010-09-30": "-1.00920", "2010-06-30": "-1.07810", "2010-03-31": "-0.04820", "2009-12-31": "-7.90390", "2009-09-30": "0.39720", "2009-06-30": "0.53720", "2009-03-31": "-4.59160", "2008-12-31": "-7.23000", "2008-09-30": "1.28230", "2008-06-30": "3.32890", "2008-03-31": "2.66720", "2007-12-31": "3.28780", "2007-09-30": "2.66640", "2007-06-30": "4.65560", "2007-03-31": "0.95050", "2006-12-31": "3.31350", "2006-09-30": "1.61220", "2006-06-30": "3.00390", "2006-03-31": "1.02750", "2005-12-31": "3.34970", "2005-09-30": "0.77350", "2005-06-30": "2.27190", "2005-03-31": "1.03620"}, "Return On Tangible Equity": {"2020-09-30": "0.91130", "2020-06-30": "1.23810", "2020-03-31": "1.41710", "2019-12-31": "1.63490", "2019-09-30": "1.89320", "2019-06-30": "1.59370", "2019-03-31": "1.44740", "2018-12-31": "2.67620", "2018-09-30": "1.47620", "2018-06-30": "1.94910", "2018-03-31": "2.08620", "2017-12-31": "1.81160", "2017-09-30": "4.92160", "2017-06-30": "1.61240", "2017-03-31": "1.24910", "2016-12-31": "2.52840", "2016-09-30": "1.68050", "2016-06-30": "1.61780", "2016-03-31": "1.21480", "2015-12-31": "0.68810", "2015-09-30": "1.68920", "2015-06-30": "0.76420", "2015-03-31": "2.22450", "2014-12-31": "2.81700", "2014-09-30": "1.04070", "2014-06-30": "1.06770", "2014-03-31": "0.08280", "2013-12-31": "0.06690", "2013-09-30": "-0.34120", "2013-06-30": "-0.14380", "2013-03-31": "2.19000", "2012-12-31": "-1.99480", "2012-09-30": "-0.06700", "2012-06-30": "-0.08100", "2012-03-31": "1.30120", "2011-12-31": "-0.72200", "2011-09-30": "0.29140", "2011-06-30": "-1.06960", "2011-03-31": "-1.40400", "2010-12-31": "-20.30840", "2010-09-30": "-0.94830", "2010-06-30": "-1.01340", "2010-03-31": "-0.04490", "2009-12-31": "-7.36740", "2009-09-30": "0.37070", "2009-06-30": "0.50080", "2009-03-31": "-4.28130", "2008-12-31": "-6.68540", "2008-09-30": "1.17600", "2008-06-30": "3.05480", "2008-03-31": "2.44580", "2007-12-31": "3.02210", "2007-09-30": "2.44580", "2007-06-30": "4.27210", "2007-03-31": "0.86960", "2006-12-31": "2.97180", "2006-09-30": "1.43730", "2006-06-30": "2.73760", "2006-03-31": "0.93460", "2005-12-31": "3.04280", "2005-09-30": "0.72720", "2005-06-30": "2.13410", "2005-03-31": "0.97300"}, "ROA - Return On Assets": {"2020-09-30": "0.59630", "2020-06-30": "0.82380", "2020-03-31": "0.94740", "2019-12-31": "1.06480", "2019-09-30": "1.24470", "2019-06-30": "1.06140", "2019-03-31": "0.97350", "2018-12-31": "1.79730", "2018-09-30": "0.98130", "2018-06-30": "1.23710", "2018-03-31": "1.32100", "2017-12-31": "1.14950", "2017-09-30": "3.08020", "2017-06-30": "0.95510", "2017-03-31": "0.74020", "2016-12-31": "1.54280", "2016-09-30": "0.99470", "2016-06-30": "0.96200", "2016-03-31": "0.71010", "2015-12-31": "0.40380", "2015-09-30": "0.97770", "2015-06-30": "0.44380", "2015-03-31": "1.37980", "2014-12-31": "1.65950", "2014-09-30": "0.61120", "2014-06-30": "0.63170", "2014-03-31": "0.04870", "2013-12-31": "0.03860", "2013-09-30": "-0.19630", "2013-06-30": "-0.08570", "2013-03-31": "1.20170", "2012-12-31": "-1.00600", "2012-09-30": "-0.03320", "2012-06-30": "-0.04040", "2012-03-31": "0.65580", "2011-12-31": "-0.37640", "2011-09-30": "0.14890", "2011-06-30": "-0.55320", "2011-03-31": "-0.70000", "2010-12-31": "-10.24820", "2010-09-30": "-0.49240", "2010-06-30": "-0.53390", "2010-03-31": "-0.02110", "2009-12-31": "-3.54410", "2009-09-30": "0.18070", "2009-06-30": "0.23940", "2009-03-31": "-2.04700", "2008-12-31": "-2.71590", "2008-09-30": "0.43330", "2008-06-30": "1.04540", "2008-03-31": "0.85590", "2007-12-31": "1.15020", "2007-09-30": "0.93530", "2007-06-30": "1.71410", "2007-03-31": "0.32700", "2006-12-31": "0.95910", "2006-09-30": "0.39080", "2006-06-30": "0.73820", "2006-03-31": "0.25730", "2005-12-31": "0.85720", "2005-09-30": "0.18330", "2005-06-30": "0.54800", "2005-03-31": "0.25140"}, "ROI - Return On Investment": {"2020-09-30": "0.62730", "2020-06-30": "0.86800", "2020-03-31": "0.99360", "2019-12-31": "1.12230", "2019-09-30": "1.31310", "2019-06-30": "1.11800", "2019-03-31": "1.02320", "2018-12-31": "1.87170", "2018-09-30": "1.02410", "2018-06-30": "1.29640", "2018-03-31": "1.38750", "2017-12-31": "1.20520", "2017-09-30": "3.22990", "2017-06-30": "0.99500", "2017-03-31": "0.77070", "2016-12-31": "1.60560", "2016-09-30": "1.04010", "2016-06-30": "1.00530", "2016-03-31": "0.74200", "2015-12-31": "0.42190", "2015-09-30": "1.01990", "2015-06-30": "0.46020", "2015-03-31": "1.43780", "2014-12-31": "1.74430", "2014-09-30": "0.64080", "2014-06-30": "0.66840", "2014-03-31": "0.05140", "2013-12-31": "0.04090", "2013-09-30": "-0.20810", "2013-06-30": "-0.09060", "2013-03-31": "1.29820", "2012-12-31": "-1.07480", "2012-09-30": "-0.03550", "2012-06-30": "-0.04310", "2012-03-31": "0.70300", "2011-12-31": "-0.40390", "2011-09-30": "0.15910", "2011-06-30": "-0.59280", "2011-03-31": "-0.72900", "2010-12-31": "-10.88850", "2010-09-30": "-0.51840", "2010-06-30": "-0.56140", "2010-03-31": "-0.02220", "2009-12-31": "-3.72830", "2009-09-30": "0.19040", "2009-06-30": "0.25230", "2009-03-31": "-2.16440", "2008-12-31": "-2.85070", "2008-09-30": "0.49130", "2008-06-30": "1.21280", "2008-03-31": "0.98570", "2007-12-31": "1.33460", "2007-09-30": "1.09520", "2007-06-30": "2.01230", "2007-03-31": "0.38730", "2006-12-31": "1.14900", "2006-09-30": "0.49000", "2006-06-30": "0.92540", "2006-03-31": "0.32330", "2005-12-31": "1.09650", "2005-09-30": "0.23760", "2005-06-30": "0.71080", "2005-03-31": "0.32670"}, "Book Value Per Share": {"2020-09-30": "49.37890", "2020-06-30": "49.74230", "2020-03-31": "49.79380", "2019-12-31": "41.26610", "2019-09-30": "41.05400", "2019-06-30": "40.84820", "2019-03-31": "40.94230", "2018-12-31": "40.97880", "2018-09-30": "40.40790", "2018-06-30": "35.11420", "2018-03-31": "35.24270", "2017-12-31": "35.14890", "2017-09-30": "34.88050", "2017-06-30": "33.61370", "2017-03-31": "33.32330", "2016-12-31": "34.91420", "2016-09-30": "34.58820", "2016-06-30": "34.72820", "2016-03-31": "34.92570", "2015-12-31": "35.12000", "2015-09-30": "34.69180", "2015-06-30": "35.01860", "2015-03-31": "30.13680", "2014-12-31": "29.80110", "2014-09-30": "28.27620", "2014-06-30": "28.56420", "2014-03-31": "29.00670", "2013-12-31": "28.42120", "2013-09-30": "28.60700", "2013-06-30": "28.72560", "2013-03-31": "28.56670", "2012-12-31": "29.82730", "2012-09-30": "30.75420", "2012-06-30": "30.76170", "2012-03-31": "31.66250", "2011-12-31": "31.46590", "2011-09-30": "31.86440", "2011-06-30": "32.84190", "2011-03-31": "21.82290", "2010-12-31": "29.55160", "2010-09-30": "21.98970", "2010-06-30": "22.10190", "2010-03-31": "21.68190", "2009-12-31": "22.05120", "2009-09-30": "22.89830", "2009-06-30": "22.50830", "2009-03-31": "22.60520", "2008-12-31": "30.12290", "2008-09-30": "27.42050", "2008-06-30": "27.67980", "2008-03-31": "27.48580", "2007-12-31": "27.85960", "2007-09-30": "27.30830", "2007-06-30": "27.21340", "2007-03-31": "26.41360", "2006-12-31": "24.16470", "2006-09-30": "23.09230", "2006-06-30": "22.45370", "2006-03-31": "22.05190", "2005-12-31": "22.33060", "2005-09-30": "20.20430", "2005-06-30": "20.19850", "2005-03-31": "20.17460"}, "Operating Cash Flow Per Share": {"2020-09-30": 1.2818, "2020-06-30": 0.8318, "2020-03-31": "0.93800", "2019-12-31": 0.9426, "2019-09-30": 0.9835, "2019-06-30": 0.7747, "2019-03-31": "0.75630", "2018-12-31": 0.924, "2018-09-30": 0.7372, "2018-06-30": 0.7641, "2018-03-31": "0.63030", "2017-12-31": 0.6002, "2017-09-30": 1.1051, "2017-06-30": 0.7082, "2017-03-31": "0.64140", "2016-12-31": 0.7701, "2016-09-30": 0.6601, "2016-06-30": 0.6396, "2016-03-31": "0.52230", "2015-12-31": 0.6688, "2015-09-30": 0.7512, "2015-06-30": 0.5166, "2015-03-31": "0.15410", "2014-12-31": 0.8929, "2014-09-30": 0.2814, "2014-06-30": 0.4489, "2014-03-31": "0.14320", "2013-12-31": 0.322, "2013-09-30": 0.2475, "2013-06-30": 0.1476, "2013-03-31": "0.26960", "2012-12-31": 0.1955, "2012-09-30": 0.46, "2012-06-30": 0.1981, "2012-03-31": "0.15000", "2011-12-31": 0.33, "2011-09-30": 0.2787, "2011-06-30": -0.0618, "2011-03-31": "0.01010", "2010-12-31": 0.0422, "2010-09-30": 0.5721, "2010-06-30": 0.0113, "2010-03-31": "0.47130", "2009-12-31": -0.9345, "2009-09-30": 0.5964, "2009-06-30": 0.2082, "2009-03-31": "0.62500", "2008-12-31": 0.6781, "2008-09-30": 1.1433, "2008-06-30": 0.6589, "2008-03-31": "0.62650", "2007-12-31": 0.2654, "2007-09-30": 0.8516, "2007-06-30": 0.7097, "2007-03-31": "0.58840", "2006-12-31": 1.2585, "2006-09-30": 0.6534, "2006-06-30": 1.1968, "2006-03-31": "0.57770", "2005-12-31": 1.1679, "2005-09-30": 1.2624, "2005-06-30": 0.3859, "2005-03-31": "0.55020"}, "Free Cash Flow Per Share": {"2020-09-30": 0.8437, "2020-06-30": 0.5798, "2020-03-31": "0.64620", "2019-12-31": 0.3144, "2019-09-30": 0.517, "2019-06-30": 0.8154, "2019-03-31": "0.60110", "2018-12-31": 0.6011, "2018-09-30": 0.0706, "2018-06-30": 0.1673, "2018-03-31": "0.74300", "2017-12-31": 0.8608, "2017-09-30": 2.8684, "2017-06-30": 0.2885, "2017-03-31": "0.71000", "2016-12-31": 1.3139, "2016-09-30": 0.4902, "2016-06-30": 0.8477, "2016-03-31": "0.77940", "2015-12-31": 1.0319, "2015-09-30": 1.2436, "2015-06-30": 0.5062, "2015-03-31": "-0.07810", "2014-12-31": 1.0076, "2014-09-30": 0.6413, "2014-06-30": 1.3146, "2014-03-31": "-0.41440", "2013-12-31": 2.4636, "2013-09-30": -0.014, "2013-06-30": -0.2164, "2013-03-31": "6.51270", "2012-12-31": 1.1434, "2012-09-30": 0.134, "2012-06-30": 0.0888, "2012-03-31": "1.18140", "2011-12-31": 1.4478, "2011-09-30": -0.1638, "2011-06-30": -0.1553, "2011-03-31": "0.70420", "2010-12-31": 4.265, "2010-09-30": 1.356, "2010-06-30": 0.3702, "2010-03-31": "0.11240", "2009-12-31": 2.5053, "2009-09-30": 0.1439, "2009-06-30": -0.2107, "2009-03-31": "-0.81880", "2008-12-31": -2.027, "2008-09-30": -1.196, "2008-06-30": -2.2624, "2008-03-31": "-1.88810", "2007-12-31": -4.7993, "2007-09-30": -1.8375, "2007-06-30": -1.94, "2007-03-31": "-2.06680", "2006-12-31": -1.6896, "2006-09-30": -2.2228, "2006-06-30": -1.9032, "2006-03-31": "-1.84670", "2005-12-31": -1.4974, "2005-09-30": -1.0677, "2005-06-30": -0.6448, "2005-03-31": "-0.96370"}}, "revenue": {"Prologis Annual Revenue (Millions of US $)": {"2020": "$4,439", "2019": "$3,331", "2018": "$2,804", "2017": "$2,618", "2016": "$2,533", "2015": "$2,197", "2014": "$1,761", "2013": "$1,750", "2012": "$1,961", "2011": "$1,422", "2010": "$840", "2009": "$1,027", "2008": "$678", "2007": "$651", "2006": "$712", "2005": "$647"}, "Prologis Quarterly Revenue (Millions of US $)": {"2020-12-31": "$1,112", "2020-09-30": "$1,083", "2020-06-30": "$1,266", "2020-03-31": "$978", "2019-12-31": "$826", "2019-09-30": "$942", "2019-06-30": "$790", "2019-03-31": "$772", "2018-12-31": "$807", "2018-09-30": "$682", "2018-06-30": "$621", "2018-03-31": "$694", "2017-12-31": "$620", "2017-09-30": "$603", "2017-06-30": "$766", "2017-03-31": "$629", "2016-12-31": "$620", "2016-09-30": "$705", "2016-06-30": "$602", "2016-03-31": "$606", "2015-12-31": "$643", "2015-09-30": "$581", "2015-06-30": "$510", "2015-03-31": "$463", "2014-12-31": "$451", "2014-09-30": "$415", "2014-06-30": "$460", "2014-03-31": "$435", "2013-12-31": "$437", "2013-09-30": "$423", "2013-06-30": "$411", "2013-03-31": "$480", "2012-12-31": "$480", "2012-09-30": "$499", "2012-06-30": "$501", "2012-03-31": "$479", "2011-12-31": "$402", "2011-09-30": "$469", "2011-06-30": "$321", "2011-03-31": "$230", "2010-12-31": "$238", "2010-09-30": "$229", "2010-06-30": "$219", "2010-03-31": "$154", "2009-12-31": "$562", "2009-09-30": "$154", "2009-06-30": "$149", "2009-03-31": "$163", "2008-12-31": "$145", "2008-09-30": "$158", "2008-06-30": "$203", "2008-03-31": "$172", "2007-12-31": "$154", "2007-09-30": "$165", "2007-06-30": "$167", "2007-03-31": "$165", "2006-12-31": "$180", "2006-09-30": "$180", "2006-06-30": "$176", "2006-03-31": "$176", "2005-12-31": "$172", "2005-09-30": "$160", "2005-06-30": "$158", "2005-03-31": "$157"}}, "gross-profit": {"Prologis Annual Gross Profit (Millions of US $)": {"2020": "$3,269", "2019": "$2,412", "2018": "$2,047", "2017": "$1,893", "2016": "$1,836", "2015": "$1,544", "2014": "$1,215", "2013": "$1,209", "2012": "$1,405", "2011": "$1,018", "2010": "$600", "2009": "$770", "2008": "$504", "2007": "$482", "2006": "$539", "2005": "$490"}, "Prologis Quarterly Gross Profit (Millions of US $)": {"2020-12-31": "$821", "2020-09-30": "$791", "2020-06-30": "$952", "2020-03-31": "$704", "2019-12-31": "$596", "2019-09-30": "$698", "2019-06-30": "$572", "2019-03-31": "$546", "2018-12-31": "$587", "2018-09-30": "$500", "2018-06-30": "$453", "2018-03-31": "$507", "2017-12-31": "$444", "2017-09-30": "$438", "2017-06-30": "$566", "2017-03-31": "$445", "2016-12-31": "$448", "2016-09-30": "$519", "2016-06-30": "$434", "2016-03-31": "$434", "2015-12-31": "$460", "2015-09-30": "$414", "2015-06-30": "$360", "2015-03-31": "$311", "2014-12-31": "$302", "2014-09-30": "$290", "2014-06-30": "$323", "2014-03-31": "$300", "2013-12-31": "$309", "2013-09-30": "$294", "2013-06-30": "$276", "2013-03-31": "$330", "2012-12-31": "$344", "2012-09-30": "$357", "2012-06-30": "$360", "2012-03-31": "$344", "2011-12-31": "$295", "2011-09-30": "$332", "2011-06-30": "$232", "2011-03-31": "$159", "2010-12-31": "$157", "2010-09-30": "$162", "2010-06-30": "$155", "2010-03-31": "$106", "2009-12-31": "$597", "2009-09-30": "$108", "2009-06-30": "$106", "2009-03-31": "$114", "2008-12-31": "$105", "2008-09-30": "$115", "2008-06-30": "$156", "2008-03-31": "$127", "2007-12-31": "$113", "2007-09-30": "$123", "2007-06-30": "$125", "2007-03-31": "$121", "2006-12-31": "$139", "2006-09-30": "$136", "2006-06-30": "$132", "2006-03-31": "$132", "2005-12-31": "$135", "2005-09-30": "$120", "2005-06-30": "$118", "2005-03-31": "$117"}}, "operating-income": {"Prologis Annual Operating Income (Millions of US $)": {"2020": "$2,119", "2019": "$1,850", "2018": "$1,688", "2017": "$1,954", "2016": "$668", "2015": "$380", "2014": "$320", "2013": "$304", "2012": "$93", "2011": "$95", "2010": "$-614", "2009": "$-45", "2008": "$2", "2007": "$189", "2006": "$255", "2005": "$252"}, "Prologis Quarterly Operating Income (Millions of US $)": {"2020-12-31": "$482", "2020-09-30": "$557", "2020-06-30": "$612", "2020-03-31": "$468", "2019-12-31": "$560", "2019-09-30": "$471", "2019-06-30": "$442", "2019-03-31": "$377", "2018-12-31": "$599", "2018-09-30": "$376", "2018-06-30": "$282", "2018-03-31": "$432", "2017-12-31": "$1,341", "2017-09-30": "$175", "2017-06-30": "$275", "2017-03-31": "$162", "2016-12-31": "$164", "2016-09-30": "$233", "2016-06-30": "$142", "2016-03-31": "$129", "2015-12-31": "$106", "2015-09-30": "$103", "2015-06-30": "$87", "2015-03-31": "$84", "2014-12-31": "$75", "2014-09-30": "$78", "2014-06-30": "$95", "2014-03-31": "$71", "2013-12-31": "$71", "2013-09-30": "$77", "2013-06-30": "$59", "2013-03-31": "$97", "2012-12-31": "$-169", "2012-09-30": "$75", "2012-06-30": "$102", "2012-03-31": "$85", "2011-12-31": "$34", "2011-09-30": "$79", "2011-06-30": "$-47", "2011-03-31": "$29", "2010-12-31": "$-706", "2010-09-30": "$36", "2010-06-30": "$34", "2010-03-31": "$22", "2009-12-31": "$25", "2009-09-30": "$32", "2009-06-30": "$33", "2009-03-31": "$-135", "2008-12-31": "$-165", "2008-09-30": "$36", "2008-06-30": "$81", "2008-03-31": "$51", "2007-12-31": "$41", "2007-09-30": "$46", "2007-06-30": "$53", "2007-03-31": "$49", "2006-12-31": "$65", "2006-09-30": "$62", "2006-06-30": "$63", "2006-03-31": "$65", "2005-12-31": "$75", "2005-09-30": "$60", "2005-06-30": "$60", "2005-03-31": "$58"}}, "ebitda": {"Prologis Annual EBITDA (Millions of US $)": {"2019": "$2,908", "2018": "$2,581", "2017": "$2,753", "2016": "$1,491", "2015": "$1,229", "2014": "$941", "2013": "$932", "2012": "$860", "2011": "$639", "2010": "$-218", "2009": "$343", "2008": "$162", "2007": "$337", "2006": "$419", "2005": "$396"}, "Prologis Quarterly EBITDA (Millions of US $)": {"2020-09-30": "$924", "2020-06-30": "$983", "2020-03-31": "$791", "2019-12-31": "$832", "2019-09-30": "$733", "2019-06-30": "$707", "2019-03-31": "$637", "2018-12-31": "$868", "2018-09-30": "$612", "2018-06-30": "$477", "2018-03-31": "$624", "2017-12-31": "$1,551", "2017-09-30": "$363", "2017-06-30": "$478", "2017-03-31": "$360", "2016-12-31": "$369", "2016-09-30": "$423", "2016-06-30": "$346", "2016-03-31": "$354", "2015-12-31": "$406", "2015-09-30": "$305", "2015-06-30": "$274", "2015-03-31": "$242", "2014-12-31": "$238", "2014-09-30": "$202", "2014-06-30": "$263", "2014-03-31": "$237", "2013-12-31": "$196", "2013-09-30": "$239", "2013-06-30": "$220", "2013-03-31": "$277", "2012-12-31": "$3", "2012-09-30": "$313", "2012-06-30": "$278", "2012-03-31": "$266", "2011-12-31": "$180", "2011-09-30": "$266", "2011-06-30": "$81", "2011-03-31": "$112", "2010-12-31": "$-636", "2010-09-30": "$145", "2010-06-30": "$204", "2010-03-31": "$69", "2009-12-31": "$285", "2009-09-30": "$77", "2009-06-30": "$73", "2009-03-31": "$-93", "2008-12-31": "$-129", "2008-09-30": "$81", "2008-06-30": "$120", "2008-03-31": "$90", "2007-12-31": "$73", "2007-09-30": "$84", "2007-06-30": "$92", "2007-03-31": "$87", "2006-12-31": "$106", "2006-09-30": "$105", "2006-06-30": "$103", "2006-03-31": "$106", "2005-12-31": "$110", "2005-09-30": "$159", "2005-06-30": "$33", "2005-03-31": "$94"}}, "net-income": {"Prologis Annual Net Income (Millions of US $)": {"2020": "$1,473", "2019": "$1,567", "2018": "$1,643", "2017": "$1,642", "2016": "$1,203", "2015": "$863", "2014": "$622", "2013": "$315", "2012": "$-81", "2011": "$-188", "2010": "$-1,296", "2009": "$-3", "2008": "$-66", "2007": "$294", "2006": "$209", "2005": "$250"}, "Prologis Quarterly Net Income (Millions of US $)": {"2020-12-31": "$280", "2020-09-30": "$299", "2020-06-30": "$405", "2020-03-31": "$489", "2019-12-31": "$385", "2019-09-30": "$451", "2019-06-30": "$384", "2019-03-31": "$347", "2018-12-31": "$597", "2018-09-30": "$346", "2018-06-30": "$335", "2018-03-31": "$366", "2017-12-31": "$296", "2017-09-30": "$876", "2017-06-30": "$267", "2017-03-31": "$203", "2016-12-31": "$441", "2016-09-30": "$279", "2016-06-30": "$275", "2016-03-31": "$208", "2015-12-31": "$118", "2015-09-30": "$259", "2015-06-30": "$140", "2015-03-31": "$345", "2014-12-31": "$409", "2014-09-30": "$136", "2014-06-30": "$73", "2014-03-31": "$5", "2013-12-31": "$59", "2013-09-30": "$-8", "2013-06-30": "$-2", "2013-03-31": "$265", "2012-12-31": "$-229", "2012-09-30": "$-47", "2012-06-30": "$-8", "2012-03-31": "$202", "2011-12-31": "$-45", "2011-09-30": "$55", "2011-06-30": "$-151", "2011-03-31": "$-47", "2010-12-31": "$-1,253", "2010-09-30": "$-15", "2010-06-30": "$-23", "2010-03-31": "$-4", "2009-12-31": "$40", "2009-09-30": "$63", "2009-06-30": "$17", "2009-03-31": "$-123", "2008-12-31": "$-202", "2008-09-30": "$24", "2008-06-30": "$72", "2008-03-31": "$39", "2007-12-31": "$91", "2007-09-30": "$69", "2007-06-30": "$111", "2007-03-31": "$22", "2006-12-31": "$84", "2006-09-30": "$30", "2006-06-30": "$72", "2006-03-31": "$23", "2005-12-31": "$139", "2005-09-30": "$27", "2005-06-30": "$39", "2005-03-31": "$45"}}, "eps-earnings-per-share-diluted": {"Prologis Annual EPS": {"2020": "$2.01", "2019": "$2.46", "2018": "$2.87", "2017": "$3.06", "2016": "$2.27", "2015": "$1.64", "2014": "$1.24", "2013": "$0.64", "2012": "$-0.18", "2011": "$-0.51", "2010": "$-5.90", "2009": "$-0.01", "2008": "$-0.68", "2007": "$2.95", "2006": "$2.30", "2005": "$2.85"}, "Prologis Quarterly EPS": {"2020-12-31": "$0.38", "2020-09-30": "$0.40", "2020-06-30": "$0.54", "2020-03-31": "$0.70", "2019-12-31": "$0.60", "2019-09-30": "$0.71", "2019-06-30": "$0.60", "2019-03-31": "$0.55", "2018-12-31": "$0.97", "2018-09-30": "$0.60", "2018-06-30": "$0.62", "2018-03-31": "$0.68", "2017-12-31": "$0.55", "2017-09-30": "$1.63", "2017-06-30": "$0.50", "2017-03-31": "$0.38", "2016-12-31": "$0.84", "2016-09-30": "$0.52", "2016-06-30": "$0.52", "2016-03-31": "$0.39", "2015-12-31": "$0.23", "2015-09-30": "$0.49", "2015-06-30": "$0.27", "2015-03-31": "$0.65", "2014-12-31": "$0.87", "2014-09-30": "$0.23", "2014-06-30": "$0.13", "2014-03-31": "$0.01", "2013-12-31": "$0.09", "2013-09-30": "$-0.02", "2013-06-30": "$0.00", "2013-03-31": "$0.57", "2012-12-31": "$-0.50", "2012-09-30": "$-0.10", "2012-06-30": "$-0.02", "2012-03-31": "$0.44", "2011-12-31": "$0.04", "2011-09-30": "$0.12", "2011-06-30": "$-0.49", "2011-03-31": "$-0.18", "2010-12-31": "$-5.69", "2010-09-30": "$-0.07", "2010-06-30": "$-0.11", "2010-03-31": "$-0.03", "2009-12-31": "$0.68", "2009-09-30": "$0.43", "2009-06-30": "$0.12", "2009-03-31": "$-1.24", "2008-12-31": "$-2.04", "2008-09-30": "$0.24", "2008-06-30": "$0.73", "2008-03-31": "$0.39", "2007-12-31": "$0.93", "2007-09-30": "$0.69", "2007-06-30": "$1.10", "2007-03-31": "$0.23", "2006-12-31": "$0.91", "2006-09-30": "$0.33", "2006-06-30": "$0.80", "2006-03-31": "$0.26", "2005-12-31": "$1.57", "2005-09-30": "$0.31", "2005-06-30": "$0.45", "2005-03-31": "$0.52"}}, "shares-outstanding": {"Prologis Annual Shares Outstanding (Millions of Shares)": {"2020": "754", "2019": "655", "2018": "590", "2017": "552", "2016": "547", "2015": "534", "2014": "506", "2013": "492", "2012": "462", "2011": "372", "2010": "220", "2009": "180", "2008": "97", "2007": "100", "2006": "91", "2005": "88"}, "Prologis Quarterly Shares Outstanding (Millions of Shares)": {"2020-12-31": "765", "2020-09-30": "765", "2020-06-30": "766", "2020-03-31": "724", "2019-12-31": "655", "2019-09-30": "655", "2019-06-30": "655", "2019-03-31": "654", "2018-12-31": "590", "2018-09-30": "598", "2018-06-30": "555", "2018-03-31": "554", "2017-12-31": "552", "2017-09-30": "554", "2017-06-30": "552", "2017-03-31": "550", "2016-12-31": "547", "2016-09-30": "547", "2016-06-30": "545", "2016-03-31": "544", "2015-12-31": "534", "2015-09-30": "532", "2015-06-30": "531", "2015-03-31": "529", "2014-12-31": "506", "2014-09-30": "516", "2014-06-30": "517", "2014-03-31": "504", "2013-12-31": "492", "2013-09-30": "500", "2013-06-30": "488", "2013-03-31": "479", "2012-12-31": "462", "2012-09-30": "462", "2012-06-30": "460", "2012-03-31": "476", "2011-12-31": "372", "2011-09-30": "462", "2011-06-30": "308", "2011-03-31": "255", "2010-12-31": "220", "2010-09-30": "213", "2010-06-30": "213", "2010-03-31": "149", "2009-12-31": "180", "2009-09-30": "146", "2009-06-30": "145", "2009-03-31": "99", "2008-12-31": "97", "2008-09-30": "99", "2008-06-30": "99", "2008-03-31": "100", "2007-12-31": "100", "2007-09-30": "101", "2007-06-30": "101", "2007-03-31": "95", "2006-12-31": "91", "2006-09-30": "91", "2006-06-30": "90", "2006-03-31": "90", "2005-12-31": "88", "2005-09-30": "88", "2005-06-30": "87", "2005-03-31": "87"}}, "total-assets": {"Prologis Annual Total Assets (Millions of US $)": {"2019": "$40,032", "2018": "$38,418", "2017": "$29,481", "2016": "$30,250", "2015": "$31,395", "2014": "$25,775", "2013": "$24,572", "2012": "$27,310", "2011": "$27,724", "2010": "$14,903", "2009": "$6,842", "2008": "$7,302", "2007": "$7,262", "2006": "$6,714", "2005": "$6,803"}, "Prologis Quarterly Total Assets (Millions of US $)": {"2020-09-30": "$55,760", "2020-06-30": "$55,222", "2020-03-31": "$55,007", "2019-12-31": "$40,032", "2019-09-30": "$39,448", "2019-06-30": "$38,707", "2019-03-31": "$38,392", "2018-12-31": "$38,418", "2018-09-30": "$38,268", "2018-06-30": "$29,503", "2018-03-31": "$29,671", "2017-12-31": "$29,481", "2017-09-30": "$29,654", "2017-06-30": "$30,150", "2017-03-31": "$29,815", "2016-12-31": "$30,250", "2016-09-30": "$30,888", "2016-06-30": "$30,746", "2016-03-31": "$31,376", "2015-12-31": "$31,395", "2015-09-30": "$31,419", "2015-06-30": "$31,602", "2015-03-31": "$25,461", "2014-12-31": "$25,775", "2014-09-30": "$24,072", "2014-06-30": "$24,132", "2014-03-31": "$24,655", "2013-12-31": "$24,572", "2013-09-30": "$24,790", "2013-06-30": "$24,038", "2013-03-31": "$24,075", "2012-12-31": "$27,310", "2012-09-30": "$28,576", "2012-06-30": "$28,416", "2012-03-31": "$28,868", "2011-12-31": "$27,724", "2011-09-30": "$28,586", "2011-06-30": "$29,135", "2011-03-31": "$7,421", "2010-12-31": "$14,903", "2010-09-30": "$7,124", "2010-06-30": "$7,060", "2010-03-31": "$6,909", "2009-12-31": "$6,842", "2009-09-30": "$6,873", "2009-06-30": "$6,885", "2009-03-31": "$6,913", "2008-12-31": "$7,302", "2008-09-30": "$7,318", "2008-06-30": "$7,927", "2008-03-31": "$7,689", "2007-12-31": "$7,262", "2007-09-30": "$7,063", "2007-06-30": "$6,759", "2007-03-31": "$6,977", "2006-12-31": "$6,714", "2006-09-30": "$7,578", "2006-06-30": "$7,336", "2006-03-31": "$7,044", "2005-12-31": "$6,803", "2005-09-30": "$6,836", "2005-06-30": "$6,624", "2005-03-31": "$6,555"}}, "cash-on-hand": {"Prologis Annual Cash on Hand (Millions of US $)": {"2019": "$1,089", "2018": "$344", "2017": "$447", "2016": "$807", "2015": "$264", "2014": "$351", "2013": "$491", "2012": "$278", "2011": "$248", "2010": "$65", "2009": "$206", "2008": "$251", "2007": "$250", "2006": "$196", "2005": "$267"}, "Prologis Quarterly Cash on Hand (Millions of US $)": {"2020-09-30": "$940", "2020-06-30": "$549", "2020-03-31": "$808", "2019-12-31": "$1,089", "2019-09-30": "$1,025", "2019-06-30": "$401", "2019-03-31": "$251", "2018-12-31": "$344", "2018-09-30": "$276", "2018-06-30": "$528", "2018-03-31": "$458", "2017-12-31": "$447", "2017-09-30": "$569", "2017-06-30": "$271", "2017-03-31": "$396", "2016-12-31": "$807", "2016-09-30": "$375", "2016-06-30": "$332", "2016-03-31": "$370", "2015-12-31": "$264", "2015-09-30": "$310", "2015-06-30": "$351", "2015-03-31": "$192", "2014-12-31": "$351", "2014-09-30": "$312", "2014-06-30": "$267", "2014-03-31": "$199", "2013-12-31": "$491", "2013-09-30": "$164", "2013-06-30": "$412", "2013-03-31": "$834", "2012-12-31": "$278", "2012-09-30": "$331", "2012-06-30": "$445", "2012-03-31": "$436", "2011-12-31": "$248", "2011-09-30": "$295", "2011-06-30": "$329", "2011-03-31": "$235", "2010-12-31": "$65", "2010-09-30": "$206", "2010-06-30": "$241", "2010-03-31": "$175", "2009-12-31": "$206", "2009-09-30": "$201", "2009-06-30": "$209", "2009-03-31": "$282", "2008-12-31": "$251", "2008-09-30": "$310", "2008-06-30": "$379", "2008-03-31": "$322", "2007-12-31": "$250", "2007-09-30": "$400", "2007-06-30": "$251", "2007-03-31": "$286", "2006-12-31": "$196", "2006-09-30": "$184", "2006-06-30": "$232", "2006-03-31": "$168", "2005-12-31": "$267", "2005-09-30": "$162", "2005-06-30": "$169", "2005-03-31": "$215"}}, "long-term-debt": {"Prologis Annual Long Term Debt (Millions of US $)": {"2019": "$11,906", "2018": "$11,090", "2017": "$9,413", "2016": "$10,608", "2015": "$11,627", "2014": "$9,337", "2013": "$9,011", "2012": "$11,791", "2011": "$11,382", "2010": "$6,506", "2009": "$3,213", "2008": "$3,990", "2007": "$3,495", "2006": "$3,437", "2005": "$3,402"}, "Prologis Quarterly Long Term Debt (Millions of US $)": {"2020-09-30": "$16,518", "2020-06-30": "$15,667", "2020-03-31": "$15,677", "2019-12-31": "$11,906", "2019-09-30": "$11,459", "2019-06-30": "$10,968", "2019-03-31": "$10,706", "2018-12-31": "$11,090", "2018-09-30": "$11,232", "2018-06-30": "$9,427", "2018-03-31": "$9,460", "2017-12-31": "$9,413", "2017-09-30": "$9,721", "2017-06-30": "$11,082", "2017-03-31": "$10,967", "2016-12-31": "$10,608", "2016-09-30": "$11,257", "2016-06-30": "$11,139", "2016-03-31": "$11,687", "2015-12-31": "$11,627", "2015-09-30": "$11,934", "2015-06-30": "$12,121", "2015-03-31": "$8,641", "2014-12-31": "$9,337", "2014-09-30": "$8,823", "2014-06-30": "$8,529", "2014-03-31": "$8,871", "2013-12-31": "$9,011", "2013-09-30": "$9,119", "2013-06-30": "$8,417", "2013-03-31": "$9,074", "2012-12-31": "$11,791", "2012-09-30": "$12,578", "2012-06-30": "$12,434", "2012-03-31": "$12,381", "2011-12-31": "$11,382", "2011-09-30": "$12,147", "2011-06-30": "$12,120", "2011-03-31": "$3,426", "2010-12-31": "$6,506", "2010-09-30": "$3,067", "2010-06-30": "$2,995", "2010-03-31": "$3,314", "2009-12-31": "$3,213", "2009-09-30": "$3,172", "2009-06-30": "$3,242", "2009-03-31": "$3,233", "2008-12-31": "$3,990", "2008-09-30": "$3,758", "2008-06-30": "$4,120", "2008-03-31": "$3,986", "2007-12-31": "$3,495", "2007-09-30": "$3,331", "2007-06-30": "$3,045", "2007-03-31": "$3,267", "2006-12-31": "$3,437", "2006-09-30": "$3,983", "2006-06-30": "$3,874", "2006-03-31": "$3,666", "2005-12-31": "$3,402", "2005-09-30": "$3,552", "2005-06-30": "$3,406", "2005-03-31": "$3,351"}}, "total-liabilities": {"Prologis Annual Total Liabilities (Millions of US $)": {"2019": "$13,960", "2018": "$12,617", "2017": "$10,775", "2016": "$11,792", "2015": "$12,974", "2014": "$10,591", "2013": "$10,396", "2012": "$13,537", "2011": "$13,268", "2010": "$7,382", "2009": "$3,551", "2008": "$4,335", "2007": "$4,498", "2006": "$4,547", "2005": "$4,886"}, "Prologis Quarterly Total Liabilities (Millions of US $)": {"2020-09-30": "$19,270", "2020-06-30": "$18,476", "2020-03-31": "$18,231", "2019-12-31": "$13,960", "2019-09-30": "$13,513", "2019-06-30": "$12,929", "2019-03-31": "$12,568", "2018-12-31": "$12,617", "2018-09-30": "$12,831", "2018-06-30": "$10,776", "2018-03-31": "$10,883", "2017-12-31": "$10,775", "2017-09-30": "$11,095", "2017-06-30": "$12,290", "2017-03-31": "$12,147", "2016-12-31": "$11,792", "2016-09-30": "$12,605", "2016-06-30": "$12,463", "2016-03-31": "$13,035", "2015-12-31": "$12,974", "2015-09-30": "$13,234", "2015-06-30": "$13,248", "2015-03-31": "$9,668", "2014-12-31": "$10,591", "2014-09-30": "$9,935", "2014-06-30": "$9,855", "2014-03-31": "$10,162", "2013-12-31": "$10,396", "2013-09-30": "$10,526", "2013-06-30": "$9,715", "2013-03-31": "$10,865", "2012-12-31": "$13,537", "2012-09-30": "$14,402", "2012-06-30": "$14,246", "2012-03-31": "$14,317", "2011-12-31": "$13,268", "2011-09-30": "$13,984", "2011-06-30": "$14,064", "2011-03-31": "$3,721", "2010-12-31": "$7,382", "2010-09-30": "$3,425", "2010-06-30": "$3,341", "2010-03-31": "$3,658", "2009-12-31": "$3,551", "2009-09-30": "$3,523", "2009-06-30": "$3,593", "2009-03-31": "$3,608", "2008-12-31": "$4,335", "2008-09-30": "$4,622", "2008-06-30": "$5,214", "2008-03-31": "$4,998", "2007-12-31": "$4,498", "2007-09-30": "$4,362", "2007-06-30": "$4,047", "2007-03-31": "$4,354", "2006-12-31": "$4,547", "2006-09-30": "$5,518", "2006-06-30": "$5,358", "2006-03-31": "$5,104", "2005-12-31": "$4,886", "2005-09-30": "$5,113", "2005-06-30": "$4,923", "2005-03-31": "$4,861"}}, "total-share-holder-equity": {"Prologis Annual Share Holder Equity (Millions of US $)": {"2019": "$26,072", "2018": "$25,801", "2017": "$18,706", "2016": "$18,458", "2015": "$18,421", "2014": "$15,184", "2013": "$14,176", "2012": "$13,773", "2011": "$14,455", "2010": "$7,520", "2009": "$3,291", "2008": "$2,966", "2007": "$2,764", "2006": "$2,167", "2005": "$1,916"}, "Prologis Quarterly Share Holder Equity (Millions of US $)": {"2020-09-30": "$36,489", "2020-06-30": "$36,746", "2020-03-31": "$36,776", "2019-12-31": "$26,072", "2019-09-30": "$25,936", "2019-06-30": "$25,777", "2019-03-31": "$25,824", "2018-12-31": "$25,801", "2018-09-30": "$25,438", "2018-06-30": "$18,727", "2018-03-31": "$18,788", "2017-12-31": "$18,706", "2017-09-30": "$18,559", "2017-06-30": "$17,860", "2017-03-31": "$17,668", "2016-12-31": "$18,458", "2016-09-30": "$18,283", "2016-06-30": "$18,283", "2016-03-31": "$18,341", "2015-12-31": "$18,421", "2015-09-30": "$18,185", "2015-06-30": "$18,354", "2015-03-31": "$15,793", "2014-12-31": "$15,184", "2014-09-30": "$14,137", "2014-06-30": "$14,277", "2014-03-31": "$14,493", "2013-12-31": "$14,176", "2013-09-30": "$14,264", "2013-06-30": "$14,323", "2013-03-31": "$13,211", "2012-12-31": "$13,773", "2012-09-30": "$14,175", "2012-06-30": "$14,170", "2012-03-31": "$14,551", "2011-12-31": "$14,455", "2011-09-30": "$14,602", "2011-06-30": "$15,070", "2011-03-31": "$3,700", "2010-12-31": "$7,520", "2010-09-30": "$3,699", "2010-06-30": "$3,719", "2010-03-31": "$3,251", "2009-12-31": "$3,291", "2009-09-30": "$3,350", "2009-06-30": "$3,292", "2009-03-31": "$3,305", "2008-12-31": "$2,966", "2008-09-30": "$2,696", "2008-06-30": "$2,713", "2008-03-31": "$2,691", "2007-12-31": "$2,764", "2007-09-30": "$2,701", "2007-06-30": "$2,712", "2007-03-31": "$2,623", "2006-12-31": "$2,167", "2006-09-30": "$2,061", "2006-06-30": "$1,978", "2006-03-31": "$1,939", "2005-12-31": "$1,916", "2005-09-30": "$1,724", "2005-06-30": "$1,701", "2005-03-31": "$1,694"}}, "profit-margins": {"current": "33.38%"}, "gross margin": {"2020-12-31": "73.62%", "2020-09-30": "73.27%", "2020-06-30": "73.53%", "2020-03-31": "72.68%", "2019-12-31": "72.43%", "2019-09-30": "72.58%", "2019-06-30": "72.27%", "2019-03-31": "72.38%", "2018-12-31": "73.00%", "2018-09-30": "72.76%", "2018-06-30": "72.58%", "2018-03-31": "72.87%", "2017-12-31": "72.31%", "2017-09-30": "72.46%", "2017-06-30": "72.72%", "2017-03-31": "72.22%", "2016-12-31": "72.44%", "2016-09-30": "72.26%", "2016-06-30": "71.63%", "2016-03-31": "71.28%", "2015-12-31": "70.32%", "2015-09-30": "69.18%", "2015-06-30": "68.68%", "2015-03-31": "68.53%", "2014-12-31": "68.99%", "2014-09-30": "69.95%", "2014-06-30": "69.86%", "2014-03-31": "69.11%", "2013-12-31": "69.05%", "2013-09-30": "69.34%", "2013-06-30": "69.89%", "2013-03-31": "70.97%", "2012-12-31": "71.72%", "2012-09-30": "72.09%", "2012-06-30": "71.91%", "2012-03-31": "71.99%", "2011-12-31": "71.59%", "2011-09-30": "69.95%", "2011-06-30": "69.74%", "2011-03-31": "69.10%", "2010-12-31": "69.05%", "2010-09-30": "87.63%", "2010-06-30": "88.71%", "2010-03-31": "89.99%", "2009-12-31": "89.98%", "2009-09-30": "70.87%", "2009-06-30": "71.54%", "2009-03-31": "73.24%", "2008-12-31": "74.19%", "2008-09-30": "74.38%", "2008-06-30": "74.78%", "2008-03-31": "74.16%", "2007-12-31": "74.04%", "2007-09-30": "75.04%", "2007-06-30": "75.29%", "2007-03-31": "75.32%", "2006-12-31": "75.70%", "2006-09-30": "75.99%", "2006-06-30": "75.88%", "2006-03-31": "75.83%", "2005-12-31": "75.73%"}, "operating margin": {"2020-12-31": "47.74%", "2020-09-30": "52.90%", "2020-06-30": "52.62%", "2020-03-31": "54.89%", "2019-12-31": "55.56%", "2019-09-30": "57.05%", "2019-06-30": "58.80%", "2019-03-31": "56.70%", "2018-12-31": "60.24%", "2018-09-30": "92.89%", "2018-06-30": "87.86%", "2018-03-31": "82.86%", "2017-12-31": "74.60%", "2017-09-30": "29.64%", "2017-06-30": "30.66%", "2017-03-31": "27.43%", "2016-12-31": "26.37%", "2016-09-30": "23.87%", "2016-06-30": "19.74%", "2016-03-31": "18.16%", "2015-12-31": "17.30%", "2015-09-30": "17.41%", "2015-06-30": "17.62%", "2015-03-31": "18.56%", "2014-12-31": "18.11%", "2014-09-30": "18.03%", "2014-06-30": "17.89%", "2014-03-31": "16.30%", "2013-12-31": "17.36%", "2013-09-30": "3.57%", "2013-06-30": "3.32%", "2013-03-31": "5.36%", "2012-12-31": "4.75%", "2012-09-30": "15.74%", "2012-06-30": "16.21%", "2012-03-31": "9.04%", "2011-12-31": "6.68%", "2011-09-30": "-51.27%", "2011-06-30": "-67.58%", "2011-03-31": "-66.27%", "2010-12-31": "-73.10%", "2010-09-30": "10.05%", "2010-06-30": "10.38%", "2010-03-31": "10.99%", "2009-12-31": "-4.38%", "2009-09-30": "-38.46%", "2009-06-30": "-37.56%", "2009-03-31": "-27.35%", "2008-12-31": "0.44%", "2008-09-30": "30.42%", "2008-06-30": "31.56%", "2008-03-31": "29.03%", "2007-12-31": "29.03%", "2007-09-30": "31.46%", "2007-06-30": "33.09%", "2007-03-31": "34.09%", "2006-12-31": "35.81%", "2006-09-30": "37.64%", "2006-06-30": "38.45%", "2006-03-31": "39.04%", "2005-12-31": "39.10%"}, "ebitda margin": {"2020-09-30": "85.00%", "2020-06-30": "83.23%", "2020-03-31": "86.62%", "2019-12-31": "87.36%", "2019-09-30": "88.95%", "2019-06-30": "92.56%", "2019-03-31": "90.01%", "2018-12-31": "92.05%", "2018-09-30": "124.72%", "2018-06-30": "118.79%", "2018-03-31": "112.41%", "2017-12-31": "105.12%", "2017-09-30": "59.97%", "2017-06-30": "59.93%", "2017-03-31": "58.61%", "2016-12-31": "58.90%", "2016-09-30": "59.82%", "2016-06-30": "58.02%", "2016-03-31": "57.22%", "2015-12-31": "55.85%", "2015-09-30": "52.82%", "2015-06-30": "51.98%", "2015-03-31": "52.82%", "2014-12-31": "53.38%", "2014-09-30": "51.40%", "2014-06-30": "53.28%", "2014-03-31": "52.29%", "2013-12-31": "53.23%", "2013-09-30": "41.19%", "2013-06-30": "43.48%", "2013-03-31": "44.44%", "2012-12-31": "43.90%", "2012-09-30": "55.13%", "2012-06-30": "53.48%", "2012-03-31": "47.46%", "2011-12-31": "44.94%", "2011-09-30": "-14.07%", "2011-06-30": "-29.27%", "2011-03-31": "-19.10%", "2010-12-31": "-25.95%", "2010-09-30": "60.40%", "2010-06-30": "58.31%", "2010-03-31": "49.46%", "2009-12-31": "33.27%", "2009-09-30": "-11.78%", "2009-06-30": "-11.06%", "2009-03-31": "-3.14%", "2008-12-31": "23.89%", "2008-09-30": "52.98%", "2008-06-30": "52.88%", "2008-03-31": "51.52%", "2007-12-31": "51.61%", "2007-09-30": "54.51%", "2007-06-30": "56.36%", "2007-03-31": "57.20%", "2006-12-31": "58.99%", "2006-09-30": "60.23%", "2006-06-30": "69.88%", "2006-03-31": "61.26%", "2005-12-31": "61.21%"}, "pre tax profit margin": {"2020-12-31": "39.36%", "2020-09-30": "44.45%", "2020-06-30": "49.98%", "2020-03-31": "54.89%", "2019-12-31": "53.33%", "2019-09-30": "61.52%", "2019-06-30": "63.00%", "2019-03-31": "64.68%", "2018-12-31": "67.26%", "2018-09-30": "58.39%", "2018-06-30": "81.56%", "2018-03-31": "74.32%", "2017-12-31": "69.33%", "2017-09-30": "74.45%", "2017-06-30": "49.30%", "2017-03-31": "52.39%", "2016-12-31": "53.18%", "2016-09-30": "38.77%", "2016-06-30": "40.71%", "2016-03-31": "35.64%", "2015-12-31": "43.20%", "2015-09-30": "62.19%", "2015-06-30": "57.04%", "2015-03-31": "58.58%", "2014-12-31": "40.55%", "2014-09-30": "18.26%", "2014-06-30": "9.06%", "2014-03-31": "0.88%", "2013-12-31": "19.25%", "2013-09-30": "1.90%", "2013-06-30": "2.19%", "2013-03-31": "1.94%", "2012-12-31": "-5.21%", "2012-09-30": "2.98%", "2012-06-30": "6.75%", "2012-03-31": "-1.62%", "2011-12-31": "-19.27%", "2011-09-30": "-134.02%", "2011-06-30": "-172.30%", "2011-03-31": "-183.08%", "2010-12-31": "-194.29%", "2010-09-30": "-29.55%", "2010-06-30": "-27.92%", "2010-03-31": "-20.61%", "2009-12-31": "-34.14%", "2009-09-30": "-51.06%", "2009-06-30": "-47.48%", "2009-03-31": "-33.63%", "2008-12-31": "-2.51%", "2008-09-30": "33.04%", "2008-06-30": "39.05%", "2008-03-31": "48.63%", "2007-12-31": "44.39%", "2007-09-30": "47.71%", "2007-06-30": "42.49%", "2007-03-31": "32.95%", "2006-12-31": "32.02%", "2006-09-30": "31.96%", "2006-06-30": "29.97%", "2006-03-31": "28.23%", "2005-12-31": "30.45%"}, "net profit margin": {"2020-12-31": "33.18%", "2020-09-30": "38.00%", "2020-06-30": "43.12%", "2020-03-31": "48.33%", "2019-12-31": "47.06%", "2019-09-30": "53.73%", "2019-06-30": "54.87%", "2019-03-31": "56.38%", "2018-12-31": "58.63%", "2018-09-30": "51.32%", "2018-06-30": "73.80%", "2018-03-31": "67.28%", "2017-12-31": "62.72%", "2017-09-30": "68.26%", "2017-06-30": "43.75%", "2017-03-31": "46.87%", "2016-12-31": "47.49%", "2016-09-30": "34.43%", "2016-06-30": "35.36%", "2016-03-31": "30.98%", "2015-12-31": "39.24%", "2015-09-30": "57.51%", "2015-06-30": "56.01%", "2015-03-31": "53.83%", "2014-12-31": "35.38%", "2014-09-30": "15.63%", "2014-06-30": "7.35%", "2014-03-31": "3.17%", "2013-12-31": "17.93%", "2013-09-30": "1.45%", "2013-06-30": "-0.70%", "2013-03-31": "-0.97%", "2012-12-31": "-4.19%", "2012-09-30": "5.42%", "2012-06-30": "11.02%", "2012-03-31": "3.65%", "2011-12-31": "-13.22%", "2011-09-30": "-110.97%", "2011-06-30": "-144.01%", "2011-03-31": "-146.07%", "2010-12-31": "-154.17%", "2010-09-30": "-0.17%", "2010-06-30": "6.98%", "2010-03-31": "11.38%", "2009-12-31": "-0.29%", "2009-09-30": "-40.10%", "2009-06-30": "-46.18%", "2009-03-31": "-34.23%", "2008-12-31": "-9.88%", "2008-09-30": "32.90%", "2008-06-30": "39.05%", "2008-03-31": "47.11%", "2007-12-31": "45.01%", "2007-09-30": "42.25%", "2007-06-30": "35.69%", "2007-03-31": "29.67%", "2006-12-31": "29.35%", "2006-09-30": "37.50%", "2006-06-30": "38.16%", "2006-03-31": "34.23%", "2005-12-31": "38.64%"}, "pe ratio": {"current": "28.34", "2021-02-11": "65.71", "2020-12-31": "60.77", "2020-09-30": "44.46", "2020-06-30": "36.04", "2020-03-31": "30.14", "2019-12-31": "35.20", "2019-09-30": "29.51", "2019-06-30": "28.69", "2019-03-31": "25.41", "2018-12-31": "19.64", "2018-09-30": "26.08", "2018-06-30": "17.67", "2018-03-31": "17.42", "2017-12-31": "19.44", "2017-09-30": "17.45", "2017-06-30": "24.03", "2017-03-31": "20.91", "2016-12-31": "21.00", "2016-09-30": "28.63", "2016-06-30": "26.49", "2016-03-31": "27.95", "2015-12-31": "22.62", "2015-09-30": "15.00", "2015-06-30": "16.04", "2015-03-31": "20.09", "2014-12-31": "30.36", "2014-09-30": "63.54", "2014-06-30": "140.20", "2014-03-31": "301.56", "2013-12-31": "44.44", "2013-09-30": "601.65", "2013-06-30": "0.00", "2013-03-31": "0.00", "2012-12-31": "0.00", "2012-09-30": "135.95", "2012-06-30": "60.94", "2012-03-31": "0.00", "2011-12-31": "0.00", "2011-09-30": "0.00", "2011-06-30": "0.00", "2011-03-31": "189.11", "2010-12-31": "385.81", "2010-09-30": "0.00", "2010-06-30": "45.34", "2010-03-31": "41.01", "2009-12-31": "0.00", "2009-09-30": "0.00", "2009-06-30": "0.00", "2009-03-31": "0.00", "2008-12-31": "0.00", "2008-09-30": "12.98", "2008-06-30": "11.93", "2008-03-31": "11.25", "2007-12-31": "12.54", "2007-09-30": "12.86", "2007-06-30": "12.92", "2007-03-31": "16.03", "2006-12-31": "15.77"}, "price sales": {"2021-02-11": "18.34", "2020-12-31": "16.97", "2020-09-30": "17.61", "2020-06-30": "16.18", "2020-03-31": "15.02", "2019-12-31": "17.10", "2019-09-30": "15.92", "2019-06-30": "15.77", "2019-03-31": "14.32", "2018-12-31": "11.43", "2018-09-30": "13.78", "2018-06-30": "13.42", "2018-03-31": "12.07", "2017-12-31": "12.54", "2017-09-30": "12.23", "2017-06-30": "10.77", "2017-03-31": "10.03", "2016-12-31": "10.18", "2016-09-30": "10.09", "2016-06-30": "9.56", "2016-03-31": "8.82", "2015-12-31": "8.98", "2015-09-30": "8.72", "2015-06-30": "8.90", "2015-03-31": "10.57", "2014-12-31": "10.39", "2014-09-30": "9.04", "2014-06-30": "9.65", "2014-03-31": "9.65", "2013-12-31": "8.32", "2013-09-30": "8.06", "2013-06-30": "7.55", "2013-03-31": "7.48", "2012-12-31": "6.77", "2012-09-30": "6.38", "2012-06-30": "6.10", "2012-03-31": "6.63", "2011-12-31": "5.36", "2011-09-30": "4.49", "2011-06-30": "6.48", "2011-03-31": "6.47", "2010-12-31": "5.48", "2010-09-30": "3.03", "2010-06-30": "2.69", "2010-03-31": "3.09", "2009-12-31": "2.61", "2009-09-30": "3.01", "2009-06-30": "2.20", "2009-03-31": "1.41", "2008-12-31": "2.26", "2008-09-30": "4.28", "2008-06-30": "4.69", "2008-03-31": "5.32", "2007-12-31": "5.62", "2007-09-30": "5.39", "2007-06-30": "4.53", "2007-03-31": "4.77", "2006-12-31": "4.61"}, "price book": {"current": "2.19", "2021-02-11": "2.18", "2020-09-30": "2.03", "2020-06-30": "1.85", "2020-03-31": "1.59", "2019-12-31": "2.11", "2019-09-30": "2.01", "2019-06-30": "1.89", "2019-03-31": "1.68", "2018-12-31": "1.36", "2018-09-30": "1.58", "2018-06-30": "1.75", "2018-03-31": "1.66", "2017-12-31": "1.69", "2017-09-30": "1.67", "2017-06-30": "1.59", "2017-03-31": "1.41", "2016-12-31": "1.35", "2016-09-30": "1.37", "2016-06-30": "1.24", "2016-03-31": "1.10", "2015-12-31": "1.06", "2015-09-30": "0.96", "2015-06-30": "0.90", "2015-03-31": "1.21", "2014-12-31": "1.20", "2014-09-30": "1.10", "2014-06-30": "1.18", "2014-03-31": "1.14", "2013-12-31": "1.05", "2013-09-30": "1.05", "2013-06-30": "1.04", "2013-03-31": "1.10", "2012-12-31": "0.96", "2012-09-30": "0.88", "2012-06-30": "0.83", "2012-03-31": "0.87", "2011-12-31": "0.69", "2011-09-30": "0.57", "2011-06-30": "0.81", "2011-03-31": "1.21", "2010-12-31": "0.78", "2010-09-30": "0.86", "2010-06-30": "0.76", "2010-03-31": "0.89", "2009-12-31": "0.81", "2009-09-30": "0.69", "2009-06-30": "0.56", "2009-03-31": "0.42", "2008-12-31": "0.51", "2008-09-30": "1.08", "2008-06-30": "1.18", "2008-03-31": "1.27", "2007-12-31": "1.32", "2007-09-30": "1.38", "2007-06-30": "1.22", "2007-03-31": "1.38", "2006-12-31": "1.50", "2006-09-30": "1.45", "2006-06-30": "1.36", "2006-03-31": "1.47"}, "price fcf": {"2021-02-11": "", "2020-09-30": "$2.38", "2020-06-30": "$2.06", "2020-03-31": "$2.29", "2019-12-31": "$2.25", "2019-09-30": "$2.53", "2019-06-30": "$2.09", "2019-03-31": "$1.44", "2018-12-31": "$1.58", "2018-09-30": "$1.84", "2018-06-30": "$4.64", "2018-03-31": "$4.76", "2017-12-31": "$4.73", "2017-09-30": "$5.18", "2017-06-30": "$2.80", "2017-03-31": "$3.36", "2016-12-31": "$3.43", "2016-09-30": "$3.15", "2016-06-30": "$3.90", "2016-03-31": "$3.56", "2015-12-31": "$2.70", "2015-09-30": "$2.68", "2015-06-30": "$2.08", "2015-03-31": "$2.89", "2014-12-31": "$2.55", "2014-09-30": "$4.01", "2014-06-30": "$3.35", "2014-03-31": "$1.82", "2013-12-31": "$8.75", "2013-09-30": "$7.43", "2013-06-30": "$7.57", "2013-03-31": "$7.88", "2012-12-31": "$2.55", "2012-09-30": "$2.85", "2012-06-30": "$2.55", "2012-03-31": "$2.31", "2011-12-31": "$1.83", "2011-09-30": "$4.65", "2011-06-30": "$6.17", "2011-03-31": "$6.70", "2010-12-31": "$6.10", "2010-09-30": "$4.34", "2010-06-30": "$3.13", "2010-03-31": "$2.55", "2009-12-31": "$1.62", "2009-09-30": "$-2.91", "2009-06-30": "$-4.25", "2009-03-31": "$-6.30", "2008-12-31": "$-7.37", "2008-09-30": "$-10.15", "2008-06-30": "$-10.79", "2008-03-31": "$-10.46", "2007-12-31": "$-10.64", "2007-09-30": "$-7.53", "2007-06-30": "$-7.92", "2007-03-31": "$-7.88", "2006-12-31": "$-7.66"}, "net worth": {"value": "$79.41B"}, "current ratio": {"2020-12-31": "0.21", "2020-09-30": "0.84", "2020-06-30": "0.48", "2020-03-31": "0.91", "2019-12-31": "1.55", "2019-09-30": "1.27", "2019-06-30": "0.54", "2019-03-31": "0.36", "2018-12-31": "0.45", "2018-09-30": "0.32", "2018-06-30": "0.73", "2018-03-31": "0.66", "2017-12-31": "0.69", "2017-09-30": "0.80", "2017-06-30": "0.52", "2017-03-31": "0.75", "2016-12-31": "1.51", "2016-09-30": "0.61", "2016-06-30": "0.58", "2016-03-31": "0.58", "2015-12-31": "0.70", "2015-09-30": "0.73", "2015-06-30": "1.02", "2015-03-31": "0.85", "2014-12-31": "0.56", "2014-09-30": "0.80", "2014-06-30": "0.64", "2014-03-31": "0.88", "2013-12-31": "1.40", "2013-09-30": "0.71", "2013-06-30": "1.12", "2013-03-31": "1.97", "2012-12-31": "1.04", "2012-09-30": "1.21", "2012-06-30": "1.43", "2012-03-31": "1.26", "2011-12-31": "1.12", "2011-09-30": "1.37", "2011-06-30": "1.26", "2011-03-31": "1.73", "2010-12-31": "1.10", "2010-09-30": "1.46", "2010-06-30": "1.65", "2010-03-31": "1.29", "2009-12-31": "1.52", "2009-09-30": "1.33", "2009-06-30": "1.38", "2009-03-31": "1.52", "2008-12-31": "1.46", "2008-09-30": "1.59", "2008-06-30": "2.17", "2008-03-31": "2.30", "2007-12-31": "2.07", "2007-09-30": "2.34", "2007-06-30": "2.27", "2007-03-31": "2.32", "2006-12-31": "1.77", "2006-09-30": "1.68", "2006-06-30": "2.32", "2006-03-31": "2.19", "2005-12-31": "2.75", "2005-09-30": "1.97", "2005-06-30": "2.27", "2005-03-31": "2.13"}, "quick ratio": {"2020-12-31": "0.00", "2020-09-30": "0.00", "2020-06-30": "0.00", "2020-03-31": "0.00", "2019-12-31": "0.00", "2019-09-30": "0.00", "2019-06-30": "0.00", "2019-03-31": "0.00", "2018-12-31": "0.00", "2018-09-30": "0.00", "2018-06-30": "0.00", "2018-03-31": "0.00", "2017-12-31": "0.00", "2017-09-30": "0.00", "2017-06-30": "0.00", "2017-03-31": "0.00", "2016-12-31": "0.00", "2016-09-30": "0.00", "2016-06-30": "0.00", "2016-03-31": "0.00", "2015-12-31": "0.00", "2015-09-30": "0.00", "2015-06-30": "0.00", "2015-03-31": "0.00", "2014-12-31": "0.00", "2014-09-30": "0.00", "2014-06-30": "0.00", "2014-03-31": "0.00", "2013-12-31": "0.00", "2013-09-30": "0.00", "2013-06-30": "0.00", "2013-03-31": "0.00", "2012-12-31": "0.00", "2012-09-30": "0.00", "2012-06-30": "0.00", "2012-03-31": "0.00", "2011-12-31": "0.00", "2011-09-30": "0.00", "2011-06-30": "0.00", "2011-03-31": "0.00", "2010-12-31": "0.00", "2010-09-30": "0.00", "2010-06-30": "0.00", "2010-03-31": "0.00", "2009-12-31": "0.00", "2009-09-30": "0.00", "2009-06-30": "0.00", "2009-03-31": "0.00", "2008-12-31": "0.00", "2008-09-30": "0.00", "2008-06-30": "0.00", "2008-03-31": "0.00", "2007-12-31": "0.00", "2007-09-30": "0.00", "2007-06-30": "0.00", "2007-03-31": "0.00", "2006-12-31": "0.00", "2006-09-30": "0.00", "2006-06-30": "0.00", "2006-03-31": "0.00", "2005-12-31": "0.00", "2005-09-30": "0.00", "2005-06-30": "0.00", "2005-03-31": "0.00"}, "debt equity ratio": {"current": "0.46", "2020-12-31": "0.54", "2020-09-30": "0.53", "2020-06-30": "0.50", "2020-03-31": "0.50", "2019-12-31": "0.54", "2019-09-30": "0.52", "2019-06-30": "0.50", "2019-03-31": "0.49", "2018-12-31": "0.49", "2018-09-30": "0.50", "2018-06-30": "0.58", "2018-03-31": "0.58", "2017-12-31": "0.58", "2017-09-30": "0.60", "2017-06-30": "0.69", "2017-03-31": "0.69", "2016-12-31": "0.64", "2016-09-30": "0.69", "2016-06-30": "0.68", "2016-03-31": "0.71", "2015-12-31": "0.70", "2015-09-30": "0.73", "2015-06-30": "0.72", "2015-03-31": "0.61", "2014-12-31": "0.70", "2014-09-30": "0.70", "2014-06-30": "0.69", "2014-03-31": "0.70", "2013-12-31": "0.73", "2013-09-30": "0.74", "2013-06-30": "0.68", "2013-03-31": "0.82", "2012-12-31": "0.98", "2012-09-30": "1.02", "2012-06-30": "1.01", "2012-03-31": "0.98", "2011-12-31": "0.92", "2011-09-30": "0.96", "2011-06-30": "0.93", "2011-03-31": "1.01", "2010-12-31": "0.98", "2010-09-30": "0.93", "2010-06-30": "0.90", "2010-03-31": "1.13", "2009-12-31": "1.08", "2009-09-30": "1.05", "2009-06-30": "1.09", "2009-03-31": "1.09", "2008-12-31": "1.46", "2008-09-30": "1.71", "2008-06-30": "1.92", "2008-03-31": "1.86", "2007-12-31": "1.63", "2007-09-30": "1.62", "2007-06-30": "1.49", "2007-03-31": "1.66", "2006-12-31": "2.10", "2006-09-30": "2.68", "2006-06-30": "2.71", "2006-03-31": "2.63", "2005-12-31": "2.55", "2005-09-30": "2.97", "2005-06-30": "2.89", "2005-03-31": "2.87"}, "return on equity": {"2020-12-31": "4.03%", "2020-09-30": "4.64%", "2020-06-30": "5.51%", "2020-03-31": "5.97%", "2019-12-31": "6.05%", "2019-09-30": "6.89%", "2019-06-30": "6.51%", "2019-03-31": "6.79%", "2018-12-31": "7.41%", "2018-09-30": "6.58%", "2018-06-30": "10.02%", "2018-03-31": "9.77%", "2017-12-31": "9.02%", "2017-09-30": "9.85%", "2017-06-30": "6.59%", "2017-03-31": "6.59%", "2016-12-31": "6.56%", "2016-09-30": "4.80%", "2016-06-30": "4.70%", "2016-03-31": "3.96%", "2015-12-31": "4.87%", "2015-09-30": "6.83%", "2015-06-30": "6.49%", "2015-03-31": "6.49%", "2014-12-31": "4.29%", "2014-09-30": "1.91%", "2014-06-30": "0.90%", "2014-03-31": "0.38%", "2013-12-31": "2.24%", "2013-09-30": "0.19%", "2013-06-30": "-0.09%", "2013-03-31": "-0.14%", "2012-12-31": "-0.58%", "2012-09-30": "0.71%", "2012-06-30": "1.41%", "2012-03-31": "0.42%", "2011-12-31": "-1.57%", "2011-09-30": "-13.66%", "2011-06-30": "-19.55%", "2011-03-31": "-28.72%", "2010-12-31": "-28.48%", "2010-09-30": "-0.06%", "2010-06-30": "2.23%", "2010-03-31": "3.52%", "2009-12-31": "-0.09%", "2009-09-30": "-7.59%", "2009-06-30": "-9.27%", "2009-03-31": "-7.84%", "2008-12-31": "-2.42%", "2008-09-30": "8.32%", "2008-06-30": "9.97%", "2008-03-31": "11.41%", "2007-12-31": "10.85%", "2007-09-30": "11.21%", "2007-06-30": "10.33%", "2007-03-31": "9.42%", "2006-12-31": "10.26%", "2006-09-30": "13.38%", "2006-06-30": "13.82%", "2006-03-31": "12.53%", "2005-12-31": "14.21%"}, "return on assets": {"2020-12-31": "2.65%", "2020-09-30": "3.06%", "2020-06-30": "3.65%", "2020-03-31": "3.95%", "2019-12-31": "4.00%", "2019-09-30": "4.59%", "2019-06-30": "4.35%", "2019-03-31": "4.50%", "2018-12-31": "4.84%", "2018-09-30": "4.23%", "2018-06-30": "6.33%", "2018-03-31": "6.07%", "2017-12-31": "5.51%", "2017-09-30": "5.96%", "2017-06-30": "3.93%", "2017-03-31": "3.94%", "2016-12-31": "3.90%", "2016-09-30": "2.83%", "2016-06-30": "2.75%", "2016-03-31": "2.31%", "2015-12-31": "2.88%", "2015-09-30": "4.04%", "2015-06-30": "3.85%", "2015-03-31": "3.87%", "2014-12-31": "2.53%", "2014-09-30": "1.12%", "2014-06-30": "0.53%", "2014-03-31": "0.22%", "2013-12-31": "1.29%", "2013-09-30": "0.10%", "2013-06-30": "-0.05%", "2013-03-31": "-0.07%", "2012-12-31": "-0.29%", "2012-09-30": "0.36%", "2012-06-30": "0.72%", "2012-03-31": "0.21%", "2011-12-31": "-0.81%", "2011-09-30": "-6.98%", "2011-06-30": "-10.01%", "2011-03-31": "-14.66%", "2010-12-31": "-14.39%", "2010-09-30": "-0.03%", "2010-06-30": "1.10%", "2010-03-31": "1.69%", "2009-12-31": "-0.04%", "2009-09-30": "-3.50%", "2009-06-30": "-4.00%", "2009-03-31": "-3.11%", "2008-12-31": "-0.89%", "2008-09-30": "2.99%", "2008-06-30": "3.62%", "2008-03-31": "4.31%", "2007-12-31": "4.18%", "2007-09-30": "4.16%", "2007-06-30": "3.53%", "2007-03-31": "2.91%", "2006-12-31": "2.92%", "2006-09-30": "3.67%", "2006-06-30": "3.73%", "2006-03-31": "3.34%", "2005-12-31": "3.73%"}, "return on investments": {"2020-12-31": "4.02%", "2020-09-30": "4.49%", "2020-06-30": "4.68%", "2020-03-31": "4.72%", "2019-12-31": "4.98%", "2019-09-30": "5.12%", "2019-06-30": "4.89%", "2019-03-31": "4.73%", "2018-12-31": "5.20%", "2018-09-30": "8.02%", "2018-06-30": "7.91%", "2018-03-31": "7.83%", "2017-12-31": "6.85%", "2017-09-30": "2.70%", "2017-06-30": "2.87%", "2017-03-31": "2.40%", "2016-12-31": "2.26%", "2016-09-30": "2.05%", "2016-06-30": "1.61%", "2016-03-31": "1.41%", "2015-12-31": "1.32%", "2015-09-30": "1.27%", "2015-06-30": "1.27%", "2015-03-31": "1.40%", "2014-12-31": "1.36%", "2014-09-30": "1.36%", "2014-06-30": "1.35%", "2014-03-31": "1.20%", "2013-12-31": "1.33%", "2013-09-30": "0.27%", "2013-06-30": "0.25%", "2013-03-31": "0.41%", "2012-12-31": "0.35%", "2012-09-30": "1.12%", "2012-06-30": "1.13%", "2012-03-31": "0.57%", "2011-12-31": "0.44%", "2011-09-30": "-3.44%", "2011-06-30": "-4.99%", "2011-03-31": "-7.01%", "2010-12-31": "-7.21%", "2010-09-30": "1.76%", "2010-06-30": "1.72%", "2010-03-31": "1.71%", "2009-12-31": "-0.69%", "2009-09-30": "-3.54%", "2009-06-30": "-3.49%", "2009-03-31": "-2.73%", "2008-12-31": "0.04%", "2008-09-30": "3.19%", "2008-06-30": "3.40%", "2008-03-31": "3.09%", "2007-12-31": "3.16%", "2007-09-30": "3.66%", "2007-06-30": "3.93%", "2007-03-31": "4.09%", "2006-12-31": "4.41%", "2006-09-30": "4.65%", "2006-06-30": "4.77%", "2006-03-31": "4.88%", "2005-12-31": "4.88%"}, "return on tangible equity": {"2020-09-30": "4.64%", "2020-06-30": "5.51%", "2020-03-31": "5.97%", "2019-12-31": "6.05%", "2019-09-30": "6.89%", "2019-06-30": "6.51%", "2019-03-31": "6.79%", "2018-12-31": "7.41%", "2018-09-30": "6.58%", "2018-06-30": "10.02%", "2018-03-31": "9.77%", "2017-12-31": "9.02%", "2017-09-30": "9.85%", "2017-06-30": "6.59%", "2017-03-31": "6.59%", "2016-12-31": "6.56%", "2016-09-30": "4.80%", "2016-06-30": "4.70%", "2016-03-31": "3.96%", "2015-12-31": "4.87%", "2015-09-30": "6.83%", "2015-06-30": "6.49%", "2015-03-31": "6.49%", "2014-12-31": "4.29%", "2014-09-30": "1.91%", "2014-06-30": "0.90%", "2014-03-31": "0.38%", "2013-12-31": "2.24%", "2013-09-30": "0.19%", "2013-06-30": "-0.09%", "2013-03-31": "-0.14%", "2012-12-31": "-0.58%", "2012-09-30": "0.71%", "2012-06-30": "1.41%", "2012-03-31": "0.42%", "2011-12-31": "-1.57%", "2011-09-30": "-13.66%", "2011-06-30": "-19.55%", "2011-03-31": "-28.72%", "2010-12-31": "-28.48%", "2010-09-30": "-0.06%", "2010-06-30": "2.23%", "2010-03-31": "3.52%", "2009-12-31": "-0.09%", "2009-09-30": "-7.59%", "2009-06-30": "-9.27%", "2009-03-31": "-7.84%", "2008-12-31": "-2.42%", "2008-09-30": "8.32%", "2008-06-30": "9.97%", "2008-03-31": "11.41%", "2007-12-31": "10.85%", "2007-09-30": "11.21%", "2007-06-30": "10.33%", "2007-03-31": "9.42%", "2006-12-31": "10.26%", "2006-09-30": "13.38%", "2006-06-30": "13.82%", "2006-03-31": "12.53%", "2005-12-31": "14.21%"}, "dividend yield history": {"last payout": "$2.32", "last yield": "2.16%"}}