{"ticker": "PNC", "price": {"title": "PNC Financial Services Historical Annual Stock Price Data", "value": 159.31, "historical": {"2021": {"Average Stock Price": "154.2475", "Year Open": "149.1500", "Year High": "161.7300", "Year Low": "143.5200", "Year Close": "159.3100", "Annual % Change": "6.92%"}, "2020": {"Average Stock Price": "118.6347", "Year Open": "160.3700", "Year High": "160.8100", "Year Low": "80.6400", "Year Close": "149.0000", "Annual % Change": "-6.66%"}, "2019": {"Average Stock Price": "135.5952", "Year Open": "118.8100", "Year High": "161.1500", "Year Low": "118.2700", "Year Close": "159.6300", "Annual % Change": "36.54%"}, "2018": {"Average Stock Price": "142.6522", "Year Open": "144.6200", "Year High": "162.4500", "Year Low": "109.7100", "Year Close": "116.9100", "Annual % Change": "-18.98%"}, "2017": {"Average Stock Price": "127.4247", "Year Open": "117.9700", "Year High": "146.2600", "Year Low": "113.9300", "Year Close": "144.2900", "Annual % Change": "23.37%"}, "2016": {"Average Stock Price": "90.2343", "Year Open": "93.1600", "Year High": "118.3100", "Year Low": "77.8800", "Year Close": "116.9600", "Annual % Change": "22.72%"}, "2015": {"Average Stock Price": "92.9655", "Year Open": "90.8200", "Year High": "99.8600", "Year Low": "82.4200", "Year Close": "95.3100", "Annual % Change": "4.47%"}, "2014": {"Average Stock Price": "84.7276", "Year Open": "76.6000", "Year High": "92.9300", "Year Low": "76.6000", "Year Close": "91.2300", "Annual % Change": "17.59%"}, "2013": {"Average Stock Price": "70.6302", "Year Open": "59.5400", "Year High": "78.2000", "Year Low": "59.4500", "Year Close": "77.5800", "Annual % Change": "33.05%"}, "2012": {"Average Stock Price": "60.7560", "Year Open": "59.0300", "Year High": "67.3300", "Year Low": "53.6900", "Year Close": "58.3100", "Annual % Change": "1.11%"}, "2011": {"Average Stock Price": "56.8111", "Year Open": "61.4600", "Year High": "64.9400", "Year Low": "42.9800", "Year Close": "57.6700", "Annual % Change": "-5.02%"}, "2010": {"Average Stock Price": "57.7624", "Year Open": "53.5100", "Year High": "69.6400", "Year Low": "50.3600", "Year Close": "60.7200", "Annual % Change": "15.02%"}, "2009": {"Average Stock Price": "41.2637", "Year Open": "48.5900", "Year High": "57.0100", "Year Low": "18.5100", "Year Close": "52.7900", "Annual % Change": "7.73%"}, "2008": {"Average Stock Price": "63.2974", "Year Open": "64.7300", "Year High": "81.2100", "Year Low": "42.6800", "Year Close": "49.0000", "Annual % Change": "-25.36%"}, "2007": {"Average Stock Price": "71.6582", "Year Open": "75.1500", "Year High": "76.2300", "Year Low": "64.0900", "Year Close": "65.6500", "Annual % Change": "-11.33%"}, "2006": {"Average Stock Price": "69.4805", "Year Open": "63.5600", "Year High": "74.9800", "Year Low": "62.4100", "Year Close": "74.0400", "Annual % Change": "19.75%"}, "2005": {"Average Stock Price": "56.0741", "Year Open": "56.5700", "Year High": "65.0000", "Year Low": "49.3800", "Year Close": "61.8300", "Annual % Change": "7.64%"}, "2004": {"Average Stock Price": "54.1400", "Year Open": "54.4900", "Year High": "58.7000", "Year Low": "49.4200", "Year Close": "57.4400", "Annual % Change": "4.95%"}, "2003": {"Average Stock Price": "47.8357", "Year Open": "43.5500", "Year High": "55.0300", "Year Low": "42.2000", "Year Close": "54.7300", "Annual % Change": "30.62%"}, "2002": {"Average Stock Price": "49.6433", "Year Open": "55.8600", "Year High": "62.6300", "Year Low": "36.0000", "Year Close": "41.9000", "Annual % Change": "-25.44%"}, "2001": {"Average Stock Price": "64.2995", "Year Open": "71.0000", "Year High": "75.1500", "Year Low": "52.4200", "Year Close": "56.2000", "Annual % Change": "-23.08%"}, "2000": {"Average Stock Price": "53.1692", "Year Open": "42.1900", "Year High": "75.0000", "Year Low": "36.6300", "Year Close": "73.0600", "Annual % Change": "64.18%"}, "1999": {"Average Stock Price": "54.2620", "Year Open": "52.5600", "Year High": "62.0000", "Year Low": "43.0000", "Year Close": "44.5000", "Annual % Change": "-17.59%"}, "1998": {"Average Stock Price": "53.7142", "Year Open": "56.3800", "Year High": "64.8800", "Year Low": "40.2500", "Year Close": "54.0000", "Annual % Change": "-5.16%"}, "1997": {"Average Stock Price": "44.9093", "Year Open": "36.8800", "Year High": "58.1300", "Year Low": "36.8800", "Year Close": "56.9400", "Annual % Change": "51.36%"}, "1996": {"Average Stock Price": "32.0752", "Year Open": "31.5600", "Year High": "39.5000", "Year Low": "28.6200", "Year Close": "37.6200", "Annual % Change": "16.65%"}, "1995": {"Average Stock Price": "26.1156", "Year Open": "21.7500", "Year High": "32.2500", "Year Low": "21.5000", "Year Close": "32.2500", "Annual % Change": "52.63%"}, "1994": {"Average Stock Price": "26.9775", "Year Open": "29.0000", "Year High": "31.5000", "Year Low": "20.2500", "Year Close": "21.1300", "Annual % Change": "-27.14%"}, "1993": {"Average Stock Price": "30.5894", "Year Open": "28.6300", "Year High": "36.1300", "Year Low": "27.0000", "Year Close": "29.0000", "Annual % Change": "1.75%"}, "1992": {"Average Stock Price": "25.7738", "Year Open": "23.7500", "Year High": "29.1300", "Year Low": "23.3100", "Year Close": "28.5000", "Annual % Change": "20.97%"}, "1991": {"Average Stock Price": "17.9389", "Year Open": "10.8100", "Year High": "24.1250", "Year Low": "9.5600", "Year Close": "23.5600", "Annual % Change": "117.95%"}, "1990": {"Average Stock Price": "15.2243", "Year Open": "21.1250", "Year High": "22.0000", "Year Low": "8.0000", "Year Close": "10.8100", "Annual % Change": "-48.05%"}, "1989": {"Average Stock Price": "21.8978", "Year Open": "19.6250", "Year High": "24.2500", "Year Low": "19.4400", "Year Close": "20.8100", "Annual % Change": "4.70%"}}}, "market cap": {"value": "$67B"}, "income statement": {"Revenue": {"2020-12-31": "6955.00000", "2019-12-31": "21624.00000", "2018-12-31": "19993.00000", "2017-12-31": "18035.00000", "2016-12-31": "16423.00000", "2015-12-31": "16270.00000", "2014-12-31": "16281.00000", "2013-12-31": "16872.00000", "2012-12-31": "16606.00000", "2011-12-31": "15820.00000", "2010-12-31": "17096.00000", "2009-12-31": "19231.00000", "2008-12-31": "8743.00000", "2007-12-31": "9088.00000", "2006-12-31": "10939.00000", "2005-12-31": "7907.00000"}, "Cost Of Goods Sold": {"2020-12-31": "", "2019-12-31": "3797.00000", "2018-12-31": "2861.00000", "2017-12-31": "1706.00000", "2016-12-31": "1261.00000", "2015-12-31": "1045.00000", "2014-12-31": "906.00000", "2013-12-31": "860.00000", "2012-12-31": "1094.00000", "2011-12-31": "1494.00000", "2010-12-31": "1920.00000", "2009-12-31": "3003.00000", "2008-12-31": "2447.00000", "2007-12-31": "3197.00000", "2006-12-31": "2367.00000", "2005-12-31": "1580.00000"}, "Gross Profit": {"2020-12-31": "6955.00000", "2019-12-31": "17827.00000", "2018-12-31": "17132.00000", "2017-12-31": "16329.00000", "2016-12-31": "15162.00000", "2015-12-31": "15225.00000", "2014-12-31": "15375.00000", "2013-12-31": "16012.00000", "2012-12-31": "15512.00000", "2011-12-31": "14326.00000", "2010-12-31": "15176.00000", "2009-12-31": "16228.00000", "2008-12-31": "6296.00000", "2007-12-31": "5891.00000", "2006-12-31": "8572.00000", "2005-12-31": "6327.00000"}, "Research And Development Expenses": {"2020-12-31": "", "2019-12-31": "", "2018-12-31": "", "2017-12-31": "", "2016-12-31": "", "2015-12-31": "", "2014-12-31": "", "2013-12-31": "", "2012-12-31": "", "2011-12-31": "", "2010-12-31": "", "2009-12-31": "", "2008-12-31": "", "2007-12-31": "", "2006-12-31": "", "2005-12-31": ""}, "SG&A Expenses": {"2020-12-31": "3175.00000", "2019-12-31": "11347.00000", "2018-12-31": "10704.00000", "2017-12-31": "10839.00000", "2016-12-31": "9909.00000", "2015-12-31": "9718.00000", "2014-12-31": "9761.00000", "2013-12-31": "10324.00000", "2012-12-31": "11473.00000", "2011-12-31": "10257.00000", "2010-12-31": "11115.00000", "2009-12-31": "13003.00000", "2008-12-31": "5202.00000", "2007-12-31": "3967.00000", "2006-12-31": "4567.00000", "2005-12-31": "4327.00000"}, "Other Operating Income Or Expenses": {"2020-12-31": "", "2019-12-31": "", "2018-12-31": "", "2017-12-31": "", "2016-12-31": "", "2015-12-31": "", "2014-12-31": "", "2013-12-31": "", "2012-12-31": "", "2011-12-31": "", "2010-12-31": "", "2009-12-31": "", "2008-12-31": "", "2007-12-31": "", "2006-12-31": "", "2005-12-31": ""}, "Operating Expenses": {"2020-12-31": "3175.00000", "2019-12-31": "15144.00000", "2018-12-31": "13565.00000", "2017-12-31": "12545.00000", "2016-12-31": "11170.00000", "2015-12-31": "10763.00000", "2014-12-31": "10667.00000", "2013-12-31": "11184.00000", "2012-12-31": "12567.00000", "2011-12-31": "11751.00000", "2010-12-31": "13035.00000", "2009-12-31": "16006.00000", "2008-12-31": "7649.00000", "2007-12-31": "7164.00000", "2006-12-31": "6934.00000", "2005-12-31": "5907.00000"}, "Operating Income": {"2020-12-31": "3780.00000", "2019-12-31": "6480.00000", "2018-12-31": "6428.00000", "2017-12-31": "5490.00000", "2016-12-31": "5253.00000", "2015-12-31": "5507.00000", "2014-12-31": "5614.00000", "2013-12-31": "5688.00000", "2012-12-31": "4039.00000", "2011-12-31": "4069.00000", "2010-12-31": "4061.00000", "2009-12-31": "3225.00000", "2008-12-31": "1094.00000", "2007-12-31": "1924.00000", "2006-12-31": "4005.00000", "2005-12-31": "2000.00000"}, "Total Non-Operating Income/Expense": {"2020-12-31": "", "2019-12-31": "", "2018-12-31": "", "2017-12-31": "", "2016-12-31": "", "2015-12-31": "", "2014-12-31": "", "2013-12-31": "", "2012-12-31": "", "2011-12-31": "", "2010-12-31": "", "2009-12-31": "", "2008-12-31": "", "2007-12-31": "", "2006-12-31": "", "2005-12-31": ""}, "Pre-Tax Income": {"2020-12-31": "3429.00000", "2019-12-31": "6480.00000", "2018-12-31": "6428.00000", "2017-12-31": "5490.00000", "2016-12-31": "5253.00000", "2015-12-31": "5507.00000", "2014-12-31": "5614.00000", "2013-12-31": "5688.00000", "2012-12-31": "4039.00000", "2011-12-31": "4069.00000", "2010-12-31": "4061.00000", "2009-12-31": "3225.00000", "2008-12-31": "1094.00000", "2007-12-31": "1924.00000", "2006-12-31": "4005.00000", "2005-12-31": "2000.00000"}, "Income Taxes": {"2020-12-31": "426.00000", "2019-12-31": "1062.00000", "2018-12-31": "1082.00000", "2017-12-31": "102.00000", "2016-12-31": "1268.00000", "2015-12-31": "1364.00000", "2014-12-31": "1407.00000", "2013-12-31": "1476.00000", "2012-12-31": "1045.00000", "2011-12-31": "998.00000", "2010-12-31": "1037.00000", "2009-12-31": "867.00000", "2008-12-31": "298.00000", "2007-12-31": "561.00000", "2006-12-31": "1363.00000", "2005-12-31": "604.00000"}, "Income After Taxes": {"2020-12-31": "3003.00000", "2019-12-31": "5418.00000", "2018-12-31": "5346.00000", "2017-12-31": "5388.00000", "2016-12-31": "3985.00000", "2015-12-31": "4143.00000", "2014-12-31": "4207.00000", "2013-12-31": "4212.00000", "2012-12-31": "2994.00000", "2011-12-31": "3071.00000", "2010-12-31": "3024.00000", "2009-12-31": "2358.00000", "2008-12-31": "796.00000", "2007-12-31": "1363.00000", "2006-12-31": "2642.00000", "2005-12-31": "1396.00000"}, "Other Income": {"2020-12-31": "", "2019-12-31": "", "2018-12-31": "", "2017-12-31": "", "2016-12-31": "", "2015-12-31": "", "2014-12-31": "", "2013-12-31": "", "2012-12-31": "", "2011-12-31": "", "2010-12-31": "", "2009-12-31": "", "2008-12-31": "", "2007-12-31": "", "2006-12-31": "", "2005-12-31": ""}, "Income From Continuous Operations": {"2020-12-31": "3003.00000", "2019-12-31": "5418.00000", "2018-12-31": "5346.00000", "2017-12-31": "5388.00000", "2016-12-31": "3985.00000", "2015-12-31": "4143.00000", "2014-12-31": "4207.00000", "2013-12-31": "4212.00000", "2012-12-31": "2994.00000", "2011-12-31": "3071.00000", "2010-12-31": "3024.00000", "2009-12-31": "2358.00000", "2008-12-31": "796.00000", "2007-12-31": "1339.00000", "2006-12-31": "2595.00000", "2005-12-31": "1325.00000"}, "Income From Discontinued Operations": {"2020-12-31": "4555.00000", "2019-12-31": "", "2018-12-31": "", "2017-12-31": "", "2016-12-31": "", "2015-12-31": "", "2014-12-31": "", "2013-12-31": "", "2012-12-31": "", "2011-12-31": "", "2010-12-31": "373.00000", "2009-12-31": "45.00000", "2008-12-31": "118.00000", "2007-12-31": "128.00000", "2006-12-31": "", "2005-12-31": ""}, "Net Income": {"2020-12-31": "7284.00000", "2019-12-31": "5108.00000", "2018-12-31": "5040.00000", "2017-12-31": "5053.00000", "2016-12-31": "3662.00000", "2015-12-31": "3864.00000", "2014-12-31": "3936.00000", "2013-12-31": "3934.00000", "2012-12-31": "2806.00000", "2011-12-31": "2998.00000", "2010-12-31": "3011.00000", "2009-12-31": "2003.00000", "2008-12-31": "861.00000", "2007-12-31": "1467.00000", "2006-12-31": "2594.00000", "2005-12-31": "1324.00000"}, "EBITDA": {"2020-12-31": "", "2019-12-31": "", "2018-12-31": "", "2017-12-31": "", "2016-12-31": "", "2015-12-31": "", "2014-12-31": "", "2013-12-31": "", "2012-12-31": "", "2011-12-31": "", "2010-12-31": "", "2009-12-31": "", "2008-12-31": "", "2007-12-31": "", "2006-12-31": "", "2005-12-31": ""}, "EBIT": {"2020-12-31": "", "2019-12-31": "", "2018-12-31": "", "2017-12-31": "", "2016-12-31": "", "2015-12-31": "", "2014-12-31": "", "2013-12-31": "", "2012-12-31": "", "2011-12-31": "", "2010-12-31": "", "2009-12-31": "", "2008-12-31": "", "2007-12-31": "", "2006-12-31": "", "2005-12-31": ""}, "Basic Shares Outstanding": {"2020-12-31": "428.72280", "2019-12-31": "447.00000", "2018-12-31": "467.00000", "2017-12-31": "481.00000", "2016-12-31": "494.00000", "2015-12-31": "514.00000", "2014-12-31": "529.00000", "2013-12-31": "528.00000", "2012-12-31": "526.00000", "2011-12-31": "524.00000", "2010-12-31": "517.00000", "2009-12-31": "454.00000", "2008-12-31": "344.00000", "2007-12-31": "331.00000", "2006-12-31": "292.00000", "2005-12-31": "286.00000"}, "Shares Outstanding": {"2020-12-31": "429.48110", "2019-12-31": "448.00000", "2018-12-31": "470.00000", "2017-12-31": "486.00000", "2016-12-31": "500.00000", "2015-12-31": "521.00000", "2014-12-31": "537.00000", "2013-12-31": "532.00000", "2012-12-31": "529.00000", "2011-12-31": "526.00000", "2010-12-31": "520.00000", "2009-12-31": "455.00000", "2008-12-31": "346.00000", "2007-12-31": "334.00000", "2006-12-31": "297.00000", "2005-12-31": "290.00000"}, "Basic EPS": {"2020-12-31": "16.99000", "2019-12-31": "11.43000", "2018-12-31": "10.79000", "2017-12-31": "10.49000", "2016-12-31": "7.42000", "2015-12-31": "7.52000", "2014-12-31": "7.44000", "2013-12-31": "7.45000", "2012-12-31": "5.33000", "2011-12-31": "5.70000", "2010-12-31": "5.80000", "2009-12-31": "4.40000", "2008-12-31": "2.49000", "2007-12-31": "4.40000", "2006-12-31": "8.89000", "2005-12-31": "4.63000"}, "EPS - Earnings Per Share": {"2020-12-31": "16.96000", "2019-12-31": "11.39000", "2018-12-31": "10.71000", "2017-12-31": "10.36000", "2016-12-31": "7.30000", "2015-12-31": "7.39000", "2014-12-31": "7.30000", "2013-12-31": "7.36000", "2012-12-31": "5.28000", "2011-12-31": "5.64000", "2010-12-31": "5.74000", "2009-12-31": "4.36000", "2008-12-31": "2.44000", "2007-12-31": "4.32000", "2006-12-31": "8.73000", "2005-12-31": "4.55000"}}, "income statement, quarterly": {"Revenue": {"2020-12-31": "1784.00000", "2020-09-30": "4473.00000", "2020-06-30": "4404.00000", "2020-03-31": "5206.00000", "2019-12-31": "5930.00000", "2019-09-30": "5241.00000", "2019-06-30": "5214.00000", "2019-03-31": "5239.00000", "2018-12-31": "5218.00000", "2018-09-30": "5114.00000", "2018-06-30": "4993.00000", "2018-03-31": "4668.00000", "2017-12-31": "4740.00000", "2017-09-30": "4575.00000", "2017-06-30": "4476.00000", "2017-03-31": "4244.00000", "2016-12-31": "4197.00000", "2016-09-30": "4142.00000", "2016-06-30": "4110.00000", "2016-03-31": "3974.00000", "2015-12-31": "4119.00000", "2015-09-30": "4054.00000", "2015-06-30": "4119.00000", "2015-03-31": "3978.00000", "2014-12-31": "4187.00000", "2014-09-30": "4065.00000", "2014-06-30": "4037.00000", "2014-03-31": "3992.00000", "2013-12-31": "4286.00000", "2013-09-30": "4134.00000", "2013-06-30": "4275.00000", "2013-03-31": "4177.00000", "2012-12-31": "4316.00000", "2012-09-30": "4359.00000", "2012-06-30": "3893.00000", "2012-03-31": "4038.00000", "2011-12-31": "3884.00000", "2011-09-30": "3899.00000", "2011-06-30": "3999.00000", "2011-03-31": "4038.00000", "2010-12-31": "4373.00000", "2010-09-30": "4084.00000", "2010-06-30": "4350.00000", "2010-03-31": "4289.00000", "2009-12-31": "5479.00000", "2009-09-30": "4517.00000", "2009-06-30": "4610.00000", "2009-03-31": "4625.00000", "2008-12-31": "1290.00000", "2008-09-30": "2228.00000", "2008-06-30": "2639.00000", "2008-03-31": "2586.00000", "2007-12-31": "1636.00000", "2007-09-30": "2617.00000", "2007-06-30": "2529.00000", "2007-03-31": "2306.00000", "2006-12-31": "2186.00000", "2006-09-30": "4146.00000", "2006-06-30": "2356.00000", "2006-03-31": "2251.00000", "2005-12-31": "2188.00000", "2005-09-30": "2111.00000", "2005-06-30": "1830.00000", "2005-03-31": "1778.00000"}, "Cost Of Goods Sold": {"2020-12-31": "", "2020-09-30": "192.00000", "2020-06-30": "328.00000", "2020-03-31": "689.00000", "2019-12-31": "846.00000", "2019-09-30": "999.00000", "2019-06-30": "999.00000", "2019-03-31": "953.00000", "2018-12-31": "878.00000", "2018-09-30": "757.00000", "2018-06-30": "669.00000", "2018-03-31": "557.00000", "2017-12-31": "480.00000", "2017-09-30": "450.00000", "2017-06-30": "416.00000", "2017-03-31": "360.00000", "2016-12-31": "323.00000", "2016-09-30": "313.00000", "2016-06-30": "316.00000", "2016-03-31": "309.00000", "2015-12-31": "266.00000", "2015-09-30": "279.00000", "2015-06-30": "253.00000", "2015-03-31": "247.00000", "2014-12-31": "240.00000", "2014-09-30": "224.00000", "2014-06-30": "227.00000", "2014-03-31": "215.00000", "2013-12-31": "213.00000", "2013-09-30": "214.00000", "2013-06-30": "211.00000", "2013-03-31": "222.00000", "2012-12-31": "247.00000", "2012-09-30": "271.00000", "2012-06-30": "270.00000", "2012-03-31": "306.00000", "2011-12-31": "335.00000", "2011-09-30": "355.00000", "2011-06-30": "397.00000", "2011-03-31": "407.00000", "2010-12-31": "470.00000", "2010-09-30": "486.00000", "2010-06-30": "438.00000", "2010-03-31": "526.00000", "2009-12-31": "593.00000", "2009-09-30": "664.00000", "2009-06-30": "807.00000", "2009-03-31": "939.00000", "2008-12-31": "508.00000", "2008-09-30": "574.00000", "2008-06-30": "600.00000", "2008-03-31": "765.00000", "2007-12-31": "823.00000", "2007-09-30": "866.00000", "2007-06-30": "816.00000", "2007-03-31": "692.00000", "2006-12-31": "651.00000", "2006-09-30": "636.00000", "2006-06-30": "570.00000", "2006-03-31": "510.00000", "2005-12-31": "479.00000", "2005-09-30": "436.00000", "2005-06-30": "367.00000", "2005-03-31": "298.00000"}, "Gross Profit": {"2020-12-31": "1784.00000", "2020-09-30": "4281.00000", "2020-06-30": "4076.00000", "2020-03-31": "4517.00000", "2019-12-31": "5084.00000", "2019-09-30": "4242.00000", "2019-06-30": "4215.00000", "2019-03-31": "4286.00000", "2018-12-31": "4340.00000", "2018-09-30": "4357.00000", "2018-06-30": "4324.00000", "2018-03-31": "4111.00000", "2017-12-31": "4260.00000", "2017-09-30": "4125.00000", "2017-06-30": "4060.00000", "2017-03-31": "3884.00000", "2016-12-31": "3874.00000", "2016-09-30": "3829.00000", "2016-06-30": "3794.00000", "2016-03-31": "3665.00000", "2015-12-31": "3853.00000", "2015-09-30": "3775.00000", "2015-06-30": "3866.00000", "2015-03-31": "3731.00000", "2014-12-31": "3947.00000", "2014-09-30": "3841.00000", "2014-06-30": "3810.00000", "2014-03-31": "3777.00000", "2013-12-31": "4073.00000", "2013-09-30": "3920.00000", "2013-06-30": "4064.00000", "2013-03-31": "3955.00000", "2012-12-31": "4069.00000", "2012-09-30": "4088.00000", "2012-06-30": "3623.00000", "2012-03-31": "3732.00000", "2011-12-31": "3549.00000", "2011-09-30": "3544.00000", "2011-06-30": "3602.00000", "2011-03-31": "3631.00000", "2010-12-31": "3903.00000", "2010-09-30": "3598.00000", "2010-06-30": "3912.00000", "2010-03-31": "3763.00000", "2009-12-31": "4886.00000", "2009-09-30": "3853.00000", "2009-06-30": "3803.00000", "2009-03-31": "3686.00000", "2008-12-31": "782.00000", "2008-09-30": "1654.00000", "2008-06-30": "2039.00000", "2008-03-31": "1821.00000", "2007-12-31": "813.00000", "2007-09-30": "1751.00000", "2007-06-30": "1713.00000", "2007-03-31": "1614.00000", "2006-12-31": "1535.00000", "2006-09-30": "3510.00000", "2006-06-30": "1786.00000", "2006-03-31": "1741.00000", "2005-12-31": "1709.00000", "2005-09-30": "1675.00000", "2005-06-30": "1463.00000", "2005-03-31": "1480.00000"}, "Research And Development Expenses": {"2020-12-31": "", "2020-09-30": "", "2020-06-30": "", "2020-03-31": "", "2019-12-31": "", "2019-09-30": "", "2019-06-30": "", "2019-03-31": "", "2018-12-31": "", "2018-09-30": "", "2018-06-30": "", "2018-03-31": "", "2017-12-31": "", "2017-09-30": "", "2017-06-30": "", "2017-03-31": "", "2016-12-31": "", "2016-09-30": "", "2016-06-30": "", "2016-03-31": "", "2015-12-31": "", "2015-09-30": "", "2015-06-30": "", "2015-03-31": "", "2014-12-31": "", "2014-09-30": "", "2014-06-30": "", "2014-03-31": "", "2013-12-31": "", "2013-09-30": "", "2013-06-30": "", "2013-03-31": "", "2012-12-31": "", "2012-09-30": "", "2012-06-30": "", "2012-03-31": "", "2011-12-31": "", "2011-09-30": "", "2011-06-30": "", "2011-03-31": "", "2010-12-31": "", "2010-09-30": "", "2010-06-30": "", "2010-03-31": "", "2009-12-31": "", "2009-09-30": "", "2009-06-30": "", "2009-03-31": "", "2008-12-31": "", "2008-09-30": "", "2008-06-30": "", "2008-03-31": "", "2007-12-31": "", "2007-09-30": "", "2007-06-30": "", "2007-03-31": "", "2006-12-31": "", "2006-09-30": "", "2006-06-30": "", "2006-03-31": "", "2005-12-31": "", "2005-09-30": "", "2005-06-30": "", "2005-03-31": ""}, "SG&A Expenses": {"2020-12-31": "2454.00000", "2020-09-30": "2583.00000", "2020-06-30": "4978.00000", "2020-03-31": "3457.00000", "2019-12-31": "2983.00000", "2019-09-30": "2806.00000", "2019-06-30": "2791.00000", "2019-03-31": "2767.00000", "2018-12-31": "2725.00000", "2018-09-30": "2696.00000", "2018-06-30": "2664.00000", "2018-03-31": "2619.00000", "2017-12-31": "3186.00000", "2017-09-30": "2586.00000", "2017-06-30": "2577.00000", "2017-03-31": "2490.00000", "2016-12-31": "2508.00000", "2016-09-30": "2481.00000", "2016-06-30": "2487.00000", "2016-03-31": "2433.00000", "2015-12-31": "2470.00000", "2015-09-30": "2433.00000", "2015-06-30": "2412.00000", "2015-03-31": "2403.00000", "2014-12-31": "2591.00000", "2014-09-30": "2412.00000", "2014-06-30": "2400.00000", "2014-03-31": "2358.00000", "2013-12-31": "2627.00000", "2013-09-30": "2531.00000", "2013-06-30": "2562.00000", "2013-03-31": "2604.00000", "2012-12-31": "3051.00000", "2012-09-30": "2878.00000", "2012-06-30": "2904.00000", "2012-03-31": "2640.00000", "2011-12-31": "2909.00000", "2011-09-30": "2401.00000", "2011-06-30": "2456.00000", "2011-03-31": "2491.00000", "2010-12-31": "2782.00000", "2010-09-30": "2644.00000", "2010-06-30": "2825.00000", "2010-03-31": "2864.00000", "2009-12-31": "3258.00000", "2009-09-30": "3128.00000", "2009-06-30": "3579.00000", "2009-03-31": "3038.00000", "2008-12-31": "1406.00000", "2008-09-30": "1321.00000", "2008-06-30": "1289.00000", "2008-03-31": "1186.00000", "2007-12-31": "757.00000", "2007-09-30": "1164.00000", "2007-06-30": "1094.00000", "2007-03-31": "952.00000", "2006-12-31": "1011.00000", "2006-09-30": "1183.00000", "2006-06-30": "1189.00000", "2006-03-31": "1184.00000", "2005-12-31": "1131.00000", "2005-09-30": "1175.00000", "2005-06-30": "1013.00000", "2005-03-31": "1008.00000"}, "Other Operating Income Or Expenses": {"2020-12-31": "", "2020-09-30": "", "2020-06-30": "", "2020-03-31": "", "2019-12-31": "", "2019-09-30": "", "2019-06-30": "", "2019-03-31": "", "2018-12-31": "", "2018-09-30": "", "2018-06-30": "", "2018-03-31": "", "2017-12-31": "", "2017-09-30": "", "2017-06-30": "", "2017-03-31": "", "2016-12-31": "", "2016-09-30": "", "2016-06-30": "", "2016-03-31": "", "2015-12-31": "", "2015-09-30": "", "2015-06-30": "", "2015-03-31": "", "2014-12-31": "", "2014-09-30": "", "2014-06-30": "", "2014-03-31": "", "2013-12-31": "", "2013-09-30": "", "2013-06-30": "", "2013-03-31": "", "2012-12-31": "", "2012-09-30": "", "2012-06-30": "", "2012-03-31": "", "2011-12-31": "", "2011-09-30": "", "2011-06-30": "", "2011-03-31": "", "2010-12-31": "", "2010-09-30": "", "2010-06-30": "", "2010-03-31": "", "2009-12-31": "", "2009-09-30": "", "2009-06-30": "", "2009-03-31": "", "2008-12-31": "", "2008-09-30": "", "2008-06-30": "", "2008-03-31": "", "2007-12-31": "", "2007-09-30": "", "2007-06-30": "", "2007-03-31": "", "2006-12-31": "", "2006-09-30": "", "2006-06-30": "", "2006-03-31": "", "2005-12-31": "", "2005-09-30": "", "2005-06-30": "", "2005-03-31": ""}, "Operating Expenses": {"2020-12-31": "2454.00000", "2020-09-30": "2775.00000", "2020-06-30": "5306.00000", "2020-03-31": "4146.00000", "2019-12-31": "3829.00000", "2019-09-30": "3805.00000", "2019-06-30": "3790.00000", "2019-03-31": "3720.00000", "2018-12-31": "3603.00000", "2018-09-30": "3453.00000", "2018-06-30": "3333.00000", "2018-03-31": "3176.00000", "2017-12-31": "3666.00000", "2017-09-30": "3036.00000", "2017-06-30": "2993.00000", "2017-03-31": "2850.00000", "2016-12-31": "2831.00000", "2016-09-30": "2794.00000", "2016-06-30": "2803.00000", "2016-03-31": "2742.00000", "2015-12-31": "2736.00000", "2015-09-30": "2712.00000", "2015-06-30": "2665.00000", "2015-03-31": "2650.00000", "2014-12-31": "2831.00000", "2014-09-30": "2636.00000", "2014-06-30": "2627.00000", "2014-03-31": "2573.00000", "2013-12-31": "2840.00000", "2013-09-30": "2745.00000", "2013-06-30": "2773.00000", "2013-03-31": "2826.00000", "2012-12-31": "3298.00000", "2012-09-30": "3149.00000", "2012-06-30": "3174.00000", "2012-03-31": "2946.00000", "2011-12-31": "3244.00000", "2011-09-30": "2756.00000", "2011-06-30": "2853.00000", "2011-03-31": "2898.00000", "2010-12-31": "3252.00000", "2010-09-30": "3130.00000", "2010-06-30": "3263.00000", "2010-03-31": "3390.00000", "2009-12-31": "3851.00000", "2009-09-30": "3792.00000", "2009-06-30": "4386.00000", "2009-03-31": "3977.00000", "2008-12-31": "1914.00000", "2008-09-30": "1895.00000", "2008-06-30": "1889.00000", "2008-03-31": "1951.00000", "2007-12-31": "1580.00000", "2007-09-30": "2030.00000", "2007-06-30": "1910.00000", "2007-03-31": "1644.00000", "2006-12-31": "1662.00000", "2006-09-30": "1819.00000", "2006-06-30": "1759.00000", "2006-03-31": "1694.00000", "2005-12-31": "1610.00000", "2005-09-30": "1611.00000", "2005-06-30": "1380.00000", "2005-03-31": "1306.00000"}, "Operating Income": {"2020-12-31": "-670.00000", "2020-09-30": "1698.00000", "2020-06-30": "-902.00000", "2020-03-31": "1060.00000", "2019-12-31": "2101.00000", "2019-09-30": "1436.00000", "2019-06-30": "1424.00000", "2019-03-31": "1519.00000", "2018-12-31": "1615.00000", "2018-09-30": "1661.00000", "2018-06-30": "1660.00000", "2018-03-31": "1492.00000", "2017-12-31": "1074.00000", "2017-09-30": "1539.00000", "2017-06-30": "1483.00000", "2017-03-31": "1394.00000", "2016-12-31": "1366.00000", "2016-09-30": "1348.00000", "2016-06-30": "1307.00000", "2016-03-31": "1232.00000", "2015-12-31": "1383.00000", "2015-09-30": "1342.00000", "2015-06-30": "1454.00000", "2015-03-31": "1328.00000", "2014-12-31": "1356.00000", "2014-09-30": "1429.00000", "2014-06-30": "1410.00000", "2014-03-31": "1419.00000", "2013-12-31": "1446.00000", "2013-09-30": "1389.00000", "2013-06-30": "1502.00000", "2013-03-31": "1351.00000", "2012-12-31": "1018.00000", "2012-09-30": "1210.00000", "2012-06-30": "719.00000", "2012-03-31": "1092.00000", "2011-12-31": "640.00000", "2011-09-30": "1143.00000", "2011-06-30": "1146.00000", "2011-03-31": "1140.00000", "2010-12-31": "1121.00000", "2010-09-30": "954.00000", "2010-06-30": "1087.00000", "2010-03-31": "899.00000", "2009-12-31": "1628.00000", "2009-09-30": "725.00000", "2009-06-30": "224.00000", "2009-03-31": "648.00000", "2008-12-31": "-624.00000", "2008-09-30": "333.00000", "2008-06-30": "750.00000", "2008-03-31": "635.00000", "2007-12-31": "56.00000", "2007-09-30": "587.00000", "2007-06-30": "619.00000", "2007-03-31": "662.00000", "2006-12-31": "524.00000", "2006-09-30": "2327.00000", "2006-06-30": "597.00000", "2006-03-31": "557.00000", "2005-12-31": "578.00000", "2005-09-30": "500.00000", "2005-06-30": "450.00000", "2005-03-31": "472.00000"}, "Total Non-Operating Income/Expense": {"2020-12-31": "", "2020-09-30": "", "2020-06-30": "", "2020-03-31": "", "2019-12-31": "", "2019-09-30": "", "2019-06-30": "", "2019-03-31": "", "2018-12-31": "", "2018-09-30": "", "2018-06-30": "", "2018-03-31": "", "2017-12-31": "", "2017-09-30": "", "2017-06-30": "", "2017-03-31": "", "2016-12-31": "", "2016-09-30": "", "2016-06-30": "", "2016-03-31": "", "2015-12-31": "", "2015-09-30": "", "2015-06-30": "", "2015-03-31": "", "2014-12-31": "", "2014-09-30": "", "2014-06-30": "", "2014-03-31": "", "2013-12-31": "", "2013-09-30": "", "2013-06-30": "", "2013-03-31": "", "2012-12-31": "", "2012-09-30": "", "2012-06-30": "", "2012-03-31": "", "2011-12-31": "", "2011-09-30": "", "2011-06-30": "", "2011-03-31": "", "2010-12-31": "", "2010-09-30": "", "2010-06-30": "", "2010-03-31": "", "2009-12-31": "", "2009-09-30": "", "2009-06-30": "", "2009-03-31": "", "2008-12-31": "", "2008-09-30": "", "2008-06-30": "", "2008-03-31": "", "2007-12-31": "", "2007-09-30": "", "2007-06-30": "", "2007-03-31": "", "2006-12-31": "", "2006-09-30": "", "2006-06-30": "", "2006-03-31": "", "2005-12-31": "", "2005-09-30": "", "2005-06-30": "", "2005-03-31": ""}, "Pre-Tax Income": {"2020-12-31": "1754.00000", "2020-09-30": "1698.00000", "2020-06-30": "-902.00000", "2020-03-31": "1060.00000", "2019-12-31": "2101.00000", "2019-09-30": "1436.00000", "2019-06-30": "1424.00000", "2019-03-31": "1519.00000", "2018-12-31": "1615.00000", "2018-09-30": "1661.00000", "2018-06-30": "1660.00000", "2018-03-31": "1492.00000", "2017-12-31": "1074.00000", "2017-09-30": "1539.00000", "2017-06-30": "1483.00000", "2017-03-31": "1394.00000", "2016-12-31": "1366.00000", "2016-09-30": "1348.00000", "2016-06-30": "1307.00000", "2016-03-31": "1232.00000", "2015-12-31": "1383.00000", "2015-09-30": "1342.00000", "2015-06-30": "1454.00000", "2015-03-31": "1328.00000", "2014-12-31": "1356.00000", "2014-09-30": "1429.00000", "2014-06-30": "1410.00000", "2014-03-31": "1419.00000", "2013-12-31": "1446.00000", "2013-09-30": "1389.00000", "2013-06-30": "1502.00000", "2013-03-31": "1351.00000", "2012-12-31": "1018.00000", "2012-09-30": "1210.00000", "2012-06-30": "719.00000", "2012-03-31": "1092.00000", "2011-12-31": "640.00000", "2011-09-30": "1143.00000", "2011-06-30": "1146.00000", "2011-03-31": "1140.00000", "2010-12-31": "1121.00000", "2010-09-30": "954.00000", "2010-06-30": "1087.00000", "2010-03-31": "899.00000", "2009-12-31": "1628.00000", "2009-09-30": "725.00000", "2009-06-30": "224.00000", "2009-03-31": "648.00000", "2008-12-31": "-624.00000", "2008-09-30": "333.00000", "2008-06-30": "750.00000", "2008-03-31": "635.00000", "2007-12-31": "56.00000", "2007-09-30": "587.00000", "2007-06-30": "619.00000", "2007-03-31": "662.00000", "2006-12-31": "524.00000", "2006-09-30": "2327.00000", "2006-06-30": "597.00000", "2006-03-31": "557.00000", "2005-12-31": "578.00000", "2005-09-30": "500.00000", "2005-06-30": "450.00000", "2005-03-31": "472.00000"}, "Income Taxes": {"2020-12-31": "298.00000", "2020-09-30": "166.00000", "2020-06-30": "-158.00000", "2020-03-31": "145.00000", "2019-12-31": "320.00000", "2019-09-30": "255.00000", "2019-06-30": "239.00000", "2019-03-31": "248.00000", "2018-12-31": "264.00000", "2018-09-30": "261.00000", "2018-06-30": "304.00000", "2018-03-31": "253.00000", "2017-12-31": "-1017.00000", "2017-09-30": "413.00000", "2017-06-30": "386.00000", "2017-03-31": "320.00000", "2016-12-31": "319.00000", "2016-09-30": "342.00000", "2016-06-30": "318.00000", "2016-03-31": "289.00000", "2015-12-31": "361.00000", "2015-09-30": "269.00000", "2015-06-30": "410.00000", "2015-03-31": "324.00000", "2014-12-31": "299.00000", "2014-09-30": "391.00000", "2014-06-30": "358.00000", "2014-03-31": "359.00000", "2013-12-31": "372.00000", "2013-09-30": "361.00000", "2013-06-30": "387.00000", "2013-03-31": "356.00000", "2012-12-31": "306.00000", "2012-09-30": "285.00000", "2012-06-30": "173.00000", "2012-03-31": "281.00000", "2011-12-31": "147.00000", "2011-09-30": "309.00000", "2011-06-30": "234.00000", "2011-03-31": "308.00000", "2010-12-31": "301.00000", "2010-09-30": "179.00000", "2010-06-30": "306.00000", "2010-03-31": "251.00000", "2009-12-31": "525.00000", "2009-09-30": "185.00000", "2009-06-30": "29.00000", "2009-03-31": "128.00000", "2008-12-31": "-260.00000", "2008-09-30": "74.00000", "2008-06-30": "233.00000", "2008-03-31": "251.00000", "2007-12-31": "-18.00000", "2007-09-30": "180.00000", "2007-06-30": "196.00000", "2007-03-31": "203.00000", "2006-12-31": "148.00000", "2006-09-30": "837.00000", "2006-06-30": "197.00000", "2006-03-31": "181.00000", "2005-12-31": "181.00000", "2005-09-30": "152.00000", "2005-06-30": "159.00000", "2005-03-31": "112.00000"}, "Income After Taxes": {"2020-12-31": "1456.00000", "2020-09-30": "1532.00000", "2020-06-30": "-744.00000", "2020-03-31": "915.00000", "2019-12-31": "1781.00000", "2019-09-30": "1181.00000", "2019-06-30": "1185.00000", "2019-03-31": "1271.00000", "2018-12-31": "1351.00000", "2018-09-30": "1400.00000", "2018-06-30": "1356.00000", "2018-03-31": "1239.00000", "2017-12-31": "2091.00000", "2017-09-30": "1126.00000", "2017-06-30": "1097.00000", "2017-03-31": "1074.00000", "2016-12-31": "1047.00000", "2016-09-30": "1006.00000", "2016-06-30": "989.00000", "2016-03-31": "943.00000", "2015-12-31": "1022.00000", "2015-09-30": "1073.00000", "2015-06-30": "1044.00000", "2015-03-31": "1004.00000", "2014-12-31": "1057.00000", "2014-09-30": "1038.00000", "2014-06-30": "1052.00000", "2014-03-31": "1060.00000", "2013-12-31": "1074.00000", "2013-09-30": "1028.00000", "2013-06-30": "1115.00000", "2013-03-31": "995.00000", "2012-12-31": "712.00000", "2012-09-30": "925.00000", "2012-06-30": "546.00000", "2012-03-31": "811.00000", "2011-12-31": "493.00000", "2011-09-30": "834.00000", "2011-06-30": "912.00000", "2011-03-31": "832.00000", "2010-12-31": "820.00000", "2010-09-30": "775.00000", "2010-06-30": "781.00000", "2010-03-31": "648.00000", "2009-12-31": "1103.00000", "2009-09-30": "540.00000", "2009-06-30": "195.00000", "2009-03-31": "520.00000", "2008-12-31": "-364.00000", "2008-09-30": "259.00000", "2008-06-30": "517.00000", "2008-03-31": "384.00000", "2007-12-31": "74.00000", "2007-09-30": "407.00000", "2007-06-30": "423.00000", "2007-03-31": "459.00000", "2006-12-31": "376.00000", "2006-09-30": "1490.00000", "2006-06-30": "400.00000", "2006-03-31": "376.00000", "2005-12-31": "397.00000", "2005-09-30": "348.00000", "2005-06-30": "291.00000", "2005-03-31": "360.00000"}, "Other Income": {"2020-12-31": "", "2020-09-30": "", "2020-06-30": "", "2020-03-31": "", "2019-12-31": "", "2019-09-30": "", "2019-06-30": "", "2019-03-31": "", "2018-12-31": "", "2018-09-30": "", "2018-06-30": "", "2018-03-31": "", "2017-12-31": "", "2017-09-30": "", "2017-06-30": "", "2017-03-31": "", "2016-12-31": "", "2016-09-30": "", "2016-06-30": "", "2016-03-31": "", "2015-12-31": "", "2015-09-30": "", "2015-06-30": "", "2015-03-31": "", "2014-12-31": "", "2014-09-30": "", "2014-06-30": "", "2014-03-31": "", "2013-12-31": "", "2013-09-30": "", "2013-06-30": "", "2013-03-31": "", "2012-12-31": "", "2012-09-30": "", "2012-06-30": "", "2012-03-31": "", "2011-12-31": "", "2011-09-30": "", "2011-06-30": "", "2011-03-31": "", "2010-12-31": "", "2010-09-30": "", "2010-06-30": "", "2010-03-31": "", "2009-12-31": "", "2009-09-30": "", "2009-06-30": "", "2009-03-31": "", "2008-12-31": "", "2008-09-30": "", "2008-06-30": "", "2008-03-31": "", "2007-12-31": "", "2007-09-30": "", "2007-06-30": "", "2007-03-31": "", "2006-12-31": "", "2006-09-30": "", "2006-06-30": "", "2006-03-31": "", "2005-12-31": "", "2005-09-30": "", "2005-06-30": "", "2005-03-31": ""}, "Income From Continuous Operations": {"2020-12-31": "1456.00000", "2020-09-30": "1532.00000", "2020-06-30": "-744.00000", "2020-03-31": "915.00000", "2019-12-31": "1781.00000", "2019-09-30": "1181.00000", "2019-06-30": "1185.00000", "2019-03-31": "1271.00000", "2018-12-31": "1351.00000", "2018-09-30": "1400.00000", "2018-06-30": "1356.00000", "2018-03-31": "1239.00000", "2017-12-31": "2091.00000", "2017-09-30": "1126.00000", "2017-06-30": "1097.00000", "2017-03-31": "1074.00000", "2016-12-31": "1047.00000", "2016-09-30": "1006.00000", "2016-06-30": "989.00000", "2016-03-31": "943.00000", "2015-12-31": "1022.00000", "2015-09-30": "1073.00000", "2015-06-30": "1044.00000", "2015-03-31": "1004.00000", "2014-12-31": "1057.00000", "2014-09-30": "1038.00000", "2014-06-30": "1052.00000", "2014-03-31": "1060.00000", "2013-12-31": "1074.00000", "2013-09-30": "1028.00000", "2013-06-30": "1115.00000", "2013-03-31": "995.00000", "2012-12-31": "712.00000", "2012-09-30": "925.00000", "2012-06-30": "546.00000", "2012-03-31": "811.00000", "2011-12-31": "493.00000", "2011-09-30": "834.00000", "2011-06-30": "912.00000", "2011-03-31": "832.00000", "2010-12-31": "820.00000", "2010-09-30": "775.00000", "2010-06-30": "781.00000", "2010-03-31": "648.00000", "2009-12-31": "1103.00000", "2009-09-30": "540.00000", "2009-06-30": "195.00000", "2009-03-31": "520.00000", "2008-12-31": "-364.00000", "2008-09-30": "259.00000", "2008-06-30": "517.00000", "2008-03-31": "384.00000", "2007-12-31": "50.00000", "2007-09-30": "407.00000", "2007-06-30": "423.00000", "2007-03-31": "459.00000", "2006-12-31": "376.00000", "2006-09-30": "1484.00000", "2006-06-30": "381.00000", "2006-03-31": "354.00000", "2005-12-31": "355.00000", "2005-09-30": "334.00000", "2005-06-30": "282.00000", "2005-03-31": "354.00000"}, "Income From Discontinued Operations": {"2020-12-31": "", "2020-09-30": "", "2020-06-30": "4399.00000", "2020-03-31": "", "2019-12-31": "", "2019-09-30": "211.00000", "2019-06-30": "189.00000", "2019-03-31": "", "2018-12-31": "", "2018-09-30": "", "2018-06-30": "", "2018-03-31": "", "2017-12-31": "", "2017-09-30": "", "2017-06-30": "", "2017-03-31": "", "2016-12-31": "", "2016-09-30": "", "2016-06-30": "", "2016-03-31": "", "2015-12-31": "", "2015-09-30": "", "2015-06-30": "", "2015-03-31": "", "2014-12-31": "", "2014-09-30": "", "2014-06-30": "", "2014-03-31": "", "2013-12-31": "", "2013-09-30": "", "2013-06-30": "", "2013-03-31": "", "2012-12-31": "", "2012-09-30": "", "2012-06-30": "", "2012-03-31": "", "2011-12-31": "", "2011-09-30": "", "2011-06-30": "", "2011-03-31": "", "2010-12-31": "", "2010-09-30": "328.00000", "2010-06-30": "22.00000", "2010-03-31": "23.00000", "2009-12-31": "4.00000", "2009-09-30": "19.00000", "2009-06-30": "12.00000", "2009-03-31": "10.00000", "2008-12-31": "", "2008-09-30": "", "2008-06-30": "", "2008-03-31": "", "2007-12-31": "", "2007-09-30": "", "2007-06-30": "", "2007-03-31": "", "2006-12-31": "", "2006-09-30": "", "2006-06-30": "", "2006-03-31": "", "2005-12-31": "", "2005-09-30": "", "2005-06-30": "", "2005-03-31": ""}, "Net Income": {"2020-12-31": "1393.00000", "2020-09-30": "1455.00000", "2020-06-30": "3592.00000", "2020-03-31": "844.00000", "2019-12-31": "1290.00000", "2019-09-30": "1315.00000", "2019-06-30": "1306.00000", "2019-03-31": "1197.00000", "2018-12-31": "1260.00000", "2018-09-30": "1325.00000", "2018-06-30": "1290.00000", "2018-03-31": "1165.00000", "2017-12-31": "2010.00000", "2017-09-30": "1050.00000", "2017-06-30": "1026.00000", "2017-03-31": "967.00000", "2016-12-31": "968.00000", "2016-09-30": "924.00000", "2016-06-30": "917.00000", "2016-03-31": "853.00000", "2015-12-31": "948.00000", "2015-09-30": "991.00000", "2015-06-30": "992.00000", "2015-03-31": "933.00000", "2014-12-31": "980.00000", "2014-09-30": "963.00000", "2014-06-30": "1001.00000", "2014-03-31": "992.00000", "2013-12-31": "993.00000", "2013-09-30": "955.00000", "2013-06-30": "1058.00000", "2013-03-31": "928.00000", "2012-12-31": "643.00000", "2012-09-30": "876.00000", "2012-06-30": "525.00000", "2012-03-31": "762.00000", "2011-12-31": "459.00000", "2011-09-30": "822.00000", "2011-06-30": "884.00000", "2011-03-31": "833.00000", "2010-12-31": "798.00000", "2010-09-30": "1094.00000", "2010-06-30": "786.00000", "2010-03-31": "333.00000", "2009-12-31": "1011.00000", "2009-09-30": "467.00000", "2009-06-30": "65.00000", "2009-03-31": "460.00000", "2008-12-31": "-269.00000", "2008-09-30": "248.00000", "2008-06-30": "505.00000", "2008-03-31": "377.00000", "2007-12-31": "178.00000", "2007-09-30": "407.00000", "2007-06-30": "423.00000", "2007-03-31": "459.00000", "2006-12-31": "375.00000", "2006-09-30": "1484.00000", "2006-06-30": "381.00000", "2006-03-31": "354.00000", "2005-12-31": "354.00000", "2005-09-30": "334.00000", "2005-06-30": "282.00000", "2005-03-31": "354.00000"}, "EBITDA": {"2020-12-31": "", "2020-09-30": "", "2020-06-30": "", "2020-03-31": "", "2019-12-31": "", "2019-09-30": "", "2019-06-30": "", "2019-03-31": "", "2018-12-31": "", "2018-09-30": "", "2018-06-30": "", "2018-03-31": "", "2017-12-31": "", "2017-09-30": "", "2017-06-30": "", "2017-03-31": "", "2016-12-31": "", "2016-09-30": "", "2016-06-30": "", "2016-03-31": "", "2015-12-31": "", "2015-09-30": "", "2015-06-30": "", "2015-03-31": "", "2014-12-31": "", "2014-09-30": "", "2014-06-30": "", "2014-03-31": "", "2013-12-31": "", "2013-09-30": "", "2013-06-30": "", "2013-03-31": "", "2012-12-31": "", "2012-09-30": "", "2012-06-30": "", "2012-03-31": "", "2011-12-31": "", "2011-09-30": "", "2011-06-30": "", "2011-03-31": "", "2010-12-31": "", "2010-09-30": "", "2010-06-30": "", "2010-03-31": "", "2009-12-31": "", "2009-09-30": "", "2009-06-30": "", "2009-03-31": "", "2008-12-31": "", "2008-09-30": "", "2008-06-30": "", "2008-03-31": "", "2007-12-31": "", "2007-09-30": "", "2007-06-30": "", "2007-03-31": "", "2006-12-31": "", "2006-09-30": "", "2006-06-30": "", "2006-03-31": "", "2005-12-31": "", "2005-09-30": "", "2005-06-30": "", "2005-03-31": ""}, "EBIT": {"2020-12-31": "", "2020-09-30": "", "2020-06-30": "", "2020-03-31": "", "2019-12-31": "", "2019-09-30": "", "2019-06-30": "", "2019-03-31": "", "2018-12-31": "", "2018-09-30": "", "2018-06-30": "", "2018-03-31": "", "2017-12-31": "", "2017-09-30": "", "2017-06-30": "", "2017-03-31": "", "2016-12-31": "", "2016-09-30": "", "2016-06-30": "", "2016-03-31": "", "2015-12-31": "", "2015-09-30": "", "2015-06-30": "", "2015-03-31": "", "2014-12-31": "", "2014-09-30": "", "2014-06-30": "", "2014-03-31": "", "2013-12-31": "", "2013-09-30": "", "2013-06-30": "", "2013-03-31": "", "2012-12-31": "", "2012-09-30": "", "2012-06-30": "", "2012-03-31": "", "2011-12-31": "", "2011-09-30": "", "2011-06-30": "", "2011-03-31": "", "2010-12-31": "", "2010-09-30": "", "2010-06-30": "", "2010-03-31": "", "2009-12-31": "", "2009-09-30": "", "2009-06-30": "", "2009-03-31": "", "2008-12-31": "", "2008-09-30": "", "2008-06-30": "", "2008-03-31": "", "2007-12-31": "", "2007-09-30": "", "2007-06-30": "", "2007-03-31": "", "2006-12-31": "", "2006-09-30": "", "2006-06-30": "", "2006-03-31": "", "2005-12-31": "", "2005-09-30": "", "2005-06-30": "", "2005-03-31": ""}, "Basic Shares Outstanding": {"2020-12-31": "427.30060", "2020-09-30": "426.00000", "2020-06-30": "426.00000", "2020-03-31": "429.00000", "2019-12-31": "447.00000", "2019-09-30": "444.00000", "2019-06-30": "451.00000", "2019-03-31": "455.00000", "2018-12-31": "467.00000", "2018-09-30": "465.00000", "2018-06-30": "469.00000", "2018-03-31": "473.00000", "2017-12-31": "481.00000", "2017-09-30": "479.00000", "2017-06-30": "484.00000", "2017-03-31": "487.00000", "2016-12-31": "494.00000", "2016-09-30": "490.00000", "2016-06-30": "497.00000", "2016-03-31": "501.00000", "2015-12-31": "514.00000", "2015-09-30": "512.00000", "2015-06-30": "517.00000", "2015-03-31": "521.00000", "2014-12-31": "529.00000", "2014-09-30": "529.00000", "2014-06-30": "532.00000", "2014-03-31": "532.00000", "2013-12-31": "528.00000", "2013-09-30": "529.00000", "2013-06-30": "528.00000", "2013-03-31": "526.00000", "2012-12-31": "526.00000", "2012-09-30": "526.00000", "2012-06-30": "527.00000", "2012-03-31": "526.00000", "2011-12-31": "524.00000", "2011-09-30": "524.00000", "2011-06-30": "524.00000", "2011-03-31": "524.00000", "2010-12-31": "517.00000", "2010-09-30": "523.00000", "2010-06-30": "524.00000", "2010-03-31": "498.00000", "2009-12-31": "454.00000", "2009-09-30": "460.00000", "2009-06-30": "451.00000", "2009-03-31": "443.00000", "2008-12-31": "344.00000", "2008-09-30": "345.00000", "2008-06-30": "344.00000", "2008-03-31": "339.00000", "2007-12-31": "331.00000", "2007-09-30": "337.00000", "2007-06-30": "342.00000", "2007-03-31": "308.00000", "2006-12-31": "292.00000", "2006-09-30": "291.00000", "2006-06-30": "293.00000", "2006-03-31": "292.00000", "2005-12-31": "286.00000", "2005-09-30": "289.00000", "2005-06-30": "285.00000", "2005-03-31": "281.00000"}, "Shares Outstanding": {"2020-12-31": "426.00000", "2020-09-30": "426.00000", "2020-06-30": "426.00000", "2020-03-31": "430.00000", "2019-12-31": "448.00000", "2019-09-30": "445.00000", "2019-06-30": "452.00000", "2019-03-31": "456.00000", "2018-12-31": "470.00000", "2018-09-30": "467.00000", "2018-06-30": "472.00000", "2018-03-31": "476.00000", "2017-12-31": "486.00000", "2017-09-30": "483.00000", "2017-06-30": "488.00000", "2017-03-31": "492.00000", "2016-12-31": "500.00000", "2016-09-30": "496.00000", "2016-06-30": "503.00000", "2016-03-31": "507.00000", "2015-12-31": "521.00000", "2015-09-30": "520.00000", "2015-06-30": "525.00000", "2015-03-31": "529.00000", "2014-12-31": "537.00000", "2014-09-30": "537.00000", "2014-06-30": "539.00000", "2014-03-31": "539.00000", "2013-12-31": "532.00000", "2013-09-30": "534.00000", "2013-06-30": "531.00000", "2013-03-31": "528.00000", "2012-12-31": "529.00000", "2012-09-30": "529.00000", "2012-06-30": "530.00000", "2012-03-31": "529.00000", "2011-12-31": "526.00000", "2011-09-30": "526.00000", "2011-06-30": "527.00000", "2011-03-31": "526.00000", "2010-12-31": "520.00000", "2010-09-30": "526.00000", "2010-06-30": "527.00000", "2010-03-31": "500.00000", "2009-12-31": "455.00000", "2009-09-30": "461.00000", "2009-06-30": "453.00000", "2009-03-31": "444.00000", "2008-12-31": "346.00000", "2008-09-30": "347.00000", "2008-06-30": "346.00000", "2008-03-31": "342.00000", "2007-12-31": "334.00000", "2007-09-30": "340.00000", "2007-06-30": "346.00000", "2007-03-31": "312.00000", "2006-12-31": "297.00000", "2006-09-30": "296.00000", "2006-06-30": "297.00000", "2006-03-31": "296.00000", "2005-12-31": "290.00000", "2005-09-30": "292.00000", "2005-06-30": "288.00000", "2005-03-31": "284.00000"}, "Basic EPS": {"2020-12-31": "3.26000", "2020-09-30": "3.40000", "2020-06-30": "8.40000", "2020-03-31": "1.96000", "2019-12-31": "2.97000", "2019-09-30": "2.95000", "2019-06-30": "2.89000", "2019-03-31": "2.62000", "2018-12-31": "2.76000", "2018-09-30": "2.84000", "2018-06-30": "2.74000", "2018-03-31": "2.45000", "2017-12-31": "4.20000", "2017-09-30": "2.18000", "2017-06-30": "2.12000", "2017-03-31": "1.99000", "2016-12-31": "2.01000", "2016-09-30": "1.87000", "2016-06-30": "1.84000", "2016-03-31": "1.70000", "2015-12-31": "1.88000", "2015-09-30": "1.93000", "2015-06-30": "1.92000", "2015-03-31": "1.79000", "2014-12-31": "1.88000", "2014-09-30": "1.82000", "2014-06-30": "1.88000", "2014-03-31": "1.86000", "2013-12-31": "1.89000", "2013-09-30": "1.80000", "2013-06-30": "2.00000", "2013-03-31": "1.76000", "2012-12-31": "1.22000", "2012-09-30": "1.66000", "2012-06-30": "1.00000", "2012-03-31": "1.45000", "2011-12-31": "0.85000", "2011-09-30": "1.57000", "2011-06-30": "1.69000", "2011-03-31": "1.59000", "2010-12-31": "1.56000", "2010-09-30": "2.08000", "2010-06-30": "1.49000", "2010-03-31": "0.67000", "2009-12-31": "2.21000", "2009-09-30": "1.01000", "2009-06-30": "0.14000", "2009-03-31": "1.04000", "2008-12-31": "-0.80000", "2008-09-30": "0.72000", "2008-06-30": "1.46000", "2008-03-31": "1.11000", "2007-12-31": "0.46000", "2007-09-30": "1.21000", "2007-06-30": "1.24000", "2007-03-31": "1.49000", "2006-12-31": "1.29000", "2006-09-30": "5.09000", "2006-06-30": "1.30000", "2006-03-31": "1.21000", "2005-12-31": "1.22000", "2005-09-30": "1.16000", "2005-06-30": "0.99000", "2005-03-31": "1.26000"}, "EPS - Earnings Per Share": {"2020-12-31": "3.26000", "2020-09-30": "3.39000", "2020-06-30": "8.40000", "2020-03-31": "1.95000", "2019-12-31": "2.96000", "2019-09-30": "2.94000", "2019-06-30": "2.88000", "2019-03-31": "2.61000", "2018-12-31": "2.74000", "2018-09-30": "2.82000", "2018-06-30": "2.72000", "2018-03-31": "2.43000", "2017-12-31": "4.14000", "2017-09-30": "2.16000", "2017-06-30": "2.10000", "2017-03-31": "1.96000", "2016-12-31": "1.96000", "2016-09-30": "1.84000", "2016-06-30": "1.82000", "2016-03-31": "1.68000", "2015-12-31": "1.86000", "2015-09-30": "1.90000", "2015-06-30": "1.88000", "2015-03-31": "1.75000", "2014-12-31": "1.84000", "2014-09-30": "1.79000", "2014-06-30": "1.85000", "2014-03-31": "1.82000", "2013-12-31": "1.87000", "2013-09-30": "1.77000", "2013-06-30": "1.98000", "2013-03-31": "1.74000", "2012-12-31": "1.22000", "2012-09-30": "1.64000", "2012-06-30": "0.98000", "2012-03-31": "1.44000", "2011-12-31": "0.85000", "2011-09-30": "1.55000", "2011-06-30": "1.67000", "2011-03-31": "1.57000", "2010-12-31": "1.54000", "2010-09-30": "2.07000", "2010-06-30": "1.47000", "2010-03-31": "0.66000", "2009-12-31": "2.19000", "2009-09-30": "1.00000", "2009-06-30": "0.14000", "2009-03-31": "1.03000", "2008-12-31": "-0.80000", "2008-09-30": "0.70000", "2008-06-30": "1.45000", "2008-03-31": "1.09000", "2007-12-31": "0.45000", "2007-09-30": "1.19000", "2007-06-30": "1.22000", "2007-03-31": "1.46000", "2006-12-31": "1.25000", "2006-09-30": "5.01000", "2006-06-30": "1.28000", "2006-03-31": "1.19000", "2005-12-31": "1.19000", "2005-09-30": "1.14000", "2005-06-30": "0.98000", "2005-03-31": "1.24000"}}, "balance sheet": {"Cash On Hand": {"2020-12-31": "85173.00000", "2019-12-31": "28474.00000", "2018-12-31": "16501.00000", "2017-12-31": "33844.00000", "2016-12-31": "30590.00000", "2015-12-31": "34611.00000", "2014-12-31": "40344.00000", "2013-12-31": "21237.00000", "2012-12-31": "12763.00000", "2011-12-31": "9992.00000", "2010-12-31": "10437.00000", "2009-12-31": "13290.00000", "2008-12-31": "22911.00000", "2007-12-31": "10425.00000", "2006-12-31": "8416.00000", "2005-12-31": "6411.00000"}, "Receivables": {"2020-12-31": "", "2019-12-31": "", "2018-12-31": "", "2017-12-31": "", "2016-12-31": "", "2015-12-31": "", "2014-12-31": "", "2013-12-31": "", "2012-12-31": "", "2011-12-31": "", "2010-12-31": "", "2009-12-31": "", "2008-12-31": "", "2007-12-31": "", "2006-12-31": "", "2005-12-31": ""}, "Inventory": {"2020-12-31": "", "2019-12-31": "", "2018-12-31": "", "2017-12-31": "", "2016-12-31": "", "2015-12-31": "", "2014-12-31": "", "2013-12-31": "", "2012-12-31": "", "2011-12-31": "", "2010-12-31": "", "2009-12-31": "", "2008-12-31": "", "2007-12-31": "", "2006-12-31": "", "2005-12-31": ""}, "Pre-Paid Expenses": {"2020-12-31": "", "2019-12-31": "", "2018-12-31": "", "2017-12-31": "", "2016-12-31": "", "2015-12-31": "", "2014-12-31": "", "2013-12-31": "", "2012-12-31": "", "2011-12-31": "", "2010-12-31": "", "2009-12-31": "", "2008-12-31": "", "2007-12-31": "", "2006-12-31": "", "2005-12-31": ""}, "Other Current Assets": {"2020-12-31": "", "2019-12-31": "", "2018-12-31": "", "2017-12-31": "", "2016-12-31": "", "2015-12-31": "", "2014-12-31": "", "2013-12-31": "", "2012-12-31": "", "2011-12-31": "", "2010-12-31": "", "2009-12-31": "", "2008-12-31": "", "2007-12-31": "", "2006-12-31": "", "2005-12-31": ""}, "Total Current Assets": {"2020-12-31": "323337.00000", "2019-12-31": "266658.00000", "2018-12-31": "241111.00000", "2017-12-31": "254346.00000", "2016-12-31": "241338.00000", "2015-12-31": "240120.00000", "2014-12-31": "244092.00000", "2013-12-31": "215496.00000", "2012-12-31": "198276.00000", "2011-12-31": "167595.00000", "2010-12-31": "159637.00000", "2009-12-31": "168300.00000", "2008-12-31": "198849.00000", "2007-12-31": "81841.00000", "2006-12-31": "60327.00000", "2005-12-31": "57365.00000"}, "Property, Plant, And Equipment": {"2020-12-31": "", "2019-12-31": "", "2018-12-31": "", "2017-12-31": "", "2016-12-31": "", "2015-12-31": "", "2014-12-31": "", "2013-12-31": "", "2012-12-31": "", "2011-12-31": "", "2010-12-31": "", "2009-12-31": "", "2008-12-31": "", "2007-12-31": "", "2006-12-31": "", "2005-12-31": ""}, "Long-Term Investments": {"2020-12-31": "94851.00000", "2019-12-31": "100558.00000", "2018-12-31": "95595.00000", "2017-12-31": "87523.00000", "2016-12-31": "86675.00000", "2015-12-31": "81115.00000", "2014-12-31": "66551.00000", "2013-12-31": "70854.00000", "2012-12-31": "72283.00000", "2011-12-31": "70768.00000", "2010-12-31": "73482.00000", "2009-12-31": "66281.00000", "2008-12-31": "52027.00000", "2007-12-31": "36270.00000", "2006-12-31": "28521.00000", "2005-12-31": "22033.00000"}, "Goodwill And Intangible Assets": {"2020-12-31": "10475.00000", "2019-12-31": "10877.00000", "2018-12-31": "11201.00000", "2017-12-31": "11005.00000", "2016-12-31": "10861.00000", "2015-12-31": "10692.00000", "2014-12-31": "10947.00000", "2013-12-31": "11290.00000", "2012-12-31": "10869.00000", "2011-12-31": "10144.00000", "2010-12-31": "10753.00000", "2009-12-31": "12909.00000", "2008-12-31": "11688.00000", "2007-12-31": "9551.00000", "2006-12-31": "4043.00000", "2005-12-31": "4466.00000"}, "Other Long-Term Assets": {"2020-12-31": "30999.00000", "2019-12-31": "32202.00000", "2018-12-31": "34408.00000", "2017-12-31": "27894.00000", "2016-12-31": "27506.00000", "2015-12-31": "26566.00000", "2014-12-31": "23482.00000", "2013-12-31": "22552.00000", "2012-12-31": "23679.00000", "2011-12-31": "22698.00000", "2010-12-31": "20412.00000", "2009-12-31": "22373.00000", "2008-12-31": "28517.00000", "2007-12-31": "11258.00000", "2006-12-31": "8929.00000", "2005-12-31": "8090.00000"}, "Total Long-Term Assets": {"2020-12-31": "136325.00000", "2019-12-31": "143637.00000", "2018-12-31": "141204.00000", "2017-12-31": "126422.00000", "2016-12-31": "125042.00000", "2015-12-31": "118373.00000", "2014-12-31": "100980.00000", "2013-12-31": "104696.00000", "2012-12-31": "106831.00000", "2011-12-31": "103610.00000", "2010-12-31": "104647.00000", "2009-12-31": "101563.00000", "2008-12-31": "92232.00000", "2007-12-31": "57079.00000", "2006-12-31": "41493.00000", "2005-12-31": "34589.00000"}, "Total Assets": {"2020-12-31": "466679.00000", "2019-12-31": "410295.00000", "2018-12-31": "382315.00000", "2017-12-31": "380768.00000", "2016-12-31": "366380.00000", "2015-12-31": "358493.00000", "2014-12-31": "345072.00000", "2013-12-31": "320192.00000", "2012-12-31": "305107.00000", "2011-12-31": "271205.00000", "2010-12-31": "264284.00000", "2009-12-31": "269863.00000", "2008-12-31": "291081.00000", "2007-12-31": "138920.00000", "2006-12-31": "101820.00000", "2005-12-31": "91954.00000"}, "Total Current Liabilities": {"2020-12-31": "365345.00000", "2019-12-31": "300371.00000", "2018-12-31": "276841.00000", "2017-12-31": "273798.00000", "2016-12-31": "266519.00000", "2015-12-31": "257720.00000", "2014-12-31": "245926.00000", "2013-12-31": "234907.00000", "2012-12-31": "229371.00000", "2011-12-31": "199396.00000", "2010-12-31": "190722.00000", "2009-12-31": "194510.00000", "2008-12-31": "201967.00000", "2007-12-31": "96800.00000", "2006-12-31": "75033.00000", "2005-12-31": "68864.00000"}, "Long Term Debt": {"2020-12-31": "37195.00000", "2019-12-31": "51485.00000", "2018-12-31": "52414.00000", "2017-12-31": "54299.00000", "2016-12-31": "48530.00000", "2015-12-31": "49962.00000", "2014-12-31": "48263.00000", "2013-12-31": "36819.00000", "2012-12-31": "29127.00000", "2011-12-31": "29449.00000", "2010-12-31": "35344.00000", "2009-12-31": "35263.00000", "2008-12-31": "47087.00000", "2007-12-31": "21157.00000", "2006-12-31": "10266.00000", "2005-12-31": "11078.00000"}, "Other Non-Current Liabilities": {"2020-12-31": "584.00000", "2019-12-31": "9096.00000", "2018-12-31": "5290.00000", "2017-12-31": "5086.00000", "2016-12-31": "4477.00000", "2015-12-31": "4831.00000", "2014-12-31": "4809.00000", "2013-12-31": "4429.00000", "2012-12-31": "4844.00000", "2011-12-31": "5114.00000", "2010-12-31": "5380.00000", "2009-12-31": "7523.00000", "2008-12-31": "14379.00000", "2007-12-31": "4455.00000", "2006-12-31": "4848.00000", "2005-12-31": "2859.00000"}, "Total Long Term Liabilities": {"2020-12-31": "37779.00000", "2019-12-31": "60581.00000", "2018-12-31": "57704.00000", "2017-12-31": "59385.00000", "2016-12-31": "53007.00000", "2015-12-31": "54793.00000", "2014-12-31": "53072.00000", "2013-12-31": "41248.00000", "2012-12-31": "33971.00000", "2011-12-31": "34563.00000", "2010-12-31": "40724.00000", "2009-12-31": "42786.00000", "2008-12-31": "61466.00000", "2007-12-31": "27266.00000", "2006-12-31": "15999.00000", "2005-12-31": "14527.00000"}, "Total Liabilities": {"2020-12-31": "412669.00000", "2019-12-31": "360952.00000", "2018-12-31": "334545.00000", "2017-12-31": "333183.00000", "2016-12-31": "319526.00000", "2015-12-31": "312513.00000", "2014-12-31": "298998.00000", "2013-12-31": "276155.00000", "2012-12-31": "263342.00000", "2011-12-31": "233959.00000", "2010-12-31": "231446.00000", "2009-12-31": "237296.00000", "2008-12-31": "263433.00000", "2007-12-31": "124066.00000", "2006-12-31": "91032.00000", "2005-12-31": "83391.00000"}, "Common Stock Net": {"2020-12-31": "", "2019-12-31": "2712.00000", "2018-12-31": "2711.00000", "2017-12-31": "2710.00000", "2016-12-31": "2709.00000", "2015-12-31": "2708.00000", "2014-12-31": "2705.00000", "2013-12-31": "2698.00000", "2012-12-31": "2690.00000", "2011-12-31": "2683.00000", "2010-12-31": "2682.00000", "2009-12-31": "2354.00000", "2008-12-31": "2261.00000", "2007-12-31": "1764.00000", "2006-12-31": "1764.00000", "2005-12-31": "1764.00000"}, "Retained Earnings (Accumulated Deficit)": {"2020-12-31": "", "2019-12-31": "42215.00000", "2018-12-31": "38919.00000", "2017-12-31": "35481.00000", "2016-12-31": "31670.00000", "2015-12-31": "29043.00000", "2014-12-31": "26200.00000", "2013-12-31": "23251.00000", "2012-12-31": "20265.00000", "2011-12-31": "18253.00000", "2010-12-31": "15859.00000", "2009-12-31": "13144.00000", "2008-12-31": "11461.00000", "2007-12-31": "11497.00000", "2006-12-31": "10985.00000", "2005-12-31": "9023.00000"}, "Comprehensive Income": {"2020-12-31": "2770.00000", "2019-12-31": "799.00000", "2018-12-31": "-725.00000", "2017-12-31": "-148.00000", "2016-12-31": "-265.00000", "2015-12-31": "130.00000", "2014-12-31": "503.00000", "2013-12-31": "436.00000", "2012-12-31": "834.00000", "2011-12-31": "-105.00000", "2010-12-31": "-431.00000", "2009-12-31": "-1962.00000", "2008-12-31": "-3949.00000", "2007-12-31": "-147.00000", "2006-12-31": "-235.00000", "2005-12-31": "-267.00000"}, "Other Share Holders Equity": {"2020-12-31": "", "2019-12-31": "", "2018-12-31": "", "2017-12-31": "", "2016-12-31": "", "2015-12-31": "", "2014-12-31": "", "2013-12-31": "", "2012-12-31": "", "2011-12-31": "", "2010-12-31": "", "2009-12-31": "", "2008-12-31": "", "2007-12-31": "", "2006-12-31": "", "2005-12-31": ""}, "Share Holder Equity": {"2020-12-31": "54010.00000", "2019-12-31": "49343.00000", "2018-12-31": "47770.00000", "2017-12-31": "47585.00000", "2016-12-31": "46854.00000", "2015-12-31": "45980.00000", "2014-12-31": "46074.00000", "2013-12-31": "44037.00000", "2012-12-31": "41765.00000", "2011-12-31": "37246.00000", "2010-12-31": "32838.00000", "2009-12-31": "32567.00000", "2008-12-31": "27648.00000", "2007-12-31": "14854.00000", "2006-12-31": "10788.00000", "2005-12-31": "8563.00000"}, "Total Liabilities And Share Holders Equity": {"2020-12-31": "466679.00000", "2019-12-31": "410295.00000", "2018-12-31": "382315.00000", "2017-12-31": "380768.00000", "2016-12-31": "366380.00000", "2015-12-31": "358493.00000", "2014-12-31": "345072.00000", "2013-12-31": "320192.00000", "2012-12-31": "305107.00000", "2011-12-31": "271205.00000", "2010-12-31": "264284.00000", "2009-12-31": "269863.00000", "2008-12-31": "291081.00000", "2007-12-31": "138920.00000", "2006-12-31": "101820.00000", "2005-12-31": "91954.00000"}}, "balance sheet, quarterly": {"Cash On Hand": {"2020-12-31": "85173.00000", "2020-09-30": "77588.00000", "2020-06-30": "56571.00000", "2020-03-31": "27479.00000", "2019-12-31": "28474.00000", "2019-09-30": "24707.00000", "2019-06-30": "23778.00000", "2019-03-31": "20323.00000", "2018-12-31": "16501.00000", "2018-09-30": "25048.00000", "2018-06-30": "27397.00000", "2018-03-31": "33470.00000", "2017-12-31": "33844.00000", "2017-09-30": "29449.00000", "2017-06-30": "27521.00000", "2017-03-31": "32880.00000", "2016-12-31": "30590.00000", "2016-09-30": "34919.00000", "2016-06-30": "34428.00000", "2016-03-31": "36346.00000", "2015-12-31": "34611.00000", "2015-09-30": "41494.00000", "2015-06-30": "42686.00000", "2015-03-31": "39393.00000", "2014-12-31": "40344.00000", "2014-09-30": "34822.00000", "2014-06-30": "25522.00000", "2014-03-31": "23124.00000", "2013-12-31": "21237.00000", "2013-09-30": "15469.00000", "2013-06-30": "11570.00000", "2013-03-31": "9006.00000", "2012-12-31": "12763.00000", "2012-09-30": "10993.00000", "2012-06-30": "11898.00000", "2012-03-31": "10256.00000", "2011-12-31": "9992.00000", "2011-09-30": "11521.00000", "2011-06-30": "12805.00000", "2011-03-31": "9242.00000", "2010-12-31": "10437.00000", "2010-09-30": "7188.00000", "2010-06-30": "11677.00000", "2010-03-31": "7132.00000", "2009-12-31": "13290.00000", "2009-09-30": "9982.00000", "2009-06-30": "18620.00000", "2009-03-31": "21807.00000", "2008-12-31": "22911.00000", "2008-09-30": "7752.00000", "2008-06-30": "9245.00000", "2008-03-31": "10078.00000", "2007-12-31": "10425.00000", "2007-09-30": "9622.00000", "2007-06-30": "8668.00000", "2007-03-31": "7879.00000", "2006-12-31": "8416.00000", "2006-09-30": "8554.00000", "2006-06-30": "6118.00000", "2006-03-31": "6358.00000", "2005-12-31": "6411.00000", "2005-09-30": "6934.00000", "2005-06-30": "5734.00000", "2005-03-31": "6514.00000"}, "Receivables": {"2020-12-31": "", "2020-09-30": "", "2020-06-30": "", "2020-03-31": "", "2019-12-31": "", "2019-09-30": "", "2019-06-30": "", "2019-03-31": "", "2018-12-31": "", "2018-09-30": "", "2018-06-30": "", "2018-03-31": "", "2017-12-31": "", "2017-09-30": "", "2017-06-30": "", "2017-03-31": "", "2016-12-31": "", "2016-09-30": "", "2016-06-30": "", "2016-03-31": "", "2015-12-31": "", "2015-09-30": "", "2015-06-30": "", "2015-03-31": "", "2014-12-31": "", "2014-09-30": "", "2014-06-30": "", "2014-03-31": "", "2013-12-31": "", "2013-09-30": "", "2013-06-30": "", "2013-03-31": "", "2012-12-31": "", "2012-09-30": "", "2012-06-30": "", "2012-03-31": "", "2011-12-31": "", "2011-09-30": "", "2011-06-30": "", "2011-03-31": "", "2010-12-31": "", "2010-09-30": "", "2010-06-30": "", "2010-03-31": "", "2009-12-31": "", "2009-09-30": "", "2009-06-30": "", "2009-03-31": "", "2008-12-31": "", "2008-09-30": "", "2008-06-30": "", "2008-03-31": "", "2007-12-31": "", "2007-09-30": "", "2007-06-30": "", "2007-03-31": "", "2006-12-31": "", "2006-09-30": "", "2006-06-30": "", "2006-03-31": "", "2005-12-31": "", "2005-09-30": "", "2005-06-30": "", "2005-03-31": ""}, "Inventory": {"2020-12-31": "", "2020-09-30": "", "2020-06-30": "", "2020-03-31": "", "2019-12-31": "", "2019-09-30": "", "2019-06-30": "", "2019-03-31": "", "2018-12-31": "", "2018-09-30": "", "2018-06-30": "", "2018-03-31": "", "2017-12-31": "", "2017-09-30": "", "2017-06-30": "", "2017-03-31": "", "2016-12-31": "", "2016-09-30": "", "2016-06-30": "", "2016-03-31": "", "2015-12-31": "", "2015-09-30": "", "2015-06-30": "", "2015-03-31": "", "2014-12-31": "", "2014-09-30": "", "2014-06-30": "", "2014-03-31": "", "2013-12-31": "", "2013-09-30": "", "2013-06-30": "", "2013-03-31": "", "2012-12-31": "", "2012-09-30": "", "2012-06-30": "", "2012-03-31": "", "2011-12-31": "", "2011-09-30": "", "2011-06-30": "", "2011-03-31": "", "2010-12-31": "", "2010-09-30": "", "2010-06-30": "", "2010-03-31": "", "2009-12-31": "", "2009-09-30": "", "2009-06-30": "", "2009-03-31": "", "2008-12-31": "", "2008-09-30": "", "2008-06-30": "", "2008-03-31": "", "2007-12-31": "", "2007-09-30": "", "2007-06-30": "", "2007-03-31": "", "2006-12-31": "", "2006-09-30": "", "2006-06-30": "", "2006-03-31": "", "2005-12-31": "", "2005-09-30": "", "2005-06-30": "", "2005-03-31": ""}, "Pre-Paid Expenses": {"2020-12-31": "", "2020-09-30": "", "2020-06-30": "", "2020-03-31": "", "2019-12-31": "", "2019-09-30": "", "2019-06-30": "", "2019-03-31": "", "2018-12-31": "", "2018-09-30": "", "2018-06-30": "", "2018-03-31": "", "2017-12-31": "", "2017-09-30": "", "2017-06-30": "", "2017-03-31": "", "2016-12-31": "", "2016-09-30": "", "2016-06-30": "", "2016-03-31": "", "2015-12-31": "", "2015-09-30": "", "2015-06-30": "", "2015-03-31": "", "2014-12-31": "", "2014-09-30": "", "2014-06-30": "", "2014-03-31": "", "2013-12-31": "", "2013-09-30": "", "2013-06-30": "", "2013-03-31": "", "2012-12-31": "", "2012-09-30": "", "2012-06-30": "", "2012-03-31": "", "2011-12-31": "", "2011-09-30": "", "2011-06-30": "", "2011-03-31": "", "2010-12-31": "", "2010-09-30": "", "2010-06-30": "", "2010-03-31": "", "2009-12-31": "", "2009-09-30": "", "2009-06-30": "", "2009-03-31": "", "2008-12-31": "", "2008-09-30": "", "2008-06-30": "", "2008-03-31": "", "2007-12-31": "", "2007-09-30": "", "2007-06-30": "", "2007-03-31": "", "2006-12-31": "", "2006-09-30": "", "2006-06-30": "", "2006-03-31": "", "2005-12-31": "", "2005-09-30": "", "2005-06-30": "", "2005-03-31": ""}, "Other Current Assets": {"2020-12-31": "", "2020-09-30": "", "2020-06-30": "", "2020-03-31": "", "2019-12-31": "", "2019-09-30": "", "2019-06-30": "", "2019-03-31": "", "2018-12-31": "", "2018-09-30": "", "2018-06-30": "", "2018-03-31": "", "2017-12-31": "", "2017-09-30": "", "2017-06-30": "", "2017-03-31": "", "2016-12-31": "", "2016-09-30": "", "2016-06-30": "", "2016-03-31": "", "2015-12-31": "", "2015-09-30": "", "2015-06-30": "", "2015-03-31": "", "2014-12-31": "", "2014-09-30": "", "2014-06-30": "", "2014-03-31": "", "2013-12-31": "", "2013-09-30": "", "2013-06-30": "", "2013-03-31": "", "2012-12-31": "", "2012-09-30": "", "2012-06-30": "", "2012-03-31": "", "2011-12-31": "", "2011-09-30": "", "2011-06-30": "", "2011-03-31": "", "2010-12-31": "", "2010-09-30": "", "2010-06-30": "", "2010-03-31": "", "2009-12-31": "", "2009-09-30": "", "2009-06-30": "", "2009-03-31": "", "2008-12-31": "", "2008-09-30": "", "2008-06-30": "", "2008-03-31": "", "2007-12-31": "", "2007-09-30": "", "2007-06-30": "", "2007-03-31": "", "2006-12-31": "", "2006-09-30": "", "2006-06-30": "", "2006-03-31": "", "2005-12-31": "", "2005-09-30": "", "2005-06-30": "", "2005-03-31": ""}, "Total Current Assets": {"2020-12-31": "323337.00000", "2020-09-30": "322903.00000", "2020-06-30": "310322.00000", "2020-03-31": "289871.00000", "2019-12-31": "266658.00000", "2019-09-30": "261218.00000", "2019-06-30": "259416.00000", "2019-03-31": "250610.00000", "2018-12-31": "241111.00000", "2018-09-30": "246625.00000", "2018-06-30": "248996.00000", "2018-03-31": "253445.00000", "2017-12-31": "254346.00000", "2017-09-30": "249717.00000", "2017-06-30": "245024.00000", "2017-03-31": "244559.00000", "2016-12-31": "241338.00000", "2016-09-30": "244799.00000", "2016-06-30": "243095.00000", "2016-03-31": "242661.00000", "2015-12-31": "240120.00000", "2015-09-30": "245300.00000", "2015-06-30": "246924.00000", "2015-03-31": "243232.00000", "2014-12-31": "244092.00000", "2014-09-30": "234431.00000", "2014-06-30": "225281.00000", "2014-03-31": "219938.00000", "2013-12-31": "215496.00000", "2013-09-30": "207033.00000", "2013-06-30": "201387.00000", "2013-03-31": "194977.00000", "2012-12-31": "198276.00000", "2012-09-30": "191555.00000", "2012-06-30": "191500.00000", "2012-03-31": "184730.00000", "2011-12-31": "167595.00000", "2011-09-30": "164048.00000", "2011-06-30": "161176.00000", "2011-03-31": "156850.00000", "2010-12-31": "159637.00000", "2010-09-30": "155359.00000", "2010-06-30": "163439.00000", "2010-03-31": "161770.00000", "2009-12-31": "168300.00000", "2009-09-30": "169289.00000", "2009-06-30": "183722.00000", "2009-03-31": "192926.00000", "2008-12-31": "198849.00000", "2008-09-30": "83805.00000", "2008-06-30": "83585.00000", "2008-03-31": "82531.00000", "2007-12-31": "81841.00000", "2007-09-30": "77669.00000", "2007-06-30": "75241.00000", "2007-03-31": "72496.00000", "2006-12-31": "60327.00000", "2006-09-30": "61205.00000", "2006-06-30": "58220.00000", "2006-03-31": "57548.00000", "2005-12-31": "57365.00000", "2005-09-30": "59187.00000", "2005-06-30": "56698.00000", "2005-03-31": "52655.00000"}, "Property, Plant, And Equipment": {"2020-12-31": "", "2020-09-30": "", "2020-06-30": "", "2020-03-31": "", "2019-12-31": "", "2019-09-30": "", "2019-06-30": "", "2019-03-31": "", "2018-12-31": "", "2018-09-30": "", "2018-06-30": "", "2018-03-31": "", "2017-12-31": "", "2017-09-30": "", "2017-06-30": "", "2017-03-31": "", "2016-12-31": "", "2016-09-30": "", "2016-06-30": "", "2016-03-31": "", "2015-12-31": "", "2015-09-30": "", "2015-06-30": "", "2015-03-31": "", "2014-12-31": "", "2014-09-30": "", "2014-06-30": "", "2014-03-31": "", "2013-12-31": "", "2013-09-30": "", "2013-06-30": "", "2013-03-31": "", "2012-12-31": "", "2012-09-30": "", "2012-06-30": "", "2012-03-31": "", "2011-12-31": "", "2011-09-30": "", "2011-06-30": "", "2011-03-31": "", "2010-12-31": "", "2010-09-30": "", "2010-06-30": "", "2010-03-31": "", "2009-12-31": "", "2009-09-30": "", "2009-06-30": "", "2009-03-31": "", "2008-12-31": "", "2008-09-30": "", "2008-06-30": "", "2008-03-31": "", "2007-12-31": "", "2007-09-30": "", "2007-06-30": "", "2007-03-31": "", "2006-12-31": "", "2006-09-30": "", "2006-06-30": "", "2006-03-31": "", "2005-12-31": "", "2005-09-30": "", "2005-06-30": "", "2005-03-31": ""}, "Long-Term Investments": {"2020-12-31": "94851.00000", "2020-09-30": "96123.00000", "2020-06-30": "103436.00000", "2020-03-31": "103751.00000", "2019-12-31": "92000.00000", "2019-09-30": "101208.00000", "2019-06-30": "101304.00000", "2019-03-31": "96436.00000", "2018-12-31": "95595.00000", "2018-09-30": "93250.00000", "2018-06-30": "92555.00000", "2018-03-31": "86570.00000", "2017-12-31": "87523.00000", "2017-09-30": "86003.00000", "2017-06-30": "87250.00000", "2017-03-31": "87332.00000", "2016-12-31": "86675.00000", "2016-09-30": "89119.00000", "2016-06-30": "82270.00000", "2016-03-31": "82960.00000", "2015-12-31": "81115.00000", "2015-09-30": "78563.00000", "2015-06-30": "71893.00000", "2015-03-31": "71291.00000", "2014-12-31": "66551.00000", "2014-09-30": "65802.00000", "2014-06-30": "67185.00000", "2014-03-31": "68981.00000", "2013-12-31": "70854.00000", "2013-09-30": "67563.00000", "2013-06-30": "67503.00000", "2013-03-31": "70369.00000", "2012-12-31": "72283.00000", "2012-09-30": "73660.00000", "2012-06-30": "72554.00000", "2012-03-31": "74906.00000", "2011-12-31": "70768.00000", "2011-09-30": "72020.00000", "2011-06-30": "69190.00000", "2011-03-31": "70587.00000", "2010-12-31": "73482.00000", "2010-09-30": "73598.00000", "2010-06-30": "63876.00000", "2010-03-31": "67862.00000", "2009-12-31": "66281.00000", "2009-09-30": "63097.00000", "2009-06-30": "58137.00000", "2009-03-31": "54468.00000", "2008-12-31": "52027.00000", "2008-09-30": "37766.00000", "2008-06-30": "37408.00000", "2008-03-31": "34768.00000", "2007-12-31": "36270.00000", "2007-09-30": "34405.00000", "2007-06-30": "31487.00000", "2007-03-31": "31883.00000", "2006-12-31": "28521.00000", "2006-09-30": "23348.00000", "2006-06-30": "21724.00000", "2006-03-31": "21529.00000", "2005-12-31": "22033.00000", "2005-09-30": "20658.00000", "2005-06-30": "20437.00000", "2005-03-31": "18449.00000"}, "Goodwill And Intangible Assets": {"2020-12-31": "10475.00000", "2020-09-30": "10346.00000", "2020-06-30": "10300.00000", "2020-03-31": "10315.00000", "2019-12-31": "10877.00000", "2019-09-30": "10716.00000", "2019-06-30": "10848.00000", "2019-03-31": "11030.00000", "2018-12-31": "11201.00000", "2018-09-30": "11354.00000", "2018-06-30": "11263.00000", "2018-03-31": "11197.00000", "2017-12-31": "11005.00000", "2017-09-30": "11017.00000", "2017-06-30": "11030.00000", "2017-03-31": "10970.00000", "2016-12-31": "10861.00000", "2016-09-30": "10700.00000", "2016-06-30": "10654.00000", "2016-03-31": "10779.00000", "2015-12-31": "10692.00000", "2015-09-30": "10977.00000", "2015-06-30": "11096.00000", "2015-03-31": "10899.00000", "2014-12-31": "10947.00000", "2014-09-30": "11068.00000", "2014-06-30": "11071.00000", "2014-03-31": "11189.00000", "2013-12-31": "11290.00000", "2013-09-30": "11268.00000", "2013-06-30": "11228.00000", "2013-03-31": "10996.00000", "2012-12-31": "10869.00000", "2012-09-30": "10941.00000", "2012-06-30": "10962.00000", "2012-03-31": "11188.00000", "2011-12-31": "10144.00000", "2011-09-30": "10156.00000", "2011-06-30": "10594.00000", "2011-03-31": "10764.00000", "2010-12-31": "10753.00000", "2010-09-30": "10518.00000", "2010-06-30": "12138.00000", "2010-03-31": "12714.00000", "2009-12-31": "12909.00000", "2009-09-30": "12734.00000", "2009-06-30": "12890.00000", "2009-03-31": "12178.00000", "2008-12-31": "11688.00000", "2008-09-30": "9921.00000", "2008-06-30": "9928.00000", "2008-03-31": "9349.00000", "2007-12-31": "9551.00000", "2007-09-30": "8935.00000", "2007-06-30": "8658.00000", "2007-03-31": "8668.00000", "2006-12-31": "4043.00000", "2006-09-30": "4008.00000", "2006-06-30": "4498.00000", "2006-03-31": "4482.00000", "2005-12-31": "4466.00000", "2005-09-30": "4225.00000", "2005-06-30": "4170.00000", "2005-03-31": "3589.00000"}, "Other Long-Term Assets": {"2020-12-31": "30999.00000", "2020-09-30": "32445.00000", "2020-06-30": "34920.00000", "2020-03-31": "41556.00000", "2019-12-31": "40760.00000", "2019-09-30": "35774.00000", "2019-06-30": "34193.00000", "2019-03-31": "34761.00000", "2018-12-31": "34408.00000", "2018-09-30": "28851.00000", "2018-06-30": "27897.00000", "2018-03-31": "27949.00000", "2017-12-31": "27894.00000", "2017-09-30": "28454.00000", "2017-06-30": "28886.00000", "2017-03-31": "28083.00000", "2016-12-31": "27506.00000", "2016-09-30": "24730.00000", "2016-06-30": "25316.00000", "2016-03-31": "24585.00000", "2015-12-31": "26566.00000", "2015-09-30": "27285.00000", "2015-06-30": "24032.00000", "2015-03-31": "25538.00000", "2014-12-31": "23482.00000", "2014-09-30": "23123.00000", "2014-06-30": "23527.00000", "2014-03-31": "23315.00000", "2013-12-31": "22552.00000", "2013-09-30": "22733.00000", "2013-06-30": "24297.00000", "2013-03-31": "24470.00000", "2012-12-31": "23679.00000", "2012-09-30": "24647.00000", "2012-06-30": "24559.00000", "2012-03-31": "25059.00000", "2011-12-31": "22698.00000", "2011-09-30": "23246.00000", "2011-06-30": "22157.00000", "2011-03-31": "21177.00000", "2010-12-31": "20412.00000", "2010-09-30": "20658.00000", "2010-06-30": "22242.00000", "2010-03-31": "23050.00000", "2009-12-31": "22373.00000", "2009-09-30": "26287.00000", "2009-06-30": "25005.00000", "2009-03-31": "26850.00000", "2008-12-31": "28517.00000", "2008-09-30": "14118.00000", "2008-06-30": "11850.00000", "2008-03-31": "13343.00000", "2007-12-31": "11258.00000", "2007-09-30": "10357.00000", "2007-06-30": "10265.00000", "2007-03-31": "9516.00000", "2006-12-31": "8929.00000", "2006-09-30": "9875.00000", "2006-06-30": "10472.00000", "2006-03-31": "9698.00000", "2005-12-31": "8090.00000", "2005-09-30": "9171.00000", "2005-06-30": "9489.00000", "2005-03-31": "8666.00000"}, "Total Long-Term Assets": {"2020-12-31": "136325.00000", "2020-09-30": "138914.00000", "2020-06-30": "148656.00000", "2020-03-31": "155622.00000", "2019-12-31": "143637.00000", "2019-09-30": "147698.00000", "2019-06-30": "146345.00000", "2019-03-31": "142227.00000", "2018-12-31": "141204.00000", "2018-09-30": "133455.00000", "2018-06-30": "131715.00000", "2018-03-31": "125716.00000", "2017-12-31": "126422.00000", "2017-09-30": "125474.00000", "2017-06-30": "127166.00000", "2017-03-31": "126385.00000", "2016-12-31": "125042.00000", "2016-09-30": "124549.00000", "2016-06-30": "118240.00000", "2016-03-31": "118324.00000", "2015-12-31": "118373.00000", "2015-09-30": "116825.00000", "2015-06-30": "107021.00000", "2015-03-31": "107728.00000", "2014-12-31": "100980.00000", "2014-09-30": "99993.00000", "2014-06-30": "101783.00000", "2014-03-31": "103485.00000", "2013-12-31": "104696.00000", "2013-09-30": "101564.00000", "2013-06-30": "103028.00000", "2013-03-31": "105835.00000", "2012-12-31": "106831.00000", "2012-09-30": "109248.00000", "2012-06-30": "108075.00000", "2012-03-31": "111153.00000", "2011-12-31": "103610.00000", "2011-09-30": "105422.00000", "2011-06-30": "101941.00000", "2011-03-31": "102528.00000", "2010-12-31": "104647.00000", "2010-09-30": "104774.00000", "2010-06-30": "98256.00000", "2010-03-31": "103626.00000", "2009-12-31": "101563.00000", "2009-09-30": "102118.00000", "2009-06-30": "96032.00000", "2009-03-31": "93496.00000", "2008-12-31": "92232.00000", "2008-09-30": "61805.00000", "2008-06-30": "59186.00000", "2008-03-31": "57460.00000", "2007-12-31": "57079.00000", "2007-09-30": "53697.00000", "2007-06-30": "50410.00000", "2007-03-31": "50067.00000", "2006-12-31": "41493.00000", "2006-09-30": "37231.00000", "2006-06-30": "36694.00000", "2006-03-31": "35709.00000", "2005-12-31": "34589.00000", "2005-09-30": "34054.00000", "2005-06-30": "34096.00000", "2005-03-31": "30704.00000"}, "Total Assets": {"2020-12-31": "466679.00000", "2020-09-30": "461817.00000", "2020-06-30": "458978.00000", "2020-03-31": "445493.00000", "2019-12-31": "410295.00000", "2019-09-30": "408916.00000", "2019-06-30": "405761.00000", "2019-03-31": "392837.00000", "2018-12-31": "382315.00000", "2018-09-30": "380080.00000", "2018-06-30": "380711.00000", "2018-03-31": "379161.00000", "2017-12-31": "380768.00000", "2017-09-30": "375191.00000", "2017-06-30": "372190.00000", "2017-03-31": "370944.00000", "2016-12-31": "366380.00000", "2016-09-30": "369348.00000", "2016-06-30": "361335.00000", "2016-03-31": "360985.00000", "2015-12-31": "358493.00000", "2015-09-30": "362125.00000", "2015-06-30": "353945.00000", "2015-03-31": "350960.00000", "2014-12-31": "345072.00000", "2014-09-30": "334424.00000", "2014-06-30": "327064.00000", "2014-03-31": "323423.00000", "2013-12-31": "320192.00000", "2013-09-30": "308597.00000", "2013-06-30": "304415.00000", "2013-03-31": "300812.00000", "2012-12-31": "305107.00000", "2012-09-30": "300803.00000", "2012-06-30": "299575.00000", "2012-03-31": "295883.00000", "2011-12-31": "271205.00000", "2011-09-30": "269470.00000", "2011-06-30": "263117.00000", "2011-03-31": "259378.00000", "2010-12-31": "264284.00000", "2010-09-30": "260133.00000", "2010-06-30": "261695.00000", "2010-03-31": "265396.00000", "2009-12-31": "269863.00000", "2009-09-30": "271407.00000", "2009-06-30": "279754.00000", "2009-03-31": "286422.00000", "2008-12-31": "291081.00000", "2008-09-30": "145610.00000", "2008-06-30": "142771.00000", "2008-03-31": "139991.00000", "2007-12-31": "138920.00000", "2007-09-30": "131366.00000", "2007-06-30": "125651.00000", "2007-03-31": "122563.00000", "2006-12-31": "101820.00000", "2006-09-30": "98436.00000", "2006-06-30": "94914.00000", "2006-03-31": "93257.00000", "2005-12-31": "91954.00000", "2005-09-30": "93241.00000", "2005-06-30": "90794.00000", "2005-03-31": "83359.00000"}, "Total Current Liabilities": {"2020-12-31": "365345.00000", "2020-09-30": "365708.00000", "2020-06-30": "358342.00000", "2020-03-31": "322354.00000", "2019-12-31": "300371.00000", "2019-09-30": "297803.00000", "2019-06-30": "287064.00000", "2019-03-31": "284123.00000", "2018-12-31": "276841.00000", "2018-09-30": "274735.00000", "2018-06-30": "274225.00000", "2018-03-31": "273797.00000", "2017-12-31": "273798.00000", "2017-09-30": "270882.00000", "2017-06-30": "269295.00000", "2017-03-31": "269674.00000", "2016-12-31": "266519.00000", "2016-09-30": "266356.00000", "2016-06-30": "256478.00000", "2016-03-31": "257704.00000", "2015-12-31": "257720.00000", "2015-09-30": "253366.00000", "2015-06-30": "249881.00000", "2015-03-31": "248143.00000", "2014-12-31": "245926.00000", "2014-09-30": "239702.00000", "2014-06-30": "235438.00000", "2014-03-31": "235346.00000", "2013-12-31": "234907.00000", "2013-09-30": "230906.00000", "2013-06-30": "227039.00000", "2013-03-31": "226754.00000", "2012-12-31": "229371.00000", "2012-09-30": "224886.00000", "2012-06-30": "214517.00000", "2012-03-31": "214566.00000", "2011-12-31": "199396.00000", "2011-09-30": "194424.00000", "2011-06-30": "189205.00000", "2011-03-31": "189147.00000", "2010-12-31": "190722.00000", "2010-09-30": "186978.00000", "2010-06-30": "185246.00000", "2010-03-31": "190973.00000", "2009-12-31": "194510.00000", "2009-09-30": "191397.00000", "2009-06-30": "198011.00000", "2009-03-31": "202764.00000", "2008-12-31": "201967.00000", "2008-09-30": "95082.00000", "2008-06-30": "97307.00000", "2008-03-31": "91952.00000", "2007-12-31": "96800.00000", "2007-09-30": "91134.00000", "2007-06-30": "90901.00000", "2007-03-31": "89455.00000", "2006-12-31": "75033.00000", "2006-09-30": "74177.00000", "2006-06-30": "71584.00000", "2006-03-31": "69652.00000", "2005-12-31": "68864.00000", "2005-09-30": "69829.00000", "2005-06-30": "69772.00000", "2005-03-31": "62910.00000"}, "Long Term Debt": {"2020-12-31": "37195.00000", "2020-09-30": "42110.00000", "2020-06-30": "47026.00000", "2020-03-31": "73399.00000", "2019-12-31": "60263.00000", "2019-09-30": "54522.00000", "2019-06-30": "62476.00000", "2019-03-31": "59860.00000", "2018-12-31": "52414.00000", "2018-09-30": "52476.00000", "2018-06-30": "54413.00000", "2018-03-31": "53431.00000", "2017-12-31": "54299.00000", "2017-09-30": "57564.00000", "2017-06-30": "56406.00000", "2017-03-31": "50183.00000", "2016-12-31": "48530.00000", "2016-09-30": "50306.00000", "2016-06-30": "52951.00000", "2016-03-31": "51683.00000", "2015-12-31": "49962.00000", "2015-09-30": "53461.00000", "2015-06-30": "53130.00000", "2015-03-31": "50228.00000", "2014-12-31": "48263.00000", "2014-09-30": "44019.00000", "2014-06-30": "40935.00000", "2014-03-31": "38650.00000", "2013-12-31": "36819.00000", "2013-09-30": "30114.00000", "2013-06-30": "29161.00000", "2013-03-31": "26694.00000", "2012-12-31": "29127.00000", "2012-09-30": "28496.00000", "2012-06-30": "39523.00000", "2012-03-31": "37707.00000", "2011-12-31": "29449.00000", "2011-09-30": "31997.00000", "2011-06-30": "31364.00000", "2011-03-31": "30917.00000", "2010-12-31": "35344.00000", "2010-09-30": "35102.00000", "2010-06-30": "36737.00000", "2010-03-31": "36950.00000", "2009-12-31": "35263.00000", "2009-09-30": "37914.00000", "2009-06-30": "40760.00000", "2009-03-31": "43670.00000", "2008-12-31": "47087.00000", "2008-09-30": "24691.00000", "2008-06-30": "23242.00000", "2008-03-31": "25115.00000", "2007-12-31": "21157.00000", "2007-09-30": "18805.00000", "2007-06-30": "14499.00000", "2007-03-31": "12232.00000", "2006-12-31": "10266.00000", "2006-09-30": "8945.00000", "2006-06-30": "10195.00000", "2006-03-31": "10272.00000", "2005-12-31": "11078.00000", "2005-09-30": "11396.00000", "2005-06-30": "9465.00000", "2005-03-31": "9061.00000"}, "Other Non-Current Liabilities": {"2020-12-31": "584.00000", "2020-09-30": "689.00000", "2020-06-30": "662.00000", "2020-03-31": "450.00000", "2019-12-31": "318.00000", "2019-09-30": "7136.00000", "2019-06-30": "6840.00000", "2019-03-31": "279.00000", "2018-12-31": "5290.00000", "2018-09-30": "5767.00000", "2018-06-30": "5098.00000", "2018-03-31": "4898.00000", "2017-12-31": "5086.00000", "2017-09-30": "293.00000", "2017-06-30": "304.00000", "2017-03-31": "5184.00000", "2016-12-31": "4477.00000", "2016-09-30": "5841.00000", "2016-06-30": "5207.00000", "2016-03-31": "5270.00000", "2015-12-31": "4831.00000", "2015-09-30": "9020.00000", "2015-06-30": "5022.00000", "2015-03-31": "6151.00000", "2014-12-31": "4809.00000", "2014-09-30": "4708.00000", "2014-06-30": "4898.00000", "2014-03-31": "4509.00000", "2013-12-31": "4429.00000", "2013-09-30": "4757.00000", "2013-06-30": "6274.00000", "2013-03-31": "5286.00000", "2012-12-31": "4844.00000", "2012-09-30": "5619.00000", "2012-06-30": "5321.00000", "2012-03-31": "5374.00000", "2011-12-31": "5114.00000", "2011-09-30": "5807.00000", "2011-06-30": "7675.00000", "2011-03-31": "5597.00000", "2010-12-31": "5380.00000", "2010-09-30": "5387.00000", "2010-06-30": "8722.00000", "2010-03-31": "8039.00000", "2009-12-31": "7523.00000", "2009-09-30": "10433.00000", "2009-06-30": "11516.00000", "2009-03-31": "11332.00000", "2008-12-31": "14379.00000", "2008-09-30": "9549.00000", "2008-06-30": "5105.00000", "2008-03-31": "6493.00000", "2007-12-31": "4455.00000", "2007-09-30": "5222.00000", "2007-06-30": "4377.00000", "2007-03-31": "4770.00000", "2006-12-31": "4848.00000", "2006-09-30": "4148.00000", "2006-06-30": "3676.00000", "2006-03-31": "3925.00000", "2005-12-31": "2859.00000", "2005-09-30": "3104.00000", "2005-06-30": "2807.00000", "2005-03-31": "3277.00000"}, "Total Long Term Liabilities": {"2020-12-31": "37779.00000", "2020-09-30": "42799.00000", "2020-06-30": "47688.00000", "2020-03-31": "73849.00000", "2019-12-31": "60581.00000", "2019-09-30": "61658.00000", "2019-06-30": "69316.00000", "2019-03-31": "60139.00000", "2018-12-31": "57704.00000", "2018-09-30": "58243.00000", "2018-06-30": "59511.00000", "2018-03-31": "58329.00000", "2017-12-31": "59385.00000", "2017-09-30": "57857.00000", "2017-06-30": "56710.00000", "2017-03-31": "55367.00000", "2016-12-31": "53007.00000", "2016-09-30": "56147.00000", "2016-06-30": "58158.00000", "2016-03-31": "56953.00000", "2015-12-31": "54793.00000", "2015-09-30": "62481.00000", "2015-06-30": "58152.00000", "2015-03-31": "56379.00000", "2014-12-31": "53072.00000", "2014-09-30": "48727.00000", "2014-06-30": "45833.00000", "2014-03-31": "43159.00000", "2013-12-31": "41248.00000", "2013-09-30": "34871.00000", "2013-06-30": "35435.00000", "2013-03-31": "31980.00000", "2012-12-31": "33971.00000", "2012-09-30": "34115.00000", "2012-06-30": "44844.00000", "2012-03-31": "43081.00000", "2011-12-31": "34563.00000", "2011-09-30": "37804.00000", "2011-06-30": "39039.00000", "2011-03-31": "36514.00000", "2010-12-31": "40724.00000", "2010-09-30": "40489.00000", "2010-06-30": "45459.00000", "2010-03-31": "44989.00000", "2009-12-31": "42786.00000", "2009-09-30": "48347.00000", "2009-06-30": "52276.00000", "2009-03-31": "55002.00000", "2008-12-31": "61466.00000", "2008-09-30": "36310.00000", "2008-06-30": "30356.00000", "2008-03-31": "33616.00000", "2007-12-31": "27266.00000", "2007-09-30": "25693.00000", "2007-06-30": "20246.00000", "2007-03-31": "18369.00000", "2006-12-31": "15999.00000", "2006-09-30": "13501.00000", "2006-06-30": "14503.00000", "2006-03-31": "14824.00000", "2005-12-31": "14527.00000", "2005-09-30": "15095.00000", "2005-06-30": "12779.00000", "2005-03-31": "12870.00000"}, "Total Liabilities": {"2020-12-31": "412669.00000", "2020-09-30": "408507.00000", "2020-06-30": "406030.00000", "2020-03-31": "396203.00000", "2019-12-31": "360952.00000", "2019-09-30": "359461.00000", "2019-06-30": "356380.00000", "2019-03-31": "344262.00000", "2018-12-31": "334545.00000", "2018-09-30": "332978.00000", "2018-06-30": "333736.00000", "2018-03-31": "332126.00000", "2017-12-31": "333183.00000", "2017-09-30": "328739.00000", "2017-06-30": "326005.00000", "2017-03-31": "325041.00000", "2016-12-31": "319526.00000", "2016-09-30": "322503.00000", "2016-06-30": "314636.00000", "2016-03-31": "314657.00000", "2015-12-31": "312513.00000", "2015-09-30": "315847.00000", "2015-06-30": "308033.00000", "2015-03-31": "304522.00000", "2014-12-31": "298998.00000", "2014-09-30": "288429.00000", "2014-06-30": "281271.00000", "2014-03-31": "278505.00000", "2013-12-31": "276155.00000", "2013-09-30": "265777.00000", "2013-06-30": "262474.00000", "2013-03-31": "258734.00000", "2012-12-31": "263342.00000", "2012-09-30": "259001.00000", "2012-06-30": "259361.00000", "2012-03-31": "257647.00000", "2011-12-31": "233959.00000", "2011-09-30": "232228.00000", "2011-06-30": "228244.00000", "2011-03-31": "225661.00000", "2010-12-31": "231446.00000", "2010-09-30": "227467.00000", "2010-06-30": "230705.00000", "2010-03-31": "235962.00000", "2009-12-31": "237296.00000", "2009-09-30": "239744.00000", "2009-06-30": "250287.00000", "2009-03-31": "257766.00000", "2008-12-31": "263433.00000", "2008-09-30": "131392.00000", "2008-06-30": "127663.00000", "2008-03-31": "125568.00000", "2007-12-31": "124066.00000", "2007-09-30": "116827.00000", "2007-06-30": "111147.00000", "2007-03-31": "107824.00000", "2006-12-31": "91032.00000", "2006-09-30": "87678.00000", "2006-06-30": "86087.00000", "2006-03-31": "84476.00000", "2005-12-31": "83391.00000", "2005-09-30": "84924.00000", "2005-06-30": "82551.00000", "2005-03-31": "75780.00000"}, "Common Stock Net": {"2020-12-31": "", "2020-09-30": "2712.00000", "2020-06-30": "2712.00000", "2020-03-31": "2712.00000", "2019-12-31": "2712.00000", "2019-09-30": "2711.00000", "2019-06-30": "2711.00000", "2019-03-31": "2711.00000", "2018-12-31": "2711.00000", "2018-09-30": "2710.00000", "2018-06-30": "2710.00000", "2018-03-31": "2710.00000", "2017-12-31": "2710.00000", "2017-09-30": "2710.00000", "2017-06-30": "2710.00000", "2017-03-31": "2709.00000", "2016-12-31": "2709.00000", "2016-09-30": "2709.00000", "2016-06-30": "2709.00000", "2016-03-31": "2708.00000", "2015-12-31": "2708.00000", "2015-09-30": "2708.00000", "2015-06-30": "2708.00000", "2015-03-31": "2706.00000", "2014-12-31": "2705.00000", "2014-09-30": "2703.00000", "2014-06-30": "2703.00000", "2014-03-31": "2700.00000", "2013-12-31": "2698.00000", "2013-09-30": "2695.00000", "2013-06-30": "2693.00000", "2013-03-31": "2690.00000", "2012-12-31": "2690.00000", "2012-09-30": "2689.00000", "2012-06-30": "2687.00000", "2012-03-31": "2685.00000", "2011-12-31": "2683.00000", "2011-09-30": "2682.00000", "2011-06-30": "2682.00000", "2011-03-31": "2682.00000", "2010-12-31": "2682.00000", "2010-09-30": "2680.00000", "2010-06-30": "2678.00000", "2010-03-31": "2676.00000", "2009-12-31": "2354.00000", "2009-09-30": "2348.00000", "2009-06-30": "2342.00000", "2009-03-31": "2261.00000", "2008-12-31": "2261.00000", "2008-09-30": "1787.00000", "2008-06-30": "1787.00000", "2008-03-31": "1764.00000", "2007-12-31": "1764.00000", "2007-09-30": "1764.00000", "2007-06-30": "1764.00000", "2007-03-31": "1764.00000", "2006-12-31": "1764.00000", "2006-09-30": "1764.00000", "2006-06-30": "1764.00000", "2006-03-31": "1764.00000", "2005-12-31": "1764.00000", "2005-09-30": "1764.00000", "2005-06-30": "1764.00000", "2005-03-31": "1764.00000"}, "Retained Earnings (Accumulated Deficit)": {"2020-12-31": "", "2020-09-30": "45947.00000", "2020-06-30": "44986.00000", "2020-03-31": "41885.00000", "2019-12-31": "42215.00000", "2019-09-30": "41413.00000", "2019-06-30": "40616.00000", "2019-03-31": "39742.00000", "2018-12-31": "38919.00000", "2018-09-30": "38080.00000", "2018-06-30": "37201.00000", "2018-03-31": "36266.00000", "2017-12-31": "35481.00000", "2017-09-30": "33819.00000", "2017-06-30": "33133.00000", "2017-03-31": "32372.00000", "2016-12-31": "31670.00000", "2016-09-30": "30958.00000", "2016-06-30": "30309.00000", "2016-03-31": "29642.00000", "2015-12-31": "29043.00000", "2015-09-30": "28337.00000", "2015-06-30": "27609.00000", "2015-03-31": "26882.00000", "2014-12-31": "26200.00000", "2014-09-30": "25464.00000", "2014-06-30": "24755.00000", "2014-03-31": "24010.00000", "2013-12-31": "23251.00000", "2013-09-30": "22561.00000", "2013-06-30": "21828.00000", "2013-03-31": "20993.00000", "2012-12-31": "20265.00000", "2012-09-30": "19813.00000", "2012-06-30": "19149.00000", "2012-03-31": "18834.00000", "2011-12-31": "18253.00000", "2011-09-30": "17985.00000", "2011-06-30": "17344.00000", "2011-03-31": "16640.00000", "2010-12-31": "15859.00000", "2010-09-30": "15114.00000", "2010-06-30": "14073.00000", "2010-03-31": "13340.00000", "2009-12-31": "13144.00000", "2009-09-30": "12179.00000", "2009-06-30": "11758.00000", "2009-03-31": "11738.00000", "2008-12-31": "11461.00000", "2008-09-30": "11959.00000", "2008-06-30": "11940.00000", "2008-03-31": "11664.00000", "2007-12-31": "11497.00000", "2007-09-30": "11531.00000", "2007-06-30": "11339.00000", "2007-03-31": "11134.00000", "2006-12-31": "10985.00000", "2006-09-30": "10771.00000", "2006-06-30": "9449.00000", "2006-03-31": "9230.00000", "2005-12-31": "9023.00000", "2005-09-30": "8814.00000", "2005-06-30": "8626.00000", "2005-03-31": "8485.00000"}, "Comprehensive Income": {"2020-12-31": "2770.00000", "2020-09-30": "2997.00000", "2020-06-30": "3069.00000", "2020-03-31": "2518.00000", "2019-12-31": "799.00000", "2019-09-30": "837.00000", "2019-06-30": "631.00000", "2019-03-31": "-5.00000", "2018-12-31": "-725.00000", "2018-09-30": "-1260.00000", "2018-06-30": "-940.00000", "2018-03-31": "-699.00000", "2017-12-31": "-148.00000", "2017-09-30": "-22.00000", "2017-06-30": "-98.00000", "2017-03-31": "-279.00000", "2016-12-31": "-265.00000", "2016-09-30": "646.00000", "2016-06-30": "736.00000", "2016-03-31": "532.00000", "2015-12-31": "130.00000", "2015-09-30": "615.00000", "2015-06-30": "379.00000", "2015-03-31": "703.00000", "2014-12-31": "503.00000", "2014-09-30": "727.00000", "2014-06-30": "881.00000", "2014-03-31": "656.00000", "2013-12-31": "436.00000", "2013-09-30": "47.00000", "2013-06-30": "45.00000", "2013-03-31": "767.00000", "2012-12-31": "834.00000", "2012-09-30": "991.00000", "2012-06-30": "402.00000", "2012-03-31": "281.00000", "2011-12-31": "-105.00000", "2011-09-30": "397.00000", "2011-06-30": "69.00000", "2011-03-31": "-309.00000", "2010-12-31": "-431.00000", "2010-09-30": "146.00000", "2010-06-30": "-442.00000", "2010-03-31": "-1288.00000", "2009-12-31": "-1962.00000", "2009-09-30": "-1947.00000", "2009-06-30": "-3101.00000", "2009-03-31": "-3289.00000", "2008-12-31": "-3949.00000", "2008-09-30": "-2230.00000", "2008-06-30": "-1227.00000", "2008-03-31": "-779.00000", "2007-12-31": "-147.00000", "2007-09-30": "-255.00000", "2007-06-30": "-439.00000", "2007-03-31": "-162.00000", "2006-12-31": "-235.00000", "2006-09-30": "-109.00000", "2006-06-30": "-510.00000", "2006-03-31": "-394.00000", "2005-12-31": "-267.00000", "2005-09-30": "-200.00000", "2005-06-30": "-41.00000", "2005-03-31": "-175.00000"}, "Other Share Holders Equity": {"2020-12-31": "", "2020-09-30": "", "2020-06-30": "", "2020-03-31": "", "2019-12-31": "", "2019-09-30": "", "2019-06-30": "", "2019-03-31": "", "2018-12-31": "", "2018-09-30": "", "2018-06-30": "", "2018-03-31": "", "2017-12-31": "", "2017-09-30": "", "2017-06-30": "", "2017-03-31": "", "2016-12-31": "", "2016-09-30": "", "2016-06-30": "", "2016-03-31": "", "2015-12-31": "", "2015-09-30": "", "2015-06-30": "", "2015-03-31": "", "2014-12-31": "", "2014-09-30": "", "2014-06-30": "", "2014-03-31": "", "2013-12-31": "", "2013-09-30": "", "2013-06-30": "", "2013-03-31": "", "2012-12-31": "", "2012-09-30": "", "2012-06-30": "", "2012-03-31": "", "2011-12-31": "", "2011-09-30": "", "2011-06-30": "", "2011-03-31": "", "2010-12-31": "", "2010-09-30": "", "2010-06-30": "", "2010-03-31": "", "2009-12-31": "", "2009-09-30": "", "2009-06-30": "", "2009-03-31": "", "2008-12-31": "", "2008-09-30": "", "2008-06-30": "", "2008-03-31": "", "2007-12-31": "", "2007-09-30": "", "2007-06-30": "", "2007-03-31": "", "2006-12-31": "", "2006-09-30": "", "2006-06-30": "", "2006-03-31": "", "2005-12-31": "", "2005-09-30": "", "2005-06-30": "", "2005-03-31": ""}, "Share Holder Equity": {"2020-12-31": "54010.00000", "2020-09-30": "53310.00000", "2020-06-30": "52948.00000", "2020-03-31": "49290.00000", "2019-12-31": "49343.00000", "2019-09-30": "49455.00000", "2019-06-30": "49381.00000", "2019-03-31": "48575.00000", "2018-12-31": "47770.00000", "2018-09-30": "47102.00000", "2018-06-30": "46975.00000", "2018-03-31": "47035.00000", "2017-12-31": "47585.00000", "2017-09-30": "46452.00000", "2017-06-30": "46185.00000", "2017-03-31": "45903.00000", "2016-12-31": "46854.00000", "2016-09-30": "46845.00000", "2016-06-30": "46699.00000", "2016-03-31": "46328.00000", "2015-12-31": "45980.00000", "2015-09-30": "46278.00000", "2015-06-30": "45912.00000", "2015-03-31": "46438.00000", "2014-12-31": "46074.00000", "2014-09-30": "45995.00000", "2014-06-30": "45793.00000", "2014-03-31": "44918.00000", "2013-12-31": "44037.00000", "2013-09-30": "42820.00000", "2013-06-30": "41941.00000", "2013-03-31": "42078.00000", "2012-12-31": "41765.00000", "2012-09-30": "41802.00000", "2012-06-30": "40214.00000", "2012-03-31": "38236.00000", "2011-12-31": "37246.00000", "2011-09-30": "37242.00000", "2011-06-30": "34873.00000", "2011-03-31": "33717.00000", "2010-12-31": "32838.00000", "2010-09-30": "32666.00000", "2010-06-30": "30990.00000", "2010-03-31": "29434.00000", "2009-12-31": "32567.00000", "2009-09-30": "31663.00000", "2009-06-30": "29467.00000", "2009-03-31": "28656.00000", "2008-12-31": "27648.00000", "2008-09-30": "14218.00000", "2008-06-30": "15108.00000", "2008-03-31": "14423.00000", "2007-12-31": "14854.00000", "2007-09-30": "14539.00000", "2007-06-30": "14504.00000", "2007-03-31": "14739.00000", "2006-12-31": "10788.00000", "2006-09-30": "10758.00000", "2006-06-30": "8827.00000", "2006-03-31": "8781.00000", "2005-12-31": "8563.00000", "2005-09-30": "8317.00000", "2005-06-30": "8243.00000", "2005-03-31": "7579.00000"}, "Total Liabilities And Share Holders Equity": {"2020-12-31": "466679.00000", "2020-09-30": "461817.00000", "2020-06-30": "458978.00000", "2020-03-31": "445493.00000", "2019-12-31": "410295.00000", "2019-09-30": "408916.00000", "2019-06-30": "405761.00000", "2019-03-31": "392837.00000", "2018-12-31": "382315.00000", "2018-09-30": "380080.00000", "2018-06-30": "380711.00000", "2018-03-31": "379161.00000", "2017-12-31": "380768.00000", "2017-09-30": "375191.00000", "2017-06-30": "372190.00000", "2017-03-31": "370944.00000", "2016-12-31": "366380.00000", "2016-09-30": "369348.00000", "2016-06-30": "361335.00000", "2016-03-31": "360985.00000", "2015-12-31": "358493.00000", "2015-09-30": "362125.00000", "2015-06-30": "353945.00000", "2015-03-31": "350960.00000", "2014-12-31": "345072.00000", "2014-09-30": "334424.00000", "2014-06-30": "327064.00000", "2014-03-31": "323423.00000", "2013-12-31": "320192.00000", "2013-09-30": "308597.00000", "2013-06-30": "304415.00000", "2013-03-31": "300812.00000", "2012-12-31": "305107.00000", "2012-09-30": "300803.00000", "2012-06-30": "299575.00000", "2012-03-31": "295883.00000", "2011-12-31": "271205.00000", "2011-09-30": "269470.00000", "2011-06-30": "263117.00000", "2011-03-31": "259378.00000", "2010-12-31": "264284.00000", "2010-09-30": "260133.00000", "2010-06-30": "261695.00000", "2010-03-31": "265396.00000", "2009-12-31": "269863.00000", "2009-09-30": "271407.00000", "2009-06-30": "279754.00000", "2009-03-31": "286422.00000", "2008-12-31": "291081.00000", "2008-09-30": "145610.00000", "2008-06-30": "142771.00000", "2008-03-31": "139991.00000", "2007-12-31": "138920.00000", "2007-09-30": "131366.00000", "2007-06-30": "125651.00000", "2007-03-31": "122563.00000", "2006-12-31": "101820.00000", "2006-09-30": "98436.00000", "2006-06-30": "94914.00000", "2006-03-31": "93257.00000", "2005-12-31": "91954.00000", "2005-09-30": "93241.00000", "2005-06-30": "90794.00000", "2005-03-31": "83359.00000"}}, "cash flow statement": {"Net Income/Loss": {"2020-12-31": "0.00000", "2019-12-31": "5418.00000", "2018-12-31": "5346.00000", "2017-12-31": "5388.00000", "2016-12-31": "3985.00000", "2015-12-31": "4143.00000", "2014-12-31": "4207.00000", "2013-12-31": "4212.00000", "2012-12-31": "2994.00000", "2011-12-31": "3071.00000", "2010-12-31": "3397.00000", "2009-12-31": "2403.00000", "2008-12-31": "914.00000", "2007-12-31": "1491.00000", "2006-12-31": "2595.00000", "2005-12-31": "1325.00000"}, "Total Depreciation And Amortization - Cash Flow": {"2020-12-31": "", "2019-12-31": "1315.00000", "2018-12-31": "1129.00000", "2017-12-31": "1117.00000", "2016-12-31": "1193.00000", "2015-12-31": "1088.00000", "2014-12-31": "988.00000", "2013-12-31": "1146.00000", "2012-12-31": "1159.00000", "2011-12-31": "1140.00000", "2010-12-31": "1059.00000", "2009-12-31": "978.00000", "2008-12-31": "463.00000", "2007-12-31": "391.00000", "2006-12-31": "345.00000", "2005-12-31": "375.00000"}, "Other Non-Cash Items": {"2020-12-31": "", "2019-12-31": "1190.00000", "2018-12-31": "188.00000", "2017-12-31": "-366.00000", "2016-12-31": "451.00000", "2015-12-31": "357.00000", "2014-12-31": "392.00000", "2013-12-31": "972.00000", "2012-12-31": "1494.00000", "2011-12-31": "2555.00000", "2010-12-31": "2764.00000", "2009-12-31": "3417.00000", "2008-12-31": "979.00000", "2007-12-31": "303.00000", "2006-12-31": "-1006.00000", "2005-12-31": "53.00000"}, "Total Non-Cash Items": {"2020-12-31": "", "2019-12-31": "2505.00000", "2018-12-31": "1317.00000", "2017-12-31": "751.00000", "2016-12-31": "1644.00000", "2015-12-31": "1445.00000", "2014-12-31": "1380.00000", "2013-12-31": "2118.00000", "2012-12-31": "2653.00000", "2011-12-31": "3695.00000", "2010-12-31": "3823.00000", "2009-12-31": "4395.00000", "2008-12-31": "1442.00000", "2007-12-31": "694.00000", "2006-12-31": "-661.00000", "2005-12-31": "428.00000"}, "Change In Accounts Receivable": {"2020-12-31": "", "2019-12-31": "-123.00000", "2018-12-31": "1635.00000", "2017-12-31": "-1148.00000", "2016-12-31": "-935.00000", "2015-12-31": "393.00000", "2014-12-31": "-405.00000", "2013-12-31": "-94.00000", "2012-12-31": "-1125.00000", "2011-12-31": "77.00000", "2010-12-31": "-1154.00000", "2009-12-31": "1110.00000", "2008-12-31": "303.00000", "2007-12-31": "-1441.00000", "2006-12-31": "435.00000", "2005-12-31": "-680.00000"}, "Change In Inventories": {"2020-12-31": "", "2019-12-31": "560.00000", "2018-12-31": "-893.00000", "2017-12-31": "305.00000", "2016-12-31": "-1167.00000", "2015-12-31": "203.00000", "2014-12-31": "757.00000", "2013-12-31": "-455.00000", "2012-12-31": "1350.00000", "2011-12-31": "330.00000", "2010-12-31": "468.00000", "2009-12-31": "61.00000", "2008-12-31": "1459.00000", "2007-12-31": "", "2006-12-31": "", "2005-12-31": ""}, "Change In Accounts Payable": {"2020-12-31": "", "2019-12-31": "", "2018-12-31": "", "2017-12-31": "", "2016-12-31": "", "2015-12-31": "", "2014-12-31": "", "2013-12-31": "", "2012-12-31": "", "2011-12-31": "", "2010-12-31": "", "2009-12-31": "", "2008-12-31": "", "2007-12-31": "", "2006-12-31": "", "2005-12-31": ""}, "Change In Assets/Liabilities": {"2020-12-31": "", "2019-12-31": "-1129.00000", "2018-12-31": "140.00000", "2017-12-31": "987.00000", "2016-12-31": "-679.00000", "2015-12-31": "1129.00000", "2014-12-31": "-523.00000", "2013-12-31": "3764.00000", "2012-12-31": "1627.00000", "2011-12-31": "-4470.00000", "2010-12-31": "-151.00000", "2009-12-31": "5903.00000", "2008-12-31": "-1844.00000", "2007-12-31": "-662.00000", "2006-12-31": "-293.00000", "2005-12-31": "-427.00000"}, "Total Change In Assets/Liabilities": {"2020-12-31": "", "2019-12-31": "-560.00000", "2018-12-31": "1177.00000", "2017-12-31": "-560.00000", "2016-12-31": "-2129.00000", "2015-12-31": "-63.00000", "2014-12-31": "-2.00000", "2013-12-31": "-775.00000", "2012-12-31": "1162.00000", "2011-12-31": "-733.00000", "2010-12-31": "-2408.00000", "2009-12-31": "-1044.00000", "2008-12-31": "5058.00000", "2007-12-31": "-2601.00000", "2006-12-31": "225.00000", "2005-12-31": "-2433.00000"}, "Cash Flow From Operating Activities": {"2020-12-31": "", "2019-12-31": "7363.00000", "2018-12-31": "7840.00000", "2017-12-31": "5579.00000", "2016-12-31": "3500.00000", "2015-12-31": "5525.00000", "2014-12-31": "5585.00000", "2013-12-31": "5555.00000", "2012-12-31": "6809.00000", "2011-12-31": "6033.00000", "2010-12-31": "4812.00000", "2009-12-31": "5754.00000", "2008-12-31": "7414.00000", "2007-12-31": "-416.00000", "2006-12-31": "2159.00000", "2005-12-31": "-680.00000"}, "Net Change In Property, Plant, And Equipment": {"2020-12-31": "", "2019-12-31": "", "2018-12-31": "", "2017-12-31": "", "2016-12-31": "", "2015-12-31": "", "2014-12-31": "", "2013-12-31": "", "2012-12-31": "", "2011-12-31": "", "2010-12-31": "", "2009-12-31": "", "2008-12-31": "", "2007-12-31": "", "2006-12-31": "", "2005-12-31": ""}, "Net Change In Intangible Assets": {"2020-12-31": "", "2019-12-31": "", "2018-12-31": "", "2017-12-31": "", "2016-12-31": "", "2015-12-31": "", "2014-12-31": "", "2013-12-31": "", "2012-12-31": "", "2011-12-31": "", "2010-12-31": "", "2009-12-31": "", "2008-12-31": "", "2007-12-31": "", "2006-12-31": "", "2005-12-31": ""}, "Net Acquisitions/Divestitures": {"2020-12-31": "", "2019-12-31": "75.00000", "2018-12-31": "", "2017-12-31": "-1342.00000", "2016-12-31": "", "2015-12-31": "", "2014-12-31": "", "2013-12-31": "", "2012-12-31": "-4130.00000", "2011-12-31": "430.00000", "2010-12-31": "2202.00000", "2009-12-31": "-3396.00000", "2008-12-31": "2761.00000", "2007-12-31": "-2543.00000", "2006-12-31": "-58.00000", "2005-12-31": "-504.00000"}, "Net Change In Short-term Investments": {"2020-12-31": "", "2019-12-31": "-7621.00000", "2018-12-31": "11865.00000", "2017-12-31": "-3129.00000", "2016-12-31": "4961.00000", "2015-12-31": "1714.00000", "2014-12-31": "-19512.00000", "2013-12-31": "-8681.00000", "2012-12-31": "-1794.00000", "2011-12-31": "1928.00000", "2010-12-31": "1371.00000", "2009-12-31": "9677.00000", "2008-12-31": "-5001.00000", "2007-12-31": "-1147.00000", "2006-12-31": "-1413.00000", "2005-12-31": "1775.00000"}, "Net Change In Long-Term Investments": {"2020-12-31": "", "2019-12-31": "-2413.00000", "2018-12-31": "-7448.00000", "2017-12-31": "119.00000", "2016-12-31": "-6074.00000", "2015-12-31": "-14588.00000", "2014-12-31": "4845.00000", "2013-12-31": "-177.00000", "2012-12-31": "3084.00000", "2011-12-31": "2308.00000", "2010-12-31": "-3245.00000", "2009-12-31": "-9798.00000", "2008-12-31": "-4858.00000", "2007-12-31": "-5454.00000", "2006-12-31": "-938.00000", "2005-12-31": "-3919.00000"}, "Net Change In Investments - Total": {"2020-12-31": "", "2019-12-31": "-10034.00000", "2018-12-31": "4417.00000", "2017-12-31": "-3010.00000", "2016-12-31": "-1113.00000", "2015-12-31": "-12874.00000", "2014-12-31": "-14667.00000", "2013-12-31": "-8858.00000", "2012-12-31": "1290.00000", "2011-12-31": "4236.00000", "2010-12-31": "-1874.00000", "2009-12-31": "-121.00000", "2008-12-31": "-9859.00000", "2007-12-31": "-6601.00000", "2006-12-31": "-2351.00000", "2005-12-31": "-2144.00000"}, "Investing Activities - Other": {"2020-12-31": "", "2019-12-31": "-15031.00000", "2018-12-31": "-8386.00000", "2017-12-31": "-10543.00000", "2016-12-31": "-6194.00000", "2015-12-31": "-3386.00000", "2014-12-31": "-10226.00000", "2013-12-31": "-10077.00000", "2012-12-31": "-14421.00000", "2011-12-31": "-11215.00000", "2010-12-31": "5401.00000", "2009-12-31": "12996.00000", "2008-12-31": "-5888.00000", "2007-12-31": "-5495.00000", "2006-12-31": "-2953.00000", "2005-12-31": "-3148.00000"}, "Cash Flow From Investing Activities": {"2020-12-31": "", "2019-12-31": "-24990.00000", "2018-12-31": "-3969.00000", "2017-12-31": "-14895.00000", "2016-12-31": "-7307.00000", "2015-12-31": "-16260.00000", "2014-12-31": "-24893.00000", "2013-12-31": "-18935.00000", "2012-12-31": "-17261.00000", "2011-12-31": "-6549.00000", "2010-12-31": "5729.00000", "2009-12-31": "9479.00000", "2008-12-31": "-12986.00000", "2007-12-31": "-14639.00000", "2006-12-31": "-5362.00000", "2005-12-31": "-5796.00000"}, "Net Long-Term Debt": {"2020-12-31": "", "2019-12-31": "-6582.00000", "2018-12-31": "-3353.00000", "2017-12-31": "6101.00000", "2016-12-31": "-1586.00000", "2015-12-31": "4200.00000", "2014-12-31": "11028.00000", "2013-12-31": "7603.00000", "2012-12-31": "-297.00000", "2011-12-31": "-3667.00000", "2010-12-31": "-4851.00000", "2009-12-31": "-9982.00000", "2008-12-31": "4631.00000", "2007-12-31": "8030.00000", "2006-12-31": "-1089.00000", "2005-12-31": "2755.00000"}, "Net Current Debt": {"2020-12-31": "", "2019-12-31": "8565.00000", "2018-12-31": "1812.00000", "2017-12-31": "411.00000", "2016-12-31": "290.00000", "2015-12-31": "-6567.00000", "2014-12-31": "-559.00000", "2013-12-31": "-2270.00000", "2012-12-31": "2901.00000", "2011-12-31": "616.00000", "2010-12-31": "1038.00000", "2009-12-31": "-2619.00000", "2008-12-31": "-9241.00000", "2007-12-31": "6571.00000", "2006-12-31": "-819.00000", "2005-12-31": "1268.00000"}, "Debt Issuance/Retirement Net - Total": {"2020-12-31": "", "2019-12-31": "1983.00000", "2018-12-31": "-1541.00000", "2017-12-31": "6512.00000", "2016-12-31": "-1296.00000", "2015-12-31": "-2367.00000", "2014-12-31": "10469.00000", "2013-12-31": "5333.00000", "2012-12-31": "2604.00000", "2011-12-31": "-3051.00000", "2010-12-31": "-3813.00000", "2009-12-31": "-12601.00000", "2008-12-31": "-4610.00000", "2007-12-31": "14601.00000", "2006-12-31": "-1908.00000", "2005-12-31": "4023.00000"}, "Net Common Equity Issued/Repurchased": {"2020-12-31": "", "2019-12-31": "-3488.00000", "2018-12-31": "-2808.00000", "2017-12-31": "-2315.00000", "2016-12-31": "-1911.00000", "2015-12-31": "-2013.00000", "2014-12-31": "-924.00000", "2013-12-31": "220.00000", "2012-12-31": "-58.00000", "2011-12-31": "-1.00000", "2010-12-31": "3282.00000", "2009-12-31": "683.00000", "2008-12-31": "445.00000", "2007-12-31": "-710.00000", "2006-12-31": "-188.00000", "2005-12-31": "54.00000"}, "Net Total Equity Issued/Repurchased": {"2020-12-31": "", "2019-12-31": "-3488.00000", "2018-12-31": "-2808.00000", "2017-12-31": "-2315.00000", "2016-12-31": "-1392.00000", "2015-12-31": "-2513.00000", "2014-12-31": "-924.00000", "2013-12-31": "566.00000", "2012-12-31": "2391.00000", "2011-12-31": "987.00000", "2010-12-31": "-4297.00000", "2009-12-31": "683.00000", "2008-12-31": "8212.00000", "2007-12-31": "-710.00000", "2006-12-31": "-188.00000", "2005-12-31": "54.00000"}, "Total Common And Preferred Stock Dividends Paid": {"2020-12-31": "", "2019-12-31": "-2131.00000", "2018-12-31": "-1837.00000", "2017-12-31": "-1502.00000", "2016-12-31": "-1270.00000", "2015-12-31": "-1257.00000", "2014-12-31": "-1232.00000", "2013-12-31": "-1148.00000", "2012-12-31": "-997.00000", "2011-12-31": "-660.00000", "2010-12-31": "-350.00000", "2009-12-31": "-818.00000", "2008-12-31": "-923.00000", "2007-12-31": "-806.00000", "2006-12-31": "-633.00000", "2005-12-31": "-575.00000"}, "Financial Activities - Other": {"2020-12-31": "", "2019-12-31": "20716.00000", "2018-12-31": "2674.00000", "2017-12-31": "6991.00000", "2016-12-31": "8579.00000", "2015-12-31": "16577.00000", "2014-12-31": "11312.00000", "2013-12-31": "7452.00000", "2012-12-31": "7569.00000", "2011-12-31": "4048.00000", "2010-12-31": "-3072.00000", "2009-12-31": "-2680.00000", "2008-12-31": "3797.00000", "2007-12-31": "2014.00000", "2006-12-31": "5937.00000", "2005-12-31": "3262.00000"}, "Cash Flow From Financial Activities": {"2020-12-31": "", "2019-12-31": "17080.00000", "2018-12-31": "-3512.00000", "2017-12-31": "9686.00000", "2016-12-31": "4621.00000", "2015-12-31": "10440.00000", "2014-12-31": "19625.00000", "2013-12-31": "12203.00000", "2012-12-31": "11567.00000", "2011-12-31": "1324.00000", "2010-12-31": "-11532.00000", "2009-12-31": "-15416.00000", "2008-12-31": "6476.00000", "2007-12-31": "15099.00000", "2006-12-31": "3208.00000", "2005-12-31": "6764.00000"}, "Net Cash Flow": {"2020-12-31": "", "2019-12-31": "-547.00000", "2018-12-31": "359.00000", "2017-12-31": "370.00000", "2016-12-31": "814.00000", "2015-12-31": "-295.00000", "2014-12-31": "317.00000", "2013-12-31": "-1177.00000", "2012-12-31": "1115.00000", "2011-12-31": "808.00000", "2010-12-31": "-991.00000", "2009-12-31": "-183.00000", "2008-12-31": "904.00000", "2007-12-31": "44.00000", "2006-12-31": "5.00000", "2005-12-31": "288.00000"}, "Stock-Based Compensation": {"2020-12-31": "", "2019-12-31": "", "2018-12-31": "", "2017-12-31": "", "2016-12-31": "", "2015-12-31": "", "2014-12-31": "", "2013-12-31": "", "2012-12-31": "", "2011-12-31": "", "2010-12-31": "", "2009-12-31": "", "2008-12-31": "", "2007-12-31": "", "2006-12-31": "", "2005-12-31": ""}, "Common Stock Dividends Paid": {"2020-12-31": "", "2019-12-31": "-1895.00000", "2018-12-31": "-1601.00000", "2017-12-31": "-1266.00000", "2016-12-31": "-1061.00000", "2015-12-31": "-1038.00000", "2014-12-31": "-1000.00000", "2013-12-31": "-911.00000", "2012-12-31": "-820.00000", "2011-12-31": "-604.00000", "2010-12-31": "-204.00000", "2009-12-31": "-430.00000", "2008-12-31": "-902.00000", "2007-12-31": "-806.00000", "2006-12-31": "-633.00000", "2005-12-31": "-575.00000"}}, "cash flow statement, quarterly": {"Net Income/Loss": {"2020-12-31": -6102, "2020-09-30": 1532, "2020-06-30": 3655, "2020-03-31": "915.00000", "2019-12-31": 1381, "2019-09-30": 1392, "2019-06-30": 1374, "2019-03-31": "1271.00000", "2018-12-31": 1351, "2018-09-30": 1400, "2018-06-30": 1356, "2018-03-31": "1239.00000", "2017-12-31": 2091, "2017-09-30": 1126, "2017-06-30": 1097, "2017-03-31": "1074.00000", "2016-12-31": 1047, "2016-09-30": 1006, "2016-06-30": 989, "2016-03-31": "943.00000", "2015-12-31": 1022, "2015-09-30": 1073, "2015-06-30": 1044, "2015-03-31": "1004.00000", "2014-12-31": 1057, "2014-09-30": 1038, "2014-06-30": 1052, "2014-03-31": "1060.00000", "2013-12-31": 1074, "2013-09-30": 1028, "2013-06-30": 1115, "2013-03-31": "995.00000", "2012-12-31": 712, "2012-09-30": 925, "2012-06-30": 546, "2012-03-31": "811.00000", "2011-12-31": 493, "2011-09-30": 834, "2011-06-30": 912, "2011-03-31": "832.00000", "2010-12-31": 820, "2010-09-30": 1103, "2010-06-30": 803, "2010-03-31": "671.00000", "2009-12-31": 1107, "2009-09-30": 559, "2009-06-30": 207, "2009-03-31": "530.00000", "2008-12-31": -246, "2008-09-30": 259, "2008-06-30": 517, "2008-03-31": "384.00000", "2007-12-31": 202, "2007-09-30": 407, "2007-06-30": 423, "2007-03-31": "459.00000", "2006-12-31": 376, "2006-09-30": 1484, "2006-06-30": 381, "2006-03-31": "354.00000", "2005-12-31": 355, "2005-09-30": 334, "2005-06-30": 282, "2005-03-31": "354.00000"}, "Total Depreciation And Amortization - Cash Flow": {"2020-12-31": -944, "2020-09-30": 232, "2020-06-30": 384, "2020-03-31": "328.00000", "2019-12-31": 411, "2019-09-30": 325, "2019-06-30": 307, "2019-03-31": "272.00000", "2018-12-31": 290, "2018-09-30": 272, "2018-06-30": 287, "2018-03-31": "280.00000", "2017-12-31": 258, "2017-09-30": 291, "2017-06-30": 289, "2017-03-31": "279.00000", "2016-12-31": 276, "2016-09-30": 356, "2016-06-30": 291, "2016-03-31": "270.00000", "2015-12-31": 286, "2015-09-30": 272, "2015-06-30": 278, "2015-03-31": "252.00000", "2014-12-31": 264, "2014-09-30": 248, "2014-06-30": 240, "2014-03-31": "236.00000", "2013-12-31": 263, "2013-09-30": 300, "2013-06-30": 300, "2013-03-31": "283.00000", "2012-12-31": 298, "2012-09-30": 307, "2012-06-30": 285, "2012-03-31": "269.00000", "2011-12-31": 290, "2011-09-30": 281, "2011-06-30": 290, "2011-03-31": "279.00000", "2010-12-31": 306, "2010-09-30": 311, "2010-06-30": 216, "2010-03-31": "226.00000", "2009-12-31": 231, "2009-09-30": 242, "2009-06-30": 247, "2009-03-31": "258.00000", "2008-12-31": 119, "2008-09-30": 115, "2008-06-30": 137, "2008-03-31": "92.00000", "2007-12-31": 153, "2007-09-30": 83, "2007-06-30": 78, "2007-03-31": "77.00000", "2006-12-31": 77, "2006-09-30": 86, "2006-06-30": 89, "2006-03-31": "93.00000", "2005-12-31": 98, "2005-09-30": 111, "2005-06-30": 86, "2005-03-31": "80.00000"}, "Other Non-Cash Items": {"2020-12-31": 4470, "2020-09-30": 62, "2020-06-30": -5784, "2020-03-31": "1252.00000", "2019-12-31": 196, "2019-09-30": 269, "2019-06-30": 326, "2019-03-31": "399.00000", "2018-12-31": 522, "2018-09-30": -329, "2018-06-30": 40, "2018-03-31": "-45.00000", "2017-12-31": -745, "2017-09-30": 158, "2017-06-30": 179, "2017-03-31": "42.00000", "2016-12-31": 79, "2016-09-30": -92, "2016-06-30": 125, "2016-03-31": "339.00000", "2015-12-31": 206, "2015-09-30": 224, "2015-06-30": -172, "2015-03-31": "99.00000", "2014-12-31": 347, "2014-09-30": -126, "2014-06-30": 122, "2014-03-31": "49.00000", "2013-12-31": 190, "2013-09-30": 156, "2013-06-30": 253, "2013-03-31": "373.00000", "2012-12-31": 289, "2012-09-30": 200, "2012-06-30": 691, "2012-03-31": "314.00000", "2011-12-31": 1079, "2011-09-30": 850, "2011-06-30": 171, "2011-03-31": "455.00000", "2010-12-31": 905, "2010-09-30": -144, "2010-06-30": 1029, "2010-03-31": "974.00000", "2009-12-31": 577, "2009-09-30": 765, "2009-06-30": 978, "2009-03-31": "1097.00000", "2008-12-31": 815, "2008-09-30": 156, "2008-06-30": -27, "2008-03-31": "35.00000", "2007-12-31": 237, "2007-09-30": 71, "2007-06-30": 36, "2007-03-31": "-41.00000", "2006-12-31": -96, "2006-09-30": -1030, "2006-06-30": 75, "2006-03-31": "45.00000", "2005-12-31": 44, "2005-09-30": 37, "2005-06-30": 22, "2005-03-31": "-50.00000"}, "Total Non-Cash Items": {"2020-12-31": 3526, "2020-09-30": 294, "2020-06-30": -5400, "2020-03-31": "1580.00000", "2019-12-31": 607, "2019-09-30": 594, "2019-06-30": 633, "2019-03-31": "671.00000", "2018-12-31": 812, "2018-09-30": -57, "2018-06-30": 327, "2018-03-31": "235.00000", "2017-12-31": -487, "2017-09-30": 449, "2017-06-30": 468, "2017-03-31": "321.00000", "2016-12-31": 355, "2016-09-30": 264, "2016-06-30": 416, "2016-03-31": "609.00000", "2015-12-31": 492, "2015-09-30": 496, "2015-06-30": 106, "2015-03-31": "351.00000", "2014-12-31": 611, "2014-09-30": 122, "2014-06-30": 362, "2014-03-31": "285.00000", "2013-12-31": 453, "2013-09-30": 456, "2013-06-30": 553, "2013-03-31": "656.00000", "2012-12-31": 587, "2012-09-30": 507, "2012-06-30": 976, "2012-03-31": "583.00000", "2011-12-31": 1369, "2011-09-30": 1131, "2011-06-30": 461, "2011-03-31": "734.00000", "2010-12-31": 1211, "2010-09-30": 167, "2010-06-30": 1245, "2010-03-31": "1200.00000", "2009-12-31": 808, "2009-09-30": 1007, "2009-06-30": 1225, "2009-03-31": "1355.00000", "2008-12-31": 934, "2008-09-30": 271, "2008-06-30": 110, "2008-03-31": "127.00000", "2007-12-31": 390, "2007-09-30": 154, "2007-06-30": 114, "2007-03-31": "36.00000", "2006-12-31": -19, "2006-09-30": -944, "2006-06-30": 164, "2006-03-31": "138.00000", "2005-12-31": 142, "2005-09-30": 148, "2005-06-30": 108, "2005-03-31": "30.00000"}, "Change In Accounts Receivable": {"2020-12-31": 533, "2020-09-30": -363, "2020-06-30": 282, "2020-03-31": "-452.00000", "2019-12-31": 759, "2019-09-30": -766, "2019-06-30": -436, "2019-03-31": "320.00000", "2018-12-31": 725, "2018-09-30": -412, "2018-06-30": -353, "2018-03-31": "1675.00000", "2017-12-31": -1185, "2017-09-30": -413, "2017-06-30": -615, "2017-03-31": "1065.00000", "2016-12-31": -445, "2016-09-30": 238, "2016-06-30": -779, "2016-03-31": "51.00000", "2015-12-31": 479, "2015-09-30": 305, "2015-06-30": -123, "2015-03-31": "-268.00000", "2014-12-31": -185, "2014-09-30": -121, "2014-06-30": -87, "2014-03-31": "-12.00000", "2013-12-31": -212, "2013-09-30": 873, "2013-06-30": -824, "2013-03-31": "69.00000", "2012-12-31": -1127, "2012-09-30": 523, "2012-06-30": -1014, "2012-03-31": "493.00000", "2011-12-31": -525, "2011-09-30": 191, "2011-06-30": 245, "2011-03-31": "166.00000", "2010-12-31": -98, "2010-09-30": -726, "2010-06-30": -112, "2010-03-31": "-218.00000", "2009-12-31": 843, "2009-09-30": 931, "2009-06-30": -812, "2009-03-31": "148.00000", "2008-12-31": -217, "2008-09-30": 457, "2008-06-30": 612, "2008-03-31": "-549.00000", "2007-12-31": -884, "2007-09-30": -341, "2007-06-30": -189, "2007-03-31": "-27.00000", "2006-12-31": 191, "2006-09-30": -96, "2006-06-30": 134, "2006-03-31": "206.00000", "2005-12-31": 12, "2005-09-30": -102, "2005-06-30": -192, "2005-03-31": "-398.00000"}, "Change In Inventories": {"2020-12-31": -1132, "2020-09-30": 1398, "2020-06-30": 748, "2020-03-31": "-1014.00000", "2019-12-31": -181, "2019-09-30": -724, "2019-06-30": 1107, "2019-03-31": "358.00000", "2018-12-31": -1186, "2018-09-30": 132, "2018-06-30": -15, "2018-03-31": "176.00000", "2017-12-31": 53, "2017-09-30": 1328, "2017-06-30": -671, "2017-03-31": "-405.00000", "2016-12-31": -138, "2016-09-30": -164, "2016-06-30": 81, "2016-03-31": "-946.00000", "2015-12-31": 38, "2015-09-30": 187, "2015-06-30": 207, "2015-03-31": "-229.00000", "2014-12-31": 129, "2014-09-30": -211, "2014-06-30": 223, "2014-03-31": "616.00000", "2013-12-31": -1438, "2013-09-30": 520, "2013-06-30": 351, "2013-03-31": "112.00000", "2012-12-31": 493, "2012-09-30": -537, "2012-06-30": 263, "2012-03-31": "1131.00000", "2011-12-31": 467, "2011-09-30": -916, "2011-06-30": 1073, "2011-03-31": "-294.00000", "2010-12-31": -624, "2010-09-30": -122, "2010-06-30": 329, "2010-03-31": "885.00000", "2009-12-31": 96, "2009-09-30": -227, "2009-06-30": -931, "2009-03-31": "1123.00000", "2008-12-31": 171, "2008-09-30": -183, "2008-06-30": 1267, "2008-03-31": "204.00000", "2007-12-31": 327, "2007-09-30": -295, "2007-06-30": -32, "2007-03-31": "", "2006-12-31": 0, "2006-09-30": 0, "2006-06-30": 0, "2006-03-31": "", "2005-12-31": 0, "2005-09-30": 0, "2005-06-30": 0, "2005-03-31": ""}, "Change In Accounts Payable": {"2020-12-31": 0, "2020-09-30": 0, "2020-06-30": 0, "2020-03-31": "", "2019-12-31": 0, "2019-09-30": 0, "2019-06-30": 0, "2019-03-31": "", "2018-12-31": 0, "2018-09-30": 0, "2018-06-30": 0, "2018-03-31": "", "2017-12-31": 0, "2017-09-30": 0, "2017-06-30": 0, "2017-03-31": "", "2016-12-31": 0, "2016-09-30": 0, "2016-06-30": 0, "2016-03-31": "", "2015-12-31": 0, "2015-09-30": 0, "2015-06-30": 0, "2015-03-31": "", "2014-12-31": 0, "2014-09-30": 0, "2014-06-30": 0, "2014-03-31": "", "2013-12-31": 0, "2013-09-30": 0, "2013-06-30": 0, "2013-03-31": "", "2012-12-31": 0, "2012-09-30": 0, "2012-06-30": 0, "2012-03-31": "", "2011-12-31": 0, "2011-09-30": 0, "2011-06-30": 0, "2011-03-31": "", "2010-12-31": 0, "2010-09-30": 0, "2010-06-30": 0, "2010-03-31": "", "2009-12-31": 0, "2009-09-30": 0, "2009-06-30": 0, "2009-03-31": "", "2008-12-31": 0, "2008-09-30": 0, "2008-06-30": 0, "2008-03-31": "", "2007-12-31": 0, "2007-09-30": 0, "2007-06-30": 0, "2007-03-31": "", "2006-12-31": 0, "2006-09-30": 0, "2006-06-30": 0, "2006-03-31": "", "2005-12-31": 0, "2005-09-30": 0, "2005-06-30": 0, "2005-03-31": ""}, "Change In Assets/Liabilities": {"2020-12-31": 1495, "2020-09-30": -351, "2020-06-30": 5957, "2020-03-31": "-7101.00000", "2019-12-31": 1248, "2019-09-30": 89, "2019-06-30": 549, "2019-03-31": "-3015.00000", "2018-12-31": 2335, "2018-09-30": -531, "2018-06-30": -551, "2018-03-31": "-1113.00000", "2017-12-31": 1101, "2017-09-30": -364, "2017-06-30": -169, "2017-03-31": "419.00000", "2016-12-31": 1931, "2016-09-30": 172, "2016-06-30": -1317, "2016-03-31": "-1465.00000", "2015-12-31": 3929, "2015-09-30": -2550, "2015-06-30": 1392, "2015-03-31": "-1642.00000", "2014-12-31": -444, "2014-09-30": 331, "2014-06-30": -25, "2014-03-31": "-385.00000", "2013-12-31": 1181, "2013-09-30": 2533, "2013-06-30": 25, "2013-03-31": "25.00000", "2012-12-31": 1774, "2012-09-30": -161, "2012-06-30": 201, "2012-03-31": "-187.00000", "2011-12-31": -176, "2011-09-30": -3287, "2011-06-30": -707, "2011-03-31": "-300.00000", "2010-12-31": 1202, "2010-09-30": -1225, "2010-06-30": -769, "2010-03-31": "641.00000", "2009-12-31": 2511, "2009-09-30": -210, "2009-06-30": 1076, "2009-03-31": "2526.00000", "2008-12-31": 668, "2008-09-30": -2145, "2008-06-30": 1181, "2008-03-31": "-1548.00000", "2007-12-31": -578, "2007-09-30": -178, "2007-06-30": -975, "2007-03-31": "1069.00000", "2006-12-31": -62, "2006-09-30": 121, "2006-06-30": -158, "2006-03-31": "-194.00000", "2005-12-31": -94, "2005-09-30": 938, "2005-06-30": 166, "2005-03-31": "-1437.00000"}, "Total Change In Assets/Liabilities": {"2020-12-31": -148, "2020-09-30": -1433, "2020-06-30": 4772, "2020-03-31": "-3191.00000", "2019-12-31": 1127, "2019-09-30": -1382, "2019-06-30": 236, "2019-03-31": "-541.00000", "2018-12-31": -26, "2018-09-30": -179, "2018-06-30": -66, "2018-03-31": "1448.00000", "2017-12-31": -740, "2017-09-30": 920, "2017-06-30": -935, "2017-03-31": "195.00000", "2016-12-31": -197, "2016-09-30": 264, "2016-06-30": -920, "2016-03-31": "-1276.00000", "2015-12-31": 378, "2015-09-30": 408, "2015-06-30": 246, "2015-03-31": "-1095.00000", "2014-12-31": -663, "2014-09-30": -50, "2014-06-30": 136, "2014-03-31": "575.00000", "2013-12-31": -1868, "2013-09-30": 2616, "2013-06-30": -884, "2013-03-31": "-639.00000", "2012-12-31": -116, "2012-09-30": 380, "2012-06-30": -484, "2012-03-31": "1382.00000", "2011-12-31": -414, "2011-09-30": -1085, "2011-06-30": 1605, "2011-03-31": "-839.00000", "2010-12-31": -1657, "2010-09-30": -1101, "2010-06-30": -51, "2010-03-31": "401.00000", "2009-12-31": 1310, "2009-09-30": -387, "2009-06-30": -952, "2009-03-31": "-1015.00000", "2008-12-31": 1322, "2008-09-30": 2771, "2008-06-30": 770, "2008-03-31": "195.00000", "2007-12-31": -1795, "2007-09-30": 436, "2007-06-30": -1798, "2007-03-31": "556.00000", "2006-12-31": 282, "2006-09-30": -574, "2006-06-30": 64, "2006-03-31": "453.00000", "2005-12-31": -205, "2005-09-30": -367, "2005-06-30": -26, "2005-03-31": "-1835.00000"}, "Cash Flow From Operating Activities": {"2020-12-31": -2724, "2020-09-30": 393, "2020-06-30": 3027, "2020-03-31": "-696.00000", "2019-12-31": 3115, "2019-09-30": 604, "2019-06-30": 2243, "2019-03-31": "1401.00000", "2018-12-31": 2137, "2018-09-30": 1164, "2018-06-30": 1617, "2018-03-31": "2922.00000", "2017-12-31": 864, "2017-09-30": 2495, "2017-06-30": 630, "2017-03-31": "1590.00000", "2016-12-31": 1205, "2016-09-30": 1534, "2016-06-30": 485, "2016-03-31": "276.00000", "2015-12-31": 1892, "2015-09-30": 1977, "2015-06-30": 1396, "2015-03-31": "260.00000", "2014-12-31": 1005, "2014-09-30": 1110, "2014-06-30": 1550, "2014-03-31": "1920.00000", "2013-12-31": -341, "2013-09-30": 4100, "2013-06-30": 784, "2013-03-31": "1012.00000", "2012-12-31": 1183, "2012-09-30": 1812, "2012-06-30": 1038, "2012-03-31": "2776.00000", "2011-12-31": 1448, "2011-09-30": 880, "2011-06-30": 2978, "2011-03-31": "727.00000", "2010-12-31": 374, "2010-09-30": 169, "2010-06-30": 1997, "2010-03-31": "2272.00000", "2009-12-31": 3225, "2009-09-30": 1179, "2009-06-30": 480, "2009-03-31": "870.00000", "2008-12-31": 2010, "2008-09-30": 3301, "2008-06-30": 1397, "2008-03-31": "706.00000", "2007-12-31": -1203, "2007-09-30": 997, "2007-06-30": -1261, "2007-03-31": "1051.00000", "2006-12-31": 639, "2006-09-30": -34, "2006-06-30": 609, "2006-03-31": "945.00000", "2005-12-31": 292, "2005-09-30": 115, "2005-06-30": 364, "2005-03-31": "-1451.00000"}, "Net Change In Property, Plant, And Equipment": {"2020-12-31": 0, "2020-09-30": 0, "2020-06-30": 0, "2020-03-31": "", "2019-12-31": 0, "2019-09-30": 0, "2019-06-30": 0, "2019-03-31": "", "2018-12-31": 0, "2018-09-30": 0, "2018-06-30": 0, "2018-03-31": "", "2017-12-31": 0, "2017-09-30": 0, "2017-06-30": 0, "2017-03-31": "", "2016-12-31": 0, "2016-09-30": 0, "2016-06-30": 0, "2016-03-31": "", "2015-12-31": 0, "2015-09-30": 0, "2015-06-30": 0, "2015-03-31": "", "2014-12-31": 0, "2014-09-30": 0, "2014-06-30": 0, "2014-03-31": "", "2013-12-31": 0, "2013-09-30": 0, "2013-06-30": 0, "2013-03-31": "", "2012-12-31": 0, "2012-09-30": 0, "2012-06-30": 0, "2012-03-31": "", "2011-12-31": 0, "2011-09-30": 0, "2011-06-30": 0, "2011-03-31": "", "2010-12-31": 0, "2010-09-30": 0, "2010-06-30": 0, "2010-03-31": "", "2009-12-31": 0, "2009-09-30": 0, "2009-06-30": 0, "2009-03-31": "", "2008-12-31": 0, "2008-09-30": 0, "2008-06-30": 0, "2008-03-31": "", "2007-12-31": 0, "2007-09-30": 0, "2007-06-30": 0, "2007-03-31": "", "2006-12-31": 0, "2006-09-30": 0, "2006-06-30": 0, "2006-03-31": "", "2005-12-31": 0, "2005-09-30": 0, "2005-06-30": 0, "2005-03-31": ""}, "Net Change In Intangible Assets": {"2020-12-31": 0, "2020-09-30": 0, "2020-06-30": 0, "2020-03-31": "", "2019-12-31": 0, "2019-09-30": 0, "2019-06-30": 0, "2019-03-31": "", "2018-12-31": 0, "2018-09-30": 0, "2018-06-30": 0, "2018-03-31": "", "2017-12-31": 0, "2017-09-30": 0, "2017-06-30": 0, "2017-03-31": "", "2016-12-31": 0, "2016-09-30": 0, "2016-06-30": 0, "2016-03-31": "", "2015-12-31": 0, "2015-09-30": 0, "2015-06-30": 0, "2015-03-31": "", "2014-12-31": 0, "2014-09-30": 0, "2014-06-30": 0, "2014-03-31": "", "2013-12-31": 0, "2013-09-30": 0, "2013-06-30": 0, "2013-03-31": "", "2012-12-31": 0, "2012-09-30": 0, "2012-06-30": 0, "2012-03-31": "", "2011-12-31": 0, "2011-09-30": 0, "2011-06-30": 0, "2011-03-31": "", "2010-12-31": 0, "2010-09-30": 0, "2010-06-30": 0, "2010-03-31": "", "2009-12-31": 0, "2009-09-30": 0, "2009-06-30": 0, "2009-03-31": "", "2008-12-31": 0, "2008-09-30": 0, "2008-06-30": 0, "2008-03-31": "", "2007-12-31": 0, "2007-09-30": 0, "2007-06-30": 0, "2007-03-31": "", "2006-12-31": 0, "2006-09-30": 0, "2006-06-30": 0, "2006-03-31": "", "2005-12-31": 0, "2005-09-30": 0, "2005-06-30": 0, "2005-03-31": ""}, "Net Acquisitions/Divestitures": {"2020-12-31": 0, "2020-09-30": 0, "2020-06-30": 0, "2020-03-31": "", "2019-12-31": 75, "2019-09-30": 0, "2019-06-30": 0, "2019-03-31": "", "2018-12-31": 0, "2018-09-30": 0, "2018-06-30": 0, "2018-03-31": "", "2017-12-31": -19, "2017-09-30": 0, "2017-06-30": -1323, "2017-03-31": "", "2016-12-31": 0, "2016-09-30": 0, "2016-06-30": 0, "2016-03-31": "", "2015-12-31": 0, "2015-09-30": 0, "2015-06-30": 0, "2015-03-31": "", "2014-12-31": 0, "2014-09-30": 0, "2014-06-30": 0, "2014-03-31": "", "2013-12-31": 0, "2013-09-30": 0, "2013-06-30": 0, "2013-03-31": "", "2012-12-31": -836, "2012-09-30": 0, "2012-06-30": 35, "2012-03-31": "-3329.00000", "2011-12-31": 169, "2011-09-30": 0, "2011-06-30": 261, "2011-03-31": "", "2010-12-31": -277, "2010-09-30": 2323, "2010-06-30": 156, "2010-03-31": "", "2009-12-31": 0, "2009-09-30": -3396, "2009-06-30": 0, "2009-03-31": "", "2008-12-31": 2143, "2008-09-30": 0, "2008-06-30": 241, "2008-03-31": "377.00000", "2007-12-31": -428, "2007-09-30": -261, "2007-06-30": 36, "2007-03-31": "-1890.00000", "2006-12-31": -3, "2006-09-30": 0, "2006-06-30": -50, "2006-03-31": "-5.00000", "2005-12-31": -158, "2005-09-30": 26, "2005-06-30": -129, "2005-03-31": "-243.00000"}, "Net Change In Short-term Investments": {"2020-12-31": 45853, "2020-09-30": -19493, "2020-06-30": -30752, "2020-03-31": "4392.00000", "2019-12-31": -2670, "2019-09-30": -2020, "2019-06-30": -3373, "2019-03-31": "442.00000", "2018-12-31": 2757, "2018-09-30": 2051, "2018-06-30": 7186, "2018-03-31": "-129.00000", "2017-12-31": -3730, "2017-09-30": -2275, "2017-06-30": 5716, "2017-03-31": "-2840.00000", "2016-12-31": 823, "2016-09-30": 449, "2016-06-30": 2376, "2016-03-31": "1313.00000", "2015-12-31": 3842, "2015-09-30": 181, "2015-06-30": -2849, "2015-03-31": "540.00000", "2014-12-31": -5622, "2014-09-30": -9608, "2014-06-30": -2383, "2014-03-31": "-1899.00000", "2013-12-31": -5163, "2013-09-30": -3550, "2013-06-30": -2598, "2013-03-31": "2630.00000", "2012-12-31": -1405, "2012-09-30": 1595, "2012-06-30": -2188, "2012-03-31": "204.00000", "2011-12-31": 1198, "2011-09-30": 2287, "2011-06-30": -3264, "2011-03-31": "1707.00000", "2010-12-31": -2819, "2010-09-30": 4550, "2010-06-30": -5265, "2010-03-31": "4905.00000", "2009-12-31": -3357, "2009-09-30": 8457, "2009-06-30": 4092, "2009-03-31": "485.00000", "2008-12-31": -6132, "2008-09-30": 1196, "2008-06-30": -666, "2008-03-31": "601.00000", "2007-12-31": -361, "2007-09-30": -536, "2007-06-30": -220, "2007-03-31": "-30.00000", "2006-12-31": 1055, "2006-09-30": -2143, "2006-06-30": -164, "2006-03-31": "-161.00000", "2005-12-31": 557, "2005-09-30": -818, "2005-06-30": 1653, "2005-03-31": "383.00000"}, "Net Change In Long-Term Investments": {"2020-12-31": -12348, "2020-09-30": 7557, "2020-06-30": 6893, "2020-03-31": "-2102.00000", "2019-12-31": 1149, "2019-09-30": -896, "2019-06-30": -2235, "2019-03-31": "-431.00000", "2018-12-31": -1021, "2018-09-30": -909, "2018-06-30": -6037, "2018-03-31": "519.00000", "2017-12-31": -1690, "2017-09-30": 1069, "2017-06-30": 1164, "2017-03-31": "-424.00000", "2016-12-31": 633, "2016-09-30": -6168, "2016-06-30": 279, "2016-03-31": "-818.00000", "2015-12-31": -4202, "2015-09-30": -5020, "2015-06-30": -1231, "2015-03-31": "-4135.00000", "2014-12-31": -659, "2014-09-30": 1327, "2014-06-30": 2346, "2014-03-31": "1831.00000", "2013-12-31": -2738, "2013-09-30": -667, "2013-06-30": 1626, "2013-03-31": "1602.00000", "2012-12-31": 907, "2012-09-30": -49, "2012-06-30": 2852, "2012-03-31": "-626.00000", "2011-12-31": 776, "2011-09-30": -4460, "2011-06-30": 3137, "2011-03-31": "2855.00000", "2010-12-31": 559, "2010-09-30": -8907, "2010-06-30": 6673, "2010-03-31": "-1570.00000", "2009-12-31": -1334, "2009-09-30": -3905, "2009-06-30": -2570, "2009-03-31": "-1989.00000", "2008-12-31": -947, "2008-09-30": -2260, "2008-06-30": -2184, "2008-03-31": "533.00000", "2007-12-31": -2049, "2007-09-30": -1710, "2007-06-30": -69, "2007-03-31": "-1626.00000", "2006-12-31": -2653, "2006-09-30": 3050, "2006-06-30": -674, "2006-03-31": "-661.00000", "2005-12-31": -531, "2005-09-30": 363, "2005-06-30": -1347, "2005-03-31": "-2404.00000"}, "Net Change In Investments - Total": {"2020-12-31": 33505, "2020-09-30": -11936, "2020-06-30": -23859, "2020-03-31": "2290.00000", "2019-12-31": -1521, "2019-09-30": -2916, "2019-06-30": -5608, "2019-03-31": "11.00000", "2018-12-31": 1736, "2018-09-30": 1142, "2018-06-30": 1149, "2018-03-31": "390.00000", "2017-12-31": -5420, "2017-09-30": -1206, "2017-06-30": 6880, "2017-03-31": "-3264.00000", "2016-12-31": 1456, "2016-09-30": -5719, "2016-06-30": 2655, "2016-03-31": "495.00000", "2015-12-31": -360, "2015-09-30": -4839, "2015-06-30": -4080, "2015-03-31": "-3595.00000", "2014-12-31": -6281, "2014-09-30": -8281, "2014-06-30": -37, "2014-03-31": "-68.00000", "2013-12-31": -7901, "2013-09-30": -4217, "2013-06-30": -972, "2013-03-31": "4232.00000", "2012-12-31": -498, "2012-09-30": 1546, "2012-06-30": 664, "2012-03-31": "-422.00000", "2011-12-31": 1974, "2011-09-30": -2173, "2011-06-30": -127, "2011-03-31": "4562.00000", "2010-12-31": -2260, "2010-09-30": -4357, "2010-06-30": 1408, "2010-03-31": "3335.00000", "2009-12-31": -4691, "2009-09-30": 4552, "2009-06-30": 1522, "2009-03-31": "-1504.00000", "2008-12-31": -7079, "2008-09-30": -1064, "2008-06-30": -2850, "2008-03-31": "1134.00000", "2007-12-31": -2410, "2007-09-30": -2246, "2007-06-30": -289, "2007-03-31": "-1656.00000", "2006-12-31": -1598, "2006-09-30": 907, "2006-06-30": -838, "2006-03-31": "-822.00000", "2005-12-31": 26, "2005-09-30": -455, "2005-06-30": 306, "2005-03-31": "-2021.00000"}, "Investing Activities - Other": {"2020-12-31": 10874, "2020-09-30": 8794, "2020-06-30": 6001, "2020-03-31": "-25669.00000", "2019-12-31": -2819, "2019-09-30": -326, "2019-06-30": -5852, "2019-03-31": "-6034.00000", "2018-12-31": -4051, "2018-09-30": -337, "2018-06-30": -2358, "2018-03-31": "-1640.00000", "2017-12-31": 48, "2017-09-30": -3529, "2017-06-30": -4706, "2017-03-31": "-2356.00000", "2016-12-31": -1159, "2016-09-30": -1796, "2016-06-30": -1836, "2016-03-31": "-1403.00000", "2015-12-31": -2366, "2015-09-30": -212, "2015-06-30": -517, "2015-03-31": "-291.00000", "2014-12-31": -4065, "2014-09-30": 16, "2014-06-30": -3260, "2014-03-31": "-2917.00000", "2013-12-31": -3205, "2013-09-30": -2969, "2013-06-30": -3051, "2013-03-31": "-852.00000", "2012-12-31": -4294, "2012-09-30": -1938, "2012-06-30": -4832, "2012-03-31": "-3357.00000", "2011-12-31": -4966, "2011-09-30": -4784, "2011-06-30": -2016, "2011-03-31": "551.00000", "2010-12-31": -2178, "2010-09-30": 3202, "2010-06-30": 2095, "2010-03-31": "2282.00000", "2009-12-31": 1832, "2009-09-30": 3468, "2009-06-30": 5370, "2009-03-31": "2326.00000", "2008-12-31": -1434, "2008-09-30": -2448, "2008-06-30": -861, "2008-03-31": "-1145.00000", "2007-12-31": -686, "2007-09-30": -1718, "2007-06-30": -2124, "2007-03-31": "-967.00000", "2006-12-31": -525, "2006-09-30": -754, "2006-06-30": -1170, "2006-03-31": "-504.00000", "2005-12-31": 1269, "2005-09-30": -1307, "2005-06-30": -1912, "2005-03-31": "-1198.00000"}, "Cash Flow From Investing Activities": {"2020-12-31": 44379, "2020-09-30": -3142, "2020-06-30": -17858, "2020-03-31": "-23379.00000", "2019-12-31": -4265, "2019-09-30": -3242, "2019-06-30": -11460, "2019-03-31": "-6023.00000", "2018-12-31": -2315, "2018-09-30": 805, "2018-06-30": -1209, "2018-03-31": "-1250.00000", "2017-12-31": -5391, "2017-09-30": -4735, "2017-06-30": 851, "2017-03-31": "-5620.00000", "2016-12-31": 297, "2016-09-30": -7515, "2016-06-30": 819, "2016-03-31": "-908.00000", "2015-12-31": -2726, "2015-09-30": -5051, "2015-06-30": -4597, "2015-03-31": "-3886.00000", "2014-12-31": -10346, "2014-09-30": -8265, "2014-06-30": -3297, "2014-03-31": "-2985.00000", "2013-12-31": -11106, "2013-09-30": -7186, "2013-06-30": -4023, "2013-03-31": "3380.00000", "2012-12-31": -5628, "2012-09-30": -392, "2012-06-30": -4133, "2012-03-31": "-7108.00000", "2011-12-31": -2823, "2011-09-30": -6957, "2011-06-30": -1882, "2011-03-31": "5113.00000", "2010-12-31": -4715, "2010-09-30": 1168, "2010-06-30": 3659, "2010-03-31": "5617.00000", "2009-12-31": -2859, "2009-09-30": 4624, "2009-06-30": 6892, "2009-03-31": "822.00000", "2008-12-31": -6370, "2008-09-30": -3512, "2008-06-30": -3470, "2008-03-31": "366.00000", "2007-12-31": -3524, "2007-09-30": -4225, "2007-06-30": -2377, "2007-03-31": "-4513.00000", "2006-12-31": -2126, "2006-09-30": 153, "2006-06-30": -2058, "2006-03-31": "-1331.00000", "2005-12-31": 1137, "2005-09-30": -1736, "2005-06-30": -1735, "2005-03-31": "-3462.00000"}, "Net Long-Term Debt": {"2020-12-31": 8202, "2020-09-30": -4237, "2020-06-30": -12901, "2020-03-31": "8936.00000", "2019-12-31": -6178, "2019-09-30": -2786, "2019-06-30": 2884, "2019-03-31": "-502.00000", "2018-12-31": -2054, "2018-09-30": 646, "2018-06-30": -1396, "2018-03-31": "-549.00000", "2017-12-31": 5002, "2017-09-30": -1620, "2017-06-30": 5492, "2017-03-31": "-2773.00000", "2016-12-31": 958, "2016-09-30": -2050, "2016-06-30": 831, "2016-03-31": "-1325.00000", "2015-12-31": -371, "2015-09-30": 492, "2015-06-30": 3432, "2015-03-31": "647.00000", "2014-12-31": 3855, "2014-09-30": 2833, "2014-06-30": 2078, "2014-03-31": "2262.00000", "2013-12-31": 14890, "2013-09-30": -7475, "2013-06-30": 2642, "2013-03-31": "-2454.00000", "2012-12-31": 12568, "2012-09-30": -11710, "2012-06-30": 3294, "2012-03-31": "-4449.00000", "2011-12-31": -623, "2011-09-30": 545, "2011-06-30": -694, "2011-03-31": "-2895.00000", "2010-12-31": -1321, "2010-09-30": -1188, "2010-06-30": -1104, "2010-03-31": "-1238.00000", "2009-12-31": -1933, "2009-09-30": -3682, "2009-06-30": -2653, "2009-03-31": "-1714.00000", "2008-12-31": -128, "2008-09-30": 417, "2008-06-30": -1273, "2008-03-31": "5615.00000", "2007-12-31": 1271, "2007-09-30": 2555, "2007-06-30": 2687, "2007-03-31": "1517.00000", "2006-12-31": 1681, "2006-09-30": -2508, "2006-06-30": 210, "2006-03-31": "-472.00000", "2005-12-31": 404, "2005-09-30": 2170, "2005-06-30": -1110, "2005-03-31": "1291.00000"}, "Net Current Debt": {"2020-12-31": 11872, "2020-09-30": -1170, "2020-06-30": -13652, "2020-03-31": "2950.00000", "2019-12-31": 5308, "2019-09-30": -5045, "2019-06-30": 5820, "2019-03-31": "2482.00000", "2018-12-31": 984, "2018-09-30": -1898, "2018-06-30": 2750, "2018-03-31": "-24.00000", "2017-12-31": -3385, "2017-09-30": 2871, "2017-06-30": -4378, "2017-03-31": "5303.00000", "2016-12-31": 847, "2016-09-30": -924, "2016-06-30": -479, "2016-03-31": "846.00000", "2015-12-31": -1540, "2015-09-30": -2380, "2015-06-30": -1847, "2015-03-31": "-800.00000", "2014-12-31": 574, "2014-09-30": 515, "2014-06-30": 107, "2014-03-31": "-1755.00000", "2013-12-31": -8935, "2013-09-30": 7893, "2013-06-30": -160, "2013-03-31": "-1068.00000", "2012-12-31": -14716, "2012-09-30": 11017, "2012-06-30": -2306, "2012-03-31": "8906.00000", "2011-12-31": 2278, "2011-09-30": -942, "2011-06-30": 704, "2011-03-31": "-1424.00000", "2010-12-31": 1112, "2010-09-30": 571, "2010-06-30": -730, "2010-03-31": "85.00000", "2009-12-31": 313, "2009-09-30": 169, "2009-06-30": -766, "2009-03-31": "-2335.00000", "2008-12-31": -5727, "2008-09-30": -802, "2008-06-30": 1116, "2008-03-31": "-3828.00000", "2007-12-31": 1597, "2007-09-30": 245, "2007-06-30": 1510, "2007-03-31": "3219.00000", "2006-12-31": -1065, "2006-09-30": 1144, "2006-06-30": -876, "2006-03-31": "-22.00000", "2005-12-31": -1751, "2005-09-30": -1923, "2005-06-30": 3406, "2005-03-31": "1536.00000"}, "Debt Issuance/Retirement Net - Total": {"2020-12-31": 20074, "2020-09-30": -5407, "2020-06-30": -26553, "2020-03-31": "11886.00000", "2019-12-31": -870, "2019-09-30": -7831, "2019-06-30": 8704, "2019-03-31": "1980.00000", "2018-12-31": -1070, "2018-09-30": -1252, "2018-06-30": 1354, "2018-03-31": "-573.00000", "2017-12-31": 1617, "2017-09-30": 1251, "2017-06-30": 1114, "2017-03-31": "2530.00000", "2016-12-31": 1805, "2016-09-30": -2974, "2016-06-30": 352, "2016-03-31": "-479.00000", "2015-12-31": -1911, "2015-09-30": -1888, "2015-06-30": 1585, "2015-03-31": "-153.00000", "2014-12-31": 4429, "2014-09-30": 3348, "2014-06-30": 2185, "2014-03-31": "507.00000", "2013-12-31": 5955, "2013-09-30": 418, "2013-06-30": 2482, "2013-03-31": "-3522.00000", "2012-12-31": -2148, "2012-09-30": -693, "2012-06-30": 988, "2012-03-31": "4457.00000", "2011-12-31": 1655, "2011-09-30": -397, "2011-06-30": 10, "2011-03-31": "-4319.00000", "2010-12-31": -209, "2010-09-30": -617, "2010-06-30": -1834, "2010-03-31": "-1153.00000", "2009-12-31": -1620, "2009-09-30": -3513, "2009-06-30": -3419, "2009-03-31": "-4049.00000", "2008-12-31": -5855, "2008-09-30": -385, "2008-06-30": -157, "2008-03-31": "1787.00000", "2007-12-31": 2868, "2007-09-30": 2800, "2007-06-30": 4197, "2007-03-31": "4736.00000", "2006-12-31": 616, "2006-09-30": -1364, "2006-06-30": -666, "2006-03-31": "-494.00000", "2005-12-31": -1347, "2005-09-30": 247, "2005-06-30": 2296, "2005-03-31": "2827.00000"}, "Net Common Equity Issued/Repurchased": {"2020-12-31": 1550, "2020-09-30": -61, "2020-06-30": 10, "2020-03-31": "-1499.00000", "2019-12-31": -935, "2019-09-30": -980, "2019-06-30": -769, "2019-03-31": "-804.00000", "2018-12-31": -724, "2018-09-30": -443, "2018-06-30": -834, "2018-03-31": "-807.00000", "2017-12-31": -482, "2017-09-30": -527, "2017-06-30": -678, "2017-03-31": "-628.00000", "2016-12-31": -415, "2016-09-30": -471, "2016-06-30": -492, "2016-03-31": "-533.00000", "2015-12-31": -545, "2015-09-30": -557, "2015-06-30": -508, "2015-03-31": "-403.00000", "2014-12-31": -494, "2014-09-30": -318, "2014-06-30": -197, "2014-03-31": "85.00000", "2013-12-31": 48, "2013-09-30": 64, "2013-06-30": 101, "2013-03-31": "7.00000", "2012-12-31": -45, "2012-09-30": -74, "2012-06-30": 16, "2012-03-31": "45.00000", "2011-12-31": 30, "2011-09-30": -3, "2011-06-30": -9, "2011-03-31": "-19.00000", "2010-12-31": -12, "2010-09-30": -31, "2010-06-30": -17, "2010-03-31": "3342.00000", "2009-12-31": 9, "2009-09-30": 11, "2009-06-30": 628, "2009-03-31": "35.00000", "2008-12-31": 353, "2008-09-30": 59, "2008-06-30": 25, "2008-03-31": "8.00000", "2007-12-31": -9, "2007-09-30": -397, "2007-06-30": -248, "2007-03-31": "-56.00000", "2006-12-31": -84, "2006-09-30": -95, "2006-06-30": -86, "2006-03-31": "77.00000", "2005-12-31": 43, "2005-09-30": 11, "2005-06-30": -6, "2005-03-31": "6.00000"}, "Net Total Equity Issued/Repurchased": {"2020-12-31": 1550, "2020-09-30": -61, "2020-06-30": 10, "2020-03-31": "-1499.00000", "2019-12-31": -935, "2019-09-30": -980, "2019-06-30": -769, "2019-03-31": "-804.00000", "2018-12-31": -724, "2018-09-30": -443, "2018-06-30": -834, "2018-03-31": "-807.00000", "2017-12-31": -482, "2017-09-30": -527, "2017-06-30": -678, "2017-03-31": "-628.00000", "2016-12-31": 104, "2016-09-30": -471, "2016-06-30": -492, "2016-03-31": "-533.00000", "2015-12-31": -545, "2015-09-30": -557, "2015-06-30": -1008, "2015-03-31": "-403.00000", "2014-12-31": -494, "2014-09-30": -318, "2014-06-30": -197, "2014-03-31": "85.00000", "2013-12-31": 48, "2013-09-30": 64, "2013-06-30": 447, "2013-03-31": "7.00000", "2012-12-31": 484, "2012-09-30": 364, "2012-06-30": 1498, "2012-03-31": "45.00000", "2011-12-31": 30, "2011-09-30": 985, "2011-06-30": -9, "2011-03-31": "-19.00000", "2010-12-31": -12, "2010-09-30": -31, "2010-06-30": -17, "2010-03-31": "-4237.00000", "2009-12-31": 9, "2009-09-30": 11, "2009-06-30": 628, "2009-03-31": "35.00000", "2008-12-31": 7628, "2008-09-30": 59, "2008-06-30": 517, "2008-03-31": "8.00000", "2007-12-31": -9, "2007-09-30": -397, "2007-06-30": -248, "2007-03-31": "-56.00000", "2006-12-31": -84, "2006-09-30": -95, "2006-06-30": -86, "2006-03-31": "77.00000", "2005-12-31": 43, "2005-09-30": 11, "2005-06-30": -6, "2005-03-31": "6.00000"}, "Total Common And Preferred Stock Dividends Paid": {"2020-12-31": 1669, "2020-09-30": -557, "2020-06-30": -546, "2020-03-31": "-566.00000", "2019-12-31": -564, "2019-09-30": -581, "2019-06-30": -487, "2019-03-31": "-499.00000", "2018-12-31": -497, "2018-09-30": -509, "2018-06-30": -410, "2018-03-31": "-421.00000", "2017-12-31": -417, "2017-09-30": -427, "2017-06-30": -324, "2017-03-31": "-334.00000", "2016-12-31": -311, "2016-09-30": -338, "2016-06-30": -297, "2016-03-31": "-324.00000", "2015-12-31": -300, "2015-09-30": -326, "2015-06-30": -312, "2015-03-31": "-319.00000", "2014-12-31": -299, "2014-09-30": -327, "2014-06-30": -303, "2014-03-31": "-303.00000", "2013-12-31": -283, "2013-09-30": -303, "2013-06-30": -285, "2013-03-31": "-277.00000", "2012-12-31": -264, "2012-09-30": -274, "2012-06-30": -236, "2012-03-31": "-223.00000", "2011-12-31": -207, "2011-09-30": -189, "2011-06-30": -208, "2011-03-31": "-56.00000", "2010-12-31": -77, "2010-09-30": -57, "2010-06-30": -78, "2010-03-31": "-138.00000", "2009-12-31": -165, "2009-09-30": -145, "2009-06-30": -164, "2009-03-31": "-344.00000", "2008-12-31": -250, "2008-09-30": -229, "2008-06-30": -229, "2008-03-31": "-215.00000", "2007-12-31": -212, "2007-09-30": -215, "2007-06-30": -218, "2007-03-31": "-161.00000", "2006-12-31": -162, "2006-09-30": -162, "2006-06-30": -162, "2006-03-31": "-147.00000", "2005-12-31": -146, "2005-09-30": -146, "2005-06-30": -141, "2005-03-31": "-142.00000"}, "Financial Activities - Other": {"2020-12-31": -66516, "2020-09-30": 9065, "2020-06-30": 40765, "2020-03-31": "16686.00000", "2019-12-31": 2909, "2019-09-30": 12285, "2019-06-30": 2123, "2019-03-31": "3399.00000", "2018-12-31": 2829, "2018-09-30": 58, "2018-06-30": 258, "2018-03-31": "-471.00000", "2017-12-31": 4322, "2017-09-30": 1640, "2017-06-30": -1557, "2017-03-31": "2586.00000", "2016-12-31": -2752, "2016-09-30": 10099, "2016-06-30": -532, "2016-03-31": "1764.00000", "2015-12-31": 3820, "2015-09-30": 5268, "2015-06-30": 3197, "2015-03-31": "4292.00000", "2014-12-31": 5901, "2014-09-30": 3724, "2014-06-30": 231, "2014-03-31": "1456.00000", "2013-12-31": 4862, "2013-09-30": 3764, "2013-06-30": 698, "2013-03-31": "-1872.00000", "2012-12-31": 7309, "2012-09-30": -669, "2012-06-30": 819, "2012-03-31": "110.00000", "2011-12-31": 20, "2011-09-30": 5795, "2011-06-30": -413, "2011-03-31": "-1354.00000", "2010-12-31": 4212, "2010-09-30": -466, "2010-06-30": -3732, "2010-03-31": "-3086.00000", "2009-12-31": 2272, "2009-09-30": -2527, "2009-06-30": -4196, "2009-03-31": "1771.00000", "2008-12-31": 4248, "2008-09-30": 301, "2008-06-30": 1533, "2008-03-31": "-2285.00000", "2007-12-31": 2329, "2007-09-30": 1181, "2007-06-30": -150, "2007-03-31": "-1346.00000", "2006-12-31": 1622, "2006-09-30": 1082, "2006-06-30": 2595, "2006-03-31": "638.00000", "2005-12-31": 65, "2005-09-30": 1541, "2005-06-30": -244, "2005-03-31": "1900.00000"}, "Cash Flow From Financial Activities": {"2020-12-31": -43223, "2020-09-30": 3040, "2020-06-30": 13676, "2020-03-31": "26507.00000", "2019-12-31": 540, "2019-09-30": 2893, "2019-06-30": 9571, "2019-03-31": "4076.00000", "2018-12-31": 538, "2018-09-30": -2146, "2018-06-30": 368, "2018-03-31": "-2272.00000", "2017-12-31": 5040, "2017-09-30": 1937, "2017-06-30": -1445, "2017-03-31": "4154.00000", "2016-12-31": -1154, "2016-09-30": 6316, "2016-06-30": -969, "2016-03-31": "428.00000", "2015-12-31": 1064, "2015-09-30": 2497, "2015-06-30": 3462, "2015-03-31": "3417.00000", "2014-12-31": 9537, "2014-09-30": 6427, "2014-06-30": 1916, "2014-03-31": "1745.00000", "2013-12-31": 10582, "2013-09-30": 3943, "2013-06-30": 3342, "2013-03-31": "-5664.00000", "2012-12-31": 5381, "2012-09-30": -1272, "2012-06-30": 3069, "2012-03-31": "4389.00000", "2011-12-31": 1498, "2011-09-30": 6194, "2011-06-30": -620, "2011-03-31": "-5748.00000", "2010-12-31": 3914, "2010-09-30": -1171, "2010-06-30": -5661, "2010-03-31": "-8614.00000", "2009-12-31": 496, "2009-09-30": -6174, "2009-06-30": -7151, "2009-03-31": "-2587.00000", "2008-12-31": 5771, "2008-09-30": -254, "2008-06-30": 1664, "2008-03-31": "-705.00000", "2007-12-31": 4976, "2007-09-30": 3369, "2007-06-30": 3581, "2007-03-31": "3173.00000", "2006-12-31": 1992, "2006-09-30": -539, "2006-06-30": 1681, "2006-03-31": "74.00000", "2005-12-31": -1385, "2005-09-30": 1653, "2005-06-30": 1905, "2005-03-31": "4591.00000"}, "Net Cash Flow": {"2020-12-31": -1568, "2020-09-30": 291, "2020-06-30": -1155, "2020-03-31": "2432.00000", "2019-12-31": -610, "2019-09-30": 255, "2019-06-30": 354, "2019-03-31": "-546.00000", "2018-12-31": 360, "2018-09-30": -177, "2018-06-30": 776, "2018-03-31": "-600.00000", "2017-12-31": 513, "2017-09-30": -303, "2017-06-30": 36, "2017-03-31": "124.00000", "2016-12-31": 348, "2016-09-30": 335, "2016-06-30": 335, "2016-03-31": "-204.00000", "2015-12-31": 230, "2015-09-30": -577, "2015-06-30": 261, "2015-03-31": "-209.00000", "2014-12-31": 196, "2014-09-30": -728, "2014-06-30": 169, "2014-03-31": "680.00000", "2013-12-31": -865, "2013-09-30": 857, "2013-06-30": 103, "2013-03-31": "-1272.00000", "2012-12-31": 936, "2012-09-30": 148, "2012-06-30": -26, "2012-03-31": "57.00000", "2011-12-31": 123, "2011-09-30": 117, "2011-06-30": 476, "2011-03-31": "92.00000", "2010-12-31": -427, "2010-09-30": 166, "2010-06-30": -5, "2010-03-31": "-725.00000", "2009-12-31": 862, "2009-09-30": -371, "2009-06-30": 221, "2009-03-31": "-895.00000", "2008-12-31": 1411, "2008-09-30": -465, "2008-06-30": -409, "2008-03-31": "367.00000", "2007-12-31": 249, "2007-09-30": 141, "2007-06-30": -57, "2007-03-31": "-289.00000", "2006-12-31": 505, "2006-09-30": -420, "2006-06-30": 232, "2006-03-31": "-312.00000", "2005-12-31": 44, "2005-09-30": 32, "2005-06-30": 534, "2005-03-31": "-322.00000"}, "Stock-Based Compensation": {"2020-12-31": 0, "2020-09-30": 0, "2020-06-30": 0, "2020-03-31": "", "2019-12-31": 0, "2019-09-30": 0, "2019-06-30": 0, "2019-03-31": "", "2018-12-31": 0, "2018-09-30": 0, "2018-06-30": 0, "2018-03-31": "", "2017-12-31": 0, "2017-09-30": 0, "2017-06-30": 0, "2017-03-31": "", "2016-12-31": 0, "2016-09-30": 0, "2016-06-30": 0, "2016-03-31": "", "2015-12-31": 0, "2015-09-30": 0, "2015-06-30": 0, "2015-03-31": "", "2014-12-31": 0, "2014-09-30": 0, "2014-06-30": 0, "2014-03-31": "", "2013-12-31": 0, "2013-09-30": 0, "2013-06-30": 0, "2013-03-31": "", "2012-12-31": 0, "2012-09-30": 0, "2012-06-30": 0, "2012-03-31": "", "2011-12-31": 0, "2011-09-30": 0, "2011-06-30": 0, "2011-03-31": "", "2010-12-31": 0, "2010-09-30": 0, "2010-06-30": 0, "2010-03-31": "", "2009-12-31": 0, "2009-09-30": 0, "2009-06-30": 0, "2009-03-31": "", "2008-12-31": 0, "2008-09-30": 0, "2008-06-30": 0, "2008-03-31": "", "2007-12-31": 0, "2007-09-30": 0, "2007-06-30": 0, "2007-03-31": "", "2006-12-31": 0, "2006-09-30": 0, "2006-06-30": 0, "2006-03-31": "", "2005-12-31": 0, "2005-09-30": 0, "2005-06-30": 0, "2005-03-31": ""}, "Common Stock Dividends Paid": {"2020-12-31": 1488, "2020-09-30": -494, "2020-06-30": -491, "2020-03-31": "-503.00000", "2019-12-31": -509, "2019-09-30": -518, "2019-06-30": -432, "2019-03-31": "-436.00000", "2018-12-31": -442, "2018-09-30": -446, "2018-06-30": -355, "2018-03-31": "-358.00000", "2017-12-31": -362, "2017-09-30": -364, "2017-06-30": -269, "2017-03-31": "-271.00000", "2016-12-31": -270, "2016-09-30": -275, "2016-06-30": -256, "2016-03-31": "-260.00000", "2015-12-31": -259, "2015-09-30": -263, "2015-06-30": -265, "2015-03-31": "-251.00000", "2014-12-31": -252, "2014-09-30": -257, "2014-06-30": -256, "2014-03-31": "-235.00000", "2013-12-31": -234, "2013-09-30": -233, "2013-06-30": -234, "2013-03-31": "-210.00000", "2012-12-31": -212, "2012-09-30": -212, "2012-06-30": -211, "2012-03-31": "-185.00000", "2011-12-31": -183, "2011-09-30": -185, "2011-06-30": -184, "2011-03-31": "-52.00000", "2010-12-31": -53, "2010-09-30": -53, "2010-06-30": -53, "2010-03-31": "-45.00000", "2009-12-31": -46, "2009-09-30": -46, "2009-06-30": -45, "2009-03-31": "-293.00000", "2008-12-31": -229, "2008-09-30": -229, "2008-06-30": -229, "2008-03-31": "-215.00000", "2007-12-31": -212, "2007-09-30": -215, "2007-06-30": -218, "2007-03-31": "-161.00000", "2006-12-31": -162, "2006-09-30": -162, "2006-06-30": -162, "2006-03-31": "-147.00000", "2005-12-31": -146, "2005-09-30": -146, "2005-06-30": -141, "2005-03-31": "-142.00000"}}, "financial ratios": {"Current Ratio": {"2019-12-31": "", "2018-12-31": "", "2017-12-31": "", "2016-12-31": "", "2015-12-31": "", "2014-12-31": "", "2013-12-31": "", "2012-12-31": "", "2011-12-31": "", "2010-12-31": "", "2009-12-31": "", "2008-12-31": "", "2007-12-31": "", "2006-12-31": "", "2005-12-31": ""}, "Long-term Debt / Capital": {"2019-12-31": "0.41600", "2018-12-31": "0.39290", "2017-12-31": "0.41140", "2016-12-31": "0.39800", "2015-12-31": "0.39370", "2014-12-31": "0.38020", "2013-12-31": "0.35190", "2012-12-31": "0.32040", "2011-12-31": "0.37640", "2010-12-31": "0.47150", "2009-12-31": "0.42930", "2008-12-31": "0.51160", "2007-12-31": "0.48680", "2006-12-31": "0.48660", "2005-12-31": "0.56400"}, "Debt/Equity Ratio": {"2019-12-31": "1.04340", "2018-12-31": "1.09720", "2017-12-31": "1.14110", "2016-12-31": "1.03580", "2015-12-31": "1.08660", "2014-12-31": "1.23210", "2013-12-31": "1.04700", "2012-12-31": "0.97950", "2011-12-31": "0.98540", "2010-12-31": "1.20250", "2009-12-31": "1.20550", "2008-12-31": "1.88950", "2007-12-31": "2.08230", "2006-12-31": "1.39300", "2005-12-31": "1.97330"}, "Gross Margin": {"2019-12-31": "", "2018-12-31": "", "2017-12-31": "", "2016-12-31": "", "2015-12-31": "", "2014-12-31": "", "2013-12-31": "", "2012-12-31": "", "2011-12-31": "", "2010-12-31": "", "2009-12-31": "", "2008-12-31": "", "2007-12-31": "", "2006-12-31": "", "2005-12-31": ""}, "Operating Margin": {"2019-12-31": "", "2018-12-31": "", "2017-12-31": "", "2016-12-31": "", "2015-12-31": "", "2014-12-31": "", "2013-12-31": "", "2012-12-31": "", "2011-12-31": "", "2010-12-31": "", "2009-12-31": "", "2008-12-31": "", "2007-12-31": "", "2006-12-31": "", "2005-12-31": ""}, "EBIT Margin": {"2019-12-31": "", "2018-12-31": "", "2017-12-31": "", "2016-12-31": "", "2015-12-31": "", "2014-12-31": "", "2013-12-31": "", "2012-12-31": "", "2011-12-31": "", "2010-12-31": "", "2009-12-31": "", "2008-12-31": "", "2007-12-31": "", "2006-12-31": "", "2005-12-31": ""}, "EBITDA Margin": {"2019-12-31": "", "2018-12-31": "", "2017-12-31": "", "2016-12-31": "", "2015-12-31": "", "2014-12-31": "", "2013-12-31": "", "2012-12-31": "", "2011-12-31": "", "2010-12-31": "", "2009-12-31": "", "2008-12-31": "", "2007-12-31": "", "2006-12-31": "", "2005-12-31": ""}, "Pre-Tax Profit Margin": {"2019-12-31": "37.99700", "2018-12-31": "38.43580", "2017-12-31": "34.55440", "2016-12-31": "35.66430", "2015-12-31": "36.78690", "2014-12-31": "37.17390", "2013-12-31": "37.00960", "2012-12-31": "27.80720", "2011-12-31": "30.88660", "2010-12-31": "32.04200", "2009-12-31": "26.22380", "2008-12-31": "22.89180", "2007-12-31": "34.50500", "2006-12-31": "47.40770", "2005-12-31": "31.71580"}, "Net Profit Margin": {"2019-12-31": "29.95190", "2018-12-31": "30.13630", "2017-12-31": "31.80390", "2016-12-31": "24.86250", "2015-12-31": "25.81160", "2014-12-31": "26.06280", "2013-12-31": "25.59700", "2012-12-31": "19.31840", "2011-12-31": "22.75700", "2010-12-31": "23.75730", "2009-12-31": "16.28720", "2008-12-31": "18.01630", "2007-12-31": "26.30920", "2006-12-31": "30.70550", "2005-12-31": "20.99590"}, "Asset Turnover": {"2019-12-31": "0.04160", "2018-12-31": "0.04370", "2017-12-31": "0.04170", "2016-12-31": "0.04020", "2015-12-31": "0.04180", "2014-12-31": "0.04380", "2013-12-31": "0.04800", "2012-12-31": "0.04760", "2011-12-31": "0.04860", "2010-12-31": "0.04800", "2009-12-31": "0.04560", "2008-12-31": "0.01640", "2007-12-31": "0.04010", "2006-12-31": "0.08300", "2005-12-31": "0.06860"}, "Inventory Turnover Ratio": {"2019-12-31": "", "2018-12-31": "", "2017-12-31": "", "2016-12-31": "", "2015-12-31": "", "2014-12-31": "", "2013-12-31": "", "2012-12-31": "", "2011-12-31": "", "2010-12-31": "", "2009-12-31": "", "2008-12-31": "", "2007-12-31": "", "2006-12-31": "", "2005-12-31": ""}, "Receiveable Turnover": {"2019-12-31": "", "2018-12-31": "", "2017-12-31": "", "2016-12-31": "", "2015-12-31": "", "2014-12-31": "", "2013-12-31": "", "2012-12-31": "", "2011-12-31": "", "2010-12-31": "", "2009-12-31": "", "2008-12-31": "", "2007-12-31": "", "2006-12-31": "", "2005-12-31": ""}, "Days Sales In Receivables": {"2019-12-31": "", "2018-12-31": "", "2017-12-31": "", "2016-12-31": "", "2015-12-31": "", "2014-12-31": "", "2013-12-31": "", "2012-12-31": "", "2011-12-31": "", "2010-12-31": "", "2009-12-31": "", "2008-12-31": "", "2007-12-31": "", "2006-12-31": "", "2005-12-31": ""}, "ROE - Return On Equity": {"2019-12-31": "10.98030", "2018-12-31": "11.19110", "2017-12-31": "11.32290", "2016-12-31": "8.50510", "2015-12-31": "9.01040", "2014-12-31": "9.98620", "2013-12-31": "10.50480", "2012-12-31": "7.84280", "2011-12-31": "8.62420", "2010-12-31": "9.39390", "2009-12-31": "9.58810", "2008-12-31": "4.03450", "2007-12-31": "9.01440", "2006-12-31": "24.05450", "2005-12-31": "15.47360"}, "Return On Tangible Equity": {"2019-12-31": "14.08520", "2018-12-31": "14.61890", "2017-12-31": "14.72940", "2016-12-31": "11.07160", "2015-12-31": "11.74050", "2014-12-31": "11.97650", "2013-12-31": "12.86230", "2012-12-31": "9.69060", "2011-12-31": "11.33130", "2010-12-31": "13.69260", "2009-12-31": "11.99510", "2008-12-31": "4.98750", "2007-12-31": "25.24990", "2006-12-31": "38.47290", "2005-12-31": "32.34070"}, "ROA - Return On Assets": {"2019-12-31": "1.32050", "2018-12-31": "1.39830", "2017-12-31": "1.41500", "2016-12-31": "1.08770", "2015-12-31": "1.15570", "2014-12-31": "1.21920", "2013-12-31": "1.31550", "2012-12-31": "0.98130", "2011-12-31": "1.13240", "2010-12-31": "1.14420", "2009-12-31": "0.87380", "2008-12-31": "0.27350", "2007-12-31": "0.96390", "2006-12-31": "2.54860", "2005-12-31": "1.44090"}, "ROI - Return On Investment": {"2019-12-31": "6.41280", "2018-12-31": "6.79440", "2017-12-31": "6.66440", "2016-12-31": "5.11980", "2015-12-31": "5.46320", "2014-12-31": "5.65970", "2013-12-31": "6.19920", "2012-12-31": "4.87190", "2011-12-31": "5.14160", "2010-12-31": "4.86650", "2009-12-31": "4.13180", "2008-12-31": "1.40610", "2007-12-31": "4.62590", "2006-12-31": "12.35010", "2005-12-31": "6.74610"}, "Book Value Per Share": {"2019-12-31": "113.95610", "2018-12-31": "104.52950", "2017-12-31": "100.60250", "2016-12-31": "96.60620", "2015-12-31": "91.23020", "2014-12-31": "88.09560", "2013-12-31": "82.62100", "2012-12-31": "79.10040", "2011-12-31": "70.67550", "2010-12-31": "62.42970", "2009-12-31": "70.49130", "2008-12-31": "62.41080", "2007-12-31": "43.56010", "2006-12-31": "36.81910", "2005-12-31": "29.22530"}, "Operating Cash Flow Per Share": {"2019-12-31": -0.2456, "2018-12-31": 5.2015, "2017-12-31": 4.4794, "2016-12-31": -3.6046, "2015-12-31": 0.2042, "2014-12-31": -0.0413, "2013-12-31": -2.4298, "2012-12-31": 1.4019, "2011-12-31": 2.2158, "2010-12-31": -3.3924, "2009-12-31": -8.7816, "2008-12-31": 22.6733, "2007-12-31": -8.5149, "2006-12-31": 9.6142, "2005-12-31": -2.3448}, "Free Cash Flow Per Share": {"2019-12-31": -0.2456, "2018-12-31": 5.2015, "2017-12-31": 4.4794, "2016-12-31": -3.6046, "2015-12-31": 0.2042, "2014-12-31": -0.0413, "2013-12-31": -2.4298, "2012-12-31": 1.4019, "2011-12-31": 2.2158, "2010-12-31": -3.3924, "2009-12-31": -8.7816, "2008-12-31": 22.6733, "2007-12-31": -8.5149, "2006-12-31": 9.6142, "2005-12-31": -2.3448}}, "financial ratios, quarterly": {"Current Ratio": {"2020-09-30": "", "2020-06-30": "", "2020-03-31": "", "2019-12-31": "", "2019-09-30": "", "2019-06-30": "", "2019-03-31": "", "2018-12-31": "", "2018-09-30": "", "2018-06-30": "", "2018-03-31": "", "2017-12-31": "", "2017-09-30": "", "2017-06-30": "", "2017-03-31": "", "2016-12-31": "", "2016-09-30": "", "2016-06-30": "", "2016-03-31": "", "2015-12-31": "", "2015-09-30": "", "2015-06-30": "", "2015-03-31": "", "2014-12-31": "", "2014-09-30": "", "2014-06-30": "", "2014-03-31": "", "2013-12-31": "", "2013-09-30": "", "2013-06-30": "", "2013-03-31": "", "2012-12-31": "", "2012-09-30": "", "2012-06-30": "", "2012-03-31": "", "2011-12-31": "", "2011-09-30": "", "2011-06-30": "", "2011-03-31": "", "2010-12-31": "", "2010-09-30": "", "2010-06-30": "", "2010-03-31": "", "2009-12-31": "", "2009-09-30": "", "2009-06-30": "", "2009-03-31": "", "2008-12-31": "", "2008-09-30": "", "2008-06-30": "", "2008-03-31": "", "2007-12-31": "", "2007-09-30": "", "2007-06-30": "", "2007-03-31": "", "2006-12-31": "", "2006-09-30": "", "2006-06-30": "", "2006-03-31": "", "2005-12-31": "", "2005-09-30": "", "2005-06-30": "", "2005-03-31": ""}, "Long-term Debt / Capital": {"2020-09-30": "0.40710", "2020-06-30": "0.42120", "2020-03-31": "0.50310", "2019-12-31": "0.47090", "2019-09-30": "0.39740", "2019-06-30": "0.40130", "2019-03-31": "0.44760", "2018-12-31": "0.39290", "2018-09-30": "0.40780", "2018-06-30": "0.40800", "2018-03-31": "0.41880", "2017-12-31": "0.41140", "2017-09-30": "0.44350", "2017-06-30": "0.44720", "2017-03-31": "0.40030", "2016-12-31": "0.39800", "2016-09-30": "0.41520", "2016-06-30": "0.42770", "2016-03-31": "0.41320", "2015-12-31": "0.39370", "2015-09-30": "0.40730", "2015-06-30": "0.40260", "2015-03-31": "0.38450", "2014-12-31": "0.38020", "2014-09-30": "0.37460", "2014-06-30": "0.36140", "2014-03-31": "0.35520", "2013-12-31": "0.35190", "2013-09-30": "0.33570", "2013-06-30": "0.33020", "2013-03-31": "0.33510", "2012-12-31": "0.32040", "2012-09-30": "0.30740", "2012-06-30": "0.41970", "2012-03-31": "0.42920", "2011-12-31": "0.37640", "2011-09-30": "0.42010", "2011-06-30": "0.43030", "2011-03-31": "0.43440", "2010-12-31": "0.47150", "2010-09-30": "0.46150", "2010-06-30": "0.48010", "2010-03-31": "0.48970", "2009-12-31": "0.42930", "2009-09-30": "0.45050", "2009-06-30": "0.46860", "2009-03-31": "0.48220", "2008-12-31": "0.51160", "2008-09-30": "0.50010", "2008-06-30": "0.47500", "2008-03-31": "0.51720", "2007-12-31": "0.48680", "2007-09-30": "0.49110", "2007-06-30": "0.49990", "2007-03-31": "0.45350", "2006-12-31": "0.48660", "2006-09-30": "0.45400", "2006-06-30": "0.53600", "2006-03-31": "0.53910", "2005-12-31": "0.56400", "2005-09-30": "0.57810", "2005-06-30": "0.53450", "2005-03-31": "0.54450"}, "Debt/Equity Ratio": {"2020-09-30": "0.78990", "2020-06-30": "0.88820", "2020-03-31": "1.48910", "2019-12-31": "1.22130", "2019-09-30": "1.10250", "2019-06-30": "1.26520", "2019-03-31": "1.23230", "2018-12-31": "1.09720", "2018-09-30": "1.11410", "2018-06-30": "1.15830", "2018-03-31": "1.13600", "2017-12-31": "1.14110", "2017-09-30": "1.23920", "2017-06-30": "1.22130", "2017-03-31": "1.09320", "2016-12-31": "1.03580", "2016-09-30": "1.10020", "2016-06-30": "1.16860", "2016-03-31": "1.16940", "2015-12-31": "1.08660", "2015-09-30": "1.22440", "2015-06-30": "1.26930", "2015-03-31": "1.22380", "2014-12-31": "1.23210", "2014-09-30": "1.13770", "2014-06-30": "1.07150", "2014-03-31": "1.04200", "2013-12-31": "1.04700", "2013-09-30": "0.94050", "2013-06-30": "0.95050", "2013-03-31": "0.89470", "2012-12-31": "0.97950", "2012-09-30": "1.03110", "2012-06-30": "1.08640", "2012-03-31": "1.11250", "2011-12-31": "0.98540", "2011-09-30": "0.94250", "2011-06-30": "1.00870", "2011-03-31": "1.03790", "2010-12-31": "1.20250", "2010-09-30": "1.21730", "2010-06-30": "1.30450", "2010-03-31": "1.44260", "2009-12-31": "1.20550", "2009-09-30": "1.32360", "2009-06-30": "1.51630", "2009-03-31": "1.69110", "2008-12-31": "1.88950", "2008-09-30": "2.26040", "2008-06-30": "2.14930", "2008-03-31": "2.27270", "2007-12-31": "2.08230", "2007-09-30": "1.88820", "2007-06-30": "1.69030", "2007-03-31": "1.38790", "2006-12-31": "1.39300", "2006-09-30": "1.36600", "2006-06-30": "1.77310", "2006-03-31": "1.87220", "2005-12-31": "1.97330", "2005-09-30": "2.20920", "2005-06-30": "2.20870", "2005-03-31": "1.91500"}, "Gross Margin": {"2020-09-30": "", "2020-06-30": "", "2020-03-31": "", "2019-12-31": "", "2019-09-30": "", "2019-06-30": "", "2019-03-31": "", "2018-12-31": "", "2018-09-30": "", "2018-06-30": "", "2018-03-31": "", "2017-12-31": "", "2017-09-30": "", "2017-06-30": "", "2017-03-31": "", "2016-12-31": "", "2016-09-30": "", "2016-06-30": "", "2016-03-31": "", "2015-12-31": "", "2015-09-30": "", "2015-06-30": "", "2015-03-31": "", "2014-12-31": "", "2014-09-30": "", "2014-06-30": "", "2014-03-31": "", "2013-12-31": "", "2013-09-30": "", "2013-06-30": "", "2013-03-31": "", "2012-12-31": "", "2012-09-30": "", "2012-06-30": "", "2012-03-31": "", "2011-12-31": "", "2011-09-30": "", "2011-06-30": "", "2011-03-31": "", "2010-12-31": "", "2010-09-30": "", "2010-06-30": "", "2010-03-31": "", "2009-12-31": "", "2009-09-30": "", "2009-06-30": "", "2009-03-31": "", "2008-12-31": "", "2008-09-30": "", "2008-06-30": "", "2008-03-31": "", "2007-12-31": "", "2007-09-30": "", "2007-06-30": "", "2007-03-31": "", "2006-12-31": "", "2006-09-30": "", "2006-06-30": "", "2006-03-31": "", "2005-12-31": "", "2005-09-30": "", "2005-06-30": "", "2005-03-31": ""}, "Operating Margin": {"2020-09-30": "", "2020-06-30": "", "2020-03-31": "", "2019-12-31": "", "2019-09-30": "", "2019-06-30": "", "2019-03-31": "", "2018-12-31": "", "2018-09-30": "", "2018-06-30": "", "2018-03-31": "", "2017-12-31": "", "2017-09-30": "", "2017-06-30": "", "2017-03-31": "", "2016-12-31": "", "2016-09-30": "", "2016-06-30": "", "2016-03-31": "", "2015-12-31": "", "2015-09-30": "", "2015-06-30": "", "2015-03-31": "", "2014-12-31": "", "2014-09-30": "", "2014-06-30": "", "2014-03-31": "", "2013-12-31": "", "2013-09-30": "", "2013-06-30": "", "2013-03-31": "", "2012-12-31": "", "2012-09-30": "", "2012-06-30": "", "2012-03-31": "", "2011-12-31": "", "2011-09-30": "", "2011-06-30": "", "2011-03-31": "", "2010-12-31": "", "2010-09-30": "", "2010-06-30": "", "2010-03-31": "", "2009-12-31": "", "2009-09-30": "", "2009-06-30": "", "2009-03-31": "", "2008-12-31": "", "2008-09-30": "", "2008-06-30": "", "2008-03-31": "", "2007-12-31": "", "2007-09-30": "", "2007-06-30": "", "2007-03-31": "", "2006-12-31": "", "2006-09-30": "", "2006-06-30": "", "2006-03-31": "", "2005-12-31": "", "2005-09-30": "", "2005-06-30": "", "2005-03-31": ""}, "EBIT Margin": {"2020-09-30": "", "2020-06-30": "", "2020-03-31": "", "2019-12-31": "", "2019-09-30": "", "2019-06-30": "", "2019-03-31": "", "2018-12-31": "", "2018-09-30": "", "2018-06-30": "", "2018-03-31": "", "2017-12-31": "", "2017-09-30": "", "2017-06-30": "", "2017-03-31": "", "2016-12-31": "", "2016-09-30": "", "2016-06-30": "", "2016-03-31": "", "2015-12-31": "", "2015-09-30": "", "2015-06-30": "", "2015-03-31": "", "2014-12-31": "", "2014-09-30": "", "2014-06-30": "", "2014-03-31": "", "2013-12-31": "", "2013-09-30": "", "2013-06-30": "", "2013-03-31": "", "2012-12-31": "", "2012-09-30": "", "2012-06-30": "", "2012-03-31": "", "2011-12-31": "", "2011-09-30": "", "2011-06-30": "", "2011-03-31": "", "2010-12-31": "", "2010-09-30": "", "2010-06-30": "", "2010-03-31": "", "2009-12-31": "", "2009-09-30": "", "2009-06-30": "", "2009-03-31": "", "2008-12-31": "", "2008-09-30": "", "2008-06-30": "", "2008-03-31": "", "2007-12-31": "", "2007-09-30": "", "2007-06-30": "", "2007-03-31": "", "2006-12-31": "", "2006-09-30": "", "2006-06-30": "", "2006-03-31": "", "2005-12-31": "", "2005-09-30": "", "2005-06-30": "", "2005-03-31": ""}, "EBITDA Margin": {"2020-09-30": "", "2020-06-30": "", "2020-03-31": "", "2019-12-31": "", "2019-09-30": "", "2019-06-30": "", "2019-03-31": "", "2018-12-31": "", "2018-09-30": "", "2018-06-30": "", "2018-03-31": "", "2017-12-31": "", "2017-09-30": "", "2017-06-30": "", "2017-03-31": "", "2016-12-31": "", "2016-09-30": "", "2016-06-30": "", "2016-03-31": "", "2015-12-31": "", "2015-09-30": "", "2015-06-30": "", "2015-03-31": "", "2014-12-31": "", "2014-09-30": "", "2014-06-30": "", "2014-03-31": "", "2013-12-31": "", "2013-09-30": "", "2013-06-30": "", "2013-03-31": "", "2012-12-31": "", "2012-09-30": "", "2012-06-30": "", "2012-03-31": "", "2011-12-31": "", "2011-09-30": "", "2011-06-30": "", "2011-03-31": "", "2010-12-31": "", "2010-09-30": "", "2010-06-30": "", "2010-03-31": "", "2009-12-31": "", "2009-09-30": "", "2009-06-30": "", "2009-03-31": "", "2008-12-31": "", "2008-09-30": "", "2008-06-30": "", "2008-03-31": "", "2007-12-31": "", "2007-09-30": "", "2007-06-30": "", "2007-03-31": "", "2006-12-31": "", "2006-09-30": "", "2006-06-30": "", "2006-03-31": "", "2005-12-31": "", "2005-09-30": "", "2005-06-30": "", "2005-03-31": ""}, "Pre-Tax Profit Margin": {"2020-09-30": "40.15130", "2020-06-30": "-55.92060", "2020-03-31": "29.41990", "2019-12-31": "43.20380", "2019-09-30": "35.37820", "2019-06-30": "35.29120", "2019-03-31": "37.07590", "2018-12-31": "38.52580", "2018-09-30": "38.90840", "2018-06-30": "39.11400", "2018-03-31": "37.12370", "2017-12-31": "25.97340", "2017-09-30": "38.52320", "2017-06-30": "37.43060", "2017-03-31": "36.72290", "2016-12-31": "35.88130", "2016-09-30": "36.02350", "2016-06-30": "35.64220", "2016-03-31": "35.06970", "2015-12-31": "36.59700", "2015-09-30": "36.32920", "2015-06-30": "38.06280", "2015-03-31": "36.11640", "2014-12-31": "34.81390", "2014-09-30": "37.74430", "2014-06-30": "37.72070", "2014-03-31": "38.52840", "2013-12-31": "36.51520", "2013-09-30": "36.71690", "2013-06-30": "38.44380", "2013-03-31": "36.32700", "2012-12-31": "27.13940", "2012-09-30": "31.34720", "2012-06-30": "21.35430", "2012-03-31": "30.78660", "2011-12-31": "19.05330", "2011-09-30": "34.81570", "2011-06-30": "34.49730", "2011-03-31": "35.51400", "2010-12-31": "32.38950", "2010-09-30": "30.65550", "2010-06-30": "35.18940", "2010-03-31": "29.84730", "2009-12-31": "42.42900", "2009-09-30": "24.66830", "2009-06-30": "8.24740", "2009-03-31": "23.09340", "2008-12-31": "300.00000", "2008-09-30": "22.74590", "2008-06-30": "40.47490", "2008-03-31": "38.02400", "2007-12-31": "8.96000", "2007-09-30": "34.81610", "2007-06-30": "37.31160", "2007-03-31": "41.22040", "2006-12-31": "35.09710", "2006-09-30": "66.59990", "2006-06-30": "34.27100", "2006-03-31": "32.40260", "2005-12-31": "34.30270", "2005-09-30": "30.13860", "2005-06-30": "30.20130", "2005-03-31": "32.06520"}, "Net Profit Margin": {"2020-09-30": "34.40530", "2020-06-30": "222.69060", "2020-03-31": "23.42490", "2019-12-31": "26.52680", "2019-09-30": "32.39710", "2019-06-30": "32.36680", "2019-03-31": "29.21650", "2018-12-31": "30.05730", "2018-09-30": "31.03770", "2018-06-30": "30.39590", "2018-03-31": "28.98730", "2017-12-31": "48.60940", "2017-09-30": "26.28290", "2017-06-30": "25.89600", "2017-03-31": "25.47420", "2016-12-31": "25.42690", "2016-09-30": "24.69270", "2016-06-30": "25.00680", "2016-03-31": "24.28120", "2015-12-31": "25.08600", "2015-09-30": "26.82730", "2015-06-30": "25.96860", "2015-03-31": "25.37400", "2014-12-31": "25.16050", "2014-09-30": "25.43580", "2014-06-30": "26.77900", "2014-03-31": "26.93460", "2013-12-31": "25.07580", "2013-09-30": "25.24450", "2013-06-30": "27.07960", "2013-03-31": "24.95290", "2012-12-31": "17.14210", "2012-09-30": "22.69430", "2012-06-30": "15.59250", "2012-03-31": "21.48290", "2011-12-31": "13.66480", "2011-09-30": "25.03810", "2011-06-30": "26.61050", "2011-03-31": "25.95020", "2010-12-31": "23.05690", "2010-09-30": "35.15420", "2010-06-30": "25.44510", "2010-03-31": "11.05580", "2009-12-31": "26.34870", "2009-09-30": "15.88980", "2009-06-30": "2.39320", "2009-03-31": "16.39340", "2008-12-31": "129.32690", "2008-09-30": "16.93990", "2008-06-30": "27.25310", "2008-03-31": "22.57490", "2007-12-31": "28.48000", "2007-09-30": "24.14000", "2007-06-30": "25.49730", "2007-03-31": "28.58030", "2006-12-31": "25.11720", "2006-09-30": "42.47280", "2006-06-30": "21.87140", "2006-03-31": "20.59340", "2005-12-31": "21.00890", "2005-09-30": "20.13260", "2005-06-30": "18.92620", "2005-03-31": "24.04890"}, "Asset Turnover": {"2020-09-30": "0.00920", "2020-06-30": "0.00350", "2020-03-31": "0.00810", "2019-12-31": "0.01190", "2019-09-30": "0.00990", "2019-06-30": "0.00990", "2019-03-31": "0.01040", "2018-12-31": "0.01100", "2018-09-30": "0.01120", "2018-06-30": "0.01110", "2018-03-31": "0.01060", "2017-12-31": "0.01090", "2017-09-30": "0.01060", "2017-06-30": "0.01060", "2017-03-31": "0.01020", "2016-12-31": "0.01040", "2016-09-30": "0.01010", "2016-06-30": "0.01010", "2016-03-31": "0.00970", "2015-12-31": "0.01050", "2015-09-30": "0.01020", "2015-06-30": "0.01080", "2015-03-31": "0.01050", "2014-12-31": "0.01130", "2014-09-30": "0.01130", "2014-06-30": "0.01140", "2014-03-31": "0.01140", "2013-12-31": "0.01240", "2013-09-30": "0.01230", "2013-06-30": "0.01280", "2013-03-31": "0.01240", "2012-12-31": "0.01230", "2012-09-30": "0.01280", "2012-06-30": "0.01120", "2012-03-31": "0.01200", "2011-12-31": "0.01240", "2011-09-30": "0.01220", "2011-06-30": "0.01260", "2011-03-31": "0.01240", "2010-12-31": "0.01310", "2010-09-30": "0.01200", "2010-06-30": "0.01180", "2010-03-31": "0.01130", "2009-12-31": "0.01420", "2009-09-30": "0.01080", "2009-06-30": "0.00970", "2009-03-31": "0.00980", "2008-12-31": "-0.00070", "2008-09-30": "0.01010", "2008-06-30": "0.01300", "2008-03-31": "0.01190", "2007-12-31": "0.00450", "2007-09-30": "0.01280", "2007-06-30": "0.01320", "2007-03-31": "0.01310", "2006-12-31": "0.01470", "2006-09-30": "0.03550", "2006-06-30": "0.01840", "2006-03-31": "0.01840", "2005-12-31": "0.01830", "2005-09-30": "0.01780", "2005-06-30": "0.01640", "2005-03-31": "0.01770"}, "Inventory Turnover Ratio": {"2020-09-30": "", "2020-06-30": "", "2020-03-31": "", "2019-12-31": "", "2019-09-30": "", "2019-06-30": "", "2019-03-31": "", "2018-12-31": "", "2018-09-30": "", "2018-06-30": "", "2018-03-31": "", "2017-12-31": "", "2017-09-30": "", "2017-06-30": "", "2017-03-31": "", "2016-12-31": "", "2016-09-30": "", "2016-06-30": "", "2016-03-31": "", "2015-12-31": "", "2015-09-30": "", "2015-06-30": "", "2015-03-31": "", "2014-12-31": "", "2014-09-30": "", "2014-06-30": "", "2014-03-31": "", "2013-12-31": "", "2013-09-30": "", "2013-06-30": "", "2013-03-31": "", "2012-12-31": "", "2012-09-30": "", "2012-06-30": "", "2012-03-31": "", "2011-12-31": "", "2011-09-30": "", "2011-06-30": "", "2011-03-31": "", "2010-12-31": "", "2010-09-30": "", "2010-06-30": "", "2010-03-31": "", "2009-12-31": "", "2009-09-30": "", "2009-06-30": "", "2009-03-31": "", "2008-12-31": "", "2008-09-30": "", "2008-06-30": "", "2008-03-31": "", "2007-12-31": "", "2007-09-30": "", "2007-06-30": "", "2007-03-31": "", "2006-12-31": "", "2006-09-30": "", "2006-06-30": "", "2006-03-31": "", "2005-12-31": "", "2005-09-30": "", "2005-06-30": "", "2005-03-31": ""}, "Receiveable Turnover": {"2020-09-30": "", "2020-06-30": "", "2020-03-31": "", "2019-12-31": "", "2019-09-30": "", "2019-06-30": "", "2019-03-31": "", "2018-12-31": "", "2018-09-30": "", "2018-06-30": "", "2018-03-31": "", "2017-12-31": "", "2017-09-30": "", "2017-06-30": "", "2017-03-31": "", "2016-12-31": "", "2016-09-30": "", "2016-06-30": "", "2016-03-31": "", "2015-12-31": "", "2015-09-30": "", "2015-06-30": "", "2015-03-31": "", "2014-12-31": "", "2014-09-30": "", "2014-06-30": "", "2014-03-31": "", "2013-12-31": "", "2013-09-30": "", "2013-06-30": "", "2013-03-31": "", "2012-12-31": "", "2012-09-30": "", "2012-06-30": "", "2012-03-31": "", "2011-12-31": "", "2011-09-30": "", "2011-06-30": "", "2011-03-31": "", "2010-12-31": "", "2010-09-30": "", "2010-06-30": "", "2010-03-31": "", "2009-12-31": "", "2009-09-30": "", "2009-06-30": "", "2009-03-31": "", "2008-12-31": "", "2008-09-30": "", "2008-06-30": "", "2008-03-31": "", "2007-12-31": "", "2007-09-30": "", "2007-06-30": "", "2007-03-31": "", "2006-12-31": "", "2006-09-30": "", "2006-06-30": "", "2006-03-31": "", "2005-12-31": "", "2005-09-30": "", "2005-06-30": "", "2005-03-31": ""}, "Days Sales In Receivables": {"2020-09-30": "", "2020-06-30": "", "2020-03-31": "", "2019-12-31": "", "2019-09-30": "", "2019-06-30": "", "2019-03-31": "", "2018-12-31": "", "2018-09-30": "", "2018-06-30": "", "2018-03-31": "", "2017-12-31": "", "2017-09-30": "", "2017-06-30": "", "2017-03-31": "", "2016-12-31": "", "2016-09-30": "", "2016-06-30": "", "2016-03-31": "", "2015-12-31": "", "2015-09-30": "", "2015-06-30": "", "2015-03-31": "", "2014-12-31": "", "2014-09-30": "", "2014-06-30": "", "2014-03-31": "", "2013-12-31": "", "2013-09-30": "", "2013-06-30": "", "2013-03-31": "", "2012-12-31": "", "2012-09-30": "", "2012-06-30": "", "2012-03-31": "", "2011-12-31": "", "2011-09-30": "", "2011-06-30": "", "2011-03-31": "", "2010-12-31": "", "2010-09-30": "", "2010-06-30": "", "2010-03-31": "", "2009-12-31": "", "2009-09-30": "", "2009-06-30": "", "2009-03-31": "", "2008-12-31": "", "2008-09-30": "", "2008-06-30": "", "2008-03-31": "", "2007-12-31": "", "2007-09-30": "", "2007-06-30": "", "2007-03-31": "", "2006-12-31": "", "2006-09-30": "", "2006-06-30": "", "2006-03-31": "", "2005-12-31": "", "2005-09-30": "", "2005-06-30": "", "2005-03-31": ""}, "ROE - Return On Equity": {"2020-09-30": "2.87380", "2020-06-30": "-1.40520", "2020-03-31": "1.85640", "2019-12-31": "3.60940", "2019-09-30": "2.38800", "2019-06-30": "2.39970", "2019-03-31": "2.61660", "2018-12-31": "2.82810", "2018-09-30": "2.97230", "2018-06-30": "2.88660", "2018-03-31": "2.63420", "2017-12-31": "4.39420", "2017-09-30": "2.42400", "2017-06-30": "2.37520", "2017-03-31": "2.33970", "2016-12-31": "2.23460", "2016-09-30": "2.31860", "2016-06-30": "2.28700", "2016-03-31": "2.19940", "2015-12-31": "2.22270", "2015-09-30": "2.50540", "2015-06-30": "2.45860", "2015-03-31": "2.36290", "2014-12-31": "2.50900", "2014-09-30": "2.46850", "2014-06-30": "2.51380", "2014-03-31": "2.58690", "2013-12-31": "2.67860", "2013-09-30": "2.64400", "2013-06-30": "2.93410", "2013-03-31": "2.58530", "2012-12-31": "1.86510", "2012-09-30": "2.41870", "2012-06-30": "1.47190", "2012-03-31": "2.21600", "2011-12-31": "1.38450", "2011-09-30": "2.34230", "2011-06-30": "2.66470", "2011-03-31": "2.51590", "2010-12-31": "2.54730", "2010-09-30": "2.42040", "2010-06-30": "2.57380", "2010-03-31": "2.25090", "2009-12-31": "4.48500", "2009-09-30": "2.27820", "2009-06-30": "0.90610", "2009-03-31": "2.50930", "2008-12-31": "-1.84490", "2008-09-30": "1.82160", "2008-06-30": "3.42200", "2008-03-31": "2.66240", "2007-12-31": "0.33660", "2007-09-30": "2.79940", "2007-06-30": "2.91640", "2007-03-31": "3.11420", "2006-12-31": "3.48540", "2006-09-30": "13.79440", "2006-06-30": "4.31630", "2006-03-31": "4.03140", "2005-12-31": "4.14570", "2005-09-30": "4.01590", "2005-06-30": "3.42110", "2005-03-31": "4.67080"}, "Return On Tangible Equity": {"2020-09-30": "3.56580", "2020-06-30": "-1.74450", "2020-03-31": "2.34770", "2019-12-31": "4.63010", "2019-09-30": "3.04860", "2019-06-30": "3.07530", "2019-03-31": "3.38530", "2018-12-31": "3.69440", "2018-09-30": "3.91630", "2018-06-30": "3.79700", "2018-03-31": "3.45720", "2017-12-31": "5.71620", "2017-09-30": "3.17760", "2017-06-30": "3.12050", "2017-03-31": "3.07450", "2016-12-31": "2.90890", "2016-09-30": "2.78320", "2016-06-30": "2.74380", "2016-03-31": "2.65270", "2015-12-31": "2.89620", "2015-09-30": "3.03960", "2015-06-30": "2.99860", "2015-03-31": "2.82510", "2014-12-31": "3.00910", "2014-09-30": "2.97190", "2014-06-30": "3.02980", "2014-03-31": "3.14270", "2013-12-31": "3.27970", "2013-09-30": "3.25810", "2013-06-30": "3.63040", "2013-03-31": "3.20120", "2012-12-31": "2.30450", "2012-09-30": "2.99730", "2012-06-30": "1.86650", "2012-03-31": "2.99840", "2011-12-31": "1.81910", "2011-09-30": "3.07910", "2011-06-30": "3.75630", "2011-03-31": "3.62480", "2010-12-31": "3.71290", "2010-09-30": "3.49920", "2010-06-30": "4.14280", "2010-03-31": "3.87560", "2009-12-31": "5.61090", "2009-09-30": "2.85280", "2009-06-30": "1.17630", "2009-03-31": "3.15570", "2008-12-31": "-2.28070", "2008-09-30": "6.02750", "2008-06-30": "9.98070", "2008-03-31": "7.56800", "2007-12-31": "0.94290", "2007-09-30": "7.26270", "2007-06-30": "7.23570", "2007-03-31": "7.56050", "2006-12-31": "5.57450", "2006-09-30": "21.98520", "2006-06-30": "8.80110", "2006-03-31": "8.23450", "2005-12-31": "8.66490", "2005-09-30": "8.16230", "2005-06-30": "6.92360", "2005-03-31": "8.87220"}, "ROA - Return On Assets": {"2020-09-30": "0.33170", "2020-06-30": "-0.16210", "2020-03-31": "0.20540", "2019-12-31": "0.43410", "2019-09-30": "0.28880", "2019-06-30": "0.29200", "2019-03-31": "0.32350", "2018-12-31": "0.35340", "2018-09-30": "0.36830", "2018-06-30": "0.35620", "2018-03-31": "0.32680", "2017-12-31": "0.54920", "2017-09-30": "0.30010", "2017-06-30": "0.29470", "2017-03-31": "0.28950", "2016-12-31": "0.28580", "2016-09-30": "0.27240", "2016-06-30": "0.27370", "2016-03-31": "0.26120", "2015-12-31": "0.28510", "2015-09-30": "0.29630", "2015-06-30": "0.29500", "2015-03-31": "0.28610", "2014-12-31": "0.30630", "2014-09-30": "0.31040", "2014-06-30": "0.32160", "2014-03-31": "0.32770", "2013-12-31": "0.33540", "2013-09-30": "0.33310", "2013-06-30": "0.36630", "2013-03-31": "0.33080", "2012-12-31": "0.23340", "2012-09-30": "0.30750", "2012-06-30": "0.18230", "2012-03-31": "0.27410", "2011-12-31": "0.18180", "2011-09-30": "0.30950", "2011-06-30": "0.34660", "2011-03-31": "0.32080", "2010-12-31": "0.31030", "2010-09-30": "0.29790", "2010-06-30": "0.29840", "2010-03-31": "0.24420", "2009-12-31": "0.40870", "2009-09-30": "0.19900", "2009-06-30": "0.06970", "2009-03-31": "0.18160", "2008-12-31": "-0.12510", "2008-09-30": "0.17790", "2008-06-30": "0.36210", "2008-03-31": "0.27430", "2007-12-31": "0.03600", "2007-09-30": "0.30980", "2007-06-30": "0.33660", "2007-03-31": "0.37450", "2006-12-31": "0.36930", "2006-09-30": "1.50760", "2006-06-30": "0.40140", "2006-03-31": "0.37960", "2005-12-31": "0.38610", "2005-09-30": "0.35820", "2005-06-30": "0.31060", "2005-03-31": "0.42470"}, "ROI - Return On Investment": {"2020-09-30": "1.70370", "2020-06-30": "-0.81330", "2020-03-31": "0.92240", "2019-12-31": "1.90960", "2019-09-30": "1.43890", "2019-06-30": "1.43670", "2019-03-31": "1.44540", "2018-12-31": "1.71700", "2018-09-30": "1.76010", "2018-06-30": "1.70880", "2018-03-31": "1.53100", "2017-12-31": "2.58640", "2017-09-30": "1.34890", "2017-06-30": "1.31300", "2017-03-31": "1.40320", "2016-12-31": "1.34520", "2016-09-30": "1.25590", "2016-06-30": "1.21210", "2016-03-31": "1.19440", "2015-12-31": "1.34770", "2015-09-30": "1.37430", "2015-06-30": "1.35850", "2015-03-31": "1.33080", "2014-12-31": "1.42200", "2014-09-30": "1.41140", "2014-06-30": "1.46710", "2014-03-31": "1.52170", "2013-12-31": "1.58070", "2013-09-30": "1.59490", "2013-06-30": "1.78060", "2013-03-31": "1.57220", "2012-12-31": "1.15860", "2012-09-30": "1.53260", "2012-06-30": "0.78790", "2012-03-31": "1.21070", "2011-12-31": "0.82540", "2011-09-30": "1.29860", "2011-06-30": "1.48980", "2011-03-31": "1.39560", "2010-12-31": "1.31960", "2010-09-30": "1.27760", "2010-06-30": "1.31020", "2010-03-31": "1.12340", "2009-12-31": "1.93270", "2009-09-30": "0.93710", "2009-06-30": "0.35170", "2009-03-31": "0.93960", "2008-12-31": "-0.64300", "2008-09-30": "0.91060", "2008-06-30": "1.79650", "2008-03-31": "1.28540", "2007-12-31": "0.17270", "2007-09-30": "1.42450", "2007-06-30": "1.45850", "2007-03-31": "1.70180", "2006-12-31": "1.78950", "2006-09-30": "7.53180", "2006-06-30": "2.00290", "2006-03-31": "1.85800", "2005-12-31": "1.80740", "2005-09-30": "1.69430", "2005-06-30": "1.59250", "2005-03-31": "2.12740"}, "Book Value Per Share": {"2020-09-30": "125.73110", "2020-06-30": "124.58350", "2020-03-31": "116.25000", "2019-12-31": "113.95610", "2019-09-30": "112.65380", "2019-06-30": "110.47200", "2019-03-31": "107.46680", "2018-12-31": "104.52950", "2018-09-30": "101.95240", "2018-06-30": "101.02150", "2018-03-31": "100.07450", "2017-12-31": "100.60250", "2017-09-30": "97.58820", "2017-06-30": "96.21880", "2017-03-31": "94.64540", "2016-12-31": "96.60620", "2016-09-30": "95.99390", "2016-06-30": "94.72410", "2016-03-31": "92.84170", "2015-12-31": "91.23020", "2015-09-30": "90.74120", "2015-06-30": "88.97680", "2015-03-31": "89.30390", "2014-12-31": "88.09560", "2014-09-30": "87.11170", "2014-06-30": "86.07710", "2014-03-31": "84.11610", "2013-12-31": "82.62100", "2013-09-30": "80.48870", "2013-06-30": "78.98490", "2013-03-31": "79.54250", "2012-12-31": "79.10040", "2012-09-30": "79.02080", "2012-06-30": "76.01890", "2012-03-31": "72.41670", "2011-12-31": "70.67550", "2011-09-30": "70.80230", "2011-06-30": "66.29850", "2011-03-31": "64.10080", "2010-12-31": "62.42970", "2010-09-30": "62.10270", "2010-06-30": "59.02860", "2010-03-31": "55.95820", "2009-12-31": "70.49130", "2009-09-30": "68.68330", "2009-06-30": "63.91970", "2009-03-31": "64.39550", "2008-12-31": "62.41080", "2008-09-30": "40.85630", "2008-06-30": "43.66470", "2008-03-31": "42.29620", "2007-12-31": "43.56010", "2007-09-30": "43.14240", "2007-06-30": "42.40940", "2007-03-31": "42.59830", "2006-12-31": "36.81910", "2006-09-30": "36.59180", "2006-06-30": "29.92200", "2006-03-31": "29.66550", "2005-12-31": "29.22530", "2005-09-30": "28.58080", "2005-06-30": "28.32650", "2005-03-31": "26.78090"}, "Operating Cash Flow Per Share": {"2020-09-30": 0.9226, "2020-06-30": 7.0904, "2020-03-31": "-1.61860", "2019-12-31": 6.8892, "2019-09-30": 1.4842, "2019-06-30": 4.9895, "2019-03-31": "3.07240", "2018-12-31": 4.4689, "2018-09-30": 2.5955, "2018-06-30": 3.4778, "2018-03-31": "6.13870", "2017-12-31": 1.7175, "2017-09-30": 5.2127, "2017-06-30": 1.3175, "2017-03-31": "3.23170", "2016-12-31": 2.373, "2016-09-30": 3.1141, "2016-06-30": 0.9685, "2016-03-31": "0.54440", "2015-12-31": 3.6181, "2015-09-30": 3.8322, "2015-06-30": 2.6628, "2015-03-31": "0.49150", "2014-12-31": 1.8715, "2014-09-30": 2.0911, "2014-06-30": 2.8756, "2014-03-31": "3.56220", "2013-12-31": -0.5995, "2013-09-30": 7.6589, "2013-06-30": 1.4656, "2013-03-31": "1.91670", "2012-12-31": 2.2363, "2012-09-30": 3.439, "2012-06-30": 1.9486, "2012-03-31": "5.24760", "2011-12-31": 2.7529, "2011-09-30": 1.6863, "2011-06-30": 5.6483, "2011-03-31": "1.38210", "2010-12-31": 0.8165, "2010-09-30": 0.3367, "2010-06-30": 3.5566, "2010-03-31": "4.54400", "2009-12-31": 7.1603, "2009-09-30": 2.5058, "2009-06-30": 1.0206, "2009-03-31": "1.95950", "2008-12-31": 5.8543, "2008-09-30": 9.4955, "2008-06-30": 4.0137, "2008-03-31": "2.06430", "2007-12-31": -3.5602, "2007-09-30": 2.9216, "2007-06-30": -3.9755, "2007-03-31": "3.36860", "2006-12-31": 2.1343, "2006-09-30": -0.0972, "2006-06-30": 2.0397, "2006-03-31": "3.19260", "2005-12-31": 0.984, "2005-09-30": 0.4455, "2005-06-30": 1.3349, "2005-03-31": "-5.10920"}, "Free Cash Flow Per Share": {"2020-09-30": 0.9226, "2020-06-30": 7.0904, "2020-03-31": "-1.61860", "2019-12-31": 6.8892, "2019-09-30": 1.4842, "2019-06-30": 4.9895, "2019-03-31": "3.07240", "2018-12-31": 4.4689, "2018-09-30": 2.5955, "2018-06-30": 3.4778, "2018-03-31": "6.13870", "2017-12-31": 1.7175, "2017-09-30": 5.2127, "2017-06-30": 1.3175, "2017-03-31": "3.23170", "2016-12-31": 2.373, "2016-09-30": 3.1141, "2016-06-30": 0.9685, "2016-03-31": "0.54440", "2015-12-31": 3.6181, "2015-09-30": 3.8322, "2015-06-30": 2.6628, "2015-03-31": "0.49150", "2014-12-31": 1.8715, "2014-09-30": 2.0911, "2014-06-30": 2.8756, "2014-03-31": "3.56220", "2013-12-31": -0.5995, "2013-09-30": 7.6589, "2013-06-30": 1.4656, "2013-03-31": "1.91670", "2012-12-31": 2.2363, "2012-09-30": 3.439, "2012-06-30": 1.9486, "2012-03-31": "5.24760", "2011-12-31": 2.7529, "2011-09-30": 1.6863, "2011-06-30": 5.6483, "2011-03-31": "1.38210", "2010-12-31": 0.8165, "2010-09-30": 0.3367, "2010-06-30": 3.5566, "2010-03-31": "4.54400", "2009-12-31": 7.1603, "2009-09-30": 2.5058, "2009-06-30": 1.0206, "2009-03-31": "1.95950", "2008-12-31": 5.8543, "2008-09-30": 9.4955, "2008-06-30": 4.0137, "2008-03-31": "2.06430", "2007-12-31": -3.5602, "2007-09-30": 2.9216, "2007-06-30": -3.9755, "2007-03-31": "3.36860", "2006-12-31": 2.1343, "2006-09-30": -0.0972, "2006-06-30": 2.0397, "2006-03-31": "3.19260", "2005-12-31": 0.984, "2005-09-30": 0.4455, "2005-06-30": 1.3349, "2005-03-31": "-5.10920"}}, "revenue": {"PNC Financial Services Annual Revenue (Millions of US $)": {"2020": "$6,955", "2019": "$21,624", "2018": "$19,993", "2017": "$18,035", "2016": "$16,423", "2015": "$16,270", "2014": "$16,281", "2013": "$16,872", "2012": "$16,606", "2011": "$15,820", "2010": "$17,096", "2009": "$19,231", "2008": "$8,743", "2007": "$9,088", "2006": "$10,939", "2005": "$7,907"}, "PNC Financial Services Quarterly Revenue (Millions of US $)": {"2020-12-31": "$1,784", "2020-09-30": "$4,473", "2020-06-30": "$4,404", "2020-03-31": "$5,206", "2019-12-31": "$5,930", "2019-09-30": "$5,241", "2019-06-30": "$5,214", "2019-03-31": "$5,239", "2018-12-31": "$5,218", "2018-09-30": "$5,114", "2018-06-30": "$4,993", "2018-03-31": "$4,668", "2017-12-31": "$4,740", "2017-09-30": "$4,575", "2017-06-30": "$4,476", "2017-03-31": "$4,244", "2016-12-31": "$4,197", "2016-09-30": "$4,142", "2016-06-30": "$4,110", "2016-03-31": "$3,974", "2015-12-31": "$4,119", "2015-09-30": "$4,054", "2015-06-30": "$4,119", "2015-03-31": "$3,978", "2014-12-31": "$4,187", "2014-09-30": "$4,065", "2014-06-30": "$4,037", "2014-03-31": "$3,992", "2013-12-31": "$4,286", "2013-09-30": "$4,134", "2013-06-30": "$4,275", "2013-03-31": "$4,177", "2012-12-31": "$4,316", "2012-09-30": "$4,359", "2012-06-30": "$3,893", "2012-03-31": "$4,038", "2011-12-31": "$3,884", "2011-09-30": "$3,899", "2011-06-30": "$3,999", "2011-03-31": "$4,038", "2010-12-31": "$4,373", "2010-09-30": "$4,084", "2010-06-30": "$4,350", "2010-03-31": "$4,289", "2009-12-31": "$5,479", "2009-09-30": "$4,517", "2009-06-30": "$4,610", "2009-03-31": "$4,625", "2008-12-31": "$1,290", "2008-09-30": "$2,228", "2008-06-30": "$2,639", "2008-03-31": "$2,586", "2007-12-31": "$1,636", "2007-09-30": "$2,617", "2007-06-30": "$2,529", "2007-03-31": "$2,306", "2006-12-31": "$2,186", "2006-09-30": "$4,146", "2006-06-30": "$2,356", "2006-03-31": "$2,251", "2005-12-31": "$2,188", "2005-09-30": "$2,111", "2005-06-30": "$1,830", "2005-03-31": "$1,778"}}, "gross-profit": {"PNC Financial Services Annual Gross Profit (Millions of US $)": {"2020": "$6,955", "2019": "$17,827", "2018": "$17,132", "2017": "$16,329", "2016": "$15,162", "2015": "$15,225", "2014": "$15,375", "2013": "$16,012", "2012": "$15,512", "2011": "$14,326", "2010": "$15,176", "2009": "$16,228", "2008": "$6,296", "2007": "$5,891", "2006": "$8,572", "2005": "$6,327"}, "PNC Financial Services Quarterly Gross Profit (Millions of US $)": {"2020-12-31": "$1,784", "2020-09-30": "$4,281", "2020-06-30": "$4,076", "2020-03-31": "$4,517", "2019-12-31": "$5,084", "2019-09-30": "$4,242", "2019-06-30": "$4,215", "2019-03-31": "$4,286", "2018-12-31": "$4,340", "2018-09-30": "$4,357", "2018-06-30": "$4,324", "2018-03-31": "$4,111", "2017-12-31": "$4,260", "2017-09-30": "$4,125", "2017-06-30": "$4,060", "2017-03-31": "$3,884", "2016-12-31": "$3,874", "2016-09-30": "$3,829", "2016-06-30": "$3,794", "2016-03-31": "$3,665", "2015-12-31": "$3,853", "2015-09-30": "$3,775", "2015-06-30": "$3,866", "2015-03-31": "$3,731", "2014-12-31": "$3,947", "2014-09-30": "$3,841", "2014-06-30": "$3,810", "2014-03-31": "$3,777", "2013-12-31": "$4,073", "2013-09-30": "$3,920", "2013-06-30": "$4,064", "2013-03-31": "$3,955", "2012-12-31": "$4,069", "2012-09-30": "$4,088", "2012-06-30": "$3,623", "2012-03-31": "$3,732", "2011-12-31": "$3,549", "2011-09-30": "$3,544", "2011-06-30": "$3,602", "2011-03-31": "$3,631", "2010-12-31": "$3,903", "2010-09-30": "$3,598", "2010-06-30": "$3,912", "2010-03-31": "$3,763", "2009-12-31": "$4,886", "2009-09-30": "$3,853", "2009-06-30": "$3,803", "2009-03-31": "$3,686", "2008-12-31": "$782", "2008-09-30": "$1,654", "2008-06-30": "$2,039", "2008-03-31": "$1,821", "2007-12-31": "$813", "2007-09-30": "$1,751", "2007-06-30": "$1,713", "2007-03-31": "$1,614", "2006-12-31": "$1,535", "2006-09-30": "$3,510", "2006-06-30": "$1,786", "2006-03-31": "$1,741", "2005-12-31": "$1,709", "2005-09-30": "$1,675", "2005-06-30": "$1,463", "2005-03-31": "$1,480"}}, "operating-income": {"PNC Financial Services Annual Operating Income (Millions of US $)": {"2020": "$3,780", "2019": "$6,480", "2018": "$6,428", "2017": "$5,490", "2016": "$5,253", "2015": "$5,507", "2014": "$5,614", "2013": "$5,688", "2012": "$4,039", "2011": "$4,069", "2010": "$4,061", "2009": "$3,225", "2008": "$1,094", "2007": "$1,924", "2006": "$4,005", "2005": "$2,000"}, "PNC Financial Services Quarterly Operating Income (Millions of US $)": {"2020-12-31": "$-670", "2020-09-30": "$1,698", "2020-06-30": "$-902", "2020-03-31": "$1,060", "2019-12-31": "$2,101", "2019-09-30": "$1,436", "2019-06-30": "$1,424", "2019-03-31": "$1,519", "2018-12-31": "$1,615", "2018-09-30": "$1,661", "2018-06-30": "$1,660", "2018-03-31": "$1,492", "2017-12-31": "$1,074", "2017-09-30": "$1,539", "2017-06-30": "$1,483", "2017-03-31": "$1,394", "2016-12-31": "$1,366", "2016-09-30": "$1,348", "2016-06-30": "$1,307", "2016-03-31": "$1,232", "2015-12-31": "$1,383", "2015-09-30": "$1,342", "2015-06-30": "$1,454", "2015-03-31": "$1,328", "2014-12-31": "$1,356", "2014-09-30": "$1,429", "2014-06-30": "$1,410", "2014-03-31": "$1,419", "2013-12-31": "$1,446", "2013-09-30": "$1,389", "2013-06-30": "$1,502", "2013-03-31": "$1,351", "2012-12-31": "$1,018", "2012-09-30": "$1,210", "2012-06-30": "$719", "2012-03-31": "$1,092", "2011-12-31": "$640", "2011-09-30": "$1,143", "2011-06-30": "$1,146", "2011-03-31": "$1,140", "2010-12-31": "$1,121", "2010-09-30": "$954", "2010-06-30": "$1,087", "2010-03-31": "$899", "2009-12-31": "$1,628", "2009-09-30": "$725", "2009-06-30": "$224", "2009-03-31": "$648", "2008-12-31": "$-624", "2008-09-30": "$333", "2008-06-30": "$750", "2008-03-31": "$635", "2007-12-31": "$56", "2007-09-30": "$587", "2007-06-30": "$619", "2007-03-31": "$662", "2006-12-31": "$524", "2006-09-30": "$2,327", "2006-06-30": "$597", "2006-03-31": "$557", "2005-12-31": "$578", "2005-09-30": "$500", "2005-06-30": "$450", "2005-03-31": "$472"}}, "ebitda": {"PNC Financial Services Annual EBITDA (Millions of US $)": {"2019": "$", "2018": "$", "2017": "$", "2016": "$", "2015": "$", "2014": "$", "2013": "$", "2012": "$", "2011": "$", "2010": "$", "2009": "$", "2008": "$", "2007": "$", "2006": "$", "2005": "$"}, "PNC Financial Services Quarterly EBITDA (Millions of US $)": {"2020-09-30": "", "2020-06-30": "", "2020-03-31": "", "2019-12-31": "", "2019-09-30": "", "2019-06-30": "", "2019-03-31": "", "2018-12-31": "", "2018-09-30": "", "2018-06-30": "", "2018-03-31": "", "2017-12-31": "", "2017-09-30": "", "2017-06-30": "", "2017-03-31": "", "2016-12-31": "", "2016-09-30": "", "2016-06-30": "", "2016-03-31": "", "2015-12-31": "", "2015-09-30": "", "2015-06-30": "", "2015-03-31": "", "2014-12-31": "", "2014-09-30": "", "2014-06-30": "", "2014-03-31": "", "2013-12-31": "", "2013-09-30": "", "2013-06-30": "", "2013-03-31": "", "2012-12-31": "", "2012-09-30": "", "2012-06-30": "", "2012-03-31": "", "2011-12-31": "", "2011-09-30": "", "2011-06-30": "", "2011-03-31": "", "2010-12-31": "", "2010-09-30": "", "2010-06-30": "", "2010-03-31": "", "2009-12-31": "", "2009-09-30": "", "2009-06-30": "", "2009-03-31": "", "2008-12-31": "", "2008-09-30": "", "2008-06-30": "", "2008-03-31": "", "2007-12-31": "", "2007-09-30": "", "2007-06-30": "", "2007-03-31": "", "2006-12-31": "", "2006-09-30": "", "2006-06-30": "", "2006-03-31": "", "2005-12-31": "", "2005-09-30": "", "2005-06-30": "", "2005-03-31": ""}}, "net-income": {"PNC Financial Services Annual Net Income (Millions of US $)": {"2020": "$7,284", "2019": "$5,108", "2018": "$5,040", "2017": "$5,053", "2016": "$3,662", "2015": "$3,864", "2014": "$3,936", "2013": "$3,934", "2012": "$2,806", "2011": "$2,998", "2010": "$3,011", "2009": "$2,003", "2008": "$861", "2007": "$1,467", "2006": "$2,594", "2005": "$1,324"}, "PNC Financial Services Quarterly Net Income (Millions of US $)": {"2020-12-31": "$1,393", "2020-09-30": "$1,455", "2020-06-30": "$3,592", "2020-03-31": "$844", "2019-12-31": "$1,290", "2019-09-30": "$1,315", "2019-06-30": "$1,306", "2019-03-31": "$1,197", "2018-12-31": "$1,260", "2018-09-30": "$1,325", "2018-06-30": "$1,290", "2018-03-31": "$1,165", "2017-12-31": "$2,010", "2017-09-30": "$1,050", "2017-06-30": "$1,026", "2017-03-31": "$967", "2016-12-31": "$968", "2016-09-30": "$924", "2016-06-30": "$917", "2016-03-31": "$853", "2015-12-31": "$948", "2015-09-30": "$991", "2015-06-30": "$992", "2015-03-31": "$933", "2014-12-31": "$980", "2014-09-30": "$963", "2014-06-30": "$1,001", "2014-03-31": "$992", "2013-12-31": "$993", "2013-09-30": "$955", "2013-06-30": "$1,058", "2013-03-31": "$928", "2012-12-31": "$643", "2012-09-30": "$876", "2012-06-30": "$525", "2012-03-31": "$762", "2011-12-31": "$459", "2011-09-30": "$822", "2011-06-30": "$884", "2011-03-31": "$833", "2010-12-31": "$798", "2010-09-30": "$1,094", "2010-06-30": "$786", "2010-03-31": "$333", "2009-12-31": "$1,011", "2009-09-30": "$467", "2009-06-30": "$65", "2009-03-31": "$460", "2008-12-31": "$-269", "2008-09-30": "$248", "2008-06-30": "$505", "2008-03-31": "$377", "2007-12-31": "$178", "2007-09-30": "$407", "2007-06-30": "$423", "2007-03-31": "$459", "2006-12-31": "$375", "2006-09-30": "$1,484", "2006-06-30": "$381", "2006-03-31": "$354", "2005-12-31": "$354", "2005-09-30": "$334", "2005-06-30": "$282", "2005-03-31": "$354"}}, "eps-earnings-per-share-diluted": {"PNC Financial Services Annual EPS": {"2020": "$16.96", "2019": "$11.39", "2018": "$10.71", "2017": "$10.36", "2016": "$7.30", "2015": "$7.39", "2014": "$7.30", "2013": "$7.36", "2012": "$5.28", "2011": "$5.64", "2010": "$5.74", "2009": "$4.36", "2008": "$2.44", "2007": "$4.32", "2006": "$8.73", "2005": "$4.55"}, "PNC Financial Services Quarterly EPS": {"2020-12-31": "$3.26", "2020-09-30": "$3.39", "2020-06-30": "$8.40", "2020-03-31": "$1.95", "2019-12-31": "$2.96", "2019-09-30": "$2.94", "2019-06-30": "$2.88", "2019-03-31": "$2.61", "2018-12-31": "$2.74", "2018-09-30": "$2.82", "2018-06-30": "$2.72", "2018-03-31": "$2.43", "2017-12-31": "$4.14", "2017-09-30": "$2.16", "2017-06-30": "$2.10", "2017-03-31": "$1.96", "2016-12-31": "$1.96", "2016-09-30": "$1.84", "2016-06-30": "$1.82", "2016-03-31": "$1.68", "2015-12-31": "$1.86", "2015-09-30": "$1.90", "2015-06-30": "$1.88", "2015-03-31": "$1.75", "2014-12-31": "$1.84", "2014-09-30": "$1.79", "2014-06-30": "$1.85", "2014-03-31": "$1.82", "2013-12-31": "$1.87", "2013-09-30": "$1.77", "2013-06-30": "$1.98", "2013-03-31": "$1.74", "2012-12-31": "$1.22", "2012-09-30": "$1.64", "2012-06-30": "$0.98", "2012-03-31": "$1.44", "2011-12-31": "$0.85", "2011-09-30": "$1.55", "2011-06-30": "$1.67", "2011-03-31": "$1.57", "2010-12-31": "$1.54", "2010-09-30": "$2.07", "2010-06-30": "$1.47", "2010-03-31": "$0.66", "2009-12-31": "$2.19", "2009-09-30": "$1.00", "2009-06-30": "$0.14", "2009-03-31": "$1.03", "2008-12-31": "$-0.80", "2008-09-30": "$0.70", "2008-06-30": "$1.45", "2008-03-31": "$1.09", "2007-12-31": "$0.45", "2007-09-30": "$1.19", "2007-06-30": "$1.22", "2007-03-31": "$1.46", "2006-12-31": "$1.25", "2006-09-30": "$5.01", "2006-06-30": "$1.28", "2006-03-31": "$1.19", "2005-12-31": "$1.19", "2005-09-30": "$1.14", "2005-06-30": "$0.98", "2005-03-31": "$1.24"}}, "shares-outstanding": {"PNC Financial Services Annual Shares Outstanding (Millions of Shares)": {"2020": "429", "2019": "448", "2018": "470", "2017": "486", "2016": "500", "2015": "521", "2014": "537", "2013": "532", "2012": "529", "2011": "526", "2010": "520", "2009": "455", "2008": "346", "2007": "334", "2006": "297", "2005": "290"}, "PNC Financial Services Quarterly Shares Outstanding (Millions of Shares)": {"2020-12-31": "426", "2020-09-30": "426", "2020-06-30": "426", "2020-03-31": "430", "2019-12-31": "448", "2019-09-30": "445", "2019-06-30": "452", "2019-03-31": "456", "2018-12-31": "470", "2018-09-30": "467", "2018-06-30": "472", "2018-03-31": "476", "2017-12-31": "486", "2017-09-30": "483", "2017-06-30": "488", "2017-03-31": "492", "2016-12-31": "500", "2016-09-30": "496", "2016-06-30": "503", "2016-03-31": "507", "2015-12-31": "521", "2015-09-30": "520", "2015-06-30": "525", "2015-03-31": "529", "2014-12-31": "537", "2014-09-30": "537", "2014-06-30": "539", "2014-03-31": "539", "2013-12-31": "532", "2013-09-30": "534", "2013-06-30": "531", "2013-03-31": "528", "2012-12-31": "529", "2012-09-30": "529", "2012-06-30": "530", "2012-03-31": "529", "2011-12-31": "526", "2011-09-30": "526", "2011-06-30": "527", "2011-03-31": "526", "2010-12-31": "520", "2010-09-30": "526", "2010-06-30": "527", "2010-03-31": "500", "2009-12-31": "455", "2009-09-30": "461", "2009-06-30": "453", "2009-03-31": "444", "2008-12-31": "346", "2008-09-30": "347", "2008-06-30": "346", "2008-03-31": "342", "2007-12-31": "334", "2007-09-30": "340", "2007-06-30": "346", "2007-03-31": "312", "2006-12-31": "297", "2006-09-30": "296", "2006-06-30": "297", "2006-03-31": "296", "2005-12-31": "290", "2005-09-30": "292", "2005-06-30": "288", "2005-03-31": "284"}}, "total-assets": {"PNC Financial Services Annual Total Assets (Millions of US $)": {"2019": "$410,295", "2018": "$382,315", "2017": "$380,768", "2016": "$366,380", "2015": "$358,493", "2014": "$345,072", "2013": "$320,192", "2012": "$305,107", "2011": "$271,205", "2010": "$264,284", "2009": "$269,863", "2008": "$291,081", "2007": "$138,920", "2006": "$101,820", "2005": "$91,954"}, "PNC Financial Services Quarterly Total Assets (Millions of US $)": {"2020-09-30": "$461,817", "2020-06-30": "$458,978", "2020-03-31": "$445,493", "2019-12-31": "$410,295", "2019-09-30": "$408,916", "2019-06-30": "$405,761", "2019-03-31": "$392,837", "2018-12-31": "$382,315", "2018-09-30": "$380,080", "2018-06-30": "$380,711", "2018-03-31": "$379,161", "2017-12-31": "$380,768", "2017-09-30": "$375,191", "2017-06-30": "$372,190", "2017-03-31": "$370,944", "2016-12-31": "$366,380", "2016-09-30": "$369,348", "2016-06-30": "$361,335", "2016-03-31": "$360,985", "2015-12-31": "$358,493", "2015-09-30": "$362,125", "2015-06-30": "$353,945", "2015-03-31": "$350,960", "2014-12-31": "$345,072", "2014-09-30": "$334,424", "2014-06-30": "$327,064", "2014-03-31": "$323,423", "2013-12-31": "$320,192", "2013-09-30": "$308,597", "2013-06-30": "$304,415", "2013-03-31": "$300,812", "2012-12-31": "$305,107", "2012-09-30": "$300,803", "2012-06-30": "$299,575", "2012-03-31": "$295,883", "2011-12-31": "$271,205", "2011-09-30": "$269,470", "2011-06-30": "$263,117", "2011-03-31": "$259,378", "2010-12-31": "$264,284", "2010-09-30": "$260,133", "2010-06-30": "$261,695", "2010-03-31": "$265,396", "2009-12-31": "$269,863", "2009-09-30": "$271,407", "2009-06-30": "$279,754", "2009-03-31": "$286,422", "2008-12-31": "$291,081", "2008-09-30": "$145,610", "2008-06-30": "$142,771", "2008-03-31": "$139,991", "2007-12-31": "$138,920", "2007-09-30": "$131,366", "2007-06-30": "$125,651", "2007-03-31": "$122,563", "2006-12-31": "$101,820", "2006-09-30": "$98,436", "2006-06-30": "$94,914", "2006-03-31": "$93,257", "2005-12-31": "$91,954", "2005-09-30": "$93,241", "2005-06-30": "$90,794", "2005-03-31": "$83,359"}}, "cash-on-hand": {"PNC Financial Services Annual Cash on Hand (Millions of US $)": {"2019": "$28,474", "2018": "$16,501", "2017": "$33,844", "2016": "$30,590", "2015": "$34,611", "2014": "$40,344", "2013": "$21,237", "2012": "$12,763", "2011": "$9,992", "2010": "$10,437", "2009": "$13,290", "2008": "$22,911", "2007": "$10,425", "2006": "$8,416", "2005": "$6,411"}, "PNC Financial Services Quarterly Cash on Hand (Millions of US $)": {"2020-09-30": "$77,588", "2020-06-30": "$56,571", "2020-03-31": "$27,479", "2019-12-31": "$28,474", "2019-09-30": "$24,707", "2019-06-30": "$23,778", "2019-03-31": "$20,323", "2018-12-31": "$16,501", "2018-09-30": "$25,048", "2018-06-30": "$27,397", "2018-03-31": "$33,470", "2017-12-31": "$33,844", "2017-09-30": "$29,449", "2017-06-30": "$27,521", "2017-03-31": "$32,880", "2016-12-31": "$30,590", "2016-09-30": "$34,919", "2016-06-30": "$34,428", "2016-03-31": "$36,346", "2015-12-31": "$34,611", "2015-09-30": "$41,494", "2015-06-30": "$42,686", "2015-03-31": "$39,393", "2014-12-31": "$40,344", "2014-09-30": "$34,822", "2014-06-30": "$25,522", "2014-03-31": "$23,124", "2013-12-31": "$21,237", "2013-09-30": "$15,469", "2013-06-30": "$11,570", "2013-03-31": "$9,006", "2012-12-31": "$12,763", "2012-09-30": "$10,993", "2012-06-30": "$11,898", "2012-03-31": "$10,256", "2011-12-31": "$9,992", "2011-09-30": "$11,521", "2011-06-30": "$12,805", "2011-03-31": "$9,242", "2010-12-31": "$10,437", "2010-09-30": "$7,188", "2010-06-30": "$11,677", "2010-03-31": "$7,132", "2009-12-31": "$13,290", "2009-09-30": "$9,982", "2009-06-30": "$18,620", "2009-03-31": "$21,807", "2008-12-31": "$22,911", "2008-09-30": "$7,752", "2008-06-30": "$9,245", "2008-03-31": "$10,078", "2007-12-31": "$10,425", "2007-09-30": "$9,622", "2007-06-30": "$8,668", "2007-03-31": "$7,879", "2006-12-31": "$8,416", "2006-09-30": "$8,554", "2006-06-30": "$6,118", "2006-03-31": "$6,358", "2005-12-31": "$6,411", "2005-09-30": "$6,934", "2005-06-30": "$5,734", "2005-03-31": "$6,514"}}, "long-term-debt": {"PNC Financial Services Annual Long Term Debt (Millions of US $)": {"2019": "$51,485", "2018": "$52,414", "2017": "$54,299", "2016": "$48,530", "2015": "$49,962", "2014": "$48,263", "2013": "$36,819", "2012": "$29,127", "2011": "$29,449", "2010": "$35,344", "2009": "$35,263", "2008": "$47,087", "2007": "$21,157", "2006": "$10,266", "2005": "$11,078"}, "PNC Financial Services Quarterly Long Term Debt (Millions of US $)": {"2020-09-30": "$42,110", "2020-06-30": "$47,026", "2020-03-31": "$73,399", "2019-12-31": "$60,263", "2019-09-30": "$54,522", "2019-06-30": "$62,476", "2019-03-31": "$59,860", "2018-12-31": "$52,414", "2018-09-30": "$52,476", "2018-06-30": "$54,413", "2018-03-31": "$53,431", "2017-12-31": "$54,299", "2017-09-30": "$57,564", "2017-06-30": "$56,406", "2017-03-31": "$50,183", "2016-12-31": "$48,530", "2016-09-30": "$50,306", "2016-06-30": "$52,951", "2016-03-31": "$51,683", "2015-12-31": "$49,962", "2015-09-30": "$53,461", "2015-06-30": "$53,130", "2015-03-31": "$50,228", "2014-12-31": "$48,263", "2014-09-30": "$44,019", "2014-06-30": "$40,935", "2014-03-31": "$38,650", "2013-12-31": "$36,819", "2013-09-30": "$30,114", "2013-06-30": "$29,161", "2013-03-31": "$26,694", "2012-12-31": "$29,127", "2012-09-30": "$28,496", "2012-06-30": "$39,523", "2012-03-31": "$37,707", "2011-12-31": "$29,449", "2011-09-30": "$31,997", "2011-06-30": "$31,364", "2011-03-31": "$30,917", "2010-12-31": "$35,344", "2010-09-30": "$35,102", "2010-06-30": "$36,737", "2010-03-31": "$36,950", "2009-12-31": "$35,263", "2009-09-30": "$37,914", "2009-06-30": "$40,760", "2009-03-31": "$43,670", "2008-12-31": "$47,087", "2008-09-30": "$24,691", "2008-06-30": "$23,242", "2008-03-31": "$25,115", "2007-12-31": "$21,157", "2007-09-30": "$18,805", "2007-06-30": "$14,499", "2007-03-31": "$12,232", "2006-12-31": "$10,266", "2006-09-30": "$8,945", "2006-06-30": "$10,195", "2006-03-31": "$10,272", "2005-12-31": "$11,078", "2005-09-30": "$11,396", "2005-06-30": "$9,465", "2005-03-31": "$9,061"}}, "total-liabilities": {"PNC Financial Services Annual Total Liabilities (Millions of US $)": {"2019": "$360,952", "2018": "$334,545", "2017": "$333,183", "2016": "$319,526", "2015": "$312,513", "2014": "$298,998", "2013": "$276,155", "2012": "$263,342", "2011": "$233,959", "2010": "$231,446", "2009": "$237,296", "2008": "$263,433", "2007": "$124,066", "2006": "$91,032", "2005": "$83,391"}, "PNC Financial Services Quarterly Total Liabilities (Millions of US $)": {"2020-09-30": "$408,507", "2020-06-30": "$406,030", "2020-03-31": "$396,203", "2019-12-31": "$360,952", "2019-09-30": "$359,461", "2019-06-30": "$356,380", "2019-03-31": "$344,262", "2018-12-31": "$334,545", "2018-09-30": "$332,978", "2018-06-30": "$333,736", "2018-03-31": "$332,126", "2017-12-31": "$333,183", "2017-09-30": "$328,739", "2017-06-30": "$326,005", "2017-03-31": "$325,041", "2016-12-31": "$319,526", "2016-09-30": "$322,503", "2016-06-30": "$314,636", "2016-03-31": "$314,657", "2015-12-31": "$312,513", "2015-09-30": "$315,847", "2015-06-30": "$308,033", "2015-03-31": "$304,522", "2014-12-31": "$298,998", "2014-09-30": "$288,429", "2014-06-30": "$281,271", "2014-03-31": "$278,505", "2013-12-31": "$276,155", "2013-09-30": "$265,777", "2013-06-30": "$262,474", "2013-03-31": "$258,734", "2012-12-31": "$263,342", "2012-09-30": "$259,001", "2012-06-30": "$259,361", "2012-03-31": "$257,647", "2011-12-31": "$233,959", "2011-09-30": "$232,228", "2011-06-30": "$228,244", "2011-03-31": "$225,661", "2010-12-31": "$231,446", "2010-09-30": "$227,467", "2010-06-30": "$230,705", "2010-03-31": "$235,962", "2009-12-31": "$237,296", "2009-09-30": "$239,744", "2009-06-30": "$250,287", "2009-03-31": "$257,766", "2008-12-31": "$263,433", "2008-09-30": "$131,392", "2008-06-30": "$127,663", "2008-03-31": "$125,568", "2007-12-31": "$124,066", "2007-09-30": "$116,827", "2007-06-30": "$111,147", "2007-03-31": "$107,824", "2006-12-31": "$91,032", "2006-09-30": "$87,678", "2006-06-30": "$86,087", "2006-03-31": "$84,476", "2005-12-31": "$83,391", "2005-09-30": "$84,924", "2005-06-30": "$82,551", "2005-03-31": "$75,780"}}, "total-share-holder-equity": {"PNC Financial Services Annual Share Holder Equity (Millions of US $)": {"2019": "$49,343", "2018": "$47,770", "2017": "$47,585", "2016": "$46,854", "2015": "$45,980", "2014": "$46,074", "2013": "$44,037", "2012": "$41,765", "2011": "$37,246", "2010": "$32,838", "2009": "$32,567", "2008": "$27,648", "2007": "$14,854", "2006": "$10,788", "2005": "$8,563"}, "PNC Financial Services Quarterly Share Holder Equity (Millions of US $)": {"2020-09-30": "$53,310", "2020-06-30": "$52,948", "2020-03-31": "$49,290", "2019-12-31": "$49,343", "2019-09-30": "$49,455", "2019-06-30": "$49,381", "2019-03-31": "$48,575", "2018-12-31": "$47,770", "2018-09-30": "$47,102", "2018-06-30": "$46,975", "2018-03-31": "$47,035", "2017-12-31": "$47,585", "2017-09-30": "$46,452", "2017-06-30": "$46,185", "2017-03-31": "$45,903", "2016-12-31": "$46,854", "2016-09-30": "$46,845", "2016-06-30": "$46,699", "2016-03-31": "$46,328", "2015-12-31": "$45,980", "2015-09-30": "$46,278", "2015-06-30": "$45,912", "2015-03-31": "$46,438", "2014-12-31": "$46,074", "2014-09-30": "$45,995", "2014-06-30": "$45,793", "2014-03-31": "$44,918", "2013-12-31": "$44,037", "2013-09-30": "$42,820", "2013-06-30": "$41,941", "2013-03-31": "$42,078", "2012-12-31": "$41,765", "2012-09-30": "$41,802", "2012-06-30": "$40,214", "2012-03-31": "$38,236", "2011-12-31": "$37,246", "2011-09-30": "$37,242", "2011-06-30": "$34,873", "2011-03-31": "$33,717", "2010-12-31": "$32,838", "2010-09-30": "$32,666", "2010-06-30": "$30,990", "2010-03-31": "$29,434", "2009-12-31": "$32,567", "2009-09-30": "$31,663", "2009-06-30": "$29,467", "2009-03-31": "$28,656", "2008-12-31": "$27,648", "2008-09-30": "$14,218", "2008-06-30": "$15,108", "2008-03-31": "$14,423", "2007-12-31": "$14,854", "2007-09-30": "$14,539", "2007-06-30": "$14,504", "2007-03-31": "$14,739", "2006-12-31": "$10,788", "2006-09-30": "$10,758", "2006-06-30": "$8,827", "2006-03-31": "$8,781", "2005-12-31": "$8,563", "2005-09-30": "$8,317", "2005-06-30": "$8,243", "2005-03-31": "$7,579"}}, "profit-margins": {"current": "40.83%"}, "gross margin": {"2020-12-31": "92.38%", "2020-09-30": "89.73%", "2020-06-30": "86.23%", "2020-03-31": "83.64%", "2019-12-31": "82.44%", "2019-09-30": "81.69%", "2019-06-30": "82.74%", "2019-03-31": "84.16%", "2018-12-31": "85.69%", "2018-09-30": "87.38%", "2018-06-30": "88.64%", "2018-03-31": "89.69%", "2017-12-31": "90.54%", "2017-09-30": "91.14%", "2017-06-30": "91.72%", "2017-03-31": "92.14%", "2016-12-31": "92.32%", "2016-09-30": "92.63%", "2016-06-30": "92.80%", "2016-03-31": "93.19%", "2015-12-31": "93.58%", "2015-09-30": "93.76%", "2015-06-30": "94.10%", "2015-03-31": "94.23%", "2014-12-31": "94.44%", "2014-09-30": "94.63%", "2014-06-30": "94.72%", "2014-03-31": "94.89%", "2013-12-31": "94.90%", "2013-09-30": "94.71%", "2013-06-30": "94.45%", "2013-03-31": "93.97%", "2012-12-31": "93.41%", "2012-09-30": "92.69%", "2012-06-30": "91.94%", "2012-03-31": "91.19%", "2011-12-31": "90.56%", "2011-09-30": "90.01%", "2011-06-30": "89.33%", "2011-03-31": "89.31%", "2010-12-31": "88.77%", "2010-09-30": "88.78%", "2010-06-30": "88.08%", "2010-03-31": "86.29%", "2009-12-31": "84.38%", "2009-09-30": "80.60%", "2009-06-30": "77.82%", "2009-03-31": "75.69%", "2008-12-31": "72.01%", "2008-09-30": "69.61%", "2008-06-30": "67.78%", "2008-03-31": "65.09%", "2007-12-31": "64.82%", "2007-09-30": "68.61%", "2007-06-30": "74.97%", "2007-03-31": "76.81%", "2006-12-31": "78.36%", "2006-09-30": "79.94%", "2006-06-30": "77.60%", "2006-03-31": "78.62%", "2005-12-31": "80.02%"}, "operating margin": {"2020-12-31": "7.47%", "2020-09-30": "19.77%", "2020-06-30": "17.78%", "2020-03-31": "27.89%", "2019-12-31": "29.97%", "2019-09-30": "28.66%", "2019-06-30": "29.92%", "2019-03-31": "31.39%", "2018-12-31": "32.15%", "2018-09-30": "30.17%", "2018-06-30": "30.38%", "2018-03-31": "30.27%", "2017-12-31": "30.44%", "2017-09-30": "33.06%", "2017-06-30": "32.77%", "2017-03-31": "32.44%", "2016-12-31": "31.99%", "2016-09-30": "32.24%", "2016-06-30": "32.38%", "2016-03-31": "33.27%", "2015-12-31": "33.85%", "2015-09-30": "33.54%", "2015-06-30": "34.05%", "2015-03-31": "33.95%", "2014-12-31": "34.48%", "2014-09-30": "34.82%", "2014-06-30": "34.43%", "2014-03-31": "34.49%", "2013-12-31": "33.71%", "2013-09-30": "31.12%", "2013-06-30": "29.67%", "2013-03-31": "25.67%", "2012-12-31": "24.32%", "2012-09-30": "22.64%", "2012-06-30": "22.87%", "2012-03-31": "25.42%", "2011-12-31": "25.72%", "2011-09-30": "27.90%", "2011-06-30": "26.44%", "2011-03-31": "25.54%", "2010-12-31": "23.75%", "2010-09-30": "25.10%", "2010-06-30": "23.28%", "2010-03-31": "18.40%", "2009-12-31": "16.77%", "2009-09-30": "6.47%", "2009-06-30": "4.56%", "2009-03-31": "10.27%", "2008-12-31": "12.51%", "2008-09-30": "19.52%", "2008-06-30": "21.40%", "2008-03-31": "20.25%", "2007-12-31": "21.17%", "2007-09-30": "24.82%", "2007-06-30": "37.00%", "2007-03-31": "37.38%", "2006-12-31": "36.61%", "2006-09-30": "37.10%", "2006-06-30": "25.06%", "2006-03-31": "24.88%", "2005-12-31": "25.29%"}, "ebitda margin": {"2020-09-30": "0.00%", "2020-06-30": "0.00%", "2020-03-31": "0.00%", "2019-12-31": "0.00%", "2019-09-30": "0.00%", "2019-06-30": "0.00%", "2019-03-31": "0.00%", "2018-12-31": "0.00%", "2018-09-30": "0.00%", "2018-06-30": "0.00%", "2018-03-31": "0.00%", "2017-12-31": "0.00%", "2017-09-30": "0.00%", "2017-06-30": "0.00%", "2017-03-31": "0.00%", "2016-12-31": "0.00%", "2016-09-30": "0.00%", "2016-06-30": "0.00%", "2016-03-31": "0.00%", "2015-12-31": "0.00%", "2015-09-30": "0.00%", "2015-06-30": "0.00%", "2015-03-31": "0.00%", "2014-12-31": "0.00%", "2014-09-30": "0.00%", "2014-06-30": "0.00%", "2014-03-31": "0.00%", "2013-12-31": "0.00%", "2013-09-30": "0.00%", "2013-06-30": "0.00%", "2013-03-31": "0.00%", "2012-12-31": "0.00%", "2012-09-30": "0.00%", "2012-06-30": "0.00%", "2012-03-31": "0.00%", "2011-12-31": "0.00%", "2011-09-30": "0.00%", "2011-06-30": "0.00%", "2011-03-31": "0.00%", "2010-12-31": "0.00%", "2010-09-30": "0.00%", "2010-06-30": "0.00%", "2010-03-31": "0.00%", "2009-12-31": "0.00%", "2009-09-30": "0.00%", "2009-06-30": "0.00%", "2009-03-31": "0.00%", "2008-12-31": "0.00%", "2008-09-30": "0.00%", "2008-06-30": "0.00%", "2008-03-31": "0.00%", "2007-12-31": "0.00%", "2007-09-30": "0.00%", "2007-06-30": "0.00%", "2007-03-31": "0.00%", "2006-12-31": "0.00%", "2006-09-30": "0.00%", "2006-06-30": "0.00%", "2006-03-31": "0.00%", "2005-12-31": "0.00%"}, "pre tax profit margin": {"2020-12-31": "22.75%", "2020-09-30": "19.77%", "2020-06-30": "17.78%", "2020-03-31": "27.89%", "2019-12-31": "29.97%", "2019-09-30": "28.66%", "2019-06-30": "29.92%", "2019-03-31": "31.39%", "2018-12-31": "32.15%", "2018-09-30": "30.17%", "2018-06-30": "30.38%", "2018-03-31": "30.27%", "2017-12-31": "30.44%", "2017-09-30": "33.06%", "2017-06-30": "32.77%", "2017-03-31": "32.44%", "2016-12-31": "31.99%", "2016-09-30": "32.24%", "2016-06-30": "32.38%", "2016-03-31": "33.27%", "2015-12-31": "33.85%", "2015-09-30": "33.54%", "2015-06-30": "34.05%", "2015-03-31": "33.95%", "2014-12-31": "34.48%", "2014-09-30": "34.82%", "2014-06-30": "34.43%", "2014-03-31": "34.49%", "2013-12-31": "33.71%", "2013-09-30": "31.12%", "2013-06-30": "29.67%", "2013-03-31": "25.67%", "2012-12-31": "24.32%", "2012-09-30": "22.64%", "2012-06-30": "22.87%", "2012-03-31": "25.42%", "2011-12-31": "25.72%", "2011-09-30": "27.90%", "2011-06-30": "26.44%", "2011-03-31": "25.54%", "2010-12-31": "23.75%", "2010-09-30": "25.10%", "2010-06-30": "23.28%", "2010-03-31": "18.40%", "2009-12-31": "16.77%", "2009-09-30": "6.47%", "2009-06-30": "4.56%", "2009-03-31": "10.27%", "2008-12-31": "12.51%", "2008-09-30": "19.52%", "2008-06-30": "21.40%", "2008-03-31": "20.25%", "2007-12-31": "21.17%", "2007-09-30": "24.82%", "2007-06-30": "37.00%", "2007-03-31": "37.38%", "2006-12-31": "36.61%", "2006-09-30": "37.10%", "2006-06-30": "25.06%", "2006-03-31": "24.88%", "2005-12-31": "25.29%"}, "net profit margin": {"2020-12-31": "45.91%", "2020-09-30": "35.88%", "2020-06-30": "33.88%", "2020-03-31": "22.02%", "2019-12-31": "23.62%", "2019-09-30": "24.28%", "2019-06-30": "24.48%", "2019-03-31": "24.66%", "2018-12-31": "25.21%", "2018-09-30": "29.67%", "2018-06-30": "29.06%", "2018-03-31": "28.45%", "2017-12-31": "28.02%", "2017-09-30": "22.93%", "2017-06-30": "22.77%", "2017-03-31": "22.62%", "2016-12-31": "22.30%", "2016-09-30": "22.28%", "2016-06-30": "22.81%", "2016-03-31": "23.26%", "2015-12-31": "23.75%", "2015-09-30": "23.85%", "2015-06-30": "23.66%", "2015-03-31": "23.83%", "2014-12-31": "24.18%", "2014-09-30": "24.11%", "2014-06-30": "23.96%", "2014-03-31": "23.96%", "2013-12-31": "23.32%", "2013-09-30": "21.20%", "2013-06-30": "20.46%", "2013-03-31": "17.75%", "2012-12-31": "16.90%", "2012-09-30": "16.21%", "2012-06-30": "16.34%", "2012-03-31": "18.50%", "2011-12-31": "18.95%", "2011-09-30": "20.46%", "2011-06-30": "21.88%", "2011-03-31": "20.84%", "2010-12-31": "17.61%", "2010-09-30": "17.71%", "2010-06-30": "13.94%", "2010-03-31": "9.93%", "2009-12-31": "10.42%", "2009-09-30": "4.81%", "2009-06-30": "3.95%", "2009-03-31": "8.76%", "2008-12-31": "9.85%", "2008-09-30": "14.39%", "2008-06-30": "15.48%", "2008-03-31": "14.78%", "2007-12-31": "16.14%", "2007-09-30": "17.26%", "2007-06-30": "24.55%", "2007-03-31": "24.55%", "2006-12-31": "23.71%", "2006-09-30": "23.52%", "2006-06-30": "15.98%", "2006-03-31": "15.80%", "2005-12-31": "16.74%"}, "pe ratio": {"current": "23.60", "2021-02-11": "11.59", "2020-12-31": "10.76", "2020-09-30": "6.46", "2020-06-30": "6.29", "2020-03-31": "8.55", "2019-12-31": "13.34", "2019-09-30": "11.85", "2019-06-30": "11.63", "2019-03-31": "10.47", "2018-12-31": "10.07", "2018-09-30": "10.27", "2018-06-30": "10.70", "2018-03-31": "12.60", "2017-12-31": "12.50", "2017-09-30": "14.74", "2017-06-30": "14.13", "2017-03-31": "14.04", "2016-12-31": "14.12", "2016-09-30": "10.96", "2016-06-30": "9.75", "2016-03-31": "9.99", "2015-12-31": "11.09", "2015-09-30": "10.36", "2015-06-30": "11.22", "2015-03-31": "10.92", "2014-12-31": "10.52", "2014-09-30": "9.80", "2014-06-30": "10.14", "2014-03-31": "9.67", "2013-12-31": "8.64", "2013-09-30": "8.74", "2013-06-30": "8.94", "2013-03-31": "9.54", "2012-12-31": "8.80", "2012-09-30": "10.21", "2012-06-30": "10.00", "2012-03-31": "9.20", "2011-12-31": "8.00", "2011-09-30": "5.93", "2011-06-30": "6.73", "2011-03-31": "7.29", "2010-12-31": "8.13", "2010-09-30": "6.23", "2010-06-30": "8.15", "2010-03-31": "11.47", "2009-12-31": "9.26", "2009-09-30": "26.37", "2009-06-30": "26.50", "2009-03-31": "9.14", "2008-12-31": "14.70", "2008-09-30": "14.60", "2008-06-30": "9.78", "2008-03-31": "11.76", "2007-12-31": "10.67", "2007-09-30": "9.37", "2007-06-30": "5.60", "2007-03-31": "5.55", "2006-12-31": "5.84"}, "price sales": {"2021-02-11": "4.29", "2020-12-31": "3.98", "2020-09-30": "2.34", "2020-06-30": "2.15", "2020-03-31": "1.89", "2019-12-31": "3.17", "2019-09-30": "2.88", "2019-06-30": "2.85", "2019-03-31": "2.59", "2018-12-31": "2.54", "2018-09-30": "3.04", "2018-06-30": "3.10", "2018-03-31": "3.58", "2017-12-31": "3.51", "2017-09-30": "3.39", "2017-06-30": "3.22", "2017-03-31": "3.18", "2016-12-31": "3.15", "2016-09-30": "2.45", "2016-06-30": "2.24", "2016-03-31": "2.33", "2015-12-31": "2.64", "2015-09-30": "2.47", "2015-06-30": "2.65", "2015-03-31": "2.60", "2014-12-31": "2.54", "2014-09-30": "2.35", "2014-06-30": "2.42", "2014-03-31": "2.30", "2013-12-31": "2.01", "2013-09-30": "1.86", "2013-06-30": "1.83", "2013-03-31": "1.70", "2012-12-31": "1.49", "2012-09-30": "1.64", "2012-06-30": "1.63", "2012-03-31": "1.69", "2011-12-31": "1.50", "2011-09-30": "1.20", "2011-06-30": "1.46", "2011-03-31": "1.51", "2010-12-31": "1.41", "2010-09-30": "1.08", "2010-06-30": "1.12", "2010-03-31": "1.12", "2009-12-31": "0.95", "2009-09-30": "1.08", "2009-06-30": "0.96", "2009-03-31": "0.78", "2008-12-31": "1.44", "2008-09-30": "2.08", "2008-06-30": "1.50", "2008-03-31": "1.72", "2007-12-31": "1.72", "2007-09-30": "1.62", "2007-06-30": "1.39", "2007-03-31": "1.36", "2006-12-31": "1.38"}, "price book": {"current": "1.24", "2021-02-11": "1.27", "2020-09-30": "0.86", "2020-06-30": "0.82", "2020-03-31": "0.79", "2019-12-31": "1.33", "2019-09-30": "1.18", "2019-06-30": "1.16", "2019-03-31": "1.06", "2018-12-31": "1.03", "2018-09-30": "1.22", "2018-06-30": "1.22", "2018-03-31": "1.37", "2017-12-31": "1.29", "2017-09-30": "1.24", "2017-06-30": "1.16", "2017-03-31": "1.13", "2016-12-31": "1.07", "2016-09-30": "0.82", "2016-06-30": "0.75", "2016-03-31": "0.79", "2015-12-31": "0.90", "2015-09-30": "0.84", "2015-06-30": "0.92", "2015-03-31": "0.88", "2014-12-31": "0.87", "2014-09-30": "0.82", "2014-06-30": "0.86", "2014-03-31": "0.86", "2013-12-31": "0.77", "2013-09-30": "0.74", "2013-06-30": "0.75", "2013-03-31": "0.68", "2012-12-31": "0.59", "2012-09-30": "0.64", "2012-06-30": "0.64", "2012-03-31": "0.70", "2011-12-31": "0.64", "2011-09-30": "0.53", "2011-06-30": "0.69", "2011-03-31": "0.75", "2010-12-31": "0.75", "2010-09-30": "0.64", "2010-06-30": "0.73", "2010-03-31": "0.81", "2009-12-31": "0.57", "2009-09-30": "0.54", "2009-06-30": "0.46", "2009-03-31": "0.34", "2008-12-31": "0.58", "2008-09-30": "1.35", "2008-06-30": "0.95", "2008-03-31": "1.12", "2007-12-31": "1.08", "2007-09-30": "1.12", "2007-06-30": "1.18", "2007-03-31": "1.17", "2006-12-31": "1.39", "2006-09-30": "1.36", "2006-06-30": "1.59", "2006-03-31": "1.53"}, "price fcf": {"2021-02-11": "", "2020-09-30": "$13.28", "2020-06-30": "$13.85", "2020-03-31": "$11.74", "2019-12-31": "$16.44", "2019-09-30": "$14.02", "2019-06-30": "$15.13", "2019-03-31": "$13.61", "2018-12-31": "$16.68", "2018-09-30": "$13.93", "2018-06-30": "$16.55", "2018-03-31": "$14.39", "2017-12-31": "$11.48", "2017-09-30": "$12.13", "2017-06-30": "$10.04", "2017-03-31": "$9.69", "2016-12-31": "$7.00", "2016-09-30": "$8.25", "2016-06-30": "$8.96", "2016-03-31": "$10.66", "2015-12-31": "$10.60", "2015-09-30": "$8.86", "2015-06-30": "$7.12", "2015-03-31": "$7.33", "2014-12-31": "$10.40", "2014-09-30": "$7.93", "2014-06-30": "$13.50", "2014-03-31": "$12.09", "2013-12-31": "$10.44", "2013-09-30": "$13.28", "2013-06-30": "$9.06", "2013-03-31": "$9.54", "2012-12-31": "$12.87", "2012-09-30": "$13.39", "2012-06-30": "$11.64", "2012-03-31": "$15.34", "2011-12-31": "$11.47", "2011-09-30": "$9.53", "2011-06-30": "$8.18", "2011-03-31": "$6.09", "2010-12-31": "$9.25", "2010-09-30": "$15.60", "2010-06-30": "$17.77", "2010-03-31": "$15.23", "2009-12-31": "$12.65", "2009-09-30": "$11.34", "2009-06-30": "$18.33", "2009-03-31": "$21.32", "2008-12-31": "$21.43", "2008-09-30": "$12.01", "2008-06-30": "$5.44", "2008-03-31": "$-2.55", "2007-12-31": "$-1.25", "2007-09-30": "$4.45", "2007-06-30": "$1.43", "2007-03-31": "$7.45", "2006-12-31": "$7.27"}, "net worth": {"value": "$67B"}, "current ratio": {"2020-12-31": "0.89", "2020-09-30": "0.88", "2020-06-30": "0.87", "2020-03-31": "0.90", "2019-12-31": "0.89", "2019-09-30": "0.88", "2019-06-30": "0.90", "2019-03-31": "0.88", "2018-12-31": "0.87", "2018-09-30": "0.90", "2018-06-30": "0.91", "2018-03-31": "0.93", "2017-12-31": "0.93", "2017-09-30": "0.92", "2017-06-30": "0.91", "2017-03-31": "0.91", "2016-12-31": "0.91", "2016-09-30": "0.92", "2016-06-30": "0.95", "2016-03-31": "0.94", "2015-12-31": "0.93", "2015-09-30": "0.97", "2015-06-30": "0.99", "2015-03-31": "0.98", "2014-12-31": "0.99", "2014-09-30": "0.98", "2014-06-30": "0.96", "2014-03-31": "0.94", "2013-12-31": "0.92", "2013-09-30": "0.90", "2013-06-30": "0.89", "2013-03-31": "0.86", "2012-12-31": "0.86", "2012-09-30": "0.85", "2012-06-30": "0.89", "2012-03-31": "0.86", "2011-12-31": "0.84", "2011-09-30": "0.84", "2011-06-30": "0.85", "2011-03-31": "0.83", "2010-12-31": "0.84", "2010-09-30": "0.83", "2010-06-30": "0.88", "2010-03-31": "0.85", "2009-12-31": "0.87", "2009-09-30": "0.88", "2009-06-30": "0.93", "2009-03-31": "0.95", "2008-12-31": "0.99", "2008-09-30": "0.88", "2008-06-30": "0.86", "2008-03-31": "0.90", "2007-12-31": "0.85", "2007-09-30": "0.85", "2007-06-30": "0.83", "2007-03-31": "0.81", "2006-12-31": "0.80", "2006-09-30": "0.83", "2006-06-30": "0.81", "2006-03-31": "0.83", "2005-12-31": "0.83", "2005-09-30": "0.85", "2005-06-30": "0.81", "2005-03-31": "0.84"}, "quick ratio": {"2020-12-31": "0.00", "2020-09-30": "0.00", "2020-06-30": "0.00", "2020-03-31": "0.00", "2019-12-31": "0.00", "2019-09-30": "0.00", "2019-06-30": "0.00", "2019-03-31": "0.00", "2018-12-31": "0.00", "2018-09-30": "0.00", "2018-06-30": "0.00", "2018-03-31": "0.00", "2017-12-31": "0.00", "2017-09-30": "0.00", "2017-06-30": "0.00", "2017-03-31": "0.00", "2016-12-31": "0.00", "2016-09-30": "0.00", "2016-06-30": "0.00", "2016-03-31": "0.00", "2015-12-31": "0.00", "2015-09-30": "0.00", "2015-06-30": "0.00", "2015-03-31": "0.00", "2014-12-31": "0.00", "2014-09-30": "0.00", "2014-06-30": "0.00", "2014-03-31": "0.00", "2013-12-31": "0.00", "2013-09-30": "0.00", "2013-06-30": "0.00", "2013-03-31": "0.00", "2012-12-31": "0.00", "2012-09-30": "0.00", "2012-06-30": "0.00", "2012-03-31": "0.00", "2011-12-31": "0.00", "2011-09-30": "0.00", "2011-06-30": "0.00", "2011-03-31": "0.00", "2010-12-31": "0.00", "2010-09-30": "0.00", "2010-06-30": "0.00", "2010-03-31": "0.00", "2009-12-31": "0.00", "2009-09-30": "0.00", "2009-06-30": "0.00", "2009-03-31": "0.00", "2008-12-31": "0.00", "2008-09-30": "0.00", "2008-06-30": "0.00", "2008-03-31": "0.00", "2007-12-31": "0.00", "2007-09-30": "0.00", "2007-06-30": "0.00", "2007-03-31": "0.00", "2006-12-31": "0.00", "2006-09-30": "0.00", "2006-06-30": "0.00", "2006-03-31": "0.00", "2005-12-31": "0.00", "2005-09-30": "0.00", "2005-06-30": "0.00", "2005-03-31": "0.00"}, "debt equity ratio": {"current": "0.69", "2020-12-31": "7.64", "2020-09-30": "7.66", "2020-06-30": "7.67", "2020-03-31": "8.04", "2019-12-31": "7.32", "2019-09-30": "7.27", "2019-06-30": "7.22", "2019-03-31": "7.09", "2018-12-31": "7.00", "2018-09-30": "7.07", "2018-06-30": "7.11", "2018-03-31": "7.06", "2017-12-31": "7.00", "2017-09-30": "7.08", "2017-06-30": "7.06", "2017-03-31": "7.08", "2016-12-31": "6.82", "2016-09-30": "6.88", "2016-06-30": "6.74", "2016-03-31": "6.79", "2015-12-31": "6.80", "2015-09-30": "6.83", "2015-06-30": "6.71", "2015-03-31": "6.56", "2014-12-31": "6.49", "2014-09-30": "6.27", "2014-06-30": "6.14", "2014-03-31": "6.20", "2013-12-31": "6.27", "2013-09-30": "6.21", "2013-06-30": "6.26", "2013-03-31": "6.15", "2012-12-31": "6.31", "2012-09-30": "6.20", "2012-06-30": "6.45", "2012-03-31": "6.74", "2011-12-31": "6.28", "2011-09-30": "6.24", "2011-06-30": "6.55", "2011-03-31": "6.69", "2010-12-31": "7.05", "2010-09-30": "6.96", "2010-06-30": "7.44", "2010-03-31": "8.02", "2009-12-31": "7.29", "2009-09-30": "7.57", "2009-06-30": "8.49", "2009-03-31": "9.00", "2008-12-31": "9.53", "2008-09-30": "9.24", "2008-06-30": "8.45", "2008-03-31": "8.71", "2007-12-31": "8.35", "2007-09-30": "8.04", "2007-06-30": "7.66", "2007-03-31": "7.32", "2006-12-31": "8.44", "2006-09-30": "8.15", "2006-06-30": "9.75", "2006-03-31": "9.62", "2005-12-31": "9.74", "2005-09-30": "10.21", "2005-06-30": "10.02", "2005-03-31": "10.00"}, "return on equity": {"2020-12-31": "13.90%", "2020-09-30": "14.02%", "2020-06-30": "14.01%", "2020-03-31": "9.63%", "2019-12-31": "10.38%", "2019-09-30": "10.41%", "2019-06-30": "10.55%", "2019-03-31": "10.65%", "2018-12-31": "10.67%", "2018-09-30": "12.27%", "2018-06-30": "11.73%", "2018-03-31": "11.22%", "2017-12-31": "10.86%", "2017-09-30": "8.65%", "2017-06-30": "8.36%", "2017-03-31": "8.11%", "2016-12-31": "7.84%", "2016-09-30": "7.84%", "2016-06-30": "8.01%", "2016-03-31": "8.20%", "2015-12-31": "8.37%", "2015-09-30": "8.44%", "2015-06-30": "8.39%", "2015-03-31": "8.41%", "2014-12-31": "8.61%", "2014-09-30": "8.74%", "2014-06-30": "8.88%", "2014-03-31": "9.21%", "2013-12-31": "9.21%", "2013-09-30": "8.50%", "2013-06-30": "8.37%", "2013-03-31": "7.17%", "2012-12-31": "6.93%", "2012-09-30": "6.66%", "2012-06-30": "6.72%", "2012-03-31": "7.93%", "2011-12-31": "8.38%", "2011-09-30": "9.63%", "2011-06-30": "10.77%", "2011-03-31": "10.79%", "2010-12-31": "9.56%", "2010-09-30": "10.26%", "2010-06-30": "8.33%", "2010-03-31": "6.09%", "2009-12-31": "6.55%", "2009-09-30": "2.46%", "2009-06-30": "2.02%", "2009-03-31": "4.41%", "2008-12-31": "4.82%", "2008-09-30": "8.93%", "2008-06-30": "9.96%", "2008-03-31": "9.50%", "2007-12-31": "10.01%", "2007-09-30": "12.20%", "2007-06-30": "21.59%", "2007-03-31": "23.93%", "2006-12-31": "26.50%", "2006-09-30": "27.87%", "2006-06-30": "16.50%", "2006-03-31": "15.62%", "2005-12-31": "16.19%"}, "return on assets": {"2020-12-31": "1.59%", "2020-09-30": "1.62%", "2020-06-30": "1.63%", "2020-03-31": "1.14%", "2019-12-31": "1.26%", "2019-09-30": "1.28%", "2019-06-30": "1.30%", "2019-03-31": "1.32%", "2018-12-31": "1.32%", "2018-09-30": "1.52%", "2018-06-30": "1.46%", "2018-03-31": "1.39%", "2017-12-31": "1.35%", "2017-09-30": "1.08%", "2017-06-30": "1.05%", "2017-03-31": "1.03%", "2016-12-31": "1.00%", "2016-09-30": "1.00%", "2016-06-30": "1.03%", "2016-03-31": "1.05%", "2015-12-31": "1.08%", "2015-09-30": "1.10%", "2015-06-30": "1.12%", "2015-03-31": "1.14%", "2014-12-31": "1.18%", "2014-09-30": "1.21%", "2014-06-30": "1.23%", "2014-03-31": "1.27%", "2013-12-31": "1.28%", "2013-09-30": "1.18%", "2013-06-30": "1.16%", "2013-03-31": "0.99%", "2012-12-31": "0.93%", "2012-09-30": "0.90%", "2012-06-30": "0.90%", "2012-03-31": "1.06%", "2011-12-31": "1.13%", "2011-09-30": "1.26%", "2011-06-30": "1.38%", "2011-03-31": "1.34%", "2010-12-31": "1.15%", "2010-09-30": "1.22%", "2010-06-30": "0.97%", "2010-03-31": "0.69%", "2009-12-31": "0.72%", "2009-09-30": "0.26%", "2009-06-30": "0.20%", "2009-03-31": "0.44%", "2008-12-31": "0.48%", "2008-09-30": "0.92%", "2008-06-30": "1.06%", "2008-03-31": "1.03%", "2007-12-31": "1.13%", "2007-09-30": "1.38%", "2007-06-30": "2.44%", "2007-03-31": "2.58%", "2006-12-31": "2.67%", "2006-09-30": "2.72%", "2006-06-30": "1.52%", "2006-03-31": "1.43%", "2005-12-31": "1.47%"}, "return on investments": {"2020-12-31": "1.16%", "2020-09-30": "3.70%", "2020-06-30": "3.39%", "2020-03-31": "5.37%", "2019-12-31": "5.97%", "2019-09-30": "5.65%", "2019-06-30": "5.92%", "2019-03-31": "6.30%", "2018-12-31": "6.40%", "2018-09-30": "5.84%", "2018-06-30": "5.66%", "2018-03-31": "5.47%", "2017-12-31": "5.43%", "2017-09-30": "5.81%", "2017-06-30": "5.72%", "2017-03-31": "5.58%", "2016-12-31": "5.38%", "2016-09-30": "5.39%", "2016-06-30": "5.35%", "2016-03-31": "5.51%", "2015-12-31": "5.63%", "2015-09-30": "5.62%", "2015-06-30": "5.86%", "2015-03-31": "6.01%", "2014-12-31": "6.33%", "2014-09-30": "6.69%", "2014-06-30": "6.99%", "2014-03-31": "7.46%", "2013-12-31": "7.75%", "2013-09-30": "7.42%", "2013-06-30": "7.23%", "2013-03-31": "5.93%", "2012-12-31": "5.44%", "2012-09-30": "5.00%", "2012-06-30": "4.93%", "2012-03-31": "5.78%", "2011-12-31": "6.10%", "2011-09-30": "6.78%", "2011-06-30": "6.54%", "2011-03-31": "6.41%", "2010-12-31": "6.01%", "2010-09-30": "6.77%", "2010-06-30": "6.39%", "2010-03-31": "5.07%", "2009-12-31": "4.61%", "2009-09-30": "1.36%", "2009-06-30": "0.91%", "2009-03-31": "1.97%", "2008-12-31": "2.28%", "2008-09-30": "4.64%", "2008-06-30": "5.51%", "2008-03-31": "5.50%", "2007-12-31": "6.14%", "2007-09-30": "8.67%", "2007-06-30": "17.09%", "2007-03-31": "18.95%", "2006-12-31": "20.32%", "2006-09-30": "20.97%", "2006-06-30": "11.53%", "2006-03-31": "10.96%", "2005-12-31": "10.85%"}, "return on tangible equity": {"2020-09-30": "17.62%", "2020-06-30": "17.73%", "2020-03-31": "12.29%", "2019-12-31": "13.33%", "2019-09-30": "13.42%", "2019-06-30": "13.71%", "2019-03-31": "13.94%", "2018-12-31": "14.01%", "2018-09-30": "16.10%", "2018-06-30": "15.37%", "2018-03-31": "14.69%", "2017-12-31": "14.22%", "2017-09-30": "11.34%", "2017-06-30": "10.93%", "2017-03-31": "10.55%", "2016-12-31": "10.19%", "2016-09-30": "10.19%", "2016-06-30": "10.43%", "2016-03-31": "10.74%", "2015-12-31": "10.97%", "2015-09-30": "11.07%", "2015-06-30": "11.02%", "2015-03-31": "11.05%", "2014-12-31": "11.37%", "2014-09-30": "11.60%", "2014-06-30": "11.87%", "2014-03-31": "12.42%", "2013-12-31": "12.48%", "2013-09-30": "11.54%", "2013-06-30": "11.35%", "2013-03-31": "9.74%", "2012-12-31": "9.51%", "2012-09-30": "9.18%", "2012-06-30": "9.30%", "2012-03-31": "11.10%", "2011-12-31": "11.82%", "2011-09-30": "13.85%", "2011-06-30": "15.78%", "2011-03-31": "16.32%", "2010-12-31": "15.09%", "2010-09-30": "16.67%", "2010-06-30": "14.01%", "2010-03-31": "10.44%", "2009-12-31": "11.18%", "2009-09-30": "4.26%", "2009-06-30": "3.78%", "2009-03-31": "9.01%", "2008-12-31": "11.29%", "2008-09-30": "26.35%", "2008-06-30": "27.73%", "2008-03-31": "25.38%", "2007-12-31": "25.71%", "2007-09-30": "27.43%", "2007-06-30": "43.14%", "2007-03-31": "45.18%", "2006-12-31": "46.90%", "2006-09-30": "52.85%", "2006-06-30": "33.85%", "2006-03-31": "31.98%", "2005-12-31": "32.59%"}, "dividend yield history": {"last payout": "$4.60", "last yield": "2.91%"}}