{"ticker": "PNR", "price": {"title": "Pentair Historical Annual Stock Price Data", "value": 54.21, "historical": {"2021": {"Average Stock Price": "55.8107", "Year Open": "51.5300", "Year High": "58.5700", "Year Low": "51.5300", "Year Close": "54.2100", "Annual % Change": "2.11%"}, "2020": {"Average Stock Price": "42.5933", "Year Open": "46.4200", "Year High": "54.1500", "Year Low": "22.8500", "Year Close": "53.0900", "Annual % Change": "15.74%"}, "2019": {"Average Stock Price": "39.7332", "Year Open": "37.7700", "Year High": "45.9700", "Year Low": "34.7300", "Year Close": "45.8700", "Annual % Change": "21.41%"}, "2018": {"Average Stock Price": "51.6223", "Year Open": "70.2300", "Year High": "74.1300", "Year Low": "35.8100", "Year Close": "37.7800", "Annual % Change": "-46.50%"}, "2017": {"Average Stock Price": "64.5538", "Year Open": "57.9500", "Year High": "71.1700", "Year Low": "56.5700", "Year Close": "70.6200", "Annual % Change": "25.95%"}, "2016": {"Average Stock Price": "56.8074", "Year Open": "49.2800", "Year High": "66.7700", "Year Low": "42.8800", "Year Close": "56.0700", "Annual % Change": "13.20%"}, "2015": {"Average Stock Price": "60.1241", "Year Open": "66.6800", "Year High": "68.7500", "Year Low": "48.2100", "Year Close": "49.5300", "Annual % Change": "-25.43%"}, "2014": {"Average Stock Price": "71.8438", "Year Open": "76.8700", "Year High": "82.8100", "Year Low": "59.8400", "Year Close": "66.4200", "Annual % Change": "-14.48%"}, "2013": {"Average Stock Price": "59.7927", "Year Open": "50.6100", "Year High": "77.6700", "Year Low": "49.6500", "Year Close": "77.6700", "Annual % Change": "58.03%"}, "2012": {"Average Stock Price": "42.0539", "Year Open": "34.1200", "Year High": "49.2500", "Year Low": "34.1200", "Year Close": "49.1500", "Annual % Change": "47.64%"}, "2011": {"Average Stock Price": "36.6050", "Year Open": "36.9800", "Year High": "42.2500", "Year Low": "30.0800", "Year Close": "33.2900", "Annual % Change": "-8.82%"}, "2010": {"Average Stock Price": "33.6337", "Year Open": "33.3800", "Year High": "38.9800", "Year Low": "29.9600", "Year Close": "36.5100", "Annual % Change": "13.03%"}, "2009": {"Average Stock Price": "26.8558", "Year Open": "24.7800", "Year High": "33.6300", "Year Low": "17.6000", "Year Close": "32.3000", "Annual % Change": "36.46%"}, "2008": {"Average Stock Price": "32.1991", "Year Open": "34.1800", "Year High": "39.4700", "Year Low": "19.1400", "Year Close": "23.6700", "Annual % Change": "-32.00%"}, "2007": {"Average Stock Price": "33.9655", "Year Open": "30.0500", "Year High": "39.2100", "Year Low": "29.5000", "Year Close": "34.8100", "Annual % Change": "10.86%"}, "2006": {"Average Stock Price": "33.9914", "Year Open": "34.2800", "Year High": "41.6900", "Year Low": "26.1300", "Year Close": "31.4000", "Annual % Change": "-9.04%"}, "2005": {"Average Stock Price": "39.6445", "Year Open": "43.0000", "Year High": "46.0300", "Year Low": "30.8000", "Year Close": "34.5200", "Annual % Change": "-20.75%"}, "2004": {"Average Stock Price": "31.9231", "Year Open": "22.8800", "Year High": "44.0300", "Year Low": "22.5200", "Year Close": "43.5600", "Annual % Change": "90.63%"}, "2003": {"Average Stock Price": "19.6391", "Year Open": "17.4700", "Year High": "23.2850", "Year Low": "16.4000", "Year Close": "22.8500", "Annual % Change": "32.27%"}, "2002": {"Average Stock Price": "20.0464", "Year Open": "18.1450", "Year High": "24.8050", "Year Low": "14.6700", "Year Close": "17.2750", "Annual % Change": "-5.37%"}, "2001": {"Average Stock Price": "15.9594", "Year Open": "11.3750", "Year High": "19.6400", "Year Low": "11.2500", "Year Close": "18.2550", "Annual % Change": "50.93%"}, "2000": {"Average Stock Price": "16.4931", "Year Open": "18.0950", "Year High": "22.0000", "Year Low": "10.5000", "Year Close": "12.0950", "Annual % Change": "-37.17%"}, "1999": {"Average Stock Price": "20.3397", "Year Open": "20.9050", "Year High": "24.4400", "Year Low": "15.4700", "Year Close": "19.2500", "Annual % Change": "-3.29%"}, "1998": {"Average Stock Price": "19.3050", "Year Open": "17.3750", "Year High": "22.8750", "Year Low": "13.9400", "Year Close": "19.9050", "Annual % Change": "10.77%"}, "1997": {"Average Stock Price": "16.9342", "Year Open": "15.5000", "Year High": "19.8100", "Year Low": "13.7500", "Year Close": "17.9700", "Annual % Change": "11.44%"}, "1996": {"Average Stock Price": "13.7029", "Year Open": "12.5625", "Year High": "16.1250", "Year Low": "11.5300", "Year Close": "16.1250", "Annual % Change": "29.65%"}, "1995": {"Average Stock Price": "11.3940", "Year Open": "10.4050", "Year High": "13.1250", "Year Low": "9.9375", "Year Close": "12.4375", "Annual % Change": "16.37%"}, "1994": {"Average Stock Price": "9.4606", "Year Open": "8.2200", "Year High": "11.1250", "Year Low": "8.1875", "Year Close": "10.6875", "Annual % Change": "29.55%"}, "1993": {"Average Stock Price": "10.2704", "Year Open": "9.9375", "Year High": "13.3750", "Year Low": "7.7500", "Year Close": "8.2500", "Annual % Change": "-16.46%"}, "1992": {"Average Stock Price": "10.1429", "Year Open": "10.4700", "Year High": "12.0000", "Year Low": "8.7825", "Year Close": "9.8750", "Annual % Change": "-1.86%"}, "1991": {"Average Stock Price": "8.5402", "Year Open": "6.2500", "Year High": "10.6575", "Year Low": "6.1250", "Year Close": "10.0625", "Annual % Change": "62.63%"}, "1990": {"Average Stock Price": "6.7163", "Year Open": "7.1250", "Year High": "8.1550", "Year Low": "5.3750", "Year Close": "6.1875", "Annual % Change": "-10.00%"}, "1989": {"Average Stock Price": "7.4891", "Year Open": "7.8125", "Year High": "8.5625", "Year Low": "6.3750", "Year Close": "6.8750", "Annual % Change": "-12.00%"}, "1988": {"Average Stock Price": "7.4618", "Year Open": "5.5950", "Year High": "8.9375", "Year Low": "5.4375", "Year Close": "7.8125", "Annual % Change": "50.60%"}, "1987": {"Average Stock Price": "6.6096", "Year Open": "6.3750", "Year High": "8.0325", "Year Low": "4.3125", "Year Close": "5.1875", "Annual % Change": "-19.01%"}, "1986": {"Average Stock Price": "7.0002", "Year Open": "8.0000", "Year High": "8.8750", "Year Low": "5.5000", "Year Close": "6.4050", "Annual % Change": "-22.36%"}, "1985": {"Average Stock Price": "7.3514", "Year Open": "7.6575", "Year High": "8.7825", "Year Low": "6.1575", "Year Close": "8.2500", "Annual % Change": "6.90%"}, "1984": {"Average Stock Price": "7.0258", "Year Open": "7.1875", "Year High": "7.7175", "Year Low": "5.8125", "Year Close": "7.7175", "Annual % Change": "0.00%"}, "1983": {"Average Stock Price": "6.4821", "Year Open": "4.6575", "Year High": "8.0000", "Year Low": "4.6575", "Year Close": "7.7175", "Annual % Change": "65.70%"}, "1982": {"Average Stock Price": "4.5591", "Year Open": "4.6875", "Year High": "6.1250", "Year Low": "3.3125", "Year Close": "4.6575", "Annual % Change": "-1.95%"}, "1981": {"Average Stock Price": "5.4108", "Year Open": "4.6250", "Year High": "6.3450", "Year Low": "4.5300", "Year Close": "4.7500", "Annual % Change": "4.11%"}, "1980": {"Average Stock Price": "4.3230", "Year Open": "4.1550", "Year High": "5.1250", "Year Low": "3.5925", "Year Close": "4.5625", "Annual % Change": "8.96%"}, "1979": {"Average Stock Price": "4.9042", "Year Open": "4.2500", "Year High": "5.6875", "Year Low": "3.6550", "Year Close": "4.1875", "Annual % Change": "0.00%"}, "1978": {"Average Stock Price": "4.8601", "Year Open": "3.4050", "Year High": "6.8125", "Year Low": "3.1575", "Year Close": "4.1875", "Annual % Change": "22.98%"}, "1977": {"Average Stock Price": "3.1104", "Year Open": "2.6250", "Year High": "3.7800", "Year Low": "2.1550", "Year Close": "3.4050", "Annual % Change": "29.71%"}, "1976": {"Average Stock Price": "2.0373", "Year Open": "1.0625", "Year High": "2.6875", "Year Low": "1.0625", "Year Close": "2.6250", "Annual % Change": "171.32%"}, "1975": {"Average Stock Price": "1.1553", "Year Open": "1.3425", "Year High": "1.3750", "Year Low": "0.8450", "Year Close": "0.9675", "Annual % Change": "-27.93%"}, "1974": {"Average Stock Price": "2.0181", "Year Open": "2.0000", "Year High": "2.6875", "Year Low": "0.9375", "Year Close": "1.3425", "Annual % Change": "-31.85%"}}}, "market cap": {"value": "$9.12B"}, "income statement": {"Revenue": {"2020-12-31": "3017.80000", "2019-12-31": "2957.20000", "2018-12-31": "2965.10000", "2017-12-31": "2845.70000", "2016-12-31": "2780.60000", "2015-12-31": "4616.40000", "2014-12-31": "4666.80000", "2013-12-31": "6999.70000", "2012-12-31": "4306.80000", "2011-12-31": "3456.70000", "2010-12-31": "3030.77300", "2009-12-31": "2692.46800", "2008-12-31": "3351.97600", "2007-12-31": "3280.90300", "2006-12-31": "3022.60200", "2005-12-31": "2946.57900"}, "Cost Of Goods Sold": {"2020-12-31": "1960.20000", "2019-12-31": "1905.70000", "2018-12-31": "1917.40000", "2017-12-31": "1858.20000", "2016-12-31": "1821.50000", "2015-12-31": "3017.60000", "2014-12-31": "3046.30000", "2013-12-31": "4629.60000", "2012-12-31": "3040.90000", "2011-12-31": "2383.00000", "2010-12-31": "2100.13300", "2009-12-31": "1907.33300", "2008-12-31": "2337.42600", "2007-12-31": "2268.20500", "2006-12-31": "2126.54600", "2005-12-31": "2098.55800"}, "Gross Profit": {"2020-12-31": "1057.60000", "2019-12-31": "1051.50000", "2018-12-31": "1047.70000", "2017-12-31": "987.50000", "2016-12-31": "959.10010", "2015-12-31": "1598.80000", "2014-12-31": "1620.50000", "2013-12-31": "2370.10000", "2012-12-31": "1265.90000", "2011-12-31": "1073.70000", "2010-12-31": "930.63990", "2009-12-31": "785.13500", "2008-12-31": "1014.55000", "2007-12-31": "1012.69800", "2006-12-31": "896.05620", "2005-12-31": "848.02100"}, "Research And Development Expenses": {"2020-12-31": "75.70000", "2019-12-31": "78.90000", "2018-12-31": "76.70000", "2017-12-31": "73.20000", "2016-12-31": "73.30000", "2015-12-31": "98.70000", "2014-12-31": "96.40000", "2013-12-31": "122.80000", "2012-12-31": "92.30000", "2011-12-31": "78.20000", "2010-12-31": "67.15600", "2009-12-31": "57.88400", "2008-12-31": "62.45000", "2007-12-31": "56.82100", "2006-12-31": "56.54500", "2005-12-31": "46.04200"}, "SG&A Expenses": {"2020-12-31": "520.50000", "2019-12-31": "540.10000", "2018-12-31": "534.30000", "2017-12-31": "536.00000", "2016-12-31": "531.40000", "2015-12-31": "884.00000", "2014-12-31": "985.60000", "2013-12-31": "1493.70000", "2012-12-31": "1117.70000", "2011-12-31": "694.80000", "2010-12-31": "550.50100", "2009-12-31": "507.30300", "2008-12-31": "606.98000", "2007-12-31": "576.82800", "2006-12-31": "526.56800", "2005-12-31": "478.37000"}, "Other Operating Income Or Expenses": {"2020-12-31": "", "2019-12-31": "", "2018-12-31": "", "2017-12-31": "", "2016-12-31": "", "2015-12-31": "", "2014-12-31": "", "2013-12-31": "-11.00000", "2012-12-31": "-60.70000", "2011-12-31": "-200.50000", "2010-12-31": "", "2009-12-31": "", "2008-12-31": "-20.43500", "2007-12-31": "", "2006-12-31": "", "2005-12-31": ""}, "Operating Expenses": {"2020-12-31": "2556.40000", "2019-12-31": "2524.70000", "2018-12-31": "2528.40000", "2017-12-31": "2467.40000", "2016-12-31": "2426.20000", "2015-12-31": "4000.30000", "2014-12-31": "4128.30000", "2013-12-31": "6257.10000", "2012-12-31": "4311.60000", "2011-12-31": "3356.50000", "2010-12-31": "2717.79000", "2009-12-31": "2472.52000", "2008-12-31": "3027.29100", "2007-12-31": "2901.85400", "2006-12-31": "2709.65900", "2005-12-31": "2622.97000"}, "Operating Income": {"2020-12-31": "461.40010", "2019-12-31": "432.50000", "2018-12-31": "436.70020", "2017-12-31": "378.30000", "2016-12-31": "354.39990", "2015-12-31": "616.09990", "2014-12-31": "538.50000", "2013-12-31": "742.60060", "2012-12-31": "-4.80030", "2011-12-31": "100.20000", "2010-12-31": "312.98290", "2009-12-31": "219.94800", "2008-12-31": "324.68510", "2007-12-31": "379.04910", "2006-12-31": "312.94340", "2005-12-31": "323.60890"}, "Total Non-Operating Income/Expense": {"2020-12-31": "-29.30000", "2019-12-31": "-25.00000", "2018-12-31": "-56.90000", "2017-12-31": "-205.50000", "2016-12-31": "-133.50000", "2015-12-31": "-103.60000", "2014-12-31": "-67.60000", "2013-12-31": "-48.10000", "2012-12-31": "-141.30000", "2011-12-31": "-57.00000", "2010-12-31": "-34.00800", "2009-12-31": "-47.30100", "2008-12-31": "42.45500", "2007-12-31": "-72.48800", "2006-12-31": "-53.26800", "2005-12-31": "-40.09100"}, "Pre-Tax Income": {"2020-12-31": "432.10000", "2019-12-31": "407.50000", "2018-12-31": "379.80000", "2017-12-31": "172.80000", "2016-12-31": "220.90000", "2015-12-31": "512.50000", "2014-12-31": "470.90000", "2013-12-31": "694.50000", "2012-12-31": "-146.10000", "2011-12-31": "43.20000", "2010-12-31": "278.97500", "2009-12-31": "172.64700", "2008-12-31": "367.14000", "2007-12-31": "306.56100", "2006-12-31": "259.67500", "2005-12-31": "283.51800"}, "Income Taxes": {"2020-12-31": "75.00000", "2019-12-31": "45.80000", "2018-12-31": "58.10000", "2017-12-31": "58.70000", "2016-12-31": "42.70000", "2015-12-31": "115.40000", "2014-12-31": "114.30000", "2013-12-31": "177.00000", "2012-12-31": "-67.20000", "2011-12-31": "46.40000", "2010-12-31": "88.94300", "2009-12-31": "56.42800", "2008-12-31": "108.34400", "2007-12-31": "94.44300", "2006-12-31": "73.42400", "2005-12-31": "98.46900"}, "Income After Taxes": {"2020-12-31": "357.10000", "2019-12-31": "361.70000", "2018-12-31": "321.70000", "2017-12-31": "114.10000", "2016-12-31": "178.20000", "2015-12-31": "397.10000", "2014-12-31": "356.60000", "2013-12-31": "517.50000", "2012-12-31": "-78.90000", "2011-12-31": "-3.20000", "2010-12-31": "190.03200", "2009-12-31": "116.21900", "2008-12-31": "258.79600", "2007-12-31": "212.11800", "2006-12-31": "186.25100", "2005-12-31": "185.04900"}, "Other Income": {"2020-12-31": "", "2019-12-31": "", "2018-12-31": "", "2017-12-31": "", "2016-12-31": "", "2015-12-31": "", "2014-12-31": "", "2013-12-31": "", "2012-12-31": "", "2011-12-31": "", "2010-12-31": "", "2009-12-31": "", "2008-12-31": "", "2007-12-31": "", "2006-12-31": "", "2005-12-31": ""}, "Income From Continuous Operations": {"2020-12-31": "357.10000", "2019-12-31": "361.70000", "2018-12-31": "321.70000", "2017-12-31": "114.10000", "2016-12-31": "178.20000", "2015-12-31": "397.10000", "2014-12-31": "356.60000", "2013-12-31": "517.50000", "2012-12-31": "-78.90000", "2011-12-31": "-3.20000", "2010-12-31": "190.03200", "2009-12-31": "116.21900", "2008-12-31": "258.79600", "2007-12-31": "212.11800", "2006-12-31": "186.25100", "2005-12-31": "185.04900"}, "Income From Discontinued Operations": {"2020-12-31": "1.50000", "2019-12-31": "-6.00000", "2018-12-31": "25.70000", "2017-12-31": "552.40000", "2016-12-31": "344.00000", "2015-12-31": "-473.50000", "2014-12-31": "-141.70000", "2013-12-31": "25.10000", "2012-12-31": "-25.70000", "2011-12-31": "", "2010-12-31": "-0.62600", "2009-12-31": "-0.01900", "2008-12-31": "-27.62900", "2007-12-31": "-1.19100", "2006-12-31": "-2.52000", "2005-12-31": ""}, "Net Income": {"2020-12-31": "358.60000", "2019-12-31": "355.70000", "2018-12-31": "347.40000", "2017-12-31": "666.50000", "2016-12-31": "522.20000", "2015-12-31": "-76.40000", "2014-12-31": "214.90000", "2013-12-31": "536.80000", "2012-12-31": "-107.20000", "2011-12-31": "-7.50000", "2010-12-31": "184.91300", "2009-12-31": "115.49300", "2008-12-31": "228.73400", "2007-12-31": "210.92700", "2006-12-31": "183.73100", "2005-12-31": "185.04900"}, "EBITDA": {"2020-12-31": "536.50010", "2019-12-31": "512.50000", "2018-12-31": "521.30020", "2017-12-31": "465.50010", "2016-12-31": "442.79990", "2015-12-31": "776.19980", "2014-12-31": "678.80000", "2013-12-31": "1018.00100", "2012-12-31": "155.29970", "2011-12-31": "208.30000", "2010-12-31": "397.16190", "2009-12-31": "325.42800", "2008-12-31": "411.96610", "2007-12-31": "462.21310", "2006-12-31": "386.80240", "2005-12-31": "396.16890"}, "EBIT": {"2020-12-31": "461.40010", "2019-12-31": "432.50000", "2018-12-31": "436.70020", "2017-12-31": "378.30000", "2016-12-31": "354.39990", "2015-12-31": "616.09990", "2014-12-31": "538.50000", "2013-12-31": "742.60060", "2012-12-31": "-4.80030", "2011-12-31": "100.20000", "2010-12-31": "312.98290", "2009-12-31": "219.94800", "2008-12-31": "324.68510", "2007-12-31": "379.04910", "2006-12-31": "312.94340", "2005-12-31": "323.60890"}, "Basic Shares Outstanding": {"2020-12-31": "166.50000", "2019-12-31": "169.40000", "2018-12-31": "175.80000", "2017-12-31": "181.70000", "2016-12-31": "181.30000", "2015-12-31": "180.30000", "2014-12-31": "190.60000", "2013-12-31": "201.10000", "2012-12-31": "127.40000", "2011-12-31": "98.20000", "2010-12-31": "98.03700", "2009-12-31": "97.41500", "2008-12-31": "97.88700", "2007-12-31": "98.76200", "2006-12-31": "99.78400", "2005-12-31": "100.66500"}, "Shares Outstanding": {"2020-12-31": "167.40000", "2019-12-31": "170.40000", "2018-12-31": "177.30000", "2017-12-31": "183.70000", "2016-12-31": "183.10000", "2015-12-31": "182.60000", "2014-12-31": "193.70000", "2013-12-31": "204.60000", "2012-12-31": "127.40000", "2011-12-31": "98.20000", "2010-12-31": "99.29400", "2009-12-31": "98.52200", "2008-12-31": "99.06800", "2007-12-31": "100.20500", "2006-12-31": "101.37100", "2005-12-31": "102.61800"}, "Basic EPS": {"2020-12-31": "2.15000", "2019-12-31": "2.10000", "2018-12-31": "1.98000", "2017-12-31": "3.67000", "2016-12-31": "2.88000", "2015-12-31": "-0.42000", "2014-12-31": "1.13000", "2013-12-31": "2.67000", "2012-12-31": "-0.84000", "2011-12-31": "-0.08000", "2010-12-31": "1.88000", "2009-12-31": "1.19000", "2008-12-31": "2.34000", "2007-12-31": "2.14000", "2006-12-31": "1.84000", "2005-12-31": "1.84000"}, "EPS - Earnings Per Share": {"2020-12-31": "2.14000", "2019-12-31": "2.09000", "2018-12-31": "1.96000", "2017-12-31": "3.63000", "2016-12-31": "2.85000", "2015-12-31": "-0.42000", "2014-12-31": "1.11000", "2013-12-31": "2.62000", "2012-12-31": "-0.84000", "2011-12-31": "-0.08000", "2010-12-31": "1.86000", "2009-12-31": "1.17000", "2008-12-31": "2.31000", "2007-12-31": "2.11000", "2006-12-31": "1.81000", "2005-12-31": "1.80000"}}, "income statement, quarterly": {"Revenue": {"2020-12-31": "796.00000", "2020-09-30": "798.50000", "2020-06-30": "713.30000", "2020-03-31": "710.00000", "2019-12-31": "755.20010", "2019-09-30": "713.60000", "2019-06-30": "799.50000", "2019-03-31": "688.90000", "2018-12-31": "740.50020", "2018-09-30": "711.40000", "2018-06-30": "780.60000", "2018-03-31": "732.60000", "2017-12-31": "220.60010", "2017-09-30": "687.60000", "2017-06-30": "754.00000", "2017-03-31": "1183.50000", "2016-12-31": "-921.29980", "2016-09-30": "1210.70000", "2016-06-30": "1301.20000", "2016-03-31": "1190.00000", "2015-12-31": "367.39990", "2015-09-30": "1112.80000", "2015-06-30": "1661.20000", "2015-03-31": "1475.00000", "2014-12-31": "-569.70010", "2014-09-30": "1758.40000", "2014-06-30": "1834.10000", "2014-03-31": "1644.00000", "2013-12-31": "1548.20000", "2013-09-30": "1713.30000", "2013-06-30": "1963.70000", "2013-03-31": "1774.50000", "2012-12-31": "1641.80000", "2012-09-30": "865.50000", "2012-06-30": "941.50000", "2012-03-31": "858.00000", "2011-12-31": "865.70570", "2011-09-30": "890.54600", "2011-06-30": "910.17500", "2011-03-31": "790.27300", "2010-12-31": "753.85810", "2010-09-30": "773.73500", "2010-06-30": "796.16700", "2010-03-31": "707.01300", "2009-12-31": "702.25100", "2009-09-30": "662.66500", "2009-06-30": "693.71200", "2009-03-31": "633.84000", "2008-12-31": "767.63720", "2008-09-30": "855.81500", "2008-06-30": "898.37800", "2008-03-31": "830.14600", "2007-12-31": "767.54390", "2007-09-30": "821.21500", "2007-06-30": "899.29900", "2007-03-31": "792.84500", "2006-12-31": "611.17110", "2006-09-30": "778.02000", "2006-06-30": "862.02200", "2006-03-31": "771.38900", "2005-12-31": "732.11300", "2005-09-30": "716.30800", "2005-06-30": "788.52300", "2005-03-31": "709.63500"}, "Cost Of Goods Sold": {"2020-12-31": "512.50000", "2020-09-30": "521.10000", "2020-06-30": "468.20000", "2020-03-31": "458.40000", "2019-12-31": "481.00000", "2019-09-30": "458.60000", "2019-06-30": "512.80000", "2019-03-31": "453.30000", "2018-12-31": "472.50010", "2018-09-30": "467.60000", "2018-06-30": "498.00000", "2018-03-31": "479.30000", "2017-12-31": "165.49990", "2017-09-30": "451.10000", "2017-06-30": "480.40000", "2017-03-31": "761.20000", "2016-12-31": "-526.40010", "2016-09-30": "769.80000", "2016-06-30": "819.40000", "2016-03-31": "758.70000", "2015-12-31": "239.70000", "2015-09-30": "718.10000", "2015-06-30": "1095.00000", "2015-03-31": "964.80000", "2014-12-31": "-355.10000", "2014-09-30": "1133.70000", "2014-06-30": "1187.80000", "2014-03-31": "1079.90000", "2013-12-31": "984.00000", "2013-09-30": "1098.60000", "2013-06-30": "1296.30000", "2013-03-31": "1250.70000", "2012-12-31": "1247.10000", "2012-09-30": "587.40000", "2012-06-30": "629.40000", "2012-03-31": "577.00000", "2011-12-31": "600.86290", "2011-09-30": "618.48400", "2011-06-30": "622.43900", "2011-03-31": "541.21400", "2010-12-31": "521.63000", "2010-09-30": "537.19300", "2010-06-30": "547.99900", "2010-03-31": "493.31100", "2009-12-31": "489.79400", "2009-09-30": "455.69800", "2009-06-30": "497.23300", "2009-03-31": "464.60800", "2008-12-31": "538.14390", "2008-09-30": "599.86200", "2008-06-30": "619.96800", "2008-03-31": "579.45200", "2007-12-31": "515.02200", "2007-09-30": "576.51900", "2007-06-30": "619.75000", "2007-03-31": "556.91400", "2006-12-31": "412.79900", "2006-09-30": "565.53300", "2006-06-30": "599.33300", "2006-03-31": "548.88100", "2005-12-31": "524.30400", "2005-09-30": "515.46700", "2005-06-30": "553.29000", "2005-03-31": "505.49700"}, "Gross Profit": {"2020-12-31": "283.50000", "2020-09-30": "277.40000", "2020-06-30": "245.10000", "2020-03-31": "251.60000", "2019-12-31": "274.20010", "2019-09-30": "255.00000", "2019-06-30": "286.70000", "2019-03-31": "235.60000", "2018-12-31": "268.00020", "2018-09-30": "243.80000", "2018-06-30": "282.60000", "2018-03-31": "253.30000", "2017-12-31": "55.10020", "2017-09-30": "236.50000", "2017-06-30": "273.60000", "2017-03-31": "422.30000", "2016-12-31": "-394.89970", "2016-09-30": "440.90000", "2016-06-30": "481.79990", "2016-03-31": "431.30000", "2015-12-31": "127.69990", "2015-09-30": "394.70010", "2015-06-30": "566.20000", "2015-03-31": "510.20000", "2014-12-31": "-214.60010", "2014-09-30": "624.70010", "2014-06-30": "646.29990", "2014-03-31": "564.10000", "2013-12-31": "564.20040", "2013-09-30": "614.70010", "2013-06-30": "667.39990", "2013-03-31": "523.80000", "2012-12-31": "394.69980", "2012-09-30": "278.10000", "2012-06-30": "312.10000", "2012-03-31": "281.00000", "2011-12-31": "264.84280", "2011-09-30": "272.06200", "2011-06-30": "287.73600", "2011-03-31": "249.05900", "2010-12-31": "232.22810", "2010-09-30": "236.54200", "2010-06-30": "248.16800", "2010-03-31": "213.70200", "2009-12-31": "212.45710", "2009-09-30": "206.96700", "2009-06-30": "196.47900", "2009-03-31": "169.23200", "2008-12-31": "229.49330", "2008-09-30": "255.95300", "2008-06-30": "278.41000", "2008-03-31": "250.69400", "2007-12-31": "252.52190", "2007-09-30": "244.69600", "2007-06-30": "279.54900", "2007-03-31": "235.93100", "2006-12-31": "198.37210", "2006-09-30": "212.48700", "2006-06-30": "262.68900", "2006-03-31": "222.50800", "2005-12-31": "207.80900", "2005-09-30": "200.84100", "2005-06-30": "235.23300", "2005-03-31": "204.13800"}, "Research And Development Expenses": {"2020-12-31": "20.10000", "2020-09-30": "19.30000", "2020-06-30": "17.30000", "2020-03-31": "19.00000", "2019-12-31": "17.70000", "2019-09-30": "19.80000", "2019-06-30": "20.70000", "2019-03-31": "20.70000", "2018-12-31": "19.70000", "2018-09-30": "19.10000", "2018-06-30": "19.10000", "2018-03-31": "18.80000", "2017-12-31": "7.60000", "2017-09-30": "17.90000", "2017-06-30": "17.70000", "2017-03-31": "30.00000", "2016-12-31": "-13.60000", "2016-09-30": "29.70000", "2016-06-30": "28.70000", "2016-03-31": "28.50000", "2015-12-31": "15.10000", "2015-09-30": "24.80000", "2015-06-30": "29.00000", "2015-03-31": "29.80000", "2014-12-31": "8.20000", "2014-09-30": "28.50000", "2014-06-30": "30.20000", "2014-03-31": "29.50000", "2013-12-31": "25.90000", "2013-09-30": "31.30000", "2013-06-30": "32.10000", "2013-03-31": "33.50000", "2012-12-31": "30.70000", "2012-09-30": "19.80000", "2012-06-30": "20.80000", "2012-03-31": "21.00000", "2011-12-31": "20.10500", "2011-09-30": "20.09100", "2011-06-30": "19.88200", "2011-03-31": "18.12200", "2010-12-31": "16.08100", "2010-09-30": "16.86500", "2010-06-30": "16.99900", "2010-03-31": "17.21100", "2009-12-31": "14.61900", "2009-09-30": "14.70700", "2009-06-30": "13.81500", "2009-03-31": "14.74300", "2008-12-31": "15.14700", "2008-09-30": "16.22100", "2008-06-30": "15.81800", "2008-03-31": "15.26400", "2007-12-31": "12.61700", "2007-09-30": "14.44600", "2007-06-30": "14.80800", "2007-03-31": "14.95000", "2006-12-31": "12.52800", "2006-09-30": "14.27100", "2006-06-30": "14.88300", "2006-03-31": "14.86300", "2005-12-31": "12.93500", "2005-09-30": "11.14800", "2005-06-30": "10.53200", "2005-03-31": "11.42700"}, "SG&A Expenses": {"2020-12-31": "141.90000", "2020-09-30": "130.00000", "2020-06-30": "116.70000", "2020-03-31": "131.90000", "2019-12-31": "134.20000", "2019-09-30": "126.40000", "2019-06-30": "132.20000", "2019-03-31": "147.30000", "2018-12-31": "135.30000", "2018-09-30": "116.30000", "2018-06-30": "140.90000", "2018-03-31": "141.80000", "2017-12-31": "40.80000", "2017-09-30": "116.80000", "2017-06-30": "126.70000", "2017-03-31": "251.70000", "2016-12-31": "-196.80000", "2016-09-30": "228.40000", "2016-06-30": "249.70000", "2016-03-31": "250.10000", "2015-12-31": "38.50000", "2015-09-30": "217.00000", "2015-06-30": "319.30000", "2015-03-31": "309.20000", "2014-12-31": "-85.40000", "2014-09-30": "328.80000", "2014-06-30": "389.70000", "2014-03-31": "352.50000", "2013-12-31": "314.89990", "2013-09-30": "353.40000", "2013-06-30": "409.40000", "2013-03-31": "416.00000", "2012-12-31": "568.60000", "2012-09-30": "203.10000", "2012-06-30": "172.00000", "2012-03-31": "174.00000", "2011-12-31": "232.54000", "2011-09-30": "159.06800", "2011-06-30": "158.43200", "2011-03-31": "144.76000", "2010-12-31": "157.71400", "2010-09-30": "128.85400", "2010-06-30": "131.04300", "2010-03-31": "132.89000", "2009-12-31": "145.34600", "2009-09-30": "125.57800", "2009-06-30": "119.10400", "2009-03-31": "117.27500", "2008-12-31": "169.14900", "2008-09-30": "154.11800", "2008-06-30": "145.61000", "2008-03-31": "138.10300", "2007-12-31": "148.36500", "2007-09-30": "137.10000", "2007-06-30": "151.88100", "2007-03-31": "139.48200", "2006-12-31": "119.72500", "2006-09-30": "137.92300", "2006-06-30": "139.83100", "2006-03-31": "129.08900", "2005-12-31": "127.46500", "2005-09-30": "112.81300", "2005-06-30": "117.46700", "2005-03-31": "120.62500"}, "Other Operating Income Or Expenses": {"2020-12-31": "", "2020-09-30": "", "2020-06-30": "", "2020-03-31": "", "2019-12-31": "", "2019-09-30": "", "2019-06-30": "", "2019-03-31": "", "2018-12-31": "", "2018-09-30": "", "2018-06-30": "", "2018-03-31": "", "2017-12-31": "", "2017-09-30": "", "2017-06-30": "", "2017-03-31": "", "2016-12-31": "", "2016-09-30": "", "2016-06-30": "", "2016-03-31": "", "2015-12-31": "", "2015-09-30": "", "2015-06-30": "", "2015-03-31": "", "2014-12-31": "", "2014-09-30": "", "2014-06-30": "", "2014-03-31": "", "2013-12-31": "", "2013-09-30": "", "2013-06-30": "", "2013-03-31": "", "2012-12-31": "", "2012-09-30": "", "2012-06-30": "", "2012-03-31": "", "2011-12-31": "", "2011-09-30": "", "2011-06-30": "", "2011-03-31": "", "2010-12-31": "", "2010-09-30": "", "2010-06-30": "", "2010-03-31": "", "2009-12-31": "", "2009-09-30": "", "2009-06-30": "", "2009-03-31": "", "2008-12-31": "", "2008-09-30": "", "2008-06-30": "-20.43500", "2008-03-31": "", "2007-12-31": "", "2007-09-30": "", "2007-06-30": "", "2007-03-31": "", "2006-12-31": "", "2006-09-30": "", "2006-06-30": "", "2006-03-31": "", "2005-12-31": "", "2005-09-30": "", "2005-06-30": "", "2005-03-31": ""}, "Operating Expenses": {"2020-12-31": "674.50000", "2020-09-30": "670.40000", "2020-06-30": "602.20000", "2020-03-31": "609.30000", "2019-12-31": "632.90000", "2019-09-30": "604.80000", "2019-06-30": "665.70000", "2019-03-31": "621.30000", "2018-12-31": "627.49990", "2018-09-30": "603.00000", "2018-06-30": "658.00000", "2018-03-31": "639.90000", "2017-12-31": "213.89980", "2017-09-30": "585.80000", "2017-06-30": "624.80000", "2017-03-31": "1042.90000", "2016-12-31": "-736.79990", "2016-09-30": "1027.90000", "2016-06-30": "1097.80000", "2016-03-31": "1037.30000", "2015-12-31": "293.30000", "2015-09-30": "959.90000", "2015-06-30": "1443.30000", "2015-03-31": "1303.80000", "2014-12-31": "-432.30020", "2014-09-30": "1491.00000", "2014-06-30": "1607.70000", "2014-03-31": "1461.90000", "2013-12-31": "1335.80000", "2013-09-30": "1483.30000", "2013-06-30": "1737.80000", "2013-03-31": "1700.20000", "2012-12-31": "1907.10000", "2012-09-30": "810.30000", "2012-06-30": "822.20000", "2012-03-31": "772.00000", "2011-12-31": "1054.00800", "2011-09-30": "797.64300", "2011-06-30": "800.75310", "2011-03-31": "704.09600", "2010-12-31": "695.42500", "2010-09-30": "682.91200", "2010-06-30": "696.04100", "2010-03-31": "643.41200", "2009-12-31": "649.75900", "2009-09-30": "595.98300", "2009-06-30": "630.15200", "2009-03-31": "596.62600", "2008-12-31": "722.44010", "2008-09-30": "770.20100", "2008-06-30": "801.83100", "2008-03-31": "732.81900", "2007-12-31": "676.00410", "2007-09-30": "728.06490", "2007-06-30": "786.43900", "2007-03-31": "711.34600", "2006-12-31": "545.05170", "2006-09-30": "717.72710", "2006-06-30": "754.04700", "2006-03-31": "692.83290", "2005-12-31": "664.70430", "2005-09-30": "639.42800", "2005-06-30": "681.28890", "2005-03-31": "637.54900"}, "Operating Income": {"2020-12-31": "121.50000", "2020-09-30": "128.10000", "2020-06-30": "111.10000", "2020-03-31": "100.70000", "2019-12-31": "122.30010", "2019-09-30": "108.80000", "2019-06-30": "133.80000", "2019-03-31": "67.60000", "2018-12-31": "113.00030", "2018-09-30": "108.40000", "2018-06-30": "122.60000", "2018-03-31": "92.70000", "2017-12-31": "6.70030", "2017-09-30": "101.80000", "2017-06-30": "129.20000", "2017-03-31": "140.60000", "2016-12-31": "-184.49990", "2016-09-30": "182.79990", "2016-06-30": "203.39990", "2016-03-31": "152.70000", "2015-12-31": "74.09990", "2015-09-30": "152.90010", "2015-06-30": "217.89990", "2015-03-31": "171.20000", "2014-12-31": "-137.39990", "2014-09-30": "267.40000", "2014-06-30": "226.40000", "2014-03-31": "182.10000", "2013-12-31": "212.40060", "2013-09-30": "230.00000", "2013-06-30": "225.89990", "2013-03-31": "74.30010", "2012-12-31": "-265.30030", "2012-09-30": "55.20000", "2012-06-30": "119.30000", "2012-03-31": "86.00000", "2011-12-31": "-188.30210", "2011-09-30": "92.90300", "2011-06-30": "109.42190", "2011-03-31": "86.17700", "2010-12-31": "58.43300", "2010-09-30": "90.82300", "2010-06-30": "100.12600", "2010-03-31": "63.60100", "2009-12-31": "52.49210", "2009-09-30": "66.68200", "2009-06-30": "63.56000", "2009-03-31": "37.21400", "2008-12-31": "45.19710", "2008-09-30": "85.61400", "2008-06-30": "96.54700", "2008-03-31": "97.32700", "2007-12-31": "91.53990", "2007-09-30": "93.15010", "2007-06-30": "112.86000", "2007-03-31": "81.49900", "2006-12-31": "66.11940", "2006-09-30": "60.29300", "2006-06-30": "107.97500", "2006-03-31": "78.55600", "2005-12-31": "67.40880", "2005-09-30": "76.88000", "2005-06-30": "107.23410", "2005-03-31": "72.08600"}, "Total Non-Operating Income/Expense": {"2020-12-31": "-10.80000", "2020-09-30": "-2.90000", "2020-06-30": "-7.50000", "2020-03-31": "-8.10000", "2019-12-31": "-16.40000", "2019-09-30": "-7.60000", "2019-06-30": "3.40000", "2019-03-31": "-4.40000", "2018-12-31": "-7.20000", "2018-09-30": "-6.60000", "2018-06-30": "-23.90000", "2018-03-31": "-19.20000", "2017-12-31": "-22.10000", "2017-09-30": "-18.80000", "2017-06-30": "-127.60000", "2017-03-31": "-37.00000", "2016-12-31": "-30.30000", "2016-09-30": "-33.10000", "2016-06-30": "-34.30000", "2016-03-31": "-35.80000", "2015-12-31": "-37.20000", "2015-09-30": "-30.70000", "2015-06-30": "-18.00000", "2015-03-31": "-17.70000", "2014-12-31": "-17.20000", "2014-09-30": "-16.80000", "2014-06-30": "-17.80000", "2014-03-31": "-15.80000", "2013-12-31": "-13.60000", "2013-09-30": "-16.90000", "2013-06-30": "-17.50000", "2013-03-31": "-0.10000", "2012-12-31": "-94.80000", "2012-09-30": "-18.00000", "2012-06-30": "-15.50000", "2012-03-31": "-13.00000", "2011-12-31": "-17.17000", "2011-09-30": "-16.79900", "2011-06-30": "-13.94100", "2011-03-31": "-9.09000", "2010-12-31": "-8.76500", "2010-09-30": "-8.60600", "2010-06-30": "-7.19400", "2010-03-31": "-9.44300", "2009-12-31": "-10.47800", "2009-09-30": "-9.84600", "2009-06-30": "-14.91600", "2009-03-31": "-12.06100", "2008-12-31": "-14.45800", "2008-09-30": "-19.02000", "2008-06-30": "92.93900", "2008-03-31": "-17.00600", "2007-12-31": "-19.29900", "2007-09-30": "-19.00200", "2007-06-30": "-18.51900", "2007-03-31": "-15.66800", "2006-12-31": "-14.57400", "2006-09-30": "-12.85700", "2006-06-30": "-12.55300", "2006-03-31": "-13.28400", "2005-12-31": "-11.56600", "2005-09-30": "-10.75200", "2005-06-30": "-6.49700", "2005-03-31": "-11.27600"}, "Pre-Tax Income": {"2020-12-31": "110.70000", "2020-09-30": "125.20000", "2020-06-30": "103.60000", "2020-03-31": "92.60000", "2019-12-31": "105.90000", "2019-09-30": "101.20000", "2019-06-30": "137.20000", "2019-03-31": "63.20000", "2018-12-31": "105.80000", "2018-09-30": "101.80000", "2018-06-30": "98.70000", "2018-03-31": "73.50000", "2017-12-31": "-15.40000", "2017-09-30": "83.00000", "2017-06-30": "1.60000", "2017-03-31": "103.60000", "2016-12-31": "-214.80000", "2016-09-30": "149.70000", "2016-06-30": "169.10000", "2016-03-31": "116.90000", "2015-12-31": "36.90010", "2015-09-30": "122.20000", "2015-06-30": "199.89990", "2015-03-31": "153.50000", "2014-12-31": "-154.60000", "2014-09-30": "250.60000", "2014-06-30": "208.60000", "2014-03-31": "166.30000", "2013-12-31": "198.80000", "2013-09-30": "213.10000", "2013-06-30": "208.40000", "2013-03-31": "74.20000", "2012-12-31": "-360.10000", "2012-09-30": "37.20000", "2012-06-30": "103.80000", "2012-03-31": "73.00000", "2011-12-31": "-205.47200", "2011-09-30": "76.10400", "2011-06-30": "95.48100", "2011-03-31": "77.08700", "2010-12-31": "49.66800", "2010-09-30": "82.21700", "2010-06-30": "92.93200", "2010-03-31": "54.15800", "2009-12-31": "42.01400", "2009-09-30": "56.83600", "2009-06-30": "48.64400", "2009-03-31": "25.15300", "2008-12-31": "30.73900", "2008-09-30": "66.59400", "2008-06-30": "189.48600", "2008-03-31": "80.32100", "2007-12-31": "72.24100", "2007-09-30": "74.14800", "2007-06-30": "94.34100", "2007-03-31": "65.83100", "2006-12-31": "51.54500", "2006-09-30": "47.43600", "2006-06-30": "95.42200", "2006-03-31": "65.27200", "2005-12-31": "55.84300", "2005-09-30": "66.12800", "2005-06-30": "100.73700", "2005-03-31": "60.81000"}, "Income Taxes": {"2020-12-31": "10.90000", "2020-09-30": "14.40000", "2020-06-30": "29.80000", "2020-03-31": "19.90000", "2019-12-31": "3.00000", "2019-09-30": "9.90000", "2019-06-30": "22.10000", "2019-03-31": "10.80000", "2018-12-31": "11.60000", "2018-09-30": "10.60000", "2018-06-30": "20.80000", "2018-03-31": "15.10000", "2017-12-31": "-3.30000", "2017-09-30": "34.10000", "2017-06-30": "5.00000", "2017-03-31": "22.90000", "2016-12-31": "-51.00000", "2016-09-30": "32.20000", "2016-06-30": "36.40000", "2016-03-31": "25.10000", "2015-12-31": "6.60000", "2015-09-30": "27.50000", "2015-06-30": "46.00000", "2015-03-31": "35.30000", "2014-12-31": "-34.00000", "2014-09-30": "58.10000", "2014-06-30": "49.40000", "2014-03-31": "40.80000", "2013-12-31": "56.40000", "2013-09-30": "46.70000", "2013-06-30": "53.00000", "2013-03-31": "20.90000", "2012-12-31": "-111.20000", "2012-09-30": "4.60000", "2012-06-30": "29.40000", "2012-03-31": "10.00000", "2011-12-31": "-30.04700", "2011-09-30": "24.05000", "2011-06-30": "27.34400", "2011-03-31": "25.05300", "2010-12-31": "13.00600", "2010-09-30": "26.48800", "2010-06-30": "31.32000", "2010-03-31": "18.12900", "2009-12-31": "14.62000", "2009-09-30": "18.15900", "2009-06-30": "16.21700", "2009-03-31": "7.43200", "2008-12-31": "9.24500", "2008-09-30": "21.59200", "2008-06-30": "49.64900", "2008-03-31": "27.85800", "2007-12-31": "23.02400", "2007-09-30": "14.86900", "2007-06-30": "33.34800", "2007-03-31": "23.20200", "2006-12-31": "10.43900", "2006-09-30": "13.99500", "2006-06-30": "26.78900", "2006-03-31": "22.20100", "2005-12-31": "16.88700", "2005-09-30": "21.59500", "2005-06-30": "39.35800", "2005-03-31": "20.62900"}, "Income After Taxes": {"2020-12-31": "99.80000", "2020-09-30": "110.80000", "2020-06-30": "73.80000", "2020-03-31": "72.70000", "2019-12-31": "102.90000", "2019-09-30": "91.30000", "2019-06-30": "115.10000", "2019-03-31": "52.40000", "2018-12-31": "94.20000", "2018-09-30": "91.20000", "2018-06-30": "77.90000", "2018-03-31": "58.40000", "2017-12-31": "-12.10000", "2017-09-30": "48.90000", "2017-06-30": "-3.40000", "2017-03-31": "80.70000", "2016-12-31": "-163.80000", "2016-09-30": "117.50000", "2016-06-30": "132.70000", "2016-03-31": "91.80000", "2015-12-31": "30.30010", "2015-09-30": "94.70000", "2015-06-30": "153.89990", "2015-03-31": "118.20000", "2014-12-31": "-120.60000", "2014-09-30": "192.50000", "2014-06-30": "159.20000", "2014-03-31": "125.50000", "2013-12-31": "142.40000", "2013-09-30": "166.40000", "2013-06-30": "155.40000", "2013-03-31": "53.30000", "2012-12-31": "-248.90000", "2012-09-30": "32.60000", "2012-06-30": "74.40000", "2012-03-31": "63.00000", "2011-12-31": "-175.42500", "2011-09-30": "52.05400", "2011-06-30": "68.13700", "2011-03-31": "52.03400", "2010-12-31": "36.66200", "2010-09-30": "55.72900", "2010-06-30": "61.61200", "2010-03-31": "36.02900", "2009-12-31": "27.39400", "2009-09-30": "38.67700", "2009-06-30": "32.42700", "2009-03-31": "17.72100", "2008-12-31": "21.49400", "2008-09-30": "45.00200", "2008-06-30": "139.83700", "2008-03-31": "52.46300", "2007-12-31": "49.21700", "2007-09-30": "59.27900", "2007-06-30": "60.99300", "2007-03-31": "42.62900", "2006-12-31": "41.10600", "2006-09-30": "33.44100", "2006-06-30": "68.63300", "2006-03-31": "43.07100", "2005-12-31": "38.95600", "2005-09-30": "44.53300", "2005-06-30": "61.37900", "2005-03-31": "40.18100"}, "Other Income": {"2020-12-31": "", "2020-09-30": "", "2020-06-30": "", "2020-03-31": "", "2019-12-31": "", "2019-09-30": "", "2019-06-30": "", "2019-03-31": "", "2018-12-31": "", "2018-09-30": "", "2018-06-30": "", "2018-03-31": "", "2017-12-31": "", "2017-09-30": "", "2017-06-30": "", "2017-03-31": "", "2016-12-31": "", "2016-09-30": "", "2016-06-30": "", "2016-03-31": "", "2015-12-31": "", "2015-09-30": "", "2015-06-30": "", "2015-03-31": "", "2014-12-31": "", "2014-09-30": "", "2014-06-30": "", "2014-03-31": "", "2013-12-31": "", "2013-09-30": "", "2013-06-30": "", "2013-03-31": "", "2012-12-31": "", "2012-09-30": "", "2012-06-30": "", "2012-03-31": "", "2011-12-31": "", "2011-09-30": "", "2011-06-30": "", "2011-03-31": "", "2010-12-31": "", "2010-09-30": "", "2010-06-30": "", "2010-03-31": "", "2009-12-31": "", "2009-09-30": "", "2009-06-30": "", "2009-03-31": "", "2008-12-31": "", "2008-09-30": "", "2008-06-30": "", "2008-03-31": "", "2007-12-31": "", "2007-09-30": "", "2007-06-30": "", "2007-03-31": "", "2006-12-31": "", "2006-09-30": "", "2006-06-30": "", "2006-03-31": "", "2005-12-31": "", "2005-09-30": "", "2005-06-30": "", "2005-03-31": ""}, "Income From Continuous Operations": {"2020-12-31": "99.80000", "2020-09-30": "110.80000", "2020-06-30": "73.80000", "2020-03-31": "72.70000", "2019-12-31": "102.90000", "2019-09-30": "91.30000", "2019-06-30": "115.10000", "2019-03-31": "52.40000", "2018-12-31": "94.20000", "2018-09-30": "91.20000", "2018-06-30": "77.90000", "2018-03-31": "58.40000", "2017-12-31": "-12.10000", "2017-09-30": "48.90000", "2017-06-30": "-3.40000", "2017-03-31": "80.70000", "2016-12-31": "-163.80000", "2016-09-30": "117.50000", "2016-06-30": "132.70000", "2016-03-31": "91.80000", "2015-12-31": "30.30010", "2015-09-30": "94.70000", "2015-06-30": "153.89990", "2015-03-31": "118.20000", "2014-12-31": "-120.60000", "2014-09-30": "192.50000", "2014-06-30": "159.20000", "2014-03-31": "125.50000", "2013-12-31": "142.40000", "2013-09-30": "166.40000", "2013-06-30": "155.40000", "2013-03-31": "53.30000", "2012-12-31": "-248.90000", "2012-09-30": "32.60000", "2012-06-30": "74.40000", "2012-03-31": "63.00000", "2011-12-31": "-175.42500", "2011-09-30": "52.05400", "2011-06-30": "68.13700", "2011-03-31": "52.03400", "2010-12-31": "36.66200", "2010-09-30": "55.72900", "2010-06-30": "61.61200", "2010-03-31": "36.02900", "2009-12-31": "27.39400", "2009-09-30": "38.67700", "2009-06-30": "32.42700", "2009-03-31": "17.72100", "2008-12-31": "21.49400", "2008-09-30": "45.00200", "2008-06-30": "139.83700", "2008-03-31": "52.46300", "2007-12-31": "49.21700", "2007-09-30": "59.27900", "2007-06-30": "60.99300", "2007-03-31": "42.62900", "2006-12-31": "41.10600", "2006-09-30": "33.44100", "2006-06-30": "68.63300", "2006-03-31": "43.07100", "2005-12-31": "38.95600", "2005-09-30": "44.53300", "2005-06-30": "61.37900", "2005-03-31": "40.18100"}, "Income From Discontinued Operations": {"2020-12-31": "3.20000", "2020-09-30": "0.00000", "2020-06-30": "-1.70000", "2020-03-31": "0.00000", "2019-12-31": "-5.10000", "2019-09-30": "1.00000", "2019-06-30": "-0.80000", "2019-03-31": "-1.10000", "2018-12-31": "-1.30000", "2018-09-30": "18.90000", "2018-06-30": "-36.40000", "2018-03-31": "44.50000", "2017-12-31": "201.70000", "2017-09-30": "76.50000", "2017-06-30": "267.10000", "2017-03-31": "7.10000", "2016-12-31": "294.80000", "2016-09-30": "23.50000", "2016-06-30": "10.10000", "2016-03-31": "15.60000", "2015-12-31": "-483.60000", "2015-09-30": "20.50000", "2015-06-30": "-6.10000", "2015-03-31": "-4.30000", "2014-12-31": "241.40000", "2014-09-30": "-378.50000", "2014-06-30": "2.30000", "2014-03-31": "-6.90000", "2013-12-31": "17.30000", "2013-09-30": "7.80000", "2013-06-30": "", "2013-03-31": "", "2012-12-31": "", "2012-09-30": "", "2012-06-30": "", "2012-03-31": "", "2011-12-31": "", "2011-09-30": "", "2011-06-30": "", "2011-03-31": "", "2010-12-31": "-2.29200", "2010-09-30": "0.54900", "2010-06-30": "0.59300", "2010-03-31": "0.52400", "2009-12-31": "0.13400", "2009-09-30": "-0.08500", "2009-06-30": "-0.07800", "2009-03-31": "0.01000", "2008-12-31": "-16.57200", "2008-09-30": "-1.78200", "2008-06-30": "-1.10200", "2008-03-31": "-8.17300", "2007-12-31": "-0.67200", "2007-09-30": "-1.23500", "2007-06-30": "1.07200", "2007-03-31": "-0.35600", "2006-12-31": "-2.46900", "2006-09-30": "1.40000", "2006-06-30": "", "2006-03-31": "-1.45100", "2005-12-31": "", "2005-09-30": "", "2005-06-30": "", "2005-03-31": ""}, "Net Income": {"2020-12-31": "103.00000", "2020-09-30": "110.80000", "2020-06-30": "72.10000", "2020-03-31": "72.70000", "2019-12-31": "97.80000", "2019-09-30": "92.30000", "2019-06-30": "114.30000", "2019-03-31": "51.30000", "2018-12-31": "92.90000", "2018-09-30": "110.10000", "2018-06-30": "41.50000", "2018-03-31": "102.90000", "2017-12-31": "189.60000", "2017-09-30": "125.40000", "2017-06-30": "263.70000", "2017-03-31": "87.80000", "2016-12-31": "131.00000", "2016-09-30": "141.00000", "2016-06-30": "142.80000", "2016-03-31": "107.40000", "2015-12-31": "-453.30000", "2015-09-30": "115.20000", "2015-06-30": "147.80000", "2015-03-31": "113.90000", "2014-12-31": "120.80000", "2014-09-30": "-186.00000", "2014-06-30": "161.50000", "2014-03-31": "118.60000", "2013-12-31": "158.20000", "2013-09-30": "172.80000", "2013-06-30": "154.10000", "2013-03-31": "51.70000", "2012-12-31": "-273.30000", "2012-09-30": "31.40000", "2012-06-30": "72.70000", "2012-03-31": "62.00000", "2011-12-31": "-175.84500", "2011-09-30": "51.09200", "2011-06-30": "66.71200", "2011-03-31": "50.54100", "2010-12-31": "33.46100", "2010-09-30": "55.05000", "2010-06-30": "61.08100", "2010-03-31": "35.32100", "2009-12-31": "29.35200", "2009-09-30": "36.94800", "2009-06-30": "31.92800", "2009-03-31": "17.26500", "2008-12-31": "4.58900", "2008-09-30": "41.12000", "2008-06-30": "138.73500", "2008-03-31": "44.29000", "2007-12-31": "48.54500", "2007-09-30": "58.04400", "2007-06-30": "62.06500", "2007-03-31": "42.27300", "2006-12-31": "38.63700", "2006-09-30": "34.84100", "2006-06-30": "68.63300", "2006-03-31": "41.62000", "2005-12-31": "38.95600", "2005-09-30": "44.53300", "2005-06-30": "61.37900", "2005-03-31": "40.18100"}, "EBITDA": {"2020-12-31": "", "2020-09-30": "146.60000", "2020-06-30": "129.30000", "2020-03-31": "119.90000", "2019-12-31": "141.80010", "2019-09-30": "128.40000", "2019-06-30": "154.50000", "2019-03-31": "87.80000", "2018-12-31": "133.70030", "2018-09-30": "129.00000", "2018-06-30": "144.00000", "2018-03-31": "114.60000", "2017-12-31": "28.30030", "2017-09-30": "124.10000", "2017-06-30": "127.10000", "2017-03-31": "186.00000", "2016-12-31": "-232.99990", "2016-09-30": "227.69990", "2016-06-30": "250.29990", "2016-03-31": "197.80000", "2015-12-31": "119.79990", "2015-09-30": "144.90010", "2015-06-30": "280.29990", "2015-03-31": "231.20000", "2014-12-31": "-186.89990", "2014-09-30": "330.40000", "2014-06-30": "289.90000", "2014-03-31": "245.40000", "2013-12-31": "272.20070", "2013-09-30": "291.20000", "2013-06-30": "300.39990", "2013-03-31": "154.20000", "2012-12-31": "-183.20030", "2012-09-30": "80.80000", "2012-06-30": "145.70000", "2012-03-31": "112.00000", "2011-12-31": "-159.08810", "2011-09-30": "121.92400", "2011-06-30": "137.66190", "2011-03-31": "107.80200", "2010-12-31": "79.72910", "2010-09-30": "111.47300", "2010-06-30": "121.04900", "2010-03-31": "84.91100", "2009-12-31": "91.73210", "2009-09-30": "88.68700", "2009-06-30": "85.39200", "2009-03-31": "59.61700", "2008-12-31": "67.32910", "2008-09-30": "107.32700", "2008-06-30": "118.63700", "2008-03-31": "118.67300", "2007-12-31": "110.53090", "2007-09-30": "114.32810", "2007-06-30": "135.52910", "2007-03-31": "101.82500", "2006-12-31": "81.26140", "2006-09-30": "79.14800", "2006-06-30": "128.34900", "2006-03-31": "98.04400", "2005-12-31": "85.00980", "2005-09-30": "94.80300", "2005-06-30": "125.81410", "2005-03-31": "90.54200"}, "EBIT": {"2020-12-31": "121.50000", "2020-09-30": "128.10000", "2020-06-30": "111.10000", "2020-03-31": "100.70000", "2019-12-31": "122.30000", "2019-09-30": "108.80000", "2019-06-30": "133.80000", "2019-03-31": "67.60000", "2018-12-31": "113.00020", "2018-09-30": "108.40000", "2018-06-30": "122.60000", "2018-03-31": "92.70000", "2017-12-31": "6.70010", "2017-09-30": "101.80000", "2017-06-30": "129.20000", "2017-03-31": "140.60000", "2016-12-31": "-184.49990", "2016-09-30": "182.79990", "2016-06-30": "203.39990", "2016-03-31": "152.70000", "2015-12-31": "74.09990", "2015-09-30": "152.90010", "2015-06-30": "217.89990", "2015-03-31": "171.20000", "2014-12-31": "-137.40000", "2014-09-30": "267.40000", "2014-06-30": "226.40000", "2014-03-31": "182.10000", "2013-12-31": "212.40060", "2013-09-30": "230.00000", "2013-06-30": "225.89990", "2013-03-31": "74.30010", "2012-12-31": "-265.30020", "2012-09-30": "55.20000", "2012-06-30": "119.30000", "2012-03-31": "86.00000", "2011-12-31": "-188.30200", "2011-09-30": "92.90300", "2011-06-30": "109.42190", "2011-03-31": "86.17700", "2010-12-31": "58.43290", "2010-09-30": "90.82300", "2010-06-30": "100.12600", "2010-03-31": "63.60100", "2009-12-31": "52.49210", "2009-09-30": "66.68200", "2009-06-30": "63.56000", "2009-03-31": "37.21400", "2008-12-31": "45.19700", "2008-09-30": "85.61400", "2008-06-30": "96.54700", "2008-03-31": "97.32700", "2007-12-31": "91.54000", "2007-09-30": "93.15010", "2007-06-30": "112.86000", "2007-03-31": "81.49900", "2006-12-31": "66.11940", "2006-09-30": "60.29300", "2006-06-30": "107.97500", "2006-03-31": "78.55600", "2005-12-31": "67.40880", "2005-09-30": "76.88000", "2005-06-30": "107.23410", "2005-03-31": "72.08600"}, "Basic Shares Outstanding": {"2020-12-31": "166.20000", "2020-09-30": "166.10000", "2020-06-30": "165.80000", "2020-03-31": "167.80000", "2019-12-31": "169.40000", "2019-09-30": "168.10000", "2019-06-30": "169.80000", "2019-03-31": "171.60000", "2018-12-31": "175.80000", "2018-09-30": "174.30000", "2018-06-30": "176.90000", "2018-03-31": "179.20000", "2017-12-31": "181.70000", "2017-09-30": "181.50000", "2017-06-30": "181.70000", "2017-03-31": "182.00000", "2016-12-31": "181.30000", "2016-09-30": "181.40000", "2016-06-30": "180.90000", "2016-03-31": "180.70000", "2015-12-31": "180.30000", "2015-09-30": "180.20000", "2015-06-30": "179.80000", "2015-03-31": "180.10000", "2014-12-31": "190.60000", "2014-09-30": "190.20000", "2014-06-30": "193.10000", "2014-03-31": "196.20000", "2013-12-31": "201.10000", "2013-09-30": "199.30000", "2013-06-30": "202.10000", "2013-03-31": "204.80000", "2012-12-31": "127.40000", "2012-09-30": "100.40000", "2012-06-30": "99.00000", "2012-03-31": "98.60000", "2011-12-31": "98.20000", "2011-09-30": "98.47200", "2011-06-30": "98.33300", "2011-03-31": "98.09800", "2010-12-31": "98.03700", "2010-09-30": "98.29800", "2010-06-30": "98.20800", "2010-03-31": "98.03000", "2009-12-31": "97.41500", "2009-09-30": "97.49600", "2009-06-30": "97.50700", "2009-03-31": "97.37500", "2008-12-31": "97.88700", "2008-09-30": "97.82700", "2008-06-30": "98.06200", "2008-03-31": "98.28000", "2007-12-31": "98.76200", "2007-09-30": "98.74700", "2007-06-30": "98.87400", "2007-03-31": "98.96600", "2006-12-31": "99.78400", "2006-09-30": "99.41900", "2006-06-30": "100.50900", "2006-03-31": "100.49300", "2005-12-31": "100.66500", "2005-09-30": "100.92200", "2005-06-30": "100.76900", "2005-03-31": "100.36300"}, "Shares Outstanding": {"2020-12-31": "167.50000", "2020-09-30": "167.10000", "2020-06-30": "166.40000", "2020-03-31": "168.70000", "2019-12-31": "170.40000", "2019-09-30": "168.60000", "2019-06-30": "170.50000", "2019-03-31": "172.50000", "2018-12-31": "177.30000", "2018-09-30": "175.70000", "2018-06-30": "178.60000", "2018-03-31": "181.50000", "2017-12-31": "183.70000", "2017-09-30": "183.50000", "2017-06-30": "183.80000", "2017-03-31": "184.00000", "2016-12-31": "183.10000", "2016-09-30": "183.60000", "2016-06-30": "183.00000", "2016-03-31": "182.40000", "2015-12-31": "182.60000", "2015-09-30": "182.60000", "2015-06-30": "182.30000", "2015-03-31": "182.70000", "2014-12-31": "193.70000", "2014-09-30": "193.10000", "2014-06-30": "196.40000", "2014-03-31": "199.70000", "2013-12-31": "204.60000", "2013-09-30": "202.80000", "2013-06-30": "205.50000", "2013-03-31": "208.20000", "2012-12-31": "127.40000", "2012-09-30": "102.90000", "2012-06-30": "101.20000", "2012-03-31": "100.40000", "2011-12-31": "98.20000", "2011-09-30": "99.80200", "2011-06-30": "100.06500", "2011-03-31": "99.67000", "2010-12-31": "99.29400", "2010-09-30": "99.51400", "2010-06-30": "99.63800", "2010-03-31": "99.56800", "2009-12-31": "98.52200", "2009-09-30": "98.64100", "2009-06-30": "98.42200", "2009-03-31": "97.96600", "2008-12-31": "99.06800", "2008-09-30": "99.31900", "2008-06-30": "99.50900", "2008-03-31": "99.55800", "2007-12-31": "100.20500", "2007-09-30": "100.36500", "2007-06-30": "100.37100", "2007-03-31": "100.27100", "2006-12-31": "101.37100", "2006-09-30": "101.06200", "2006-06-30": "102.42900", "2006-03-31": "102.49200", "2005-12-31": "102.61800", "2005-09-30": "102.86600", "2005-06-30": "102.82700", "2005-03-31": "102.46300"}, "Basic EPS": {"2020-12-31": "0.62000", "2020-09-30": "0.67000", "2020-06-30": "0.43000", "2020-03-31": "0.43000", "2019-12-31": "0.58000", "2019-09-30": "0.55000", "2019-06-30": "0.67000", "2019-03-31": "0.30000", "2018-12-31": "0.55000", "2018-09-30": "0.63000", "2018-06-30": "0.23000", "2018-03-31": "0.57000", "2017-12-31": "1.05000", "2017-09-30": "0.69000", "2017-06-30": "1.45000", "2017-03-31": "0.48000", "2016-12-31": "0.72000", "2016-09-30": "0.78000", "2016-06-30": "0.79000", "2016-03-31": "0.59000", "2015-12-31": "-2.51000", "2015-09-30": "0.64000", "2015-06-30": "0.82000", "2015-03-31": "0.63000", "2014-12-31": "0.67000", "2014-09-30": "-0.98000", "2014-06-30": "0.84000", "2014-03-31": "0.60000", "2013-12-31": "0.79000", "2013-09-30": "0.87000", "2013-06-30": "0.76000", "2013-03-31": "0.25000", "2012-12-31": "-2.51000", "2012-09-30": "0.31000", "2012-06-30": "0.73000", "2012-03-31": "0.63000", "2011-12-31": "-1.80000", "2011-09-30": "0.52000", "2011-06-30": "0.68000", "2011-03-31": "0.52000", "2010-12-31": "0.34000", "2010-09-30": "0.56000", "2010-06-30": "0.62000", "2010-03-31": "0.36000", "2009-12-31": "0.30000", "2009-09-30": "0.38000", "2009-06-30": "0.33000", "2009-03-31": "0.18000", "2008-12-31": "0.05000", "2008-09-30": "0.42000", "2008-06-30": "1.42000", "2008-03-31": "0.45000", "2007-12-31": "0.49000", "2007-09-30": "0.59000", "2007-06-30": "0.63000", "2007-03-31": "0.43000", "2006-12-31": "0.39000", "2006-09-30": "0.35000", "2006-06-30": "0.68000", "2006-03-31": "0.42000", "2005-12-31": "0.39000", "2005-09-30": "0.44000", "2005-06-30": "0.61000", "2005-03-31": "0.40000"}, "EPS - Earnings Per Share": {"2020-12-31": "0.61000", "2020-09-30": "0.66000", "2020-06-30": "0.43000", "2020-03-31": "0.43000", "2019-12-31": "0.57000", "2019-09-30": "0.55000", "2019-06-30": "0.67000", "2019-03-31": "0.30000", "2018-12-31": "0.53000", "2018-09-30": "0.63000", "2018-06-30": "0.23000", "2018-03-31": "0.57000", "2017-12-31": "1.04000", "2017-09-30": "0.68000", "2017-06-30": "1.43000", "2017-03-31": "0.48000", "2016-12-31": "0.71000", "2016-09-30": "0.77000", "2016-06-30": "0.78000", "2016-03-31": "0.59000", "2015-12-31": "-2.48000", "2015-09-30": "0.63000", "2015-06-30": "0.81000", "2015-03-31": "0.62000", "2014-12-31": "0.65000", "2014-09-30": "-0.95000", "2014-06-30": "0.82000", "2014-03-31": "0.59000", "2013-12-31": "0.77000", "2013-09-30": "0.85000", "2013-06-30": "0.75000", "2013-03-31": "0.25000", "2012-12-31": "-2.49000", "2012-09-30": "0.31000", "2012-06-30": "0.72000", "2012-03-31": "0.62000", "2011-12-31": "-1.77000", "2011-09-30": "0.51000", "2011-06-30": "0.67000", "2011-03-31": "0.51000", "2010-12-31": "0.34000", "2010-09-30": "0.55000", "2010-06-30": "0.61000", "2010-03-31": "0.36000", "2009-12-31": "0.28000", "2009-09-30": "0.38000", "2009-06-30": "0.33000", "2009-03-31": "0.18000", "2008-12-31": "0.05000", "2008-09-30": "0.41000", "2008-06-30": "1.40000", "2008-03-31": "0.45000", "2007-12-31": "0.49000", "2007-09-30": "0.58000", "2007-06-30": "0.62000", "2007-03-31": "0.42000", "2006-12-31": "0.39000", "2006-09-30": "0.34000", "2006-06-30": "0.67000", "2006-03-31": "0.41000", "2005-12-31": "0.38000", "2005-09-30": "0.43000", "2005-06-30": "0.60000", "2005-03-31": "0.39000"}}, "balance sheet": {"Cash On Hand": {"2020-12-31": "82.10000", "2019-12-31": "82.50000", "2018-12-31": "74.30000", "2017-12-31": "86.30000", "2016-12-31": "238.50000", "2015-12-31": "126.30000", "2014-12-31": "110.40000", "2013-12-31": "256.00000", "2012-12-31": "261.30000", "2011-12-31": "50.07700", "2010-12-31": "46.05600", "2009-12-31": "33.39600", "2008-12-31": "39.34400", "2007-12-31": "70.79500", "2006-12-31": "54.82000", "2005-12-31": "48.50000"}, "Receivables": {"2020-12-31": "367.50000", "2019-12-31": "502.90000", "2018-12-31": "488.20000", "2017-12-31": "483.10000", "2016-12-31": "764.00000", "2015-12-31": "773.20000", "2014-12-31": "1205.90000", "2013-12-31": "1285.00000", "2012-12-31": "1274.60000", "2011-12-31": "569.20400", "2010-12-31": "516.90500", "2009-12-31": "455.09000", "2008-12-31": "461.08100", "2007-12-31": "461.40800", "2006-12-31": "422.13400", "2005-12-31": "423.84700"}, "Inventory": {"2020-12-31": "420.00000", "2019-12-31": "377.40000", "2018-12-31": "387.50000", "2017-12-31": "356.90000", "2016-12-31": "524.20000", "2015-12-31": "564.70000", "2014-12-31": "1130.40000", "2013-12-31": "1195.10000", "2012-12-31": "1333.90000", "2011-12-31": "449.86300", "2010-12-31": "405.35600", "2009-12-31": "360.62700", "2008-12-31": "417.28700", "2007-12-31": "379.01800", "2006-12-31": "398.85700", "2005-12-31": "349.31200"}, "Pre-Paid Expenses": {"2020-12-31": "", "2019-12-31": "", "2018-12-31": "", "2017-12-31": "", "2016-12-31": "", "2015-12-31": "", "2014-12-31": "", "2013-12-31": "", "2012-12-31": "", "2011-12-31": "", "2010-12-31": "44.63100", "2009-12-31": "47.57600", "2008-12-31": "63.11300", "2007-12-31": "35.79900", "2006-12-31": "31.23900", "2005-12-31": "24.39400"}, "Other Current Assets": {"2020-12-31": "105.50000", "2019-12-31": "99.10000", "2018-12-31": "89.40000", "2017-12-31": "822.50000", "2016-12-31": "1145.30000", "2015-12-31": "1313.40000", "2014-12-31": "447.40000", "2013-12-31": "496.00000", "2012-12-31": "334.50000", "2011-12-31": "168.69100", "2010-12-31": "", "2009-12-31": "", "2008-12-31": "", "2007-12-31": "", "2006-12-31": "", "2005-12-31": ""}, "Total Current Assets": {"2020-12-31": "975.10000", "2019-12-31": "1061.90000", "2018-12-31": "1039.40000", "2017-12-31": "1748.80000", "2016-12-31": "2672.00000", "2015-12-31": "2777.60000", "2014-12-31": "2894.10000", "2013-12-31": "3232.10000", "2012-12-31": "3204.30000", "2011-12-31": "1237.83500", "2010-12-31": "1069.29700", "2009-12-31": "946.29800", "2008-12-31": "1032.17900", "2007-12-31": "1038.02100", "2006-12-31": "957.62800", "2005-12-31": "895.02400"}, "Property, Plant, And Equipment": {"2020-12-31": "301.20000", "2019-12-31": "283.20000", "2018-12-31": "272.60000", "2017-12-31": "279.80000", "2016-12-31": "538.60000", "2015-12-31": "539.80000", "2014-12-31": "950.00000", "2013-12-31": "1044.30000", "2012-12-31": "1188.20000", "2011-12-31": "387.52500", "2010-12-31": "329.43500", "2009-12-31": "333.68800", "2008-12-31": "343.88100", "2007-12-31": "361.69000", "2006-12-31": "330.37200", "2005-12-31": "311.83900"}, "Long-Term Investments": {"2020-12-31": "", "2019-12-31": "", "2018-12-31": "", "2017-12-31": "", "2016-12-31": "", "2015-12-31": "", "2014-12-31": "", "2013-12-31": "", "2012-12-31": "", "2011-12-31": "", "2010-12-31": "", "2009-12-31": "", "2008-12-31": "", "2007-12-31": "", "2006-12-31": "", "2005-12-31": ""}, "Goodwill And Intangible Assets": {"2020-12-31": "2718.10000", "2019-12-31": "2597.50000", "2018-12-31": "2349.00000", "2017-12-31": "2434.60000", "2016-12-31": "5849.20000", "2015-12-31": "6006.40000", "2014-12-31": "6350.00000", "2013-12-31": "6610.60000", "2012-12-31": "7037.90000", "2011-12-31": "2866.20300", "2010-12-31": "2519.61400", "2009-12-31": "2575.20400", "2008-12-31": "2617.35900", "2007-12-31": "2486.14700", "2006-12-31": "2005.78200", "2005-12-31": "1984.74000"}, "Other Long-Term Assets": {"2020-12-31": "202.80000", "2019-12-31": "196.90000", "2018-12-31": "145.50000", "2017-12-31": "4170.50000", "2016-12-31": "2475.00000", "2015-12-31": "2509.70000", "2014-12-31": "461.10000", "2013-12-31": "856.30000", "2012-12-31": "452.30000", "2011-12-31": "94.75000", "2010-12-31": "55.18700", "2009-12-31": "56.14400", "2008-12-31": "59.79400", "2007-12-31": "82.23800", "2006-12-31": "71.19700", "2005-12-31": "62.15200"}, "Total Long-Term Assets": {"2020-12-31": "3222.10000", "2019-12-31": "3077.60000", "2018-12-31": "2767.10000", "2017-12-31": "6884.90000", "2016-12-31": "8862.80100", "2015-12-31": "9055.89900", "2014-12-31": "7761.10000", "2013-12-31": "8511.20000", "2012-12-31": "8678.39900", "2011-12-31": "3348.47800", "2010-12-31": "2904.23600", "2009-12-31": "2965.03600", "2008-12-31": "3021.03400", "2007-12-31": "2962.59300", "2006-12-31": "2407.35100", "2005-12-31": "2358.73100"}, "Total Assets": {"2020-12-31": "4197.20000", "2019-12-31": "4139.50000", "2018-12-31": "3806.50000", "2017-12-31": "8633.70000", "2016-12-31": "11534.80000", "2015-12-31": "11833.50000", "2014-12-31": "10655.20000", "2013-12-31": "11743.30000", "2012-12-31": "11882.70000", "2011-12-31": "4586.31300", "2010-12-31": "3973.53300", "2009-12-31": "3911.33400", "2008-12-31": "4053.21300", "2007-12-31": "4000.61400", "2006-12-31": "3364.97900", "2005-12-31": "3253.75500"}, "Total Current Liabilities": {"2020-12-31": "772.50000", "2019-12-31": "749.00000", "2018-12-31": "818.70000", "2017-12-31": "1199.40000", "2016-12-31": "1471.20000", "2015-12-31": "1486.50000", "2014-12-31": "1639.50000", "2013-12-31": "1610.20000", "2012-12-31": "1645.10000", "2011-12-31": "641.84100", "2010-12-31": "546.79600", "2009-12-31": "446.27900", "2008-12-31": "498.50400", "2007-12-31": "560.31700", "2006-12-31": "521.28200", "2005-12-31": "524.67000"}, "Long Term Debt": {"2020-12-31": "839.60000", "2019-12-31": "1029.10000", "2018-12-31": "787.60000", "2017-12-31": "1440.70000", "2016-12-31": "4278.40000", "2015-12-31": "4685.80000", "2014-12-31": "2997.40000", "2013-12-31": "2547.90000", "2012-12-31": "2454.30000", "2011-12-31": "1304.22500", "2010-12-31": "702.52100", "2009-12-31": "803.35100", "2008-12-31": "953.46800", "2007-12-31": "1041.92500", "2006-12-31": "721.87300", "2005-12-31": "748.47700"}, "Other Non-Current Liabilities": {"2020-12-31": "269.40000", "2019-12-31": "206.70000", "2018-12-31": "168.20000", "2017-12-31": "750.80000", "2016-12-31": "667.90000", "2015-12-31": "737.60000", "2014-12-31": "504.20000", "2013-12-31": "490.30000", "2012-12-31": "495.10000", "2011-12-31": "123.50900", "2010-12-31": "109.80200", "2009-12-31": "121.99600", "2008-12-31": "129.75100", "2007-12-31": "118.39100", "2006-12-31": "86.52600", "2005-12-31": "70.45500"}, "Total Long Term Liabilities": {"2020-12-31": "1318.40000", "2019-12-31": "1436.60000", "2018-12-31": "1151.70000", "2017-12-31": "2396.50000", "2016-12-31": "5809.20000", "2015-12-31": "6338.20000", "2014-12-31": "4351.90000", "2013-12-31": "3915.40000", "2012-12-31": "3750.10000", "2011-12-31": "1897.08000", "2010-12-31": "1221.70500", "2009-12-31": "1338.71500", "2008-12-31": "1534.64000", "2007-12-31": "1529.42600", "2006-12-31": "1173.69800", "2005-12-31": "1173.47500"}, "Total Liabilities": {"2020-12-31": "2090.90000", "2019-12-31": "2185.60000", "2018-12-31": "1970.40000", "2017-12-31": "3595.90000", "2016-12-31": "7280.40000", "2015-12-31": "7824.70000", "2014-12-31": "5991.40000", "2013-12-31": "5525.60000", "2012-12-31": "5395.20000", "2011-12-31": "2538.92100", "2010-12-31": "1768.50100", "2009-12-31": "1784.99400", "2008-12-31": "2033.14400", "2007-12-31": "2089.74300", "2006-12-31": "1694.98000", "2005-12-31": "1698.14500"}, "Common Stock Net": {"2020-12-31": "", "2019-12-31": "1.70000", "2018-12-31": "1.70000", "2017-12-31": "1.80000", "2016-12-31": "1.80000", "2015-12-31": "1.80000", "2014-12-31": "2.00000", "2013-12-31": "113.50000", "2012-12-31": "113.50000", "2011-12-31": "47.52600", "2010-12-31": "16.40100", "2009-12-31": "16.44200", "2008-12-31": "16.37900", "2007-12-31": "16.53700", "2006-12-31": "16.62900", "2005-12-31": "16.86700"}, "Retained Earnings (Accumulated Deficit)": {"2020-12-31": "", "2019-12-31": "401.00000", "2018-12-31": "169.20000", "2017-12-31": "2481.70000", "2016-12-31": "2068.10000", "2015-12-31": "1791.70000", "2014-12-31": "2044.00000", "2013-12-31": "1829.10000", "2012-12-31": "1292.30000", "2011-12-31": "1465.78000", "2010-12-31": "1624.60500", "2009-12-31": "1502.24200", "2008-12-31": "1457.67600", "2007-12-31": "1296.22600", "2006-12-31": "1148.12600", "2005-12-31": "1020.97800"}, "Comprehensive Income": {"2020-12-31": "", "2019-12-31": "-226.50000", "2018-12-31": "-228.60000", "2017-12-31": "-243.40000", "2016-12-31": "-736.30000", "2015-12-31": "-645.00000", "2014-12-31": "-380.30000", "2013-12-31": "-43.60000", "2012-12-31": "-11.60000", "2011-12-31": "-37.73100", "2010-12-31": "-22.34200", "2009-12-31": "20.59700", "2008-12-31": "-26.61500", "2007-12-31": "121.86600", "2006-12-31": "16.70400", "2005-12-31": "-0.98600"}, "Other Share Holders Equity": {"2020-12-31": "", "2019-12-31": "", "2018-12-31": "", "2017-12-31": "", "2016-12-31": "", "2015-12-31": "", "2014-12-31": "", "2013-12-31": "", "2012-12-31": "5292.40000", "2011-12-31": "", "2010-12-31": "", "2009-12-31": "", "2008-12-31": "", "2007-12-31": "", "2006-12-31": "", "2005-12-31": ""}, "Share Holder Equity": {"2020-12-31": "2106.30000", "2019-12-31": "1953.90000", "2018-12-31": "1836.10000", "2017-12-31": "5037.80000", "2016-12-31": "4254.40000", "2015-12-31": "4008.80000", "2014-12-31": "4663.80000", "2013-12-31": "6217.70000", "2012-12-31": "6487.50000", "2011-12-31": "2047.39200", "2010-12-31": "2205.03200", "2009-12-31": "2126.34000", "2008-12-31": "2020.06900", "2007-12-31": "1910.87100", "2006-12-31": "1669.99900", "2005-12-31": "1555.61000"}, "Total Liabilities And Share Holders Equity": {"2020-12-31": "4197.20000", "2019-12-31": "4139.50000", "2018-12-31": "3806.50000", "2017-12-31": "8633.70000", "2016-12-31": "11534.80000", "2015-12-31": "11833.50000", "2014-12-31": "10655.20000", "2013-12-31": "11743.30000", "2012-12-31": "11882.70000", "2011-12-31": "4586.31300", "2010-12-31": "3973.53300", "2009-12-31": "3911.33400", "2008-12-31": "4053.21300", "2007-12-31": "4000.61400", "2006-12-31": "3364.97900", "2005-12-31": "3253.75500"}}, "balance sheet, quarterly": {"Cash On Hand": {"2020-12-31": "82.10000", "2020-09-30": "82.60000", "2020-06-30": "90.60000", "2020-03-31": "169.30000", "2019-12-31": "82.50000", "2019-09-30": "113.20000", "2019-06-30": "80.50000", "2019-03-31": "78.90000", "2018-12-31": "74.30000", "2018-09-30": "64.70000", "2018-06-30": "78.70000", "2018-03-31": "907.50000", "2017-12-31": "86.30000", "2017-09-30": "108.50000", "2017-06-30": "177.80000", "2017-03-31": "238.10000", "2016-12-31": "238.50000", "2016-09-30": "170.90000", "2016-06-30": "173.30000", "2016-03-31": "158.10000", "2015-12-31": "126.30000", "2015-09-30": "144.90000", "2015-06-30": "147.30000", "2015-03-31": "131.10000", "2014-12-31": "110.40000", "2014-09-30": "156.60000", "2014-06-30": "174.40000", "2014-03-31": "211.10000", "2013-12-31": "256.00000", "2013-09-30": "237.70000", "2013-06-30": "253.10000", "2013-03-31": "215.00000", "2012-12-31": "261.30000", "2012-09-30": "642.57000", "2012-06-30": "60.59800", "2012-03-31": "55.43800", "2011-12-31": "50.07700", "2011-09-30": "52.66500", "2011-06-30": "68.97200", "2011-03-31": "57.13400", "2010-12-31": "46.05600", "2010-09-30": "56.99500", "2010-06-30": "38.58000", "2010-03-31": "46.78300", "2009-12-31": "33.39600", "2009-09-30": "50.21400", "2009-06-30": "38.11800", "2009-03-31": "34.70800", "2008-12-31": "39.34400", "2008-09-30": "93.54400", "2008-06-30": "74.61600", "2008-03-31": "62.28400", "2007-12-31": "70.79500", "2007-09-30": "56.55500", "2007-06-30": "52.01600", "2007-03-31": "64.23000", "2006-12-31": "54.82000", "2006-09-30": "45.15300", "2006-06-30": "48.33100", "2006-03-31": "50.23700", "2005-12-31": "48.50000", "2005-09-30": "49.35200", "2005-06-30": "41.85300", "2005-03-31": "43.83900"}, "Receivables": {"2020-12-31": "367.50000", "2020-09-30": "362.10000", "2020-06-30": "401.80000", "2020-03-31": "665.00000", "2019-12-31": "502.90000", "2019-09-30": "404.00000", "2019-06-30": "459.60000", "2019-03-31": "645.70000", "2018-12-31": "488.20000", "2018-09-30": "402.40000", "2018-06-30": "422.10000", "2018-03-31": "985.20000", "2017-12-31": "483.10000", "2017-09-30": "768.20000", "2017-06-30": "764.50000", "2017-03-31": "914.40000", "2016-12-31": "764.00000", "2016-09-30": "689.50000", "2016-06-30": "1086.20000", "2016-03-31": "1268.70000", "2015-12-31": "773.20000", "2015-09-30": "1136.50000", "2015-06-30": "1170.60000", "2015-03-31": "1247.50000", "2014-12-31": "1205.90000", "2014-09-30": "1180.90000", "2014-06-30": "1302.20000", "2014-03-31": "1410.70000", "2013-12-31": "1285.00000", "2013-09-30": "1299.20000", "2013-06-30": "1305.50000", "2013-03-31": "1542.00000", "2012-12-31": "1274.60000", "2012-09-30": "1319.56100", "2012-06-30": "572.14400", "2012-03-31": "680.26000", "2011-12-31": "569.20400", "2011-09-30": "556.68800", "2011-06-30": "595.40700", "2011-03-31": "625.85600", "2010-12-31": "516.90500", "2010-09-30": "490.22100", "2010-06-30": "475.67900", "2010-03-31": "550.83000", "2009-12-31": "455.09000", "2009-09-30": "423.12500", "2009-06-30": "462.10600", "2009-03-31": "505.19600", "2008-12-31": "461.08100", "2008-09-30": "511.77900", "2008-06-30": "551.65300", "2008-03-31": "609.96000", "2007-12-31": "461.40800", "2007-09-30": "473.49600", "2007-06-30": "523.94100", "2007-03-31": "525.21300", "2006-12-31": "422.13400", "2006-09-30": "454.25500", "2006-06-30": "502.98200", "2006-03-31": "520.96800", "2005-12-31": "423.84700", "2005-09-30": "428.48600", "2005-06-30": "457.87800", "2005-03-31": "475.60300"}, "Inventory": {"2020-12-31": "420.00000", "2020-09-30": "401.70000", "2020-06-30": "396.50000", "2020-03-31": "392.40000", "2019-12-31": "377.40000", "2019-09-30": "390.30000", "2019-06-30": "396.70000", "2019-03-31": "421.80000", "2018-12-31": "387.50000", "2018-09-30": "387.30000", "2018-06-30": "366.60000", "2018-03-31": "593.50000", "2017-12-31": "356.90000", "2017-09-30": "579.20000", "2017-06-30": "565.40000", "2017-03-31": "546.00000", "2016-12-31": "524.20000", "2016-09-30": "556.20000", "2016-06-30": "1133.20000", "2016-03-31": "1197.70000", "2015-12-31": "564.70000", "2015-09-30": "1296.20000", "2015-06-30": "1200.40000", "2015-03-31": "1177.00000", "2014-12-31": "1130.40000", "2014-09-30": "1199.40000", "2014-06-30": "1264.30000", "2014-03-31": "1271.60000", "2013-12-31": "1195.10000", "2013-09-30": "1296.10000", "2013-06-30": "1318.30000", "2013-03-31": "1327.00000", "2012-12-31": "1333.90000", "2012-09-30": "1379.97100", "2012-06-30": "460.03900", "2012-03-31": "475.40300", "2011-12-31": "449.86300", "2011-09-30": "459.91600", "2011-06-30": "484.79500", "2011-03-31": "411.76700", "2010-12-31": "405.35600", "2010-09-30": "410.07200", "2010-06-30": "389.42800", "2010-03-31": "363.66700", "2009-12-31": "360.62700", "2009-09-30": "366.41600", "2009-06-30": "362.74300", "2009-03-31": "393.20100", "2008-12-31": "417.28700", "2008-09-30": "417.52500", "2008-06-30": "424.27700", "2008-03-31": "402.61800", "2007-12-31": "379.01800", "2007-09-30": "395.63800", "2007-06-30": "395.33000", "2007-03-31": "393.49500", "2006-12-31": "398.85700", "2006-09-30": "397.63700", "2006-06-30": "380.21900", "2006-03-31": "375.61900", "2005-12-31": "349.31200", "2005-09-30": "344.67600", "2005-06-30": "339.46000", "2005-03-31": "339.91000"}, "Pre-Paid Expenses": {"2020-12-31": "", "2020-09-30": "", "2020-06-30": "", "2020-03-31": "", "2019-12-31": "", "2019-09-30": "", "2019-06-30": "", "2019-03-31": "", "2018-12-31": "", "2018-09-30": "", "2018-06-30": "", "2018-03-31": "", "2017-12-31": "", "2017-09-30": "", "2017-06-30": "", "2017-03-31": "", "2016-12-31": "", "2016-09-30": "", "2016-06-30": "", "2016-03-31": "", "2015-12-31": "", "2015-09-30": "", "2015-06-30": "", "2015-03-31": "", "2014-12-31": "", "2014-09-30": "", "2014-06-30": "", "2014-03-31": "", "2013-12-31": "", "2013-09-30": "108.90000", "2013-06-30": "102.70000", "2013-03-31": "100.00000", "2012-12-31": "", "2012-09-30": "266.81300", "2012-06-30": "124.34500", "2012-03-31": "115.70100", "2011-12-31": "", "2011-09-30": "147.56800", "2011-06-30": "124.63200", "2011-03-31": "57.95000", "2010-12-31": "44.63100", "2010-09-30": "48.55500", "2010-06-30": "42.87800", "2010-03-31": "43.58000", "2009-12-31": "47.57600", "2009-09-30": "48.44600", "2009-06-30": "50.11100", "2009-03-31": "47.84800", "2008-12-31": "63.11300", "2008-09-30": "53.38300", "2008-06-30": "46.10400", "2008-03-31": "43.12500", "2007-12-31": "35.79900", "2007-09-30": "47.74600", "2007-06-30": "41.60500", "2007-03-31": "40.99000", "2006-12-31": "31.23900", "2006-09-30": "28.73600", "2006-06-30": "27.65900", "2006-03-31": "28.92100", "2005-12-31": "24.39400", "2005-09-30": "28.24400", "2005-06-30": "27.73400", "2005-03-31": "27.83800"}, "Other Current Assets": {"2020-12-31": "105.50000", "2020-09-30": "117.10000", "2020-06-30": "112.80000", "2020-03-31": "112.90000", "2019-12-31": "99.10000", "2019-09-30": "95.10000", "2019-06-30": "104.70000", "2019-03-31": "105.20000", "2018-12-31": "89.40000", "2018-09-30": "135.20000", "2018-06-30": "129.20000", "2018-03-31": "232.80000", "2017-12-31": "822.50000", "2017-09-30": "249.90000", "2017-06-30": "247.10000", "2017-03-31": "1142.60000", "2016-12-31": "1145.30000", "2016-09-30": "1330.40000", "2016-06-30": "400.10000", "2016-03-31": "381.40000", "2015-12-31": "1313.40000", "2015-09-30": "386.60000", "2015-06-30": "384.60000", "2015-03-31": "421.30000", "2014-12-31": "447.40000", "2014-09-30": "515.50000", "2014-06-30": "425.00000", "2014-03-31": "411.90000", "2013-12-31": "496.00000", "2013-09-30": "20.40000", "2013-06-30": "21.30000", "2013-03-31": "27.00000", "2012-12-31": "334.50000", "2012-09-30": "", "2012-06-30": "", "2012-03-31": "", "2011-12-31": "168.69100", "2011-09-30": "", "2011-06-30": "", "2011-03-31": "", "2010-12-31": "", "2010-09-30": "", "2010-06-30": "", "2010-03-31": "", "2009-12-31": "", "2009-09-30": "", "2009-06-30": "", "2009-03-31": "", "2008-12-31": "", "2008-09-30": "", "2008-06-30": "", "2008-03-31": "", "2007-12-31": "", "2007-09-30": "", "2007-06-30": "", "2007-03-31": "", "2006-12-31": "", "2006-09-30": "", "2006-06-30": "", "2006-03-31": "", "2005-12-31": "", "2005-09-30": "", "2005-06-30": "", "2005-03-31": ""}, "Total Current Assets": {"2020-12-31": "975.10000", "2020-09-30": "963.50000", "2020-06-30": "1001.70000", "2020-03-31": "1339.60000", "2019-12-31": "1061.90000", "2019-09-30": "1002.60000", "2019-06-30": "1041.50000", "2019-03-31": "1251.60000", "2018-12-31": "1039.40000", "2018-09-30": "989.60000", "2018-06-30": "996.60000", "2018-03-31": "2719.00000", "2017-12-31": "1748.80000", "2017-09-30": "1705.80000", "2017-06-30": "1754.80000", "2017-03-31": "2841.10000", "2016-12-31": "2672.00000", "2016-09-30": "2747.00000", "2016-06-30": "2792.80000", "2016-03-31": "3005.90000", "2015-12-31": "2777.60000", "2015-09-30": "2964.20000", "2015-06-30": "2902.90000", "2015-03-31": "2976.90000", "2014-12-31": "2894.10000", "2014-09-30": "3052.40000", "2014-06-30": "3165.90000", "2014-03-31": "3305.30000", "2013-12-31": "3232.10000", "2013-09-30": "3211.30000", "2013-06-30": "3216.50000", "2013-03-31": "3290.00000", "2012-12-31": "3204.30000", "2012-09-30": "3740.44600", "2012-06-30": "1276.02500", "2012-03-31": "1389.20700", "2011-12-31": "1237.83500", "2011-09-30": "1278.24800", "2011-06-30": "1334.63900", "2011-03-31": "1209.07700", "2010-12-31": "1069.29700", "2010-09-30": "1056.83400", "2010-06-30": "995.62300", "2010-03-31": "1054.52500", "2009-12-31": "946.29800", "2009-09-30": "941.19800", "2009-06-30": "964.54300", "2009-03-31": "1032.22100", "2008-12-31": "1032.17900", "2008-09-30": "1144.73500", "2008-06-30": "1169.13800", "2008-03-31": "1192.56800", "2007-12-31": "1038.02100", "2007-09-30": "1052.34100", "2007-06-30": "1096.26300", "2007-03-31": "1104.30500", "2006-12-31": "957.62800", "2006-09-30": "971.82100", "2006-06-30": "1005.11300", "2006-03-31": "1020.17700", "2005-12-31": "895.02400", "2005-09-30": "915.55100", "2005-06-30": "916.00200", "2005-03-31": "937.10300"}, "Property, Plant, And Equipment": {"2020-12-31": "301.20000", "2020-09-30": "291.10000", "2020-06-30": "284.70000", "2020-03-31": "280.70000", "2019-12-31": "283.20000", "2019-09-30": "277.90000", "2019-06-30": "280.30000", "2019-03-31": "279.10000", "2018-12-31": "272.60000", "2018-09-30": "274.20000", "2018-06-30": "270.60000", "2018-03-31": "546.50000", "2017-12-31": "279.80000", "2017-09-30": "547.10000", "2017-06-30": "550.90000", "2017-03-31": "551.90000", "2016-12-31": "538.60000", "2016-09-30": "547.30000", "2016-06-30": "937.60000", "2016-03-31": "951.80000", "2015-12-31": "539.80000", "2015-09-30": "921.40000", "2015-06-30": "908.50000", "2015-03-31": "915.40000", "2014-12-31": "950.00000", "2014-09-30": "990.80000", "2014-06-30": "1151.60000", "2014-03-31": "1162.00000", "2013-12-31": "1044.30000", "2013-09-30": "1171.90000", "2013-06-30": "1186.10000", "2013-03-31": "1222.00000", "2012-12-31": "1188.20000", "2012-09-30": "1156.32700", "2012-06-30": "381.06300", "2012-03-31": "393.33500", "2011-12-31": "387.52500", "2011-09-30": "394.92200", "2011-06-30": "410.54700", "2011-03-31": "338.61000", "2010-12-31": "329.43500", "2010-09-30": "327.60200", "2010-06-30": "318.12400", "2010-03-31": "330.20100", "2009-12-31": "333.68800", "2009-09-30": "339.41200", "2009-06-30": "340.88400", "2009-03-31": "337.89800", "2008-12-31": "343.88100", "2008-09-30": "359.54300", "2008-06-30": "375.45300", "2008-03-31": "364.06800", "2007-12-31": "361.69000", "2007-09-30": "356.59400", "2007-06-30": "352.85300", "2007-03-31": "349.76800", "2006-12-31": "330.37200", "2006-09-30": "312.29500", "2006-06-30": "312.14600", "2006-03-31": "314.16400", "2005-12-31": "311.83900", "2005-09-30": "316.49100", "2005-06-30": "324.47700", "2005-03-31": "335.06300"}, "Long-Term Investments": {"2020-12-31": "", "2020-09-30": "", "2020-06-30": "", "2020-03-31": "", "2019-12-31": "", "2019-09-30": "", "2019-06-30": "", "2019-03-31": "", "2018-12-31": "", "2018-09-30": "", "2018-06-30": "", "2018-03-31": "", "2017-12-31": "", "2017-09-30": "", "2017-06-30": "", "2017-03-31": "", "2016-12-31": "", "2016-09-30": "", "2016-06-30": "", "2016-03-31": "", "2015-12-31": "", "2015-09-30": "", "2015-06-30": "", "2015-03-31": "", "2014-12-31": "", "2014-09-30": "", "2014-06-30": "", "2014-03-31": "", "2013-12-31": "", "2013-09-30": "", "2013-06-30": "", "2013-03-31": "", "2012-12-31": "", "2012-09-30": "", "2012-06-30": "", "2012-03-31": "", "2011-12-31": "", "2011-09-30": "", "2011-06-30": "", "2011-03-31": "", "2010-12-31": "", "2010-09-30": "", "2010-06-30": "", "2010-03-31": "", "2009-12-31": "", "2009-09-30": "", "2009-06-30": "", "2009-03-31": "", "2008-12-31": "", "2008-09-30": "", "2008-06-30": "", "2008-03-31": "", "2007-12-31": "", "2007-09-30": "", "2007-06-30": "", "2007-03-31": "", "2006-12-31": "", "2006-09-30": "", "2006-06-30": "", "2006-03-31": "", "2005-12-31": "", "2005-09-30": "", "2005-06-30": "", "2005-03-31": ""}, "Goodwill And Intangible Assets": {"2020-12-31": "2718.10000", "2020-09-30": "2652.90000", "2020-06-30": "2627.50000", "2020-03-31": "2583.30000", "2019-12-31": "2597.50000", "2019-09-30": "2602.40000", "2019-06-30": "2641.70000", "2019-03-31": "2644.50000", "2018-12-31": "2349.00000", "2018-09-30": "2386.40000", "2018-06-30": "2385.30000", "2018-03-31": "5916.60000", "2017-12-31": "2434.60000", "2017-09-30": "5950.90000", "2017-06-30": "5938.50000", "2017-03-31": "5917.80000", "2016-12-31": "5849.20000", "2016-09-30": "5934.70000", "2016-06-30": "7651.10000", "2016-03-31": "7711.00000", "2015-12-31": "6006.40000", "2015-09-30": "8343.00000", "2015-06-30": "6319.50000", "2015-03-31": "6230.90000", "2014-12-31": "6350.00000", "2014-09-30": "6441.20000", "2014-06-30": "6815.40000", "2014-03-31": "6846.60000", "2013-12-31": "6610.60000", "2013-09-30": "6939.20000", "2013-06-30": "6801.20000", "2013-03-31": "6726.00000", "2012-12-31": "7037.90000", "2012-09-30": "6721.03100", "2012-06-30": "2825.63700", "2012-03-31": "2892.10400", "2011-12-31": "2866.20300", "2011-09-30": "3135.95400", "2011-06-30": "3228.33800", "2011-03-31": "2558.67200", "2010-12-31": "2519.61400", "2010-09-30": "2532.28900", "2010-06-30": "2484.87000", "2010-03-31": "2540.23400", "2009-12-31": "2575.20400", "2009-09-30": "2633.91900", "2009-06-30": "2610.70000", "2009-03-31": "2597.74600", "2008-12-31": "2617.35900", "2008-09-30": "2663.32800", "2008-06-30": "2706.84400", "2008-03-31": "2518.24400", "2007-12-31": "2486.14700", "2007-09-30": "2482.35200", "2007-06-30": "2427.87100", "2007-03-31": "2198.31500", "2006-12-31": "2005.78200", "2006-09-30": "1993.67100", "2006-06-30": "1992.77900", "2006-03-31": "1986.78100", "2005-12-31": "1984.74000", "2005-09-30": "1881.28600", "2005-06-30": "1868.48100", "2005-03-31": "1875.74700"}, "Other Long-Term Assets": {"2020-12-31": "202.80000", "2020-09-30": "196.00000", "2020-06-30": "202.20000", "2020-03-31": "223.10000", "2019-12-31": "196.90000", "2019-09-30": "197.50000", "2019-06-30": "206.50000", "2019-03-31": "207.00000", "2018-12-31": "145.50000", "2018-09-30": "159.30000", "2018-06-30": "153.50000", "2018-03-31": "186.00000", "2017-12-31": "4170.50000", "2017-09-30": "425.00000", "2017-06-30": "424.90000", "2017-03-31": "2507.20000", "2016-12-31": "2475.00000", "2016-09-30": "2450.00000", "2016-06-30": "362.30000", "2016-03-31": "361.50000", "2015-12-31": "2509.70000", "2015-09-30": "442.30000", "2015-06-30": "433.80000", "2015-03-31": "446.20000", "2014-12-31": "461.10000", "2014-09-30": "442.50000", "2014-06-30": "483.90000", "2014-03-31": "452.60000", "2013-12-31": "856.30000", "2013-09-30": "481.80000", "2013-06-30": "462.80000", "2013-03-31": "483.00000", "2012-12-31": "452.30000", "2012-09-30": "354.53100", "2012-06-30": "103.54400", "2012-03-31": "103.56000", "2011-12-31": "94.75000", "2011-09-30": "73.31900", "2011-06-30": "78.78800", "2011-03-31": "56.32800", "2010-12-31": "55.18700", "2010-09-30": "56.03300", "2010-06-30": "54.08300", "2010-03-31": "56.22400", "2009-12-31": "56.14400", "2009-09-30": "67.72300", "2009-06-30": "61.11800", "2009-03-31": "56.96400", "2008-12-31": "59.79400", "2008-09-30": "69.87300", "2008-06-30": "78.73400", "2008-03-31": "81.44700", "2007-12-31": "82.23800", "2007-09-30": "77.08400", "2007-06-30": "77.82100", "2007-03-31": "69.50500", "2006-12-31": "71.19700", "2006-09-30": "77.38600", "2006-06-30": "80.16700", "2006-03-31": "67.56100", "2005-12-31": "62.15200", "2005-09-30": "61.73900", "2005-06-30": "60.53800", "2005-03-31": "81.00900"}, "Total Long-Term Assets": {"2020-12-31": "3222.10000", "2020-09-30": "3140.00000", "2020-06-30": "3114.40000", "2020-03-31": "3087.10000", "2019-12-31": "3077.60000", "2019-09-30": "3077.80000", "2019-06-30": "3128.50000", "2019-03-31": "3130.60000", "2018-12-31": "2767.10000", "2018-09-30": "2819.90000", "2018-06-30": "2809.40000", "2018-03-31": "6649.10000", "2017-12-31": "6884.90000", "2017-09-30": "6923.00000", "2017-06-30": "6914.30000", "2017-03-31": "8976.89900", "2016-12-31": "8862.80100", "2016-09-30": "8932.00000", "2016-06-30": "8951.00000", "2016-03-31": "9024.30000", "2015-12-31": "9055.89900", "2015-09-30": "9706.70000", "2015-06-30": "7661.80000", "2015-03-31": "7592.50000", "2014-12-31": "7761.10000", "2014-09-30": "7874.50000", "2014-06-30": "8450.90000", "2014-03-31": "8461.19900", "2013-12-31": "8511.20000", "2013-09-30": "8592.90000", "2013-06-30": "8450.10100", "2013-03-31": "8431.00000", "2012-12-31": "8678.39900", "2012-09-30": "8231.89000", "2012-06-30": "3310.24400", "2012-03-31": "3388.99900", "2011-12-31": "3348.47800", "2011-09-30": "3604.19500", "2011-06-30": "3717.67300", "2011-03-31": "2953.61000", "2010-12-31": "2904.23600", "2010-09-30": "2915.92400", "2010-06-30": "2857.07700", "2010-03-31": "2926.65900", "2009-12-31": "2965.03600", "2009-09-30": "3041.05400", "2009-06-30": "3012.70200", "2009-03-31": "2992.60800", "2008-12-31": "3021.03400", "2008-09-30": "3106.39000", "2008-06-30": "3174.88400", "2008-03-31": "2977.82000", "2007-12-31": "2962.59300", "2007-09-30": "2934.53000", "2007-06-30": "2876.98100", "2007-03-31": "2636.00800", "2006-12-31": "2407.35100", "2006-09-30": "2383.35200", "2006-06-30": "2385.09200", "2006-03-31": "2368.50600", "2005-12-31": "2358.73100", "2005-09-30": "2259.51600", "2005-06-30": "2253.49600", "2005-03-31": "2291.81900"}, "Total Assets": {"2020-12-31": "4197.20000", "2020-09-30": "4103.50000", "2020-06-30": "4116.10000", "2020-03-31": "4426.70000", "2019-12-31": "4139.50000", "2019-09-30": "4080.40000", "2019-06-30": "4170.00000", "2019-03-31": "4382.20000", "2018-12-31": "3806.50000", "2018-09-30": "3809.50000", "2018-06-30": "3806.00000", "2018-03-31": "9368.10000", "2017-12-31": "8633.70000", "2017-09-30": "8628.80000", "2017-06-30": "8669.10000", "2017-03-31": "11818.00000", "2016-12-31": "11534.80000", "2016-09-30": "11679.00000", "2016-06-30": "11743.80000", "2016-03-31": "12030.20000", "2015-12-31": "11833.50000", "2015-09-30": "12670.90000", "2015-06-30": "10564.70000", "2015-03-31": "10569.40000", "2014-12-31": "10655.20000", "2014-09-30": "10926.90000", "2014-06-30": "11616.80000", "2014-03-31": "11766.50000", "2013-12-31": "11743.30000", "2013-09-30": "11804.20000", "2013-06-30": "11666.60000", "2013-03-31": "11721.00000", "2012-12-31": "11882.70000", "2012-09-30": "11972.33000", "2012-06-30": "4586.26900", "2012-03-31": "4778.20600", "2011-12-31": "4586.31300", "2011-09-30": "4882.44300", "2011-06-30": "5052.31200", "2011-03-31": "4162.68700", "2010-12-31": "3973.53300", "2010-09-30": "3972.75800", "2010-06-30": "3852.70000", "2010-03-31": "3981.18400", "2009-12-31": "3911.33400", "2009-09-30": "3982.25200", "2009-06-30": "3977.24500", "2009-03-31": "4024.82900", "2008-12-31": "4053.21300", "2008-09-30": "4251.12500", "2008-06-30": "4344.02200", "2008-03-31": "4170.38800", "2007-12-31": "4000.61400", "2007-09-30": "3986.87100", "2007-06-30": "3973.24400", "2007-03-31": "3740.31300", "2006-12-31": "3364.97900", "2006-09-30": "3355.17300", "2006-06-30": "3390.20500", "2006-03-31": "3388.68300", "2005-12-31": "3253.75500", "2005-09-30": "3175.06700", "2005-06-30": "3169.49800", "2005-03-31": "3228.92200"}, "Total Current Liabilities": {"2020-12-31": "772.50000", "2020-09-30": "818.90000", "2020-06-30": "750.60000", "2020-03-31": "682.80000", "2019-12-31": "749.00000", "2019-09-30": "694.20000", "2019-06-30": "710.20000", "2019-03-31": "705.30000", "2018-12-31": "818.70000", "2018-09-30": "707.40000", "2018-06-30": "709.40000", "2018-03-31": "1027.50000", "2017-12-31": "1199.40000", "2017-09-30": "1072.60000", "2017-06-30": "1048.40000", "2017-03-31": "1397.60000", "2016-12-31": "1471.20000", "2016-09-30": "1288.10000", "2016-06-30": "1415.90000", "2016-03-31": "1467.60000", "2015-12-31": "1486.50000", "2015-09-30": "1496.20000", "2015-06-30": "1460.00000", "2015-03-31": "1431.10000", "2014-12-31": "1639.50000", "2014-09-30": "1668.70000", "2014-06-30": "1777.10000", "2014-03-31": "1528.10000", "2013-12-31": "1610.20000", "2013-09-30": "1678.40000", "2013-06-30": "1686.80000", "2013-03-31": "1483.00000", "2012-12-31": "1645.10000", "2012-09-30": "2131.94900", "2012-06-30": "661.71600", "2012-03-31": "659.32300", "2011-12-31": "641.84100", "2011-09-30": "717.60200", "2011-06-30": "711.40200", "2011-03-31": "546.36100", "2010-12-31": "546.79600", "2010-09-30": "572.54400", "2010-06-30": "525.72800", "2010-03-31": "477.51800", "2009-12-31": "446.27900", "2009-09-30": "467.06800", "2009-06-30": "462.02700", "2009-03-31": "451.97900", "2008-12-31": "498.50400", "2008-09-30": "533.01700", "2008-06-30": "582.68300", "2008-03-31": "574.67200", "2007-12-31": "560.31700", "2007-09-30": "542.09600", "2007-06-30": "544.92800", "2007-03-31": "505.61800", "2006-12-31": "521.28200", "2006-09-30": "472.66900", "2006-06-30": "502.68600", "2006-03-31": "473.51400", "2005-12-31": "524.67000", "2005-09-30": "517.93800", "2005-06-30": "507.55400", "2005-03-31": "479.14800"}, "Long Term Debt": {"2020-12-31": "839.60000", "2020-09-30": "805.20000", "2020-06-30": "1013.00000", "2020-03-31": "1450.50000", "2019-12-31": "1029.10000", "2019-09-30": "1118.70000", "2019-06-30": "1215.10000", "2019-03-31": "1370.70000", "2018-12-31": "787.60000", "2018-09-30": "798.80000", "2018-06-30": "779.90000", "2018-03-31": "2673.10000", "2017-12-31": "1440.70000", "2017-09-30": "1503.40000", "2017-06-30": "1698.90000", "2017-03-31": "4528.90000", "2016-12-31": "4278.40000", "2016-09-30": "4411.30000", "2016-06-30": "4551.70000", "2016-03-31": "4837.10000", "2015-12-31": "4685.80000", "2015-09-30": "4983.20000", "2015-06-30": "3260.90000", "2015-03-31": "3403.40000", "2014-12-31": "2997.40000", "2014-09-30": "2960.70000", "2014-06-30": "2739.00000", "2014-03-31": "2933.80000", "2013-12-31": "2547.90000", "2013-09-30": "2570.70000", "2013-06-30": "2737.40000", "2013-03-31": "2592.00000", "2012-12-31": "2454.30000", "2012-09-30": "1495.36900", "2012-06-30": "1233.79400", "2012-03-31": "1395.09300", "2011-12-31": "1304.22500", "2011-09-30": "1317.45400", "2011-06-30": "1384.16700", "2011-03-31": "802.32100", "2010-12-31": "702.52100", "2010-09-30": "673.26500", "2010-06-30": "734.47200", "2010-03-31": "862.35100", "2009-12-31": "803.35100", "2009-09-30": "814.85700", "2009-06-30": "883.28100", "2009-03-31": "991.80700", "2008-12-31": "953.46800", "2008-09-30": "1035.15000", "2008-06-30": "1024.16000", "2008-03-31": "1119.10500", "2007-12-31": "1041.92500", "2007-09-30": "1102.70700", "2007-06-30": "1173.18400", "2007-03-31": "1056.11600", "2006-12-31": "721.87300", "2006-09-30": "788.06600", "2006-06-30": "801.89800", "2006-03-31": "888.01500", "2005-12-31": "748.47700", "2005-09-30": "685.35400", "2005-06-30": "727.63100", "2005-03-31": "848.00600"}, "Other Non-Current Liabilities": {"2020-12-31": "269.40000", "2020-09-30": "223.10000", "2020-06-30": "195.60000", "2020-03-31": "190.70000", "2019-12-31": "206.70000", "2019-09-30": "199.20000", "2019-06-30": "229.10000", "2019-03-31": "221.40000", "2018-12-31": "168.20000", "2018-09-30": "207.00000", "2018-06-30": "201.50000", "2018-03-31": "286.80000", "2017-12-31": "750.80000", "2017-09-30": "219.60000", "2017-06-30": "203.40000", "2017-03-31": "655.90000", "2016-12-31": "667.90000", "2016-09-30": "739.40000", "2016-06-30": "512.70000", "2016-03-31": "526.70000", "2015-12-31": "737.60000", "2015-09-30": "526.10000", "2015-06-30": "521.50000", "2015-03-31": "494.40000", "2014-12-31": "504.20000", "2014-09-30": "492.60000", "2014-06-30": "481.90000", "2014-03-31": "450.20000", "2013-12-31": "490.30000", "2013-09-30": "467.40000", "2013-06-30": "427.00000", "2013-03-31": "452.00000", "2012-12-31": "495.10000", "2012-09-30": "867.63200", "2012-06-30": "105.46900", "2012-03-31": "103.24500", "2011-12-31": "123.50900", "2011-09-30": "332.11700", "2011-06-30": "109.49200", "2011-03-31": "109.63300", "2010-12-31": "109.80200", "2010-09-30": "117.53800", "2010-06-30": "117.74700", "2010-03-31": "121.11900", "2009-12-31": "121.99600", "2009-09-30": "130.71600", "2009-06-30": "122.92200", "2009-03-31": "125.33600", "2008-12-31": "129.75100", "2008-09-30": "122.29700", "2008-06-30": "119.98600", "2008-03-31": "129.30900", "2007-12-31": "118.39100", "2007-09-30": "108.11200", "2007-06-30": "102.65400", "2007-03-31": "100.32400", "2006-12-31": "86.52600", "2006-09-30": "84.78300", "2006-06-30": "79.83800", "2006-03-31": "76.45200", "2005-12-31": "70.45500", "2005-09-30": "69.36900", "2005-06-30": "67.57600", "2005-03-31": "72.43100"}, "Total Long Term Liabilities": {"2020-12-31": "1318.40000", "2020-09-30": "1234.80000", "2020-06-30": "1415.80000", "2020-03-31": "1851.40000", "2019-12-31": "1436.60000", "2019-09-30": "1517.40000", "2019-06-30": "1653.20000", "2019-03-31": "1806.50000", "2018-12-31": "1151.70000", "2018-09-30": "1221.90000", "2018-06-30": "1207.70000", "2018-03-31": "3620.90000", "2017-12-31": "2396.50000", "2017-09-30": "2547.60000", "2017-06-30": "2717.20000", "2017-03-31": "6045.60000", "2016-12-31": "5809.20000", "2016-09-30": "6035.60000", "2016-06-30": "6161.60100", "2016-03-31": "6478.40000", "2015-12-31": "6338.20000", "2015-09-30": "6638.80000", "2015-06-30": "4552.60000", "2015-03-31": "4715.00000", "2014-12-31": "4351.90000", "2014-09-30": "4290.80000", "2014-06-30": "4120.90000", "2014-03-31": "4302.10000", "2013-12-31": "3915.40000", "2013-09-30": "3924.10000", "2013-06-30": "4036.90000", "2013-03-31": "3895.00000", "2012-12-31": "3750.10000", "2012-09-30": "2874.14500", "2012-06-30": "1806.68100", "2012-03-31": "1975.27600", "2011-12-31": "1897.08000", "2011-09-30": "1866.72500", "2011-06-30": "1974.05600", "2011-03-31": "1333.88200", "2010-12-31": "1221.70500", "2010-09-30": "1186.54400", "2010-06-30": "1235.15700", "2010-03-31": "1391.61000", "2009-12-31": "1338.71500", "2009-09-30": "1396.04800", "2009-06-30": "1459.80500", "2009-03-31": "1567.45000", "2008-12-31": "1534.64000", "2008-09-30": "1541.88600", "2008-06-30": "1541.14400", "2008-03-31": "1621.49600", "2007-12-31": "1529.42600", "2007-09-30": "1616.61800", "2007-06-30": "1654.02200", "2007-03-31": "1528.83800", "2006-12-31": "1173.69800", "2006-09-30": "1241.70300", "2006-06-30": "1245.35700", "2006-03-31": "1320.47700", "2005-12-31": "1173.47500", "2005-09-30": "1108.31400", "2005-06-30": "1149.75400", "2005-03-31": "1277.13400"}, "Total Liabilities": {"2020-12-31": "2090.90000", "2020-09-30": "2053.70000", "2020-06-30": "2166.40000", "2020-03-31": "2534.20000", "2019-12-31": "2185.60000", "2019-09-30": "2211.60000", "2019-06-30": "2363.40000", "2019-03-31": "2511.80000", "2018-12-31": "1970.40000", "2018-09-30": "1929.30000", "2018-06-30": "1917.10000", "2018-03-31": "4648.40000", "2017-12-31": "3595.90000", "2017-09-30": "3620.20000", "2017-06-30": "3765.60000", "2017-03-31": "7443.20000", "2016-12-31": "7280.40000", "2016-09-30": "7323.70000", "2016-06-30": "7577.50000", "2016-03-31": "7946.00000", "2015-12-31": "7824.70000", "2015-09-30": "8135.00000", "2015-06-30": "6012.60000", "2015-03-31": "6146.10000", "2014-12-31": "5991.40000", "2014-09-30": "5959.50000", "2014-06-30": "5898.00000", "2014-03-31": "5830.20000", "2013-12-31": "5525.60000", "2013-09-30": "5602.50000", "2013-06-30": "5723.70000", "2013-03-31": "5378.00000", "2012-12-31": "5395.20000", "2012-09-30": "5006.09400", "2012-06-30": "2468.39700", "2012-03-31": "2634.59900", "2011-12-31": "2538.92100", "2011-09-30": "2584.32700", "2011-06-30": "2685.45800", "2011-03-31": "1880.24300", "2010-12-31": "1768.50100", "2010-09-30": "1759.08800", "2010-06-30": "1760.88500", "2010-03-31": "1869.12800", "2009-12-31": "1784.99400", "2009-09-30": "1863.11600", "2009-06-30": "1921.83200", "2009-03-31": "2019.42900", "2008-12-31": "2033.14400", "2008-09-30": "2074.90300", "2008-06-30": "2123.82700", "2008-03-31": "2196.16800", "2007-12-31": "2089.74300", "2007-09-30": "2158.71400", "2007-06-30": "2198.95000", "2007-03-31": "2034.45600", "2006-12-31": "1694.98000", "2006-09-30": "1714.37200", "2006-06-30": "1748.04300", "2006-03-31": "1793.99100", "2005-12-31": "1698.14500", "2005-09-30": "1626.25200", "2005-06-30": "1657.30800", "2005-03-31": "1756.28200"}, "Common Stock Net": {"2020-12-31": "", "2020-09-30": "1.70000", "2020-06-30": "1.70000", "2020-03-31": "1.70000", "2019-12-31": "1.70000", "2019-09-30": "1.70000", "2019-06-30": "1.70000", "2019-03-31": "1.70000", "2018-12-31": "1.70000", "2018-09-30": "1.80000", "2018-06-30": "1.80000", "2018-03-31": "1.80000", "2017-12-31": "1.80000", "2017-09-30": "1.80000", "2017-06-30": "1.80000", "2017-03-31": "1.90000", "2016-12-31": "1.80000", "2016-09-30": "1.80000", "2016-06-30": "1.80000", "2016-03-31": "1.80000", "2015-12-31": "1.80000", "2015-09-30": "1.80000", "2015-06-30": "2.00000", "2015-03-31": "2.00000", "2014-12-31": "2.00000", "2014-09-30": "2.10000", "2014-06-30": "2.10000", "2014-03-31": "113.50000", "2013-12-31": "113.50000", "2013-09-30": "113.50000", "2013-06-30": "113.50000", "2013-03-31": "113.00000", "2012-12-31": "113.50000", "2012-09-30": "113.45400", "2012-06-30": "16.53400", "2012-03-31": "16.50700", "2011-12-31": "47.52600", "2011-09-30": "47.49600", "2011-06-30": "16.46000", "2011-03-31": "16.40300", "2010-12-31": "16.40100", "2010-09-30": "16.49300", "2010-06-30": "16.44900", "2010-03-31": "16.44100", "2009-12-31": "16.44200", "2009-09-30": "16.38900", "2009-06-30": "16.38600", "2009-03-31": "16.38000", "2008-12-31": "16.37900", "2008-09-30": "16.43800", "2008-06-30": "16.48300", "2008-03-31": "16.51500", "2007-12-31": "16.53700", "2007-09-30": "16.57800", "2007-06-30": "16.66200", "2007-03-31": "16.62900", "2006-12-31": "16.62900", "2006-09-30": "16.67500", "2006-06-30": "16.85400", "2006-03-31": "16.94000", "2005-12-31": "16.86700", "2005-09-30": "16.98100", "2005-06-30": "16.97400", "2005-03-31": "16.93400"}, "Retained Earnings (Accumulated Deficit)": {"2020-12-31": "", "2020-09-30": "561.60000", "2020-06-30": "482.50000", "2020-03-31": "442.10000", "2019-12-31": "401.00000", "2019-09-30": "335.30000", "2019-06-30": "273.40000", "2019-03-31": "189.50000", "2018-12-31": "169.20000", "2018-09-30": "107.50000", "2018-06-30": "27.90000", "2018-03-31": "2308.00000", "2017-12-31": "2481.70000", "2017-09-30": "2355.30000", "2017-06-30": "2292.70000", "2017-03-31": "2091.90000", "2016-12-31": "2068.10000", "2016-09-30": "2060.90000", "2016-06-30": "1920.20000", "2016-03-31": "1839.30000", "2015-12-31": "1791.70000", "2015-09-30": "2305.20000", "2015-06-30": "2247.60000", "2015-03-31": "2157.90000", "2014-12-31": "2044.00000", "2014-09-30": "1923.20000", "2014-06-30": "2109.20000", "2014-03-31": "1947.70000", "2013-12-31": "1829.10000", "2013-09-30": "1671.10000", "2013-06-30": "1498.30000", "2013-03-31": "1344.00000", "2012-12-31": "1292.30000", "2012-09-30": "1676.19900", "2012-06-30": "1667.79400", "2012-03-31": "1617.99900", "2011-12-31": "1465.78000", "2011-09-30": "1733.28100", "2011-06-30": "1702.11900", "2011-03-31": "1655.30200", "2010-12-31": "1624.60500", "2010-09-30": "1597.11000", "2010-06-30": "1560.94400", "2010-03-31": "1518.72600", "2009-12-31": "1502.24200", "2009-09-30": "1490.65500", "2009-06-30": "1471.43600", "2009-03-31": "1457.23100", "2008-12-31": "1457.67600", "2008-09-30": "1469.83000", "2008-06-30": "1445.50400", "2008-03-31": "1323.60700", "2007-12-31": "1296.22600", "2007-09-30": "1262.60400", "2007-06-30": "1219.55500", "2007-03-31": "1172.45900", "2006-12-31": "1148.12600", "2006-09-30": "1123.45600", "2006-06-30": "1102.77300", "2006-03-31": "1048.37400", "2005-12-31": "1020.97800", "2005-09-30": "995.26800", "2005-06-30": "963.97500", "2005-03-31": "915.81600"}, "Comprehensive Income": {"2020-12-31": "", "2020-09-30": "-212.30000", "2020-06-30": "-214.80000", "2020-03-31": "-225.20000", "2019-12-31": "-226.50000", "2019-09-30": "-234.10000", "2019-06-30": "-230.20000", "2019-03-31": "-225.90000", "2018-12-31": "-228.60000", "2018-09-30": "-221.00000", "2018-06-30": "-217.90000", "2018-03-31": "-244.80000", "2017-12-31": "-243.40000", "2017-09-30": "-235.80000", "2017-06-30": "-267.30000", "2017-03-31": "-659.00000", "2016-12-31": "-736.30000", "2016-09-30": "-616.50000", "2016-06-30": "-646.60000", "2016-03-31": "-631.70000", "2015-12-31": "-645.00000", "2015-09-30": "-620.30000", "2015-06-30": "-533.80000", "2015-03-31": "-554.60000", "2014-12-31": "-380.30000", "2014-09-30": "-232.70000", "2014-06-30": "-54.70000", "2014-03-31": "-71.30000", "2013-12-31": "-43.60000", "2013-09-30": "-41.70000", "2013-06-30": "-129.00000", "2013-03-31": "-87.00000", "2012-12-31": "-11.60000", "2012-09-30": "-160.13400", "2012-06-30": "-192.09700", "2012-03-31": "-110.06000", "2011-12-31": "-37.73100", "2011-09-30": "-48.03900", "2011-06-30": "41.90200", "2011-03-31": "18.52500", "2010-12-31": "-22.34200", "2010-09-30": "-4.95500", "2010-06-30": "-77.01300", "2010-03-31": "-11.80100", "2009-12-31": "20.59700", "2009-09-30": "31.70000", "2009-06-30": "-3.89200", "2009-03-31": "-44.83500", "2008-12-31": "-26.61500", "2008-09-30": "113.58100", "2008-06-30": "170.10700", "2008-03-31": "165.16800", "2007-12-31": "121.86600", "2007-09-30": "70.57900", "2007-06-30": "44.96300", "2007-03-31": "32.39300", "2006-12-31": "16.70400", "2006-09-30": "13.68400", "2006-06-30": "10.17900", "2006-03-31": "4.47400", "2005-12-31": "-0.98600", "2005-09-30": "9.03700", "2005-06-30": "10.27300", "2005-03-31": "22.54600"}, "Other Share Holders Equity": {"2020-12-31": "", "2020-09-30": "", "2020-06-30": "", "2020-03-31": "", "2019-12-31": "", "2019-09-30": "", "2019-06-30": "", "2019-03-31": "", "2018-12-31": "", "2018-09-30": "", "2018-06-30": "", "2018-03-31": "", "2017-12-31": "", "2017-09-30": "", "2017-06-30": "", "2017-03-31": "", "2016-12-31": "", "2016-09-30": "", "2016-06-30": "", "2016-03-31": "", "2015-12-31": "", "2015-09-30": "", "2015-06-30": "", "2015-03-31": "", "2014-12-31": "", "2014-09-30": "", "2014-06-30": "", "2014-03-31": "", "2013-12-31": "", "2013-09-30": "", "2013-06-30": "", "2013-03-31": "", "2012-12-31": "5292.40000", "2012-09-30": "", "2012-06-30": "", "2012-03-31": "", "2011-12-31": "", "2011-09-30": "", "2011-06-30": "", "2011-03-31": "", "2010-12-31": "", "2010-09-30": "", "2010-06-30": "", "2010-03-31": "", "2009-12-31": "", "2009-09-30": "", "2009-06-30": "", "2009-03-31": "", "2008-12-31": "", "2008-09-30": "", "2008-06-30": "", "2008-03-31": "", "2007-12-31": "", "2007-09-30": "", "2007-06-30": "", "2007-03-31": "", "2006-12-31": "", "2006-09-30": "", "2006-06-30": "", "2006-03-31": "", "2005-12-31": "", "2005-09-30": "", "2005-06-30": "", "2005-03-31": ""}, "Share Holder Equity": {"2020-12-31": "2106.30000", "2020-09-30": "2049.80000", "2020-06-30": "1949.70000", "2020-03-31": "1892.50000", "2019-12-31": "1953.90000", "2019-09-30": "1868.80000", "2019-06-30": "1806.60000", "2019-03-31": "1870.40000", "2018-12-31": "1836.10000", "2018-09-30": "1880.20000", "2018-06-30": "1888.90000", "2018-03-31": "4719.70000", "2017-12-31": "5037.80000", "2017-09-30": "5008.60000", "2017-06-30": "4903.50000", "2017-03-31": "4374.80000", "2016-12-31": "4254.40000", "2016-09-30": "4355.30000", "2016-06-30": "4166.30000", "2016-03-31": "4084.20000", "2015-12-31": "4008.80000", "2015-09-30": "4535.90000", "2015-06-30": "4552.10000", "2015-03-31": "4423.30000", "2014-12-31": "4663.80000", "2014-09-30": "4967.40000", "2014-06-30": "5718.80000", "2014-03-31": "5936.30000", "2013-12-31": "6217.70000", "2013-09-30": "6201.70000", "2013-06-30": "5942.90000", "2013-03-31": "6343.00000", "2012-12-31": "6487.50000", "2012-09-30": "6966.24100", "2012-06-30": "2117.87200", "2012-03-31": "2143.60700", "2011-12-31": "2047.39200", "2011-09-30": "2298.11600", "2011-06-30": "2366.85400", "2011-03-31": "2282.44400", "2010-12-31": "2205.03200", "2010-09-30": "2213.67000", "2010-06-30": "2091.81500", "2010-03-31": "2112.05600", "2009-12-31": "2126.34000", "2009-09-30": "2119.13600", "2009-06-30": "2055.41300", "2009-03-31": "2005.40000", "2008-12-31": "2020.06900", "2008-09-30": "2176.22200", "2008-06-30": "2220.19500", "2008-03-31": "1974.22000", "2007-12-31": "1910.87100", "2007-09-30": "1828.15700", "2007-06-30": "1774.29400", "2007-03-31": "1705.85700", "2006-12-31": "1669.99900", "2006-09-30": "1640.80100", "2006-06-30": "1642.16200", "2006-03-31": "1594.69200", "2005-12-31": "1555.61000", "2005-09-30": "1548.81500", "2005-06-30": "1512.19000", "2005-03-31": "1472.64000"}, "Total Liabilities And Share Holders Equity": {"2020-12-31": "4197.20000", "2020-09-30": "4103.50000", "2020-06-30": "4116.10000", "2020-03-31": "4426.70000", "2019-12-31": "4139.50000", "2019-09-30": "4080.40000", "2019-06-30": "4170.00000", "2019-03-31": "4382.20000", "2018-12-31": "3806.50000", "2018-09-30": "3809.50000", "2018-06-30": "3806.00000", "2018-03-31": "9368.10000", "2017-12-31": "8633.70000", "2017-09-30": "8628.80000", "2017-06-30": "8669.10000", "2017-03-31": "11818.00000", "2016-12-31": "11534.80000", "2016-09-30": "11679.00000", "2016-06-30": "11743.80000", "2016-03-31": "12030.20000", "2015-12-31": "11833.50000", "2015-09-30": "12670.90000", "2015-06-30": "10564.70000", "2015-03-31": "10569.40000", "2014-12-31": "10655.20000", "2014-09-30": "10926.90000", "2014-06-30": "11616.80000", "2014-03-31": "11766.50000", "2013-12-31": "11743.30000", "2013-09-30": "11804.20000", "2013-06-30": "11666.60000", "2013-03-31": "11721.00000", "2012-12-31": "11882.70000", "2012-09-30": "11972.33000", "2012-06-30": "4586.26900", "2012-03-31": "4778.20600", "2011-12-31": "4586.31300", "2011-09-30": "4882.44300", "2011-06-30": "5052.31200", "2011-03-31": "4162.68700", "2010-12-31": "3973.53300", "2010-09-30": "3972.75800", "2010-06-30": "3852.70000", "2010-03-31": "3981.18400", "2009-12-31": "3911.33400", "2009-09-30": "3982.25200", "2009-06-30": "3977.24500", "2009-03-31": "4024.82900", "2008-12-31": "4053.21300", "2008-09-30": "4251.12500", "2008-06-30": "4344.02200", "2008-03-31": "4170.38800", "2007-12-31": "4000.61400", "2007-09-30": "3986.87100", "2007-06-30": "3973.24400", "2007-03-31": "3740.31300", "2006-12-31": "3364.97900", "2006-09-30": "3355.17300", "2006-06-30": "3390.20500", "2006-03-31": "3388.68300", "2005-12-31": "3253.75500", "2005-09-30": "3175.06700", "2005-06-30": "3169.49800", "2005-03-31": "3228.92200"}}, "cash flow statement": {"Net Income/Loss": {"2020-12-31": "358.60000", "2019-12-31": "355.70000", "2018-12-31": "347.40000", "2017-12-31": "666.50000", "2016-12-31": "522.20000", "2015-12-31": "-76.40000", "2014-12-31": "214.90000", "2013-12-31": "542.60000", "2012-12-31": "-104.60000", "2011-12-31": "-3.20000", "2010-12-31": "189.40600", "2009-12-31": "116.20000", "2008-12-31": "231.16700", "2007-12-31": "210.92700", "2006-12-31": "183.73100", "2005-12-31": "185.04900"}, "Total Depreciation And Amortization - Cash Flow": {"2020-12-31": "75.10000", "2019-12-31": "80.00000", "2018-12-31": "84.60000", "2017-12-31": "87.20000", "2016-12-31": "88.40000", "2015-12-31": "160.10000", "2014-12-31": "140.30000", "2013-12-31": "275.40000", "2012-12-31": "160.10000", "2011-12-31": "108.10000", "2010-12-31": "84.17900", "2009-12-31": "105.48000", "2008-12-31": "87.28100", "2007-12-31": "83.16400", "2006-12-31": "73.85900", "2005-12-31": "72.56000"}, "Other Non-Cash Items": {"2020-12-31": "25.30000", "2019-12-31": "13.30000", "2018-12-31": "4.40000", "2017-12-31": "-52.70000", "2016-12-31": "191.20000", "2015-12-31": "622.60000", "2014-12-31": "514.30000", "2013-12-31": "29.00000", "2012-12-31": "-135.60000", "2011-12-31": "254.10000", "2010-12-31": "28.32500", "2009-12-31": "-14.99200", "2008-12-31": "-26.85500", "2007-12-31": "8.47800", "2006-12-31": "38.66600", "2005-12-31": "32.39000"}, "Total Non-Cash Items": {"2020-12-31": "100.40000", "2019-12-31": "93.30000", "2018-12-31": "89.00000", "2017-12-31": "34.50000", "2016-12-31": "279.60000", "2015-12-31": "782.70000", "2014-12-31": "654.60000", "2013-12-31": "304.40000", "2012-12-31": "24.50000", "2011-12-31": "362.20000", "2010-12-31": "112.50400", "2009-12-31": "90.48800", "2008-12-31": "60.42600", "2007-12-31": "91.64200", "2006-12-31": "112.52500", "2005-12-31": "104.95000"}, "Change In Accounts Receivable": {"2020-12-31": "148.30000", "2019-12-31": "-17.50000", "2018-12-31": "-15.30000", "2017-12-31": "-13.40000", "2016-12-31": "16.60000", "2015-12-31": "-6.20000", "2014-12-31": "15.30000", "2013-12-31": "-106.30000", "2012-12-31": "31.20000", "2011-12-31": "1.30000", "2010-12-31": "-62.34400", "2009-12-31": "11.30700", "2008-12-31": "-18.24700", "2007-12-31": "-19.06800", "2006-12-31": "15.47000", "2005-12-31": "-20.94600"}, "Change In Inventories": {"2020-12-31": "-29.10000", "2019-12-31": "13.60000", "2018-12-31": "-40.10000", "2017-12-31": "-20.50000", "2016-12-31": "33.90000", "2015-12-31": "54.70000", "2014-12-31": "30.80000", "2013-12-31": "58.10000", "2012-12-31": "108.30000", "2011-12-31": "18.30000", "2010-12-31": "-44.49500", "2009-12-31": "66.68400", "2008-12-31": "-33.31100", "2007-12-31": "14.71400", "2006-12-31": "-45.76900", "2005-12-31": "-19.20100"}, "Change In Accounts Payable": {"2020-12-31": "-81.90000", "2019-12-31": "-63.60000", "2018-12-31": "58.30000", "2017-12-31": "15.60000", "2016-12-31": "22.80000", "2015-12-31": "10.60000", "2014-12-31": "5.30000", "2013-12-31": "41.10000", "2012-12-31": "-53.80000", "2011-12-31": "-24.30000", "2010-12-31": "55.32100", "2009-12-31": "-13.82200", "2008-12-31": "-1.97300", "2007-12-31": "19.48200", "2006-12-31": "-18.40900", "2005-12-31": "6.62900"}, "Change In Assets/Liabilities": {"2020-12-31": "34.80000", "2019-12-31": "-9.40000", "2018-12-31": "0.40000", "2017-12-31": "-61.10000", "2016-12-31": "-13.70000", "2015-12-31": "-26.10000", "2014-12-31": "87.50000", "2013-12-31": "88.00000", "2012-12-31": "38.10000", "2011-12-31": "-13.60000", "2010-12-31": "-7.26800", "2009-12-31": "-7.02000", "2008-12-31": "-0.23300", "2007-12-31": "11.97400", "2006-12-31": "-14.95200", "2005-12-31": "3.51300"}, "Total Change In Assets/Liabilities": {"2020-12-31": "114.60000", "2019-12-31": "-96.00000", "2018-12-31": "2.70000", "2017-12-31": "-80.80000", "2016-12-31": "59.60000", "2015-12-31": "33.00000", "2014-12-31": "138.90000", "2013-12-31": "80.90000", "2012-12-31": "123.80000", "2011-12-31": "-38.80000", "2010-12-31": "-31.53400", "2009-12-31": "51.68100", "2008-12-31": "-87.37800", "2007-12-31": "38.70900", "2006-12-31": "-64.79900", "2005-12-31": "-42.14100"}, "Cash Flow From Operating Activities": {"2020-12-31": "573.60000", "2019-12-31": "353.00000", "2018-12-31": "439.10000", "2017-12-31": "620.20000", "2016-12-31": "861.40000", "2015-12-31": "739.30000", "2014-12-31": "1008.40000", "2013-12-31": "927.90000", "2012-12-31": "43.70000", "2011-12-31": "320.20000", "2010-12-31": "270.37600", "2009-12-31": "258.36900", "2008-12-31": "204.21500", "2007-12-31": "341.27800", "2006-12-31": "231.45700", "2005-12-31": "247.85800"}, "Net Change In Property, Plant, And Equipment": {"2020-12-31": "-62.10000", "2019-12-31": "-57.90000", "2018-12-31": "-48.00000", "2017-12-31": "-35.40000", "2016-12-31": "-24.50000", "2015-12-31": "-86.70000", "2014-12-31": "-81.80000", "2013-12-31": "-164.00000", "2012-12-31": "-89.00000", "2011-12-31": "-72.00000", "2010-12-31": "-59.16500", "2009-12-31": "-52.92900", "2008-12-31": "-48.34800", "2007-12-31": "-56.31800", "2006-12-31": "-79.52600", "2005-12-31": "-45.36000"}, "Net Change In Intangible Assets": {"2020-12-31": "", "2019-12-31": "", "2018-12-31": "", "2017-12-31": "", "2016-12-31": "", "2015-12-31": "", "2014-12-31": "", "2013-12-31": "", "2012-12-31": "", "2011-12-31": "", "2010-12-31": "", "2009-12-31": "", "2008-12-31": "", "2007-12-31": "", "2006-12-31": "", "2005-12-31": ""}, "Net Acquisitions/Divestitures": {"2020-12-31": "-58.00000", "2019-12-31": "-272.50000", "2018-12-31": "-13.70000", "2017-12-31": "2713.50000", "2016-12-31": "-30.10000", "2015-12-31": "-1916.90000", "2014-12-31": "-12.30000", "2013-12-31": "-48.90000", "2012-12-31": "470.50000", "2011-12-31": "-733.10000", "2010-12-31": "", "2009-12-31": "1.56700", "2008-12-31": "35.88000", "2007-12-31": "-487.56100", "2006-12-31": "-24.00700", "2005-12-31": "-160.68900"}, "Net Change In Short-term Investments": {"2020-12-31": "", "2019-12-31": "", "2018-12-31": "", "2017-12-31": "", "2016-12-31": "", "2015-12-31": "", "2014-12-31": "", "2013-12-31": "", "2012-12-31": "", "2011-12-31": "", "2010-12-31": "", "2009-12-31": "", "2008-12-31": "", "2007-12-31": "", "2006-12-31": "", "2005-12-31": ""}, "Net Change In Long-Term Investments": {"2020-12-31": "", "2019-12-31": "", "2018-12-31": "", "2017-12-31": "", "2016-12-31": "", "2015-12-31": "", "2014-12-31": "", "2013-12-31": "", "2012-12-31": "", "2011-12-31": "", "2010-12-31": "", "2009-12-31": "", "2008-12-31": "", "2007-12-31": "", "2006-12-31": "", "2005-12-31": "23.83500"}, "Net Change In Investments - Total": {"2020-12-31": "", "2019-12-31": "", "2018-12-31": "", "2017-12-31": "", "2016-12-31": "", "2015-12-31": "", "2014-12-31": "", "2013-12-31": "", "2012-12-31": "", "2011-12-31": "", "2010-12-31": "", "2009-12-31": "", "2008-12-31": "", "2007-12-31": "", "2006-12-31": "", "2005-12-31": "23.83500"}, "Investing Activities - Other": {"2020-12-31": "2.20000", "2019-12-31": "-1.50000", "2018-12-31": "-7.10000", "2017-12-31": "-47.70000", "2016-12-31": "-67.20000", "2015-12-31": "38.10000", "2014-12-31": "-34.20000", "2013-12-31": "1.70000", "2012-12-31": "-5.90000", "2011-12-31": "-3.00000", "2010-12-31": "-1.14800", "2009-12-31": "-3.22400", "2008-12-31": "-0.01200", "2007-12-31": "-5.54400", "2006-12-31": "-6.37000", "2005-12-31": "-2.07100"}, "Cash Flow From Investing Activities": {"2020-12-31": "-117.90000", "2019-12-31": "-331.90000", "2018-12-31": "-68.80000", "2017-12-31": "2630.40000", "2016-12-31": "-121.80000", "2015-12-31": "-1965.50000", "2014-12-31": "-128.30000", "2013-12-31": "-211.20000", "2012-12-31": "375.60000", "2011-12-31": "-808.10000", "2010-12-31": "-60.31300", "2009-12-31": "-54.58600", "2008-12-31": "-12.48000", "2007-12-31": "-549.42300", "2006-12-31": "-109.90300", "2005-12-31": "-184.28500"}, "Net Long-Term Debt": {"2020-12-31": "-191.50000", "2019-12-31": "250.00000", "2018-12-31": "-635.40000", "2017-12-31": "-2922.40000", "2016-12-31": "-386.00000", "2015-12-31": "1721.70000", "2014-12-31": "454.00000", "2013-12-31": "97.50000", "2012-12-31": "230.90000", "2011-12-31": "589.50000", "2010-12-31": "-101.07200", "2009-12-31": "-150.30400", "2008-12-31": "-90.01600", "2007-12-31": "315.35100", "2006-12-31": "-22.78000", "2005-12-31": "17.30100"}, "Net Current Debt": {"2020-12-31": "", "2019-12-31": "", "2018-12-31": "", "2017-12-31": "", "2016-12-31": "", "2015-12-31": "-2.30000", "2014-12-31": "0.50000", "2013-12-31": "", "2012-12-31": "-3.70000", "2011-12-31": "-1.20000", "2010-12-31": "2.72800", "2009-12-31": "2.20500", "2008-12-31": "-16.99400", "2007-12-31": "-1.83000", "2006-12-31": "13.83100", "2005-12-31": ""}, "Debt Issuance/Retirement Net - Total": {"2020-12-31": "-191.50000", "2019-12-31": "250.00000", "2018-12-31": "-635.40000", "2017-12-31": "-2922.40000", "2016-12-31": "-386.00000", "2015-12-31": "1719.40000", "2014-12-31": "454.50000", "2013-12-31": "97.50000", "2012-12-31": "227.20000", "2011-12-31": "588.30000", "2010-12-31": "-98.34400", "2009-12-31": "-148.09900", "2008-12-31": "-107.01000", "2007-12-31": "313.52100", "2006-12-31": "-8.94900", "2005-12-31": "17.30100"}, "Net Common Equity Issued/Repurchased": {"2020-12-31": "-117.30000", "2019-12-31": "-137.50000", "2018-12-31": "-486.70000", "2017-12-31": "-162.80000", "2016-12-31": "20.70000", "2015-12-31": "-180.60000", "2014-12-31": "-1113.00000", "2013-12-31": "-635.80000", "2012-12-31": "-266.00000", "2011-12-31": "0.50000", "2010-12-31": "-14.77100", "2009-12-31": "8.24700", "2008-12-31": "-44.41000", "2007-12-31": "-33.25300", "2006-12-31": "-55.29300", "2005-12-31": "-16.62000"}, "Net Total Equity Issued/Repurchased": {"2020-12-31": "-117.30000", "2019-12-31": "-137.50000", "2018-12-31": "-486.70000", "2017-12-31": "-162.80000", "2016-12-31": "20.70000", "2015-12-31": "-180.60000", "2014-12-31": "-1113.00000", "2013-12-31": "-635.80000", "2012-12-31": "-266.00000", "2011-12-31": "0.50000", "2010-12-31": "-14.77100", "2009-12-31": "8.24700", "2008-12-31": "-44.41000", "2007-12-31": "-33.25300", "2006-12-31": "-55.29300", "2005-12-31": "-16.62000"}, "Total Common And Preferred Stock Dividends Paid": {"2020-12-31": "-127.10000", "2019-12-31": "-122.70000", "2018-12-31": "-187.20000", "2017-12-31": "-251.70000", "2016-12-31": "-243.60000", "2015-12-31": "-231.70000", "2014-12-31": "-211.40000", "2013-12-31": "-194.20000", "2012-12-31": "-112.40000", "2011-12-31": "-79.50000", "2010-12-31": "-80.11200", "2009-12-31": "-70.92700", "2008-12-31": "-67.28400", "2007-12-31": "-59.91000", "2006-12-31": "-56.58300", "2005-12-31": "-53.13400"}, "Financial Activities - Other": {"2020-12-31": "", "2019-12-31": "-6.90000", "2018-12-31": "901.40000", "2017-12-31": "-95.70000", "2016-12-31": "8.80000", "2015-12-31": "-20.80000", "2014-12-31": "-125.20000", "2013-12-31": "13.40000", "2012-12-31": "-81.10000", "2011-12-31": "-5.70000", "2010-12-31": "2.63600", "2009-12-31": "1.69600", "2008-12-31": "1.50300", "2007-12-31": "2.32800", "2006-12-31": "3.04300", "2005-12-31": "8.67600"}, "Cash Flow From Financial Activities": {"2020-12-31": "-435.90000", "2019-12-31": "-17.10000", "2018-12-31": "-407.90000", "2017-12-31": "-3432.60000", "2016-12-31": "-600.10000", "2015-12-31": "1286.30000", "2014-12-31": "-995.10000", "2013-12-31": "-719.10000", "2012-12-31": "-232.30000", "2011-12-31": "503.60000", "2010-12-31": "-190.59100", "2009-12-31": "-209.08300", "2008-12-31": "-217.20100", "2007-12-31": "222.68600", "2006-12-31": "-117.78200", "2005-12-31": "-43.77700"}, "Net Cash Flow": {"2020-12-31": "-0.40000", "2019-12-31": "8.20000", "2018-12-31": "-12.00000", "2017-12-31": "-130.60000", "2016-12-31": "113.30000", "2015-12-31": "15.90000", "2014-12-31": "-145.60000", "2013-12-31": "18.60000", "2012-12-31": "187.30000", "2011-12-31": "4.00000", "2010-12-31": "12.66000", "2009-12-31": "-5.94800", "2008-12-31": "-31.45100", "2007-12-31": "15.97500", "2006-12-31": "6.32000", "2005-12-31": "17.00500"}, "Stock-Based Compensation": {"2020-12-31": "20.30000", "2019-12-31": "21.40000", "2018-12-31": "20.90000", "2017-12-31": "39.60000", "2016-12-31": "60.90000", "2015-12-31": "17.40000", "2014-12-31": "31.90000", "2013-12-31": "97.40000", "2012-12-31": "-56.10000", "2011-12-31": "19.50000", "2010-12-31": "21.46800", "2009-12-31": "-5.10700", "2008-12-31": "20.57200", "2007-12-31": "22.91300", "2006-12-31": "25.37700", "2005-12-31": "24.18600"}, "Common Stock Dividends Paid": {"2020-12-31": "-127.10000", "2019-12-31": "-122.70000", "2018-12-31": "-187.20000", "2017-12-31": "-251.70000", "2016-12-31": "-243.60000", "2015-12-31": "-231.70000", "2014-12-31": "-211.40000", "2013-12-31": "-194.20000", "2012-12-31": "-112.40000", "2011-12-31": "-79.50000", "2010-12-31": "-80.11200", "2009-12-31": "-70.92700", "2008-12-31": "-67.28400", "2007-12-31": "-59.91000", "2006-12-31": "-56.58300", "2005-12-31": "-53.13400"}}, "cash flow statement, quarterly": {"Net Income/Loss": {"2020-12-31": 103, "2020-09-30": 110.8, "2020-06-30": 72.1, "2020-03-31": "72.70000", "2019-12-31": 97.8, "2019-09-30": 92.3, "2019-06-30": 114.3, "2019-03-31": "51.30000", "2018-12-31": 92.9, "2018-09-30": 110.1, "2018-06-30": 41.5, "2018-03-31": "102.90000", "2017-12-31": 189.6, "2017-09-30": 125.4, "2017-06-30": 263.7, "2017-03-31": "87.80000", "2016-12-31": 131, "2016-09-30": 141, "2016-06-30": 142.8, "2016-03-31": "107.40000", "2015-12-31": -453.3, "2015-09-30": 115.2, "2015-06-30": 147.8, "2015-03-31": "113.90000", "2014-12-31": 120.8, "2014-09-30": -186, "2014-06-30": 161.5, "2014-03-31": "118.60000", "2013-12-31": 159.7, "2013-09-30": 174.2, "2013-06-30": 155.4, "2013-03-31": "53.30000", "2012-12-31": -274.7, "2012-09-30": 32.6, "2012-06-30": 74.5, "2012-03-31": "63.00000", "2011-12-31": -175.425, "2011-09-30": 52.054, "2011-06-30": 68.137, "2011-03-31": "52.03400", "2010-12-31": 34.37, "2010-09-30": 56.278, "2010-06-30": 62.205, "2010-03-31": "36.55300", "2009-12-31": 27.528, "2009-09-30": 38.592, "2009-06-30": 32.349, "2009-03-31": "17.73100", "2008-12-31": 4.922, "2008-09-30": 43.22, "2008-06-30": 138.735, "2008-03-31": "44.29000", "2007-12-31": 48.545, "2007-09-30": 58.044, "2007-06-30": 62.065, "2007-03-31": "42.27300", "2006-12-31": 38.637, "2006-09-30": 34.841, "2006-06-30": 68.633, "2006-03-31": "41.62000", "2005-12-31": 38.956, "2005-09-30": 44.533, "2005-06-30": 61.379, "2005-03-31": "40.18100"}, "Total Depreciation And Amortization - Cash Flow": {"2020-12-31": 19.2, "2020-09-30": 18.5, "2020-06-30": 18.2, "2020-03-31": "19.20000", "2019-12-31": 19.5, "2019-09-30": 19.6, "2019-06-30": 20.7, "2019-03-31": "20.20000", "2018-12-31": 20.7, "2018-09-30": 20.6, "2018-06-30": 21.4, "2018-03-31": "21.90000", "2017-12-31": 21.6, "2017-09-30": 22.3, "2017-06-30": -2.1, "2017-03-31": "45.40000", "2016-12-31": -48.5, "2016-09-30": 44.9, "2016-06-30": 46.9, "2016-03-31": "45.10000", "2015-12-31": 45.7, "2015-09-30": -8, "2015-06-30": 62.4, "2015-03-31": "60.00000", "2014-12-31": -49.5, "2014-09-30": 63, "2014-06-30": 63.5, "2014-03-31": "63.30000", "2013-12-31": 59.8, "2013-09-30": 61.2, "2013-06-30": 74.5, "2013-03-31": "79.90000", "2012-12-31": 82.1, "2012-09-30": 25.6, "2012-06-30": 26.4, "2012-03-31": "26.00000", "2011-12-31": 29.214, "2011-09-30": 29.021, "2011-06-30": 28.24, "2011-03-31": "21.62500", "2010-12-31": 21.296, "2010-09-30": 20.65, "2010-06-30": 20.923, "2010-03-31": "21.31000", "2009-12-31": 39.24, "2009-09-30": 22.005, "2009-06-30": 21.832, "2009-03-31": "22.40300", "2008-12-31": 22.132, "2008-09-30": 21.713, "2008-06-30": 22.09, "2008-03-31": "21.34600", "2007-12-31": 18.991, "2007-09-30": 21.178, "2007-06-30": 22.669, "2007-03-31": "20.32600", "2006-12-31": 15.142, "2006-09-30": 18.855, "2006-06-30": 20.374, "2006-03-31": "19.48800", "2005-12-31": 17.601, "2005-09-30": 17.923, "2005-06-30": 18.58, "2005-03-31": "18.45600"}, "Other Non-Cash Items": {"2020-12-31": -33.7, "2020-09-30": 26.7, "2020-06-30": 12.4, "2020-03-31": "19.90000", "2019-12-31": 46.3, "2019-09-30": -0.4, "2019-06-30": -30.5, "2019-03-31": "-2.10000", "2018-12-31": 34.5, "2018-09-30": -28.8, "2018-06-30": 46.1, "2018-03-31": "-47.40000", "2017-12-31": 35.6, "2017-09-30": 90.4, "2017-06-30": -141.9, "2017-03-31": "-36.80000", "2016-12-31": 135.1, "2016-09-30": 54.7, "2016-06-30": 31.8, "2016-03-31": "-30.40000", "2015-12-31": 659.8, "2015-09-30": -7.1, "2015-06-30": -4.6, "2015-03-31": "-25.50000", "2014-12-31": 114.2, "2014-09-30": 414.7, "2014-06-30": -36.6, "2014-03-31": "22.00000", "2013-12-31": 10.1, "2013-09-30": -0.3, "2013-06-30": 23.7, "2013-03-31": "-4.50000", "2012-12-31": -145.5, "2012-09-30": 21.3, "2012-06-30": -12.4, "2012-03-31": "1.00000", "2011-12-31": 274.846, "2011-09-30": -8.614, "2011-06-30": 6.223, "2011-03-31": "-18.35500", "2010-12-31": 5.957, "2010-09-30": 13.23, "2010-06-30": 2.88, "2010-03-31": "6.25800", "2009-12-31": -14.385, "2009-09-30": -7.073, "2009-06-30": -0.284, "2009-03-31": "6.75000", "2008-12-31": 33.631, "2008-09-30": 9.016, "2008-06-30": -77.179, "2008-03-31": "7.67700", "2007-12-31": 6.991, "2007-09-30": -3.882, "2007-06-30": -4.206, "2007-03-31": "9.57500", "2006-12-31": 9.077, "2006-09-30": 9.308, "2006-06-30": 7.708, "2006-03-31": "12.57300", "2005-12-31": 35.509, "2005-09-30": 17.183, "2005-06-30": -1.557, "2005-03-31": "-18.74500"}, "Total Non-Cash Items": {"2020-12-31": -14.5, "2020-09-30": 45.2, "2020-06-30": 30.6, "2020-03-31": "39.10000", "2019-12-31": 65.8, "2019-09-30": 19.2, "2019-06-30": -9.8, "2019-03-31": "18.10000", "2018-12-31": 55.2, "2018-09-30": -8.2, "2018-06-30": 67.5, "2018-03-31": "-25.50000", "2017-12-31": 57.2, "2017-09-30": 112.7, "2017-06-30": -144, "2017-03-31": "8.60000", "2016-12-31": 86.6, "2016-09-30": 99.6, "2016-06-30": 78.7, "2016-03-31": "14.70000", "2015-12-31": 705.5, "2015-09-30": -15.1, "2015-06-30": 57.8, "2015-03-31": "34.50000", "2014-12-31": 64.7, "2014-09-30": 477.7, "2014-06-30": 26.9, "2014-03-31": "85.30000", "2013-12-31": 69.9, "2013-09-30": 60.9, "2013-06-30": 98.2, "2013-03-31": "75.40000", "2012-12-31": -63.4, "2012-09-30": 46.9, "2012-06-30": 14, "2012-03-31": "27.00000", "2011-12-31": 304.06, "2011-09-30": 20.407, "2011-06-30": 34.463, "2011-03-31": "3.27000", "2010-12-31": 27.253, "2010-09-30": 33.88, "2010-06-30": 23.803, "2010-03-31": "27.56800", "2009-12-31": 24.855, "2009-09-30": 14.932, "2009-06-30": 21.548, "2009-03-31": "29.15300", "2008-12-31": 55.763, "2008-09-30": 30.729, "2008-06-30": -55.089, "2008-03-31": "29.02300", "2007-12-31": 25.982, "2007-09-30": 17.296, "2007-06-30": 18.463, "2007-03-31": "29.90100", "2006-12-31": 24.219, "2006-09-30": 28.163, "2006-06-30": 28.082, "2006-03-31": "32.06100", "2005-12-31": 53.11, "2005-09-30": 35.106, "2005-06-30": 17.023, "2005-03-31": "-0.28900"}, "Change In Accounts Receivable": {"2020-12-31": 1, "2020-09-30": 44.2, "2020-06-30": 270.2, "2020-03-31": "-167.10000", "2019-12-31": -100.3, "2019-09-30": 50.6, "2019-06-30": 186.2, "2019-03-31": "-154.00000", "2018-12-31": -88.8, "2018-09-30": 20.8, "2018-06-30": 198.9, "2018-03-31": "-146.20000", "2017-12-31": -80.3, "2017-09-30": 17.1, "2017-06-30": 180.4, "2017-03-31": "-130.60000", "2016-12-31": -75.2, "2016-09-30": 13.7, "2016-06-30": 175.6, "2016-03-31": "-97.50000", "2015-12-31": -53.3, "2015-09-30": 44.4, "2015-06-30": 88.5, "2015-03-31": "-85.80000", "2014-12-31": -56.2, "2014-09-30": 31.2, "2014-06-30": 117.2, "2014-03-31": "-76.90000", "2013-12-31": -66.2, "2013-09-30": 14.9, "2013-06-30": 74.4, "2013-03-31": "-129.40000", "2012-12-31": 3.9, "2012-09-30": 32.8, "2012-06-30": 94.5, "2012-03-31": "-100.00000", "2011-12-31": -21.357, "2011-09-30": 23.768, "2011-06-30": 100.394, "2011-03-31": "-101.50500", "2010-12-31": -26.128, "2010-09-30": -2.778, "2010-06-30": 65.616, "2010-03-31": "-99.05400", "2009-12-31": -35.411, "2009-09-30": 45.162, "2009-06-30": 48.577, "2009-03-31": "-47.02100", "2008-12-31": 37.202, "2008-09-30": 27.896, "2008-06-30": 54.306, "2008-03-31": "-137.65100", "2007-12-31": 8.859, "2007-09-30": 56.539, "2007-06-30": 14.061, "2007-03-31": "-98.52700", "2006-12-31": 38.68, "2006-09-30": 50.983, "2006-06-30": 21.348, "2006-03-31": "-95.54100", "2005-12-31": 22.814, "2005-09-30": 28.969, "2005-06-30": 12.879, "2005-03-31": "-85.60800"}, "Change In Inventories": {"2020-12-31": -11.4, "2020-09-30": 0, "2020-06-30": 2.4, "2020-03-31": "-20.10000", "2019-12-31": 9.6, "2019-09-30": 0.9, "2019-06-30": 25.3, "2019-03-31": "-22.20000", "2018-12-31": -3.8, "2018-09-30": -20.9, "2018-06-30": -7, "2018-03-31": "-8.40000", "2017-12-31": -4.5, "2017-09-30": -12.5, "2017-06-30": 5.1, "2017-03-31": "-8.60000", "2016-12-31": 19.9, "2016-09-30": 5.1, "2016-06-30": 18.3, "2016-03-31": "-9.40000", "2015-12-31": 87.4, "2015-09-30": 64.9, "2015-06-30": -9.4, "2015-03-31": "-88.20000", "2014-12-31": 69.3, "2014-09-30": -12, "2014-06-30": 8, "2014-03-31": "-34.50000", "2013-12-31": 48.1, "2013-09-30": -12.4, "2013-06-30": -6.7, "2013-03-31": "29.10000", "2012-12-31": 108.9, "2012-09-30": 11.7, "2012-06-30": 7.7, "2012-03-31": "-20.00000", "2011-12-31": 2.667, "2011-09-30": 13.208, "2011-06-30": 3.133, "2011-03-31": "-0.70800", "2010-12-31": 5.327, "2010-09-30": -11.171, "2010-06-30": -33.126, "2010-03-31": "-5.52500", "2009-12-31": 10.225, "2009-09-30": 0.756, "2009-06-30": 34.634, "2009-03-31": "21.06900", "2008-12-31": -6.202, "2008-09-30": -6.333, "2008-06-30": -4.58, "2008-03-31": "-16.19600", "2007-12-31": 0.741, "2007-09-30": 5.933, "2007-06-30": 10.05, "2007-03-31": "-2.01000", "2006-12-31": -2.409, "2006-09-30": -15.328, "2006-06-30": -2.653, "2006-03-31": "-25.37900", "2005-12-31": 10.234, "2005-09-30": -7.095, "2005-06-30": -2.851, "2005-03-31": "-19.48900"}, "Change In Accounts Payable": {"2020-12-31": -35.2, "2020-09-30": 17.5, "2020-06-30": -14.3, "2020-03-31": "-49.90000", "2019-12-31": 65.2, "2019-09-30": -5.7, "2019-06-30": -4.9, "2019-03-31": "-118.20000", "2018-12-31": 118.4, "2018-09-30": -14.2, "2018-06-30": 13.8, "2018-03-31": "-59.70000", "2017-12-31": 76.6, "2017-09-30": -20.8, "2017-06-30": 15.7, "2017-03-31": "-55.90000", "2016-12-31": 79.7, "2016-09-30": -25.4, "2016-06-30": -30.2, "2016-03-31": "-1.30000", "2015-12-31": 56.2, "2015-09-30": -2.2, "2015-06-30": 16.8, "2015-03-31": "-60.20000", "2014-12-31": 39.7, "2014-09-30": -25.1, "2014-06-30": 26.4, "2014-03-31": "-35.70000", "2013-12-31": 24.4, "2013-09-30": -18.4, "2013-06-30": 14.2, "2013-03-31": "20.90000", "2012-12-31": -23.1, "2012-09-30": -26.4, "2012-06-30": -0.3, "2012-03-31": "-4.00000", "2011-12-31": 21.459, "2011-09-30": -22.881, "2011-06-30": -10.886, "2011-03-31": "-11.99200", "2010-12-31": -4.841, "2010-09-30": 13.224, "2010-06-30": 24.459, "2010-03-31": "22.47900", "2009-12-31": 4.837, "2009-09-30": -15.223, "2009-06-30": 14.616, "2009-03-31": "-18.05200", "2008-12-31": -4.203, "2008-09-30": -9.639, "2008-06-30": 5.976, "2008-03-31": "5.89300", "2007-12-31": 20.57, "2007-09-30": -11.396, "2007-06-30": 7.597, "2007-03-31": "2.71100", "2006-12-31": 3.727, "2006-09-30": -34.518, "2006-06-30": 16.423, "2006-03-31": "-4.04100", "2005-12-31": 15.003, "2005-09-30": -12.964, "2005-06-30": 11.972, "2005-03-31": "-7.38200"}, "Change In Assets/Liabilities": {"2020-12-31": -12.1, "2020-09-30": 16.6, "2020-06-30": 67.4, "2020-03-31": "-37.10000", "2019-12-31": -30.7, "2019-09-30": 10.7, "2019-06-30": 41.9, "2019-03-31": "-31.30000", "2018-12-31": -18.8, "2018-09-30": 25.1, "2018-06-30": 24.8, "2018-03-31": "-30.70000", "2017-12-31": 21.2, "2017-09-30": -15.4, "2017-06-30": -59.6, "2017-03-31": "-7.30000", "2016-12-31": 62.6, "2016-09-30": -46.7, "2016-06-30": -0.7, "2016-03-31": "-28.90000", "2015-12-31": 0.9, "2015-09-30": 3.2, "2015-06-30": 17.2, "2015-03-31": "-47.40000", "2014-12-31": 74.8, "2014-09-30": -5, "2014-06-30": 22.7, "2014-03-31": "-5.00000", "2013-12-31": 96.5, "2013-09-30": -9.8, "2013-06-30": 5, "2013-03-31": "-3.70000", "2012-12-31": 44.7, "2012-09-30": -17, "2012-06-30": 20.4, "2012-03-31": "-10.00000", "2011-12-31": -13.103, "2011-09-30": -1.087, "2011-06-30": 5.258, "2011-03-31": "-4.66800", "2010-12-31": -17.531, "2010-09-30": 6.895, "2010-06-30": 4.489, "2010-03-31": "-1.12100", "2009-12-31": -14.129, "2009-09-30": 19.016, "2009-06-30": -11.163, "2009-03-31": "-0.74400", "2008-12-31": -6.631, "2008-09-30": -21.818, "2008-06-30": 21.767, "2008-03-31": "6.44900", "2007-12-31": -2.696, "2007-09-30": 13.056, "2007-06-30": 17.684, "2007-03-31": "-16.07000", "2006-12-31": -17.564, "2006-09-30": 23.789, "2006-06-30": 5.671, "2006-03-31": "-26.84800", "2005-12-31": 8.211, "2005-09-30": 3.695, "2005-06-30": -2.207, "2005-03-31": "-6.18600"}, "Total Change In Assets/Liabilities": {"2020-12-31": -15.2, "2020-09-30": 78.3, "2020-06-30": 325.7, "2020-03-31": "-274.20000", "2019-12-31": -75.3, "2019-09-30": 56.5, "2019-06-30": 248.5, "2019-03-31": "-325.70000", "2018-12-31": 6.4, "2018-09-30": 10.8, "2018-06-30": 230.5, "2018-03-31": "-245.00000", "2017-12-31": 11.6, "2017-09-30": -31.6, "2017-06-30": 141.6, "2017-03-31": "-202.40000", "2016-12-31": 87, "2016-09-30": -53.3, "2016-06-30": 163, "2016-03-31": "-137.10000", "2015-12-31": 91.2, "2015-09-30": 110.3, "2015-06-30": 113.1, "2015-03-31": "-281.60000", "2014-12-31": 139.5, "2014-09-30": -22.8, "2014-06-30": 223.6, "2014-03-31": "-201.40000", "2013-12-31": 64.3, "2013-09-30": 12.8, "2013-06-30": 112.6, "2013-03-31": "-108.80000", "2012-12-31": 134.4, "2012-09-30": 1.1, "2012-06-30": 146.3, "2012-03-31": "-158.00000", "2011-12-31": -48.994, "2011-09-30": 15.487, "2011-06-30": 98.191, "2011-03-31": "-103.48400", "2010-12-31": -40.49, "2010-09-30": 2.671, "2010-06-30": 80.719, "2010-03-31": "-74.43400", "2009-12-31": -32.664, "2009-09-30": 59.976, "2009-06-30": 88.306, "2009-03-31": "-63.93700", "2008-12-31": 6.651, "2008-09-30": -12.544, "2008-06-30": 62.36, "2008-03-31": "-143.84500", "2007-12-31": 37.418, "2007-09-30": 56.077, "2007-06-30": 75.057, "2007-03-31": "-129.84300", "2006-12-31": 42.701, "2006-09-30": 15.702, "2006-06-30": 42.781, "2006-03-31": "-165.98300", "2005-12-31": 29.515, "2005-09-30": 7.703, "2005-06-30": 40.604, "2005-03-31": "-119.96300"}, "Cash Flow From Operating Activities": {"2020-12-31": 73.3, "2020-09-30": 234.3, "2020-06-30": 428.4, "2020-03-31": "-162.40000", "2019-12-31": 88.3, "2019-09-30": 168, "2019-06-30": 353, "2019-03-31": "-256.30000", "2018-12-31": 154.5, "2018-09-30": 112.7, "2018-06-30": 339.5, "2018-03-31": "-167.60000", "2017-12-31": 258.4, "2017-09-30": 206.5, "2017-06-30": 261.3, "2017-03-31": "-106.00000", "2016-12-31": 304.6, "2016-09-30": 187.3, "2016-06-30": 384.5, "2016-03-31": "-15.00000", "2015-12-31": 343.4, "2015-09-30": 210.4, "2015-06-30": 318.7, "2015-03-31": "-133.20000", "2014-12-31": 325, "2014-09-30": 268.9, "2014-06-30": 412, "2014-03-31": "2.50000", "2013-12-31": 293.9, "2013-09-30": 247.9, "2013-06-30": 366.2, "2013-03-31": "19.90000", "2012-12-31": -203.7, "2012-09-30": 80.6, "2012-06-30": 234.8, "2012-03-31": "-68.00000", "2011-12-31": 79.641, "2011-09-30": 87.948, "2011-06-30": 200.791, "2011-03-31": "-48.18000", "2010-12-31": 21.133, "2010-09-30": 92.829, "2010-06-30": 166.727, "2010-03-31": "-10.31300", "2009-12-31": 19.719, "2009-09-30": 113.5, "2009-06-30": 142.203, "2009-03-31": "-17.05300", "2008-12-31": 67.336, "2008-09-30": 61.405, "2008-06-30": 146.006, "2008-03-31": "-70.53200", "2007-12-31": 111.945, "2007-09-30": 131.417, "2007-06-30": 155.585, "2007-03-31": "-57.66900", "2006-12-31": 105.557, "2006-09-30": 78.706, "2006-06-30": 139.496, "2006-03-31": "-92.30200", "2005-12-31": 121.581, "2005-09-30": 87.342, "2005-06-30": 119.006, "2005-03-31": "-80.07100"}, "Net Change In Property, Plant, And Equipment": {"2020-12-31": -17.8, "2020-09-30": -13.9, "2020-06-30": -11.8, "2020-03-31": "-18.60000", "2019-12-31": -13.7, "2019-09-30": -14.8, "2019-06-30": -12.9, "2019-03-31": "-16.50000", "2018-12-31": -13.8, "2018-09-30": -13.4, "2018-06-30": -9.3, "2018-03-31": "-11.50000", "2017-12-31": -13.2, "2017-09-30": -3.5, "2017-06-30": 4.9, "2017-03-31": "-23.60000", "2016-12-31": 45.9, "2016-09-30": -14, "2016-06-30": -29, "2016-03-31": "-27.40000", "2015-12-31": -24, "2015-09-30": -19, "2015-06-30": -8.2, "2015-03-31": "-35.50000", "2014-12-31": 6.6, "2014-09-30": -31.5, "2014-06-30": -30.1, "2014-03-31": "-26.80000", "2013-12-31": 43, "2013-09-30": -38.2, "2013-06-30": -120, "2013-03-31": "-48.80000", "2012-12-31": -44.2, "2012-09-30": -18.4, "2012-06-30": -12.4, "2012-03-31": "-14.00000", "2011-12-31": -19.076, "2011-09-30": -17.792, "2011-06-30": -21.906, "2011-03-31": "-13.22600", "2010-12-31": -16.524, "2010-09-30": -13.947, "2010-06-30": -16.762, "2010-03-31": "-11.93200", "2009-12-31": -14.44, "2009-09-30": -10.202, "2009-06-30": -12.588, "2009-03-31": "-15.69900", "2008-12-31": -12.883, "2008-09-30": -13.076, "2008-06-30": -12.192, "2008-03-31": "-10.19700", "2007-12-31": -16.291, "2007-09-30": -11.495, "2007-06-30": -10.996, "2007-03-31": "-17.53600", "2006-12-31": -46.712, "2006-09-30": -12.818, "2006-06-30": -11.021, "2006-03-31": "-8.97500", "2005-12-31": -6.297, "2005-09-30": -11.539, "2005-06-30": -6.235, "2005-03-31": "-21.28900"}, "Net Change In Intangible Assets": {"2020-12-31": 0, "2020-09-30": 0, "2020-06-30": 0, "2020-03-31": "", "2019-12-31": 0, "2019-09-30": 0, "2019-06-30": 0, "2019-03-31": "", "2018-12-31": 0, "2018-09-30": 0, "2018-06-30": 0, "2018-03-31": "", "2017-12-31": 0, "2017-09-30": 0, "2017-06-30": 0, "2017-03-31": "", "2016-12-31": 0, "2016-09-30": 0, "2016-06-30": 0, "2016-03-31": "", "2015-12-31": 0, "2015-09-30": 0, "2015-06-30": 0, "2015-03-31": "", "2014-12-31": 0, "2014-09-30": 0, "2014-06-30": 0, "2014-03-31": "", "2013-12-31": 0, "2013-09-30": 0, "2013-06-30": 0, "2013-03-31": "", "2012-12-31": 0, "2012-09-30": 0, "2012-06-30": 0, "2012-03-31": "", "2011-12-31": 0, "2011-09-30": 0, "2011-06-30": 0, "2011-03-31": "", "2010-12-31": 0, "2010-09-30": 0, "2010-06-30": 0, "2010-03-31": "", "2009-12-31": 0, "2009-09-30": 0, "2009-06-30": 0, "2009-03-31": "", "2008-12-31": 0, "2008-09-30": 0, "2008-06-30": 0, "2008-03-31": "", "2007-12-31": 0, "2007-09-30": 0, "2007-06-30": 0, "2007-03-31": "", "2006-12-31": 0, "2006-09-30": 0, "2006-06-30": 0, "2006-03-31": "", "2005-12-31": 0, "2005-09-30": 0, "2005-06-30": 0, "2005-03-31": ""}, "Net Acquisitions/Divestitures": {"2020-12-31": -29.5, "2020-09-30": 0, "2020-06-30": -21.3, "2020-03-31": "-7.20000", "2019-12-31": 11.3, "2019-09-30": 0, "2019-06-30": 2.7, "2019-03-31": "-286.50000", "2018-12-31": 0, "2018-09-30": 0, "2018-06-30": 1, "2018-03-31": "-14.70000", "2017-12-31": -4.6, "2017-09-30": -1.6, "2017-06-30": 2776.4, "2017-03-31": "-56.70000", "2016-12-31": -30.1, "2016-09-30": 0, "2016-06-30": 0.1, "2016-03-31": "-0.10000", "2015-12-31": -3.9, "2015-09-30": -1814, "2015-06-30": -99, "2015-03-31": "", "2014-12-31": -12.3, "2014-09-30": 0, "2014-06-30": 0, "2014-03-31": "", "2013-12-31": -79.8, "2013-09-30": 0.9, "2013-06-30": 0, "2013-03-31": "30.00000", "2012-12-31": -201.3, "2012-09-30": 691.7, "2012-06-30": -19.9, "2012-03-31": "", "2011-12-31": 0.005, "2011-09-30": 0, "2011-06-30": -718.249, "2011-03-31": "-14.85600", "2010-12-31": 0, "2010-09-30": 0, "2010-06-30": 0, "2010-03-31": "", "2009-12-31": 0.061, "2009-09-30": 0.586, "2009-06-30": 0.92, "2009-03-31": "", "2008-12-31": 7.963, "2008-09-30": -8.279, "2008-06-30": 6.072, "2008-03-31": "30.12400", "2007-12-31": -1.297, "2007-09-30": -3.379, "2007-06-30": -252.304, "2007-03-31": "-230.58100", "2006-12-31": 22.879, "2006-09-30": -3.185, "2006-06-30": -17.536, "2006-03-31": "-26.16500", "2005-12-31": -139.6, "2005-09-30": -10.386, "2005-06-30": 0.788, "2005-03-31": "-11.49100"}, "Net Change In Short-term Investments": {"2020-12-31": 0, "2020-09-30": 0, "2020-06-30": 0, "2020-03-31": "", "2019-12-31": 0, "2019-09-30": 0, "2019-06-30": 0, "2019-03-31": "", "2018-12-31": 0, "2018-09-30": 0, "2018-06-30": 0, "2018-03-31": "", "2017-12-31": 0, "2017-09-30": 0, "2017-06-30": 0, "2017-03-31": "", "2016-12-31": 0, "2016-09-30": 0, "2016-06-30": 0, "2016-03-31": "", "2015-12-31": 0, "2015-09-30": 0, "2015-06-30": 0, "2015-03-31": "", "2014-12-31": 0, "2014-09-30": 0, "2014-06-30": 0, "2014-03-31": "", "2013-12-31": 0, "2013-09-30": 0, "2013-06-30": 0, "2013-03-31": "", "2012-12-31": 0, "2012-09-30": 0, "2012-06-30": 0, "2012-03-31": "", "2011-12-31": 0, "2011-09-30": 0, "2011-06-30": 0, "2011-03-31": "", "2010-12-31": 0, "2010-09-30": 0, "2010-06-30": 0, "2010-03-31": "", "2009-12-31": 0, "2009-09-30": 0, "2009-06-30": 0, "2009-03-31": "", "2008-12-31": 0, "2008-09-30": 0, "2008-06-30": 0, "2008-03-31": "", "2007-12-31": 0, "2007-09-30": 0, "2007-06-30": 0, "2007-03-31": "", "2006-12-31": 0, "2006-09-30": 0, "2006-06-30": 0, "2006-03-31": "", "2005-12-31": 0, "2005-09-30": 0, "2005-06-30": 0, "2005-03-31": ""}, "Net Change In Long-Term Investments": {"2020-12-31": 0, "2020-09-30": 0, "2020-06-30": 0, "2020-03-31": "", "2019-12-31": 0, "2019-09-30": 0, "2019-06-30": 0, "2019-03-31": "", "2018-12-31": 0, "2018-09-30": 0, "2018-06-30": 0, "2018-03-31": "", "2017-12-31": 0, "2017-09-30": 0, "2017-06-30": 0, "2017-03-31": "", "2016-12-31": 0, "2016-09-30": 0, "2016-06-30": 0, "2016-03-31": "", "2015-12-31": 0, "2015-09-30": 0, "2015-06-30": 0, "2015-03-31": "", "2014-12-31": 0, "2014-09-30": 0, "2014-06-30": 0, "2014-03-31": "", "2013-12-31": 0, "2013-09-30": 0, "2013-06-30": 0, "2013-03-31": "", "2012-12-31": 0, "2012-09-30": 0, "2012-06-30": 0, "2012-03-31": "", "2011-12-31": 0, "2011-09-30": 0, "2011-06-30": 0, "2011-03-31": "", "2010-12-31": 0, "2010-09-30": 0, "2010-06-30": 0, "2010-03-31": "", "2009-12-31": 0, "2009-09-30": 0, "2009-06-30": 0, "2009-03-31": "", "2008-12-31": 0, "2008-09-30": 0, "2008-06-30": 0, "2008-03-31": "", "2007-12-31": 0, "2007-09-30": 0, "2007-06-30": 0, "2007-03-31": "", "2006-12-31": -0.167, "2006-09-30": 0.167, "2006-06-30": 0, "2006-03-31": "", "2005-12-31": 0.236, "2005-09-30": 23.599, "2005-06-30": 0, "2005-03-31": ""}, "Net Change In Investments - Total": {"2020-12-31": 0, "2020-09-30": 0, "2020-06-30": 0, "2020-03-31": "", "2019-12-31": 0, "2019-09-30": 0, "2019-06-30": 0, "2019-03-31": "", "2018-12-31": 0, "2018-09-30": 0, "2018-06-30": 0, "2018-03-31": "", "2017-12-31": 0, "2017-09-30": 0, "2017-06-30": 0, "2017-03-31": "", "2016-12-31": 0, "2016-09-30": 0, "2016-06-30": 0, "2016-03-31": "", "2015-12-31": 0, "2015-09-30": 0, "2015-06-30": 0, "2015-03-31": "", "2014-12-31": 0, "2014-09-30": 0, "2014-06-30": 0, "2014-03-31": "", "2013-12-31": 0, "2013-09-30": 0, "2013-06-30": 0, "2013-03-31": "", "2012-12-31": 0, "2012-09-30": 0, "2012-06-30": 0, "2012-03-31": "", "2011-12-31": 0, "2011-09-30": 0, "2011-06-30": 0, "2011-03-31": "", "2010-12-31": 0, "2010-09-30": 0, "2010-06-30": 0, "2010-03-31": "", "2009-12-31": 0, "2009-09-30": 0, "2009-06-30": 0, "2009-03-31": "", "2008-12-31": 0, "2008-09-30": 0, "2008-06-30": 0, "2008-03-31": "", "2007-12-31": 0, "2007-09-30": 0, "2007-06-30": 0, "2007-03-31": "", "2006-12-31": -0.167, "2006-09-30": 0.167, "2006-06-30": 0, "2006-03-31": "", "2005-12-31": 0.236, "2005-09-30": 23.599, "2005-06-30": 0, "2005-03-31": ""}, "Investing Activities - Other": {"2020-12-31": 0, "2020-09-30": 2.2, "2020-06-30": 0, "2020-03-31": "", "2019-12-31": 0, "2019-09-30": 0, "2019-06-30": 0, "2019-03-31": "-1.50000", "2018-12-31": 0, "2018-09-30": 0, "2018-06-30": -2.1, "2018-03-31": "-5.00000", "2017-12-31": -6.4, "2017-09-30": -6.1, "2017-06-30": -31.5, "2017-03-31": "-3.70000", "2016-12-31": -59.1, "2016-09-30": 3.6, "2016-06-30": -7.2, "2016-03-31": "-4.50000", "2015-12-31": -7, "2015-09-30": -13.4, "2015-06-30": 3.6, "2015-03-31": "54.90000", "2014-12-31": -35.1, "2014-09-30": 0.6, "2014-06-30": 0.8, "2014-03-31": "-0.50000", "2013-12-31": 2.5, "2013-09-30": -0.2, "2013-06-30": -0.9, "2013-03-31": "0.30000", "2012-12-31": -2.8, "2012-09-30": 0, "2012-06-30": -0.1, "2012-03-31": "-3.00000", "2011-12-31": -2.559, "2011-09-30": -0.56, "2011-06-30": 0.061, "2011-03-31": "0.05800", "2010-12-31": 0.084, "2010-09-30": 0.054, "2010-06-30": -1.578, "2010-03-31": "0.29200", "2009-12-31": 0.048, "2009-09-30": -3.262, "2009-06-30": 0.03, "2009-03-31": "-0.04000", "2008-12-31": -0.005, "2008-09-30": -0.007, "2008-06-30": 0, "2008-03-31": "", "2007-12-31": -1.5, "2007-09-30": -3.265, "2007-06-30": -0.779, "2007-03-31": "", "2006-12-31": 0.453, "2006-09-30": -2.55, "2006-06-30": -2.123, "2006-03-31": "-2.15000", "2005-12-31": -1.121, "2005-09-30": -24.546, "2005-06-30": 23.579, "2005-03-31": "0.01700"}, "Cash Flow From Investing Activities": {"2020-12-31": -47.3, "2020-09-30": -11.7, "2020-06-30": -33.1, "2020-03-31": "-25.80000", "2019-12-31": -2.4, "2019-09-30": -14.8, "2019-06-30": -10.2, "2019-03-31": "-304.50000", "2018-12-31": -13.8, "2018-09-30": -13.4, "2018-06-30": -10.4, "2018-03-31": "-31.20000", "2017-12-31": -24.2, "2017-09-30": -11.2, "2017-06-30": 2749.8, "2017-03-31": "-84.00000", "2016-12-31": -43.3, "2016-09-30": -10.4, "2016-06-30": -36.1, "2016-03-31": "-32.00000", "2015-12-31": -34.9, "2015-09-30": -1846.4, "2015-06-30": -103.6, "2015-03-31": "19.40000", "2014-12-31": -40.8, "2014-09-30": -30.9, "2014-06-30": -29.3, "2014-03-31": "-27.30000", "2013-12-31": -34.3, "2013-09-30": -37.5, "2013-06-30": -120.9, "2013-03-31": "-18.50000", "2012-12-31": -248.3, "2012-09-30": 673.3, "2012-06-30": -32.4, "2012-03-31": "-17.00000", "2011-12-31": -21.63, "2011-09-30": -18.352, "2011-06-30": -740.094, "2011-03-31": "-28.02400", "2010-12-31": -16.44, "2010-09-30": -13.893, "2010-06-30": -18.34, "2010-03-31": "-11.64000", "2009-12-31": -14.331, "2009-09-30": -12.878, "2009-06-30": -11.638, "2009-03-31": "-15.73900", "2008-12-31": -4.925, "2008-09-30": -21.362, "2008-06-30": -6.12, "2008-03-31": "19.92700", "2007-12-31": -19.088, "2007-09-30": -18.139, "2007-06-30": -264.079, "2007-03-31": "-248.11700", "2006-12-31": -23.547, "2006-09-30": -18.386, "2006-06-30": -30.68, "2006-03-31": "-37.29000", "2005-12-31": -146.782, "2005-09-30": -22.872, "2005-06-30": 18.132, "2005-03-31": "-32.76300"}, "Net Long-Term Debt": {"2020-12-31": 33.8, "2020-09-30": -208.2, "2020-06-30": -438, "2020-03-31": "420.90000", "2019-12-31": -89.7, "2019-09-30": -93.2, "2019-06-30": -151.2, "2019-03-31": "584.10000", "2018-12-31": -6.3, "2018-09-30": 15.8, "2018-06-30": -1062.4, "2018-03-31": "417.50000", "2017-12-31": -70.8, "2017-09-30": -216.8, "2017-06-30": -2863.9, "2017-03-31": "229.10000", "2016-12-31": -94.2, "2016-09-30": -151.3, "2016-06-30": -278.2, "2016-03-31": "137.70000", "2015-12-31": -265, "2015-09-30": 1727.6, "2015-06-30": -146.5, "2015-03-31": "405.60000", "2014-12-31": 41, "2014-09-30": 227.1, "2014-06-30": -195.1, "2014-03-31": "381.00000", "2013-12-31": -18.8, "2013-09-30": -167.5, "2013-06-30": 145.9, "2013-03-31": "137.90000", "2012-12-31": 456.6, "2012-09-30": -115.8, "2012-06-30": -96.9, "2012-03-31": "-13.00000", "2011-12-31": -9.1299, "2011-09-30": -60.9051, "2011-06-30": 560.169, "2011-03-31": "99.36600", "2010-12-31": 29.114, "2010-09-30": -61.465, "2010-06-30": -127.696, "2010-03-31": "58.97500", "2009-12-31": -11.528, "2009-09-30": -68.589, "2009-06-30": -108.508, "2009-03-31": "38.32100", "2008-12-31": -82.929, "2008-09-30": 11.248, "2008-06-30": -94.974, "2008-03-31": "76.63900", "2007-12-31": -60.9589, "2007-09-30": -71.7511, "2007-06-30": 113.121, "2007-03-31": "334.94000", "2006-12-31": -65.177, "2006-09-30": -13.695, "2006-06-30": -83.763, "2006-03-31": "139.85500", "2005-12-31": 62.024, "2005-09-30": -44.34, "2005-06-30": -132.873, "2005-03-31": "132.49000"}, "Net Current Debt": {"2020-12-31": 0, "2020-09-30": 0, "2020-06-30": 0, "2020-03-31": "", "2019-12-31": 0, "2019-09-30": 0, "2019-06-30": 0, "2019-03-31": "", "2018-12-31": 0, "2018-09-30": 0, "2018-06-30": 0, "2018-03-31": "", "2017-12-31": 0.8, "2017-09-30": -0.3, "2017-06-30": -0.4, "2017-03-31": "-0.10000", "2016-12-31": 0, "2016-09-30": 0, "2016-06-30": -0.7, "2016-03-31": "0.70000", "2015-12-31": -0.3, "2015-09-30": -1.7, "2015-06-30": -0.3, "2015-03-31": "", "2014-12-31": 0.2, "2014-09-30": -3.6, "2014-06-30": 3.6, "2014-03-31": "0.30000", "2013-12-31": 0, "2013-09-30": 0, "2013-06-30": -2.9, "2013-03-31": "2.90000", "2012-12-31": 0, "2012-09-30": -41.8, "2012-06-30": -78.9, "2012-03-31": "117.00000", "2011-12-31": -25.972, "2011-09-30": 8.254, "2011-06-30": 15.358, "2011-03-31": "1.16000", "2010-12-31": 0.753, "2010-09-30": 1.86, "2010-06-30": -1.411, "2010-03-31": "1.52600", "2009-12-31": 2.221, "2009-09-30": -6.04, "2009-06-30": -1.47, "2009-03-31": "7.49400", "2008-12-31": -2.814, "2008-09-30": -0.215, "2008-06-30": -6.693, "2008-03-31": "-7.27200", "2007-12-31": 8.548, "2007-09-30": -5.67, "2007-06-30": -5.942, "2007-03-31": "1.23400", "2006-12-31": 13.831, "2006-09-30": -4.763, "2006-06-30": 4.763, "2006-03-31": "", "2005-12-31": 0, "2005-09-30": 0, "2005-06-30": 0, "2005-03-31": ""}, "Debt Issuance/Retirement Net - Total": {"2020-12-31": 33.8, "2020-09-30": -208.2, "2020-06-30": -438, "2020-03-31": "420.90000", "2019-12-31": -89.7, "2019-09-30": -93.2, "2019-06-30": -151.2, "2019-03-31": "584.10000", "2018-12-31": -6.3, "2018-09-30": 15.8, "2018-06-30": -1062.4, "2018-03-31": "417.50000", "2017-12-31": -70, "2017-09-30": -217.1, "2017-06-30": -2864.3, "2017-03-31": "229.00000", "2016-12-31": -94.2, "2016-09-30": -151.3, "2016-06-30": -278.9, "2016-03-31": "138.40000", "2015-12-31": -265.3, "2015-09-30": 1725.9, "2015-06-30": -146.8, "2015-03-31": "405.60000", "2014-12-31": 41.2, "2014-09-30": 223.5, "2014-06-30": -191.5, "2014-03-31": "381.30000", "2013-12-31": -18.8, "2013-09-30": -167.5, "2013-06-30": 143, "2013-03-31": "140.80000", "2012-12-31": 456.6, "2012-09-30": -157.6, "2012-06-30": -175.8, "2012-03-31": "104.00000", "2011-12-31": -35.1019, "2011-09-30": -52.6511, "2011-06-30": 575.527, "2011-03-31": "100.52600", "2010-12-31": 29.867, "2010-09-30": -59.605, "2010-06-30": -129.107, "2010-03-31": "60.50100", "2009-12-31": -9.307, "2009-09-30": -74.629, "2009-06-30": -109.978, "2009-03-31": "45.81500", "2008-12-31": -85.743, "2008-09-30": 11.033, "2008-06-30": -101.667, "2008-03-31": "69.36700", "2007-12-31": -52.4109, "2007-09-30": -77.4211, "2007-06-30": 107.179, "2007-03-31": "336.17400", "2006-12-31": -51.346, "2006-09-30": -18.458, "2006-06-30": -79, "2006-03-31": "139.85500", "2005-12-31": 62.024, "2005-09-30": -44.34, "2005-06-30": -132.873, "2005-03-31": "132.49000"}, "Net Common Equity Issued/Repurchased": {"2020-12-31": -23.2, "2020-09-30": 13.8, "2020-06-30": 2.1, "2020-03-31": "-110.00000", "2019-12-31": 5.7, "2019-09-30": -0.4, "2019-06-30": -148.7, "2019-03-31": "5.90000", "2018-12-31": -102.7, "2018-09-30": -90.3, "2018-06-30": -144.6, "2018-03-31": "-149.10000", "2017-12-31": -97.1, "2017-09-30": 4.8, "2017-06-30": -73.3, "2017-03-31": "2.80000", "2016-12-31": 0.6, "2016-09-30": 11.8, "2016-06-30": 9.9, "2016-03-31": "-1.60000", "2015-12-31": -2.5, "2015-09-30": 4.6, "2015-06-30": 8.6, "2015-03-31": "-191.30000", "2014-12-31": -293.3, "2014-09-30": -400.5, "2014-06-30": -191, "2014-03-31": "-228.20000", "2013-12-31": -166.3, "2013-09-30": -26, "2013-06-30": -315, "2013-03-31": "-128.50000", "2012-12-31": -288, "2012-09-30": 5.7, "2012-06-30": 9.3, "2012-03-31": "7.00000", "2011-12-31": 1.497, "2011-09-30": -10.261, "2011-06-30": 9.588, "2011-03-31": "-0.32400", "2010-12-31": -19.846, "2010-09-30": 5.892, "2010-06-30": 1.121, "2010-03-31": "-1.93800", "2009-12-31": 6.518, "2009-09-30": 0.733, "2009-06-30": 0.316, "2009-03-31": "0.68000", "2008-12-31": -12.208, "2008-09-30": -12.656, "2008-06-30": -7.897, "2008-03-31": "-11.64900", "2007-12-31": -11.646, "2007-09-30": -17.249, "2007-06-30": 3.16, "2007-03-31": "-7.51800", "2006-12-31": -8.419, "2006-09-30": -31.483, "2006-06-30": -17.968, "2006-03-31": "2.57700", "2005-12-31": -23.649, "2005-09-30": 0.674, "2005-06-30": 3.756, "2005-03-31": "2.59900"}, "Net Total Equity Issued/Repurchased": {"2020-12-31": -23.2, "2020-09-30": 13.8, "2020-06-30": 2.1, "2020-03-31": "-110.00000", "2019-12-31": 5.7, "2019-09-30": -0.4, "2019-06-30": -148.7, "2019-03-31": "5.90000", "2018-12-31": -102.7, "2018-09-30": -90.3, "2018-06-30": -144.6, "2018-03-31": "-149.10000", "2017-12-31": -97.1, "2017-09-30": 4.8, "2017-06-30": -73.3, "2017-03-31": "2.80000", "2016-12-31": 0.6, "2016-09-30": 11.8, "2016-06-30": 9.9, "2016-03-31": "-1.60000", "2015-12-31": -2.5, "2015-09-30": 4.6, "2015-06-30": 8.6, "2015-03-31": "-191.30000", "2014-12-31": -293.3, "2014-09-30": -400.5, "2014-06-30": -191, "2014-03-31": "-228.20000", "2013-12-31": -166.3, "2013-09-30": -26, "2013-06-30": -315, "2013-03-31": "-128.50000", "2012-12-31": -288, "2012-09-30": 5.7, "2012-06-30": 9.3, "2012-03-31": "7.00000", "2011-12-31": 1.497, "2011-09-30": -10.261, "2011-06-30": 9.588, "2011-03-31": "-0.32400", "2010-12-31": -19.846, "2010-09-30": 5.892, "2010-06-30": 1.121, "2010-03-31": "-1.93800", "2009-12-31": 6.518, "2009-09-30": 0.733, "2009-06-30": 0.316, "2009-03-31": "0.68000", "2008-12-31": -12.208, "2008-09-30": -12.656, "2008-06-30": -7.897, "2008-03-31": "-11.64900", "2007-12-31": -11.646, "2007-09-30": -17.249, "2007-06-30": 3.16, "2007-03-31": "-7.51800", "2006-12-31": -8.419, "2006-09-30": -31.483, "2006-06-30": -17.968, "2006-03-31": "2.57700", "2005-12-31": -23.649, "2005-09-30": 0.674, "2005-06-30": 3.756, "2005-03-31": "2.59900"}, "Total Common And Preferred Stock Dividends Paid": {"2020-12-31": -31.7, "2020-09-30": -31.7, "2020-06-30": -31.6, "2020-03-31": "-32.10000", "2019-12-31": -30.3, "2019-09-30": -30.4, "2019-06-30": -31, "2019-03-31": "-31.00000", "2018-12-31": -30.5, "2018-09-30": -30.8, "2018-06-30": -62.6, "2018-03-31": "-63.30000", "2017-12-31": -62.8, "2017-09-30": -62.8, "2017-06-30": -63.3, "2017-03-31": "-62.80000", "2016-12-31": -62, "2016-09-30": -61.9, "2016-06-30": -59.6, "2016-03-31": "-60.10000", "2015-12-31": -58.4, "2015-09-30": -57.7, "2015-06-30": -58.1, "2015-03-31": "-57.50000", "2014-12-31": -55.2, "2014-09-30": -57.1, "2014-06-30": -49.9, "2014-03-31": "-49.20000", "2013-12-31": -48.3, "2013-09-30": -49.9, "2013-06-30": -46.8, "2013-03-31": "-49.20000", "2012-12-31": -46.3, "2012-09-30": -21.8, "2012-06-30": -22.3, "2012-03-31": "-22.00000", "2011-12-31": -19.831, "2011-09-30": -19.93, "2011-06-30": -19.895, "2011-03-31": "-19.84400", "2010-12-31": -23.528, "2010-09-30": -18.884, "2010-06-30": -18.863, "2010-03-31": "-18.83700", "2009-12-31": -17.765, "2009-09-30": -17.729, "2009-06-30": -17.723, "2009-03-31": "-17.71000", "2008-12-31": -16.743, "2008-09-30": -16.794, "2008-06-30": -16.839, "2008-03-31": "-16.90800", "2007-12-31": -14.924, "2007-09-30": -14.995, "2007-06-30": -14.969, "2007-03-31": "-15.02200", "2006-12-31": -13.967, "2006-09-30": -14.158, "2006-06-30": -14.234, "2006-03-31": "-14.22400", "2005-12-31": -13.245, "2005-09-30": -13.241, "2005-06-30": -13.22, "2005-03-31": "-13.42800"}, "Financial Activities - Other": {"2020-12-31": 0, "2020-09-30": 0, "2020-06-30": 0, "2020-03-31": "", "2019-12-31": -0.6, "2019-09-30": -0.6, "2019-06-30": -5.7, "2019-03-31": "", "2018-12-31": 0, "2018-09-30": -2, "2018-06-30": 110.7, "2018-03-31": "792.70000", "2017-12-31": -0.8, "2017-09-30": 0, "2017-06-30": -94.9, "2017-03-31": "", "2016-12-31": 0, "2016-09-30": 5.6, "2016-06-30": 2.7, "2016-03-31": "0.50000", "2015-12-31": 0, "2015-09-30": -25.4, "2015-06-30": 1.8, "2015-03-31": "2.80000", "2014-12-31": -0.5, "2014-09-30": 2.2, "2014-06-30": 1.7, "2014-03-31": "-128.60000", "2013-12-31": 7.4, "2013-09-30": 1.2, "2013-06-30": 6.1, "2013-03-31": "-1.30000", "2012-12-31": -83.2, "2012-09-30": 0.4, "2012-06-30": 0.7, "2012-03-31": "1.00000", "2011-12-31": 0.136, "2011-09-30": 1.42, "2011-06-30": -7.813, "2011-03-31": "0.55700", "2010-12-31": 0.493, "2010-09-30": 0.871, "2010-06-30": 0.292, "2010-03-31": "0.98000", "2009-12-31": 0.992, "2009-09-30": 0.172, "2009-06-30": 0.468, "2009-03-31": "0.06400", "2008-12-31": 0, "2008-09-30": 0.777, "2008-06-30": 0.348, "2008-03-31": "0.37800", "2007-12-31": 1.498, "2007-09-30": 0.399, "2007-06-30": -0.632, "2007-03-31": "1.06300", "2006-12-31": 0.366, "2006-09-30": 0.072, "2006-06-30": 0.073, "2006-03-31": "2.53200", "2005-12-31": 0.693, "2005-09-30": 0.174, "2005-06-30": 4.078, "2005-03-31": "3.73100"}, "Cash Flow From Financial Activities": {"2020-12-31": -21.1, "2020-09-30": -226.1, "2020-06-30": -467.5, "2020-03-31": "278.80000", "2019-12-31": -114.9, "2019-09-30": -124.6, "2019-06-30": -336.6, "2019-03-31": "559.00000", "2018-12-31": -139.5, "2018-09-30": -107.3, "2018-06-30": -1158.9, "2018-03-31": "997.80000", "2017-12-31": -230.7, "2017-09-30": -275.1, "2017-06-30": -3095.8, "2017-03-31": "169.00000", "2016-12-31": -155.6, "2016-09-30": -195.8, "2016-06-30": -325.9, "2016-03-31": "77.20000", "2015-12-31": -326.2, "2015-09-30": 1647.4, "2015-06-30": -194.5, "2015-03-31": "159.60000", "2014-12-31": -307.8, "2014-09-30": -231.9, "2014-06-30": -430.7, "2014-03-31": "-24.70000", "2013-12-31": -226, "2013-09-30": -242.2, "2013-06-30": -212.7, "2013-03-31": "-38.20000", "2012-12-31": 39.1, "2012-09-30": -173.3, "2012-06-30": -188.1, "2012-03-31": "90.00000", "2011-12-31": -53.3, "2011-09-30": -81.422, "2011-06-30": 557.407, "2011-03-31": "80.91500", "2010-12-31": -13.014, "2010-09-30": -71.726, "2010-06-30": -146.557, "2010-03-31": "40.70600", "2009-12-31": -19.562, "2009-09-30": -91.453, "2009-06-30": -126.917, "2009-03-31": "28.84900", "2008-12-31": -114.694, "2008-09-30": -17.64, "2008-06-30": -126.055, "2008-03-31": "41.18800", "2007-12-31": -77.483, "2007-09-30": -109.266, "2007-06-30": 94.738, "2007-03-31": "314.69700", "2006-12-31": -73.366, "2006-09-30": -64.027, "2006-06-30": -111.129, "2006-03-31": "130.74000", "2005-12-31": 25.823, "2005-09-30": -56.733, "2005-06-30": -138.259, "2005-03-31": "125.39200"}, "Net Cash Flow": {"2020-12-31": -0.5, "2020-09-30": -8, "2020-06-30": -78.7, "2020-03-31": "86.80000", "2019-12-31": -30.7, "2019-09-30": 32.7, "2019-06-30": 1.6, "2019-03-31": "4.60000", "2018-12-31": 9.6, "2018-09-30": -14, "2018-06-30": 7.9, "2018-03-31": "-15.50000", "2017-12-31": 5, "2017-09-30": -60.4, "2017-06-30": -74.8, "2017-03-31": "-0.40000", "2016-12-31": 68.7, "2016-09-30": -2.4, "2016-06-30": 15.2, "2016-03-31": "31.80000", "2015-12-31": -18.6, "2015-09-30": -2.4, "2015-06-30": 16.2, "2015-03-31": "20.70000", "2014-12-31": -46.2, "2014-09-30": -7.9, "2014-06-30": -39.4, "2014-03-31": "-52.10000", "2013-12-31": 36.8, "2013-09-30": -10, "2013-06-30": 38.6, "2013-03-31": "-46.80000", "2012-12-31": -405.2, "2012-09-30": 582, "2012-06-30": 5.5, "2012-03-31": "5.00000", "2011-12-31": -2.609, "2011-09-30": -16.307, "2011-06-30": 11.838, "2011-03-31": "11.07800", "2010-12-31": -10.939, "2010-09-30": 18.415, "2010-06-30": -8.203, "2010-03-31": "13.38700", "2009-12-31": -16.818, "2009-09-30": 12.096, "2009-06-30": 3.41, "2009-03-31": "-4.63600", "2008-12-31": -54.2, "2008-09-30": 18.928, "2008-06-30": 12.332, "2008-03-31": "-8.51100", "2007-12-31": 14.24, "2007-09-30": 4.539, "2007-06-30": -12.214, "2007-03-31": "9.41000", "2006-12-31": 9.667, "2006-09-30": -3.178, "2006-06-30": -1.906, "2006-03-31": "1.73700", "2005-12-31": -0.852, "2005-09-30": 7.499, "2005-06-30": -1.986, "2005-03-31": "12.34400"}, "Stock-Based Compensation": {"2020-12-31": -29.9, "2020-09-30": 32.3, "2020-06-30": 12.5, "2020-03-31": "5.40000", "2019-12-31": 25.2, "2019-09-30": 8, "2019-06-30": 1.7, "2019-03-31": "-13.50000", "2018-12-31": 29.9, "2018-09-30": 11.9, "2018-06-30": 3.2, "2018-03-31": "-24.10000", "2017-12-31": 24.7, "2017-09-30": 14.5, "2017-06-30": 7.9, "2017-03-31": "-7.50000", "2016-12-31": 37.4, "2016-09-30": 13.3, "2016-06-30": 10.9, "2016-03-31": "-0.70000", "2015-12-31": -3.7, "2015-09-30": 42.9, "2015-06-30": 2.2, "2015-03-31": "-24.00000", "2014-12-31": 7.1, "2014-09-30": 43, "2014-06-30": -25.6, "2014-03-31": "7.40000", "2013-12-31": 72.1, "2013-09-30": 0.6, "2013-06-30": 14.3, "2013-03-31": "10.40000", "2012-12-31": -69.7, "2012-09-30": 22.2, "2012-06-30": -13.6, "2012-03-31": "5.00000", "2011-12-31": 17.139, "2011-09-30": 14.509, "2011-06-30": 10.886, "2011-03-31": "-23.03400", "2010-12-31": -16.73, "2010-09-30": 14.558, "2010-06-30": 15.144, "2010-03-31": "8.49600", "2009-12-31": -18.199, "2009-09-30": 4.005, "2009-06-30": 4.367, "2009-03-31": "4.72000", "2008-12-31": 4.624, "2008-09-30": 4.016, "2008-06-30": 5.467, "2008-03-31": "6.46500", "2007-12-31": 5.842, "2007-09-30": 9.36, "2007-06-30": 1.493, "2007-03-31": "6.21800", "2006-12-31": 7.319, "2006-09-30": 5.574, "2006-06-30": 5.838, "2006-03-31": "6.64600", "2005-12-31": 28.857, "2005-09-30": 11.935, "2005-06-30": 4.65, "2005-03-31": "-21.25600"}, "Common Stock Dividends Paid": {"2020-12-31": -31.7, "2020-09-30": -31.7, "2020-06-30": -31.6, "2020-03-31": "-32.10000", "2019-12-31": -30.3, "2019-09-30": -30.4, "2019-06-30": -31, "2019-03-31": "-31.00000", "2018-12-31": -30.5, "2018-09-30": -30.8, "2018-06-30": -62.6, "2018-03-31": "-63.30000", "2017-12-31": -62.8, "2017-09-30": -62.8, "2017-06-30": -63.3, "2017-03-31": "-62.80000", "2016-12-31": -62, "2016-09-30": -61.9, "2016-06-30": -59.6, "2016-03-31": "-60.10000", "2015-12-31": -58.4, "2015-09-30": -57.7, "2015-06-30": -58.1, "2015-03-31": "-57.50000", "2014-12-31": -55.2, "2014-09-30": -57.1, "2014-06-30": -49.9, "2014-03-31": "-49.20000", "2013-12-31": -48.3, "2013-09-30": -49.9, "2013-06-30": -46.8, "2013-03-31": "-49.20000", "2012-12-31": -46.3, "2012-09-30": -21.8, "2012-06-30": -22.3, "2012-03-31": "-22.00000", "2011-12-31": -19.831, "2011-09-30": -19.93, "2011-06-30": -19.895, "2011-03-31": "-19.84400", "2010-12-31": -23.528, "2010-09-30": -18.884, "2010-06-30": -18.863, "2010-03-31": "-18.83700", "2009-12-31": -17.765, "2009-09-30": -17.729, "2009-06-30": -17.723, "2009-03-31": "-17.71000", "2008-12-31": -16.743, "2008-09-30": -16.794, "2008-06-30": -16.839, "2008-03-31": "-16.90800", "2007-12-31": -14.924, "2007-09-30": -14.995, "2007-06-30": -14.969, "2007-03-31": "-15.02200", "2006-12-31": -13.967, "2006-09-30": -14.158, "2006-06-30": -14.234, "2006-03-31": "-14.22400", "2005-12-31": -13.245, "2005-09-30": -13.241, "2005-06-30": -13.22, "2005-03-31": "-13.42800"}}, "financial ratios": {"Current Ratio": {"2019-12-31": "1.41780", "2018-12-31": "1.26960", "2017-12-31": "1.45810", "2016-12-31": "1.81620", "2015-12-31": "1.86860", "2014-12-31": "1.76520", "2013-12-31": "2.00730", "2012-12-31": "1.94780", "2011-12-31": "1.92860", "2010-12-31": "1.95560", "2009-12-31": "2.12040", "2008-12-31": "2.07060", "2007-12-31": "1.85260", "2006-12-31": "1.83710", "2005-12-31": "1.70590"}, "Long-term Debt / Capital": {"2019-12-31": "0.34500", "2018-12-31": "0.30020", "2017-12-31": "0.22240", "2016-12-31": "0.50140", "2015-12-31": "0.53890", "2014-12-31": "0.39120", "2013-12-31": "0.29070", "2012-12-31": "0.27450", "2011-12-31": "0.38910", "2010-12-31": "0.24160", "2009-12-31": "0.27420", "2008-12-31": "0.32070", "2007-12-31": "0.35290", "2006-12-31": "0.30180", "2005-12-31": "0.32480"}, "Debt/Equity Ratio": {"2019-12-31": "0.52670", "2018-12-31": "0.42900", "2017-12-31": "0.28600", "2016-12-31": "1.00580", "2015-12-31": "1.16890", "2014-12-31": "0.64410", "2013-12-31": "0.41020", "2012-12-31": "0.37880", "2011-12-31": "0.63940", "2010-12-31": "0.32080", "2009-12-31": "0.37890", "2008-12-31": "0.47230", "2007-12-31": "0.55500", "2006-12-31": "0.44550", "2005-12-31": "0.48380"}, "Gross Margin": {"2019-12-31": "35.55730", "2018-12-31": "35.33440", "2017-12-31": "34.70150", "2016-12-31": "34.49260", "2015-12-31": "34.63310", "2014-12-31": "34.72400", "2013-12-31": "33.86000", "2012-12-31": "29.39310", "2011-12-31": "31.06140", "2010-12-31": "30.70640", "2009-12-31": "29.16040", "2008-12-31": "30.26720", "2007-12-31": "30.86640", "2006-12-31": "29.64520", "2005-12-31": "28.77990"}, "Operating Margin": {"2019-12-31": "14.62530", "2018-12-31": "14.72800", "2017-12-31": "13.29370", "2016-12-31": "12.74550", "2015-12-31": "13.34590", "2014-12-31": "11.53900", "2013-12-31": "10.60900", "2012-12-31": "-0.11150", "2011-12-31": "2.89870", "2010-12-31": "10.32680", "2009-12-31": "8.16900", "2008-12-31": "9.68640", "2007-12-31": "11.55320", "2006-12-31": "10.35340", "2005-12-31": "10.98250"}, "EBIT Margin": {"2019-12-31": "14.62530", "2018-12-31": "14.72800", "2017-12-31": "13.29370", "2016-12-31": "12.74550", "2015-12-31": "13.34590", "2014-12-31": "11.53900", "2013-12-31": "10.60900", "2012-12-31": "-0.11150", "2011-12-31": "2.89870", "2010-12-31": "10.32680", "2009-12-31": "8.16900", "2008-12-31": "9.68640", "2007-12-31": "11.55320", "2006-12-31": "10.35340", "2005-12-31": "10.98250"}, "EBITDA Margin": {"2019-12-31": "17.33060", "2018-12-31": "17.58120", "2017-12-31": "16.35800", "2016-12-31": "15.92460", "2015-12-31": "16.81400", "2014-12-31": "14.54530", "2013-12-31": "14.54350", "2012-12-31": "3.60590", "2011-12-31": "6.02600", "2010-12-31": "13.10430", "2009-12-31": "12.08660", "2008-12-31": "12.29020", "2007-12-31": "14.08800", "2006-12-31": "12.79700", "2005-12-31": "13.44510"}, "Pre-Tax Profit Margin": {"2019-12-31": "13.77990", "2018-12-31": "12.80900", "2017-12-31": "6.07230", "2016-12-31": "7.94430", "2015-12-31": "11.10170", "2014-12-31": "10.09040", "2013-12-31": "9.92190", "2012-12-31": "-3.39230", "2011-12-31": "1.24970", "2010-12-31": "9.20470", "2009-12-31": "6.41220", "2008-12-31": "10.95290", "2007-12-31": "9.34380", "2006-12-31": "8.59110", "2005-12-31": "9.62190"}, "Net Profit Margin": {"2019-12-31": "12.02830", "2018-12-31": "11.71630", "2017-12-31": "23.42130", "2016-12-31": "18.78010", "2015-12-31": "-1.65500", "2014-12-31": "4.60490", "2013-12-31": "7.66890", "2012-12-31": "-2.48910", "2011-12-31": "-0.21700", "2010-12-31": "6.10120", "2009-12-31": "4.28950", "2008-12-31": "6.82390", "2007-12-31": "6.42890", "2006-12-31": "6.07860", "2005-12-31": "6.28010"}, "Asset Turnover": {"2019-12-31": "0.71440", "2018-12-31": "0.77900", "2017-12-31": "0.32960", "2016-12-31": "0.24110", "2015-12-31": "0.39010", "2014-12-31": "0.43800", "2013-12-31": "0.59610", "2012-12-31": "0.36240", "2011-12-31": "0.75370", "2010-12-31": "0.76270", "2009-12-31": "0.68840", "2008-12-31": "0.82700", "2007-12-31": "0.82010", "2006-12-31": "0.89830", "2005-12-31": "0.90560"}, "Inventory Turnover Ratio": {"2019-12-31": "5.04960", "2018-12-31": "4.94810", "2017-12-31": "5.20650", "2016-12-31": "3.47480", "2015-12-31": "5.34370", "2014-12-31": "2.69490", "2013-12-31": "3.87380", "2012-12-31": "2.27970", "2011-12-31": "5.29720", "2010-12-31": "5.18100", "2009-12-31": "5.28890", "2008-12-31": "5.60150", "2007-12-31": "5.98440", "2006-12-31": "5.33160", "2005-12-31": "6.00770"}, "Receiveable Turnover": {"2019-12-31": "5.88030", "2018-12-31": "6.07350", "2017-12-31": "5.89050", "2016-12-31": "3.63950", "2015-12-31": "5.97050", "2014-12-31": "3.87000", "2013-12-31": "5.44720", "2012-12-31": "3.37890", "2011-12-31": "6.07290", "2010-12-31": "5.86330", "2009-12-31": "5.91630", "2008-12-31": "7.26980", "2007-12-31": "7.11060", "2006-12-31": "7.16030", "2005-12-31": "6.95200"}, "Days Sales In Receivables": {"2019-12-31": "62.07170", "2018-12-31": "60.09680", "2017-12-31": "61.96420", "2016-12-31": "100.28770", "2015-12-31": "61.13380", "2014-12-31": "94.31590", "2013-12-31": "67.00640", "2012-12-31": "108.02200", "2011-12-31": "60.10340", "2010-12-31": "62.25160", "2009-12-31": "61.69350", "2008-12-31": "50.20760", "2007-12-31": "51.33160", "2006-12-31": "50.97560", "2005-12-31": "52.50300"}, "ROE - Return On Equity": {"2019-12-31": "18.51170", "2018-12-31": "17.52080", "2017-12-31": "2.26490", "2016-12-31": "4.18860", "2015-12-31": "9.90570", "2014-12-31": "7.64610", "2013-12-31": "8.32300", "2012-12-31": "-1.21620", "2011-12-31": "-0.15630", "2010-12-31": "8.61810", "2009-12-31": "5.46570", "2008-12-31": "12.81120", "2007-12-31": "11.10060", "2006-12-31": "11.15280", "2005-12-31": "11.89560"}, "Return On Tangible Equity": {"2019-12-31": "-56.19950", "2018-12-31": "-62.72180", "2017-12-31": "4.38310", "2016-12-31": "-11.17380", "2015-12-31": "-19.87890", "2014-12-31": "-21.14820", "2013-12-31": "-131.71280", "2012-12-31": "14.33500", "2011-12-31": "0.39080", "2010-12-31": "-60.40780", "2009-12-31": "-25.89180", "2008-12-31": "-43.32840", "2007-12-31": "-36.87240", "2006-12-31": "-55.46770", "2005-12-31": "-43.12190"}, "ROA - Return On Assets": {"2019-12-31": "8.73780", "2018-12-31": "8.45130", "2017-12-31": "1.32160", "2016-12-31": "1.54490", "2015-12-31": "3.35570", "2014-12-31": "3.34670", "2013-12-31": "4.40680", "2012-12-31": "-0.66400", "2011-12-31": "-0.06980", "2010-12-31": "4.78240", "2009-12-31": "2.97130", "2008-12-31": "6.38500", "2007-12-31": "5.30210", "2006-12-31": "5.53500", "2005-12-31": "5.68720"}, "ROI - Return On Investment": {"2019-12-31": "12.12540", "2018-12-31": "12.26130", "2017-12-31": "1.76120", "2016-12-31": "2.08840", "2015-12-31": "4.56720", "2014-12-31": "4.65460", "2013-12-31": "5.90380", "2012-12-31": "-0.88240", "2011-12-31": "-0.09550", "2010-12-31": "6.53580", "2009-12-31": "3.96690", "2008-12-31": "8.70330", "2007-12-31": "7.18360", "2006-12-31": "7.78680", "2005-12-31": "8.03130"}, "Book Value Per Share": {"2019-12-31": "11.60960", "2018-12-31": "10.71240", "2017-12-31": "27.94120", "2016-12-31": "23.40150", "2015-12-31": "22.20940", "2014-12-31": "25.55510", "2013-12-31": "31.49800", "2012-12-31": "31.47740", "2011-12-31": "20.75980", "2010-12-31": "22.40680", "2009-12-31": "21.55310", "2008-12-31": "20.55490", "2007-12-31": "19.25850", "2006-12-31": "16.73730", "2005-12-31": "15.37130"}, "Operating Cash Flow Per Share": {"2019-12-31": -0.405, "2018-12-31": -0.8996, "2017-12-31": -1.3283, "2016-12-31": 0.6558, "2015-12-31": -1.1573, "2014-12-31": 0.6708, "2013-12-31": 4.1922, "2012-12-31": -2.9177, "2011-12-31": 0.5377, "2010-12-31": 0.1005, "2009-12-31": 0.5611, "2008-12-31": -1.3444, "2007-12-31": 1.1225, "2006-12-31": -0.132, "2005-12-31": 2.4153}, "Free Cash Flow Per Share": {"2019-12-31": -0.4741, "2018-12-31": -0.9776, "2017-12-31": -1.3872, "2016-12-31": 0.9968, "2015-12-31": -1.2098, "2014-12-31": 1.0501, "2013-12-31": 4.0892, "2012-12-31": -2.8831, "2011-12-31": 0.4004, "2010-12-31": 0.0419, "2009-12-31": 0.5119, "2008-12-31": -1.2705, "2007-12-31": 1.345, "2006-12-31": -0.4745, "2005-12-31": 1.9733}}, "financial ratios, quarterly": {"Current Ratio": {"2020-09-30": "1.17660", "2020-06-30": "1.33450", "2020-03-31": "1.96190", "2019-12-31": "1.41780", "2019-09-30": "1.44430", "2019-06-30": "1.46650", "2019-03-31": "1.77460", "2018-12-31": "1.26960", "2018-09-30": "1.39890", "2018-06-30": "1.40480", "2018-03-31": "2.64620", "2017-12-31": "1.45810", "2017-09-30": "1.59030", "2017-06-30": "1.67380", "2017-03-31": "2.03280", "2016-12-31": "1.81620", "2016-09-30": "2.13260", "2016-06-30": "1.97250", "2016-03-31": "2.04820", "2015-12-31": "1.86860", "2015-09-30": "1.98120", "2015-06-30": "1.98830", "2015-03-31": "2.08010", "2014-12-31": "1.76520", "2014-09-30": "1.82920", "2014-06-30": "1.78150", "2014-03-31": "2.16300", "2013-12-31": "2.00730", "2013-09-30": "1.91330", "2013-06-30": "1.90690", "2013-03-31": "2.21850", "2012-12-31": "1.94780", "2012-09-30": "1.75450", "2012-06-30": "1.92840", "2012-03-31": "2.10700", "2011-12-31": "1.92860", "2011-09-30": "1.78130", "2011-06-30": "1.87610", "2011-03-31": "2.21300", "2010-12-31": "1.95560", "2010-09-30": "1.84590", "2010-06-30": "1.89380", "2010-03-31": "2.20830", "2009-12-31": "2.12040", "2009-09-30": "2.01510", "2009-06-30": "2.08760", "2009-03-31": "2.28380", "2008-12-31": "2.07060", "2008-09-30": "2.14770", "2008-06-30": "2.00650", "2008-03-31": "2.07520", "2007-12-31": "1.85260", "2007-09-30": "1.94120", "2007-06-30": "2.01180", "2007-03-31": "2.18410", "2006-12-31": "1.83710", "2006-09-30": "2.05600", "2006-06-30": "1.99950", "2006-03-31": "2.15450", "2005-12-31": "1.70590", "2005-09-30": "1.76770", "2005-06-30": "1.80470", "2005-03-31": "1.95580"}, "Long-term Debt / Capital": {"2020-09-30": "0.28200", "2020-06-30": "0.34190", "2020-03-31": "0.43390", "2019-12-31": "0.34500", "2019-09-30": "0.37450", "2019-06-30": "0.40210", "2019-03-31": "0.42290", "2018-12-31": "0.30020", "2018-09-30": "0.29820", "2018-06-30": "0.29220", "2018-03-31": "0.36160", "2017-12-31": "0.22240", "2017-09-30": "0.23090", "2017-06-30": "0.25730", "2017-03-31": "0.50870", "2016-12-31": "0.50140", "2016-09-30": "0.50320", "2016-06-30": "0.52210", "2016-03-31": "0.54220", "2015-12-31": "0.53890", "2015-09-30": "0.52350", "2015-06-30": "0.41740", "2015-03-31": "0.43480", "2014-12-31": "0.39120", "2014-09-30": "0.37340", "2014-06-30": "0.32380", "2014-03-31": "0.33080", "2013-12-31": "0.29070", "2013-09-30": "0.29300", "2013-06-30": "0.31540", "2013-03-31": "0.29010", "2012-12-31": "0.27450", "2012-09-30": "0.17670", "2012-06-30": "0.36810", "2012-03-31": "0.39420", "2011-12-31": "0.38910", "2011-09-30": "0.36440", "2011-06-30": "0.36900", "2011-03-31": "0.26010", "2010-12-31": "0.24160", "2010-09-30": "0.23320", "2010-06-30": "0.25990", "2010-03-31": "0.28990", "2009-12-31": "0.27420", "2009-09-30": "0.27770", "2009-06-30": "0.30060", "2009-03-31": "0.33090", "2008-12-31": "0.32070", "2008-09-30": "0.32230", "2008-06-30": "0.31570", "2008-03-31": "0.36180", "2007-12-31": "0.35290", "2007-09-30": "0.37620", "2007-06-30": "0.39800", "2007-03-31": "0.38240", "2006-12-31": "0.30180", "2006-09-30": "0.32450", "2006-06-30": "0.32810", "2006-03-31": "0.35770", "2005-12-31": "0.32480", "2005-09-30": "0.30680", "2005-06-30": "0.32490", "2005-03-31": "0.36540"}, "Debt/Equity Ratio": {"2020-09-30": "0.39280", "2020-06-30": "0.51960", "2020-03-31": "0.76640", "2019-12-31": "0.52670", "2019-09-30": "0.59860", "2019-06-30": "0.67260", "2019-03-31": "0.73280", "2018-12-31": "0.42900", "2018-09-30": "0.42480", "2018-06-30": "0.41290", "2018-03-31": "0.56640", "2017-12-31": "0.28600", "2017-09-30": "0.30020", "2017-06-30": "0.34650", "2017-03-31": "1.03540", "2016-12-31": "1.00580", "2016-09-30": "1.01290", "2016-06-30": "1.09250", "2016-03-31": "1.18450", "2015-12-31": "1.16890", "2015-09-30": "1.09930", "2015-06-30": "0.71750", "2015-03-31": "0.77070", "2014-12-31": "0.64410", "2014-09-30": "0.59650", "2014-06-30": "0.48000", "2014-03-31": "0.49470", "2013-12-31": "0.41020", "2013-09-30": "0.41500", "2013-06-30": "0.46110", "2013-03-31": "0.40960", "2012-12-31": "0.37880", "2012-09-30": "0.28660", "2012-06-30": "0.58320", "2012-03-31": "0.66030", "2011-12-31": "0.63940", "2011-09-30": "0.58670", "2011-06-30": "0.59440", "2011-03-31": "0.35420", "2010-12-31": "0.32080", "2010-09-30": "0.30600", "2010-06-30": "0.35230", "2010-03-31": "0.41010", "2009-12-31": "0.37890", "2009-09-30": "0.38460", "2009-06-30": "0.43280", "2009-03-31": "0.49860", "2008-12-31": "0.47230", "2008-09-30": "0.47750", "2008-06-30": "0.46340", "2008-03-31": "0.57300", "2007-12-31": "0.55500", "2007-09-30": "0.60850", "2007-06-30": "0.66950", "2007-03-31": "0.63330", "2006-12-31": "0.44550", "2006-09-30": "0.48450", "2006-06-30": "0.49550", "2006-03-31": "0.55950", "2005-12-31": "0.48380", "2005-09-30": "0.44510", "2005-06-30": "0.48550", "2005-03-31": "0.58770"}, "Gross Margin": {"2020-09-30": "34.74010", "2020-06-30": "34.36140", "2020-03-31": "35.43660", "2019-12-31": "36.30830", "2019-09-30": "35.73430", "2019-06-30": "35.85990", "2019-03-31": "34.19950", "2018-12-31": "36.19170", "2018-09-30": "34.27050", "2018-06-30": "36.20290", "2018-03-31": "34.57550", "2017-12-31": "24.97730", "2017-09-30": "34.39500", "2017-06-30": "36.28650", "2017-03-31": "35.68230", "2016-12-31": "42.86340", "2016-09-30": "36.41700", "2016-06-30": "37.02740", "2016-03-31": "36.24370", "2015-12-31": "34.75780", "2015-09-30": "35.46910", "2015-06-30": "34.08380", "2015-03-31": "34.58980", "2014-12-31": "37.66890", "2014-09-30": "35.52660", "2014-06-30": "35.23800", "2014-03-31": "34.31270", "2013-12-31": "36.44230", "2013-09-30": "35.87810", "2013-06-30": "33.98690", "2013-03-31": "29.51820", "2012-12-31": "24.04070", "2012-09-30": "32.13170", "2012-06-30": "33.14920", "2012-03-31": "32.75060", "2011-12-31": "30.59270", "2011-09-30": "30.55000", "2011-06-30": "31.61330", "2011-03-31": "31.51560", "2010-12-31": "30.80530", "2010-09-30": "30.57150", "2010-06-30": "31.17040", "2010-03-31": "30.22600", "2009-12-31": "30.25370", "2009-09-30": "31.23250", "2009-06-30": "28.32290", "2009-03-31": "26.69950", "2008-12-31": "29.89600", "2008-09-30": "29.90750", "2008-06-30": "30.99030", "2008-03-31": "30.19880", "2007-12-31": "32.90000", "2007-09-30": "29.79680", "2007-06-30": "31.08520", "2007-03-31": "29.75750", "2006-12-31": "32.45770", "2006-09-30": "27.31130", "2006-06-30": "30.47360", "2006-03-31": "28.84510", "2005-12-31": "28.38480", "2005-09-30": "28.03840", "2005-06-30": "29.83210", "2005-03-31": "28.76660"}, "Operating Margin": {"2020-09-30": "16.04260", "2020-06-30": "15.57550", "2020-03-31": "14.18310", "2019-12-31": "16.19440", "2019-09-30": "15.24660", "2019-06-30": "16.73550", "2019-03-31": "9.81280", "2018-12-31": "15.26000", "2018-09-30": "15.23760", "2018-06-30": "15.70590", "2018-03-31": "12.65360", "2017-12-31": "3.03730", "2017-09-30": "14.80510", "2017-06-30": "17.13530", "2017-03-31": "11.88000", "2016-12-31": "20.02600", "2016-09-30": "15.09870", "2016-06-30": "15.63170", "2016-03-31": "12.83190", "2015-12-31": "20.16870", "2015-09-30": "13.74010", "2015-06-30": "13.11700", "2015-03-31": "11.60680", "2014-12-31": "24.11790", "2014-09-30": "15.20700", "2014-06-30": "12.34390", "2014-03-31": "11.07660", "2013-12-31": "13.71920", "2013-09-30": "13.42440", "2013-06-30": "11.50380", "2013-03-31": "4.18710", "2012-12-31": "-16.15910", "2012-09-30": "6.37780", "2012-06-30": "12.67130", "2012-03-31": "10.02330", "2011-12-31": "-21.75130", "2011-09-30": "10.43210", "2011-06-30": "12.02210", "2011-03-31": "10.90470", "2010-12-31": "7.75120", "2010-09-30": "11.73830", "2010-06-30": "12.57600", "2010-03-31": "8.99570", "2009-12-31": "7.47480", "2009-09-30": "10.06270", "2009-06-30": "9.16230", "2009-03-31": "5.87120", "2008-12-31": "5.88780", "2008-09-30": "10.00380", "2008-06-30": "10.74680", "2008-03-31": "11.72410", "2007-12-31": "11.92630", "2007-09-30": "11.34300", "2007-06-30": "12.54980", "2007-03-31": "10.27930", "2006-12-31": "10.81850", "2006-09-30": "7.74950", "2006-06-30": "12.52580", "2006-03-31": "10.18370", "2005-12-31": "9.20740", "2005-09-30": "10.73280", "2005-06-30": "13.59940", "2005-03-31": "10.15820"}, "EBIT Margin": {"2020-09-30": "16.04260", "2020-06-30": "15.57550", "2020-03-31": "14.18310", "2019-12-31": "16.19440", "2019-09-30": "15.24660", "2019-06-30": "16.73550", "2019-03-31": "9.81280", "2018-12-31": "15.26000", "2018-09-30": "15.23760", "2018-06-30": "15.70590", "2018-03-31": "12.65360", "2017-12-31": "3.03720", "2017-09-30": "14.80510", "2017-06-30": "17.13530", "2017-03-31": "11.88000", "2016-12-31": "20.02600", "2016-09-30": "15.09870", "2016-06-30": "15.63170", "2016-03-31": "12.83190", "2015-12-31": "20.16870", "2015-09-30": "13.74010", "2015-06-30": "13.11700", "2015-03-31": "11.60680", "2014-12-31": "24.11800", "2014-09-30": "15.20700", "2014-06-30": "12.34390", "2014-03-31": "11.07660", "2013-12-31": "13.71920", "2013-09-30": "13.42440", "2013-06-30": "11.50380", "2013-03-31": "4.18710", "2012-12-31": "-16.15910", "2012-09-30": "6.37780", "2012-06-30": "12.67130", "2012-03-31": "10.02330", "2011-12-31": "-21.75130", "2011-09-30": "10.43210", "2011-06-30": "12.02210", "2011-03-31": "10.90470", "2010-12-31": "7.75120", "2010-09-30": "11.73830", "2010-06-30": "12.57600", "2010-03-31": "8.99570", "2009-12-31": "7.47480", "2009-09-30": "10.06270", "2009-06-30": "9.16230", "2009-03-31": "5.87120", "2008-12-31": "5.88780", "2008-09-30": "10.00380", "2008-06-30": "10.74680", "2008-03-31": "11.72410", "2007-12-31": "11.92640", "2007-09-30": "11.34300", "2007-06-30": "12.54980", "2007-03-31": "10.27930", "2006-12-31": "10.81850", "2006-09-30": "7.74950", "2006-06-30": "12.52580", "2006-03-31": "10.18370", "2005-12-31": "9.20740", "2005-09-30": "10.73280", "2005-06-30": "13.59940", "2005-03-31": "10.15820"}, "EBITDA Margin": {"2020-09-30": "", "2020-06-30": "", "2020-03-31": "", "2019-12-31": "", "2019-09-30": "", "2019-06-30": "", "2019-03-31": "", "2018-12-31": "", "2018-09-30": "", "2018-06-30": "", "2018-03-31": "", "2017-12-31": "", "2017-09-30": "", "2017-06-30": "", "2017-03-31": "", "2016-12-31": "", "2016-09-30": "", "2016-06-30": "", "2016-03-31": "", "2015-12-31": "", "2015-09-30": "", "2015-06-30": "", "2015-03-31": "", "2014-12-31": "", "2014-09-30": "", "2014-06-30": "", "2014-03-31": "", "2013-12-31": "", "2013-09-30": "", "2013-06-30": "", "2013-03-31": "", "2012-12-31": "", "2012-09-30": "", "2012-06-30": "", "2012-03-31": "", "2011-12-31": "", "2011-09-30": "", "2011-06-30": "", "2011-03-31": "", "2010-12-31": "", "2010-09-30": "", "2010-06-30": "", "2010-03-31": "", "2009-12-31": "", "2009-09-30": "", "2009-06-30": "", "2009-03-31": "", "2008-12-31": "", "2008-09-30": "", "2008-06-30": "", "2008-03-31": "", "2007-12-31": "", "2007-09-30": "", "2007-06-30": "", "2007-03-31": "", "2006-12-31": "", "2006-09-30": "", "2006-06-30": "", "2006-03-31": "", "2005-12-31": "", "2005-09-30": "", "2005-06-30": "", "2005-03-31": ""}, "Pre-Tax Profit Margin": {"2020-09-30": "15.67940", "2020-06-30": "14.52400", "2020-03-31": "13.04230", "2019-12-31": "14.02280", "2019-09-30": "14.18160", "2019-06-30": "17.16070", "2019-03-31": "9.17400", "2018-12-31": "14.28760", "2018-09-30": "14.30980", "2018-06-30": "12.64410", "2018-03-31": "10.03280", "2017-12-31": "-6.98100", "2017-09-30": "12.07100", "2017-06-30": "0.21220", "2017-03-31": "8.75370", "2016-12-31": "23.31490", "2016-09-30": "12.36480", "2016-06-30": "12.99570", "2016-03-31": "9.82350", "2015-12-31": "10.04360", "2015-09-30": "10.98130", "2015-06-30": "12.03350", "2015-03-31": "10.40680", "2014-12-31": "27.13710", "2014-09-30": "14.25160", "2014-06-30": "11.37340", "2014-03-31": "10.11560", "2013-12-31": "12.84070", "2013-09-30": "12.43800", "2013-06-30": "10.61260", "2013-03-31": "4.18150", "2012-12-31": "-21.93330", "2012-09-30": "4.29810", "2012-06-30": "11.02500", "2012-03-31": "8.50820", "2011-12-31": "-23.73460", "2011-09-30": "8.54580", "2011-06-30": "10.49040", "2011-03-31": "9.75450", "2010-12-31": "6.58850", "2010-09-30": "10.62600", "2010-06-30": "11.67240", "2010-03-31": "7.66010", "2009-12-31": "5.98280", "2009-09-30": "8.57690", "2009-06-30": "7.01210", "2009-03-31": "3.96840", "2008-12-31": "4.00440", "2008-09-30": "7.78140", "2008-06-30": "21.09200", "2008-03-31": "9.67550", "2007-12-31": "9.41200", "2007-09-30": "9.02910", "2007-06-30": "10.49050", "2007-03-31": "8.30310", "2006-12-31": "8.43380", "2006-09-30": "6.09700", "2006-06-30": "11.06960", "2006-03-31": "8.46160", "2005-12-31": "7.62760", "2005-09-30": "9.23180", "2005-06-30": "12.77540", "2005-03-31": "8.56920"}, "Net Profit Margin": {"2020-09-30": "13.87600", "2020-06-30": "10.10800", "2020-03-31": "10.23940", "2019-12-31": "12.95020", "2019-09-30": "12.93440", "2019-06-30": "14.29640", "2019-03-31": "7.44670", "2018-12-31": "12.54560", "2018-09-30": "15.47650", "2018-06-30": "5.31640", "2018-03-31": "14.04590", "2017-12-31": "85.94740", "2017-09-30": "18.23740", "2017-06-30": "34.97350", "2017-03-31": "7.41870", "2016-12-31": "-14.21900", "2016-09-30": "11.64620", "2016-06-30": "10.97450", "2016-03-31": "9.02520", "2015-12-31": "-123.38060", "2015-09-30": "10.35230", "2015-06-30": "8.89720", "2015-03-31": "7.72200", "2014-12-31": "-21.20410", "2014-09-30": "-10.57780", "2014-06-30": "8.80540", "2014-03-31": "7.21410", "2013-12-31": "10.21830", "2013-09-30": "10.08580", "2013-06-30": "7.84740", "2013-03-31": "2.91350", "2012-12-31": "-16.64640", "2012-09-30": "3.62800", "2012-06-30": "7.72170", "2012-03-31": "7.22610", "2011-12-31": "-20.31230", "2011-09-30": "5.73720", "2011-06-30": "7.32960", "2011-03-31": "6.39540", "2010-12-31": "4.43860", "2010-09-30": "7.11480", "2010-06-30": "7.67190", "2010-03-31": "4.99580", "2009-12-31": "4.17970", "2009-09-30": "5.57570", "2009-06-30": "4.60250", "2009-03-31": "2.72390", "2008-12-31": "0.59780", "2008-09-30": "4.80480", "2008-06-30": "15.44280", "2008-03-31": "5.33520", "2007-12-31": "6.32470", "2007-09-30": "7.06810", "2007-06-30": "6.90150", "2007-03-31": "5.33180", "2006-12-31": "6.32180", "2006-09-30": "4.47820", "2006-06-30": "7.96190", "2006-03-31": "5.39550", "2005-12-31": "5.32100", "2005-09-30": "6.21700", "2005-06-30": "7.78400", "2005-03-31": "5.66220"}, "Asset Turnover": {"2020-09-30": "0.19460", "2020-06-30": "0.17330", "2020-03-31": "0.16040", "2019-12-31": "0.18240", "2019-09-30": "0.17490", "2019-06-30": "0.19170", "2019-03-31": "0.15720", "2018-12-31": "0.19450", "2018-09-30": "0.18670", "2018-06-30": "0.20510", "2018-03-31": "0.07820", "2017-12-31": "0.02560", "2017-09-30": "0.07970", "2017-06-30": "0.08700", "2017-03-31": "0.10010", "2016-12-31": "-0.07990", "2016-09-30": "0.10370", "2016-06-30": "0.11080", "2016-03-31": "0.09890", "2015-12-31": "0.03100", "2015-09-30": "0.08780", "2015-06-30": "0.15720", "2015-03-31": "0.13960", "2014-12-31": "-0.05350", "2014-09-30": "0.16090", "2014-06-30": "0.15790", "2014-03-31": "0.13970", "2013-12-31": "0.13180", "2013-09-30": "0.14510", "2013-06-30": "0.16830", "2013-03-31": "0.15140", "2012-12-31": "0.13820", "2012-09-30": "0.07230", "2012-06-30": "0.20530", "2012-03-31": "0.17960", "2011-12-31": "0.18880", "2011-09-30": "0.18240", "2011-06-30": "0.18020", "2011-03-31": "0.18980", "2010-12-31": "0.18970", "2010-09-30": "0.19480", "2010-06-30": "0.20670", "2010-03-31": "0.17760", "2009-12-31": "0.17950", "2009-09-30": "0.16640", "2009-06-30": "0.17440", "2009-03-31": "0.15750", "2008-12-31": "0.18940", "2008-09-30": "0.20130", "2008-06-30": "0.20680", "2008-03-31": "0.19910", "2007-12-31": "0.19190", "2007-09-30": "0.20600", "2007-06-30": "0.22630", "2007-03-31": "0.21200", "2006-12-31": "0.18160", "2006-09-30": "0.23190", "2006-06-30": "0.25430", "2006-03-31": "0.22760", "2005-12-31": "0.22500", "2005-09-30": "0.22560", "2005-06-30": "0.24880", "2005-03-31": "0.21980"}, "Inventory Turnover Ratio": {"2020-09-30": "1.29720", "2020-06-30": "1.18080", "2020-03-31": "1.16820", "2019-12-31": "1.27450", "2019-09-30": "1.17500", "2019-06-30": "1.29270", "2019-03-31": "1.07470", "2018-12-31": "1.21940", "2018-09-30": "1.20730", "2018-06-30": "1.35840", "2018-03-31": "0.80760", "2017-12-31": "0.46370", "2017-09-30": "0.77880", "2017-06-30": "0.84970", "2017-03-31": "1.39410", "2016-12-31": "-1.00420", "2016-09-30": "1.38400", "2016-06-30": "0.72310", "2016-03-31": "0.63350", "2015-12-31": "0.42450", "2015-09-30": "0.55400", "2015-06-30": "0.91220", "2015-03-31": "0.81970", "2014-12-31": "-0.31410", "2014-09-30": "0.94520", "2014-06-30": "0.93950", "2014-03-31": "0.84920", "2013-12-31": "0.82340", "2013-09-30": "0.84760", "2013-06-30": "0.98330", "2013-03-31": "0.94250", "2012-12-31": "0.93490", "2012-09-30": "0.42570", "2012-06-30": "1.36810", "2012-03-31": "1.21370", "2011-12-31": "1.33570", "2011-09-30": "1.34480", "2011-06-30": "1.28390", "2011-03-31": "1.31440", "2010-12-31": "1.28680", "2010-09-30": "1.31000", "2010-06-30": "1.40720", "2010-03-31": "1.35650", "2009-12-31": "1.35820", "2009-09-30": "1.24370", "2009-06-30": "1.37080", "2009-03-31": "1.18160", "2008-12-31": "1.28960", "2008-09-30": "1.43670", "2008-06-30": "1.46120", "2008-03-31": "1.43920", "2007-12-31": "1.35880", "2007-09-30": "1.45720", "2007-06-30": "1.56770", "2007-03-31": "1.41530", "2006-12-31": "1.03500", "2006-09-30": "1.42220", "2006-06-30": "1.57630", "2006-03-31": "1.46130", "2005-12-31": "1.50100", "2005-09-30": "1.49550", "2005-06-30": "1.62990", "2005-03-31": "1.48720"}, "Receiveable Turnover": {"2020-09-30": "2.20520", "2020-06-30": "1.77530", "2020-03-31": "1.06770", "2019-12-31": "1.50170", "2019-09-30": "1.76630", "2019-06-30": "1.73960", "2019-03-31": "1.06690", "2018-12-31": "1.51680", "2018-09-30": "1.76790", "2018-06-30": "1.84930", "2018-03-31": "0.74360", "2017-12-31": "0.45660", "2017-09-30": "0.89510", "2017-06-30": "0.98630", "2017-03-31": "1.29430", "2016-12-31": "-1.20590", "2016-09-30": "1.75590", "2016-06-30": "1.19790", "2016-03-31": "0.93800", "2015-12-31": "0.47520", "2015-09-30": "0.97910", "2015-06-30": "1.41910", "2015-03-31": "1.18240", "2014-12-31": "-0.47240", "2014-09-30": "1.48900", "2014-06-30": "1.40850", "2014-03-31": "1.16540", "2013-12-31": "1.20480", "2013-09-30": "1.31870", "2013-06-30": "1.50420", "2013-03-31": "1.15080", "2012-12-31": "1.28810", "2012-09-30": "0.65590", "2012-06-30": "1.64560", "2012-03-31": "1.26130", "2011-12-31": "1.52090", "2011-09-30": "1.59970", "2011-06-30": "1.52870", "2011-03-31": "1.26270", "2010-12-31": "1.45840", "2010-09-30": "1.57830", "2010-06-30": "1.67370", "2010-03-31": "1.28350", "2009-12-31": "1.54310", "2009-09-30": "1.56610", "2009-06-30": "1.50120", "2009-03-31": "1.25460", "2008-12-31": "1.66490", "2008-09-30": "1.67220", "2008-06-30": "1.62850", "2008-03-31": "1.36100", "2007-12-31": "1.66350", "2007-09-30": "1.73440", "2007-06-30": "1.71640", "2007-03-31": "1.50960", "2006-12-31": "1.44780", "2006-09-30": "1.71270", "2006-06-30": "1.71380", "2006-03-31": "1.48070", "2005-12-31": "1.72730", "2005-09-30": "1.67170", "2005-06-30": "1.72210", "2005-03-31": "1.49210"}, "Days Sales In Receivables": {"2020-09-30": "40.81280", "2020-06-30": "50.69680", "2020-03-31": "84.29580", "2019-12-31": "59.93250", "2019-09-30": "50.95290", "2019-06-30": "51.73730", "2019-03-31": "84.35620", "2018-12-31": "59.33560", "2018-09-30": "50.90810", "2018-06-30": "48.66640", "2018-03-31": "121.03200", "2017-12-31": "197.09420", "2017-09-30": "100.54970", "2017-06-30": "91.25330", "2017-03-31": "69.53610", "2016-12-31": "-74.63370", "2016-09-30": "51.25550", "2016-06-30": "75.12910", "2016-03-31": "95.95210", "2015-12-31": "189.40670", "2015-09-30": "91.91680", "2015-06-30": "63.42040", "2015-03-31": "76.11860", "2014-12-31": "-190.50550", "2014-09-30": "60.44190", "2014-06-30": "63.89950", "2014-03-31": "77.22810", "2013-12-31": "74.69960", "2013-09-30": "68.24720", "2013-06-30": "59.83350", "2013-03-31": "78.20800", "2012-12-31": "69.87090", "2012-09-30": "137.21600", "2012-06-30": "54.69250", "2012-03-31": "71.35590", "2011-12-31": "59.17530", "2011-09-30": "56.25980", "2011-06-30": "58.87510", "2011-03-31": "71.27540", "2010-12-31": "61.71120", "2010-09-30": "57.02200", "2010-06-30": "53.77150", "2010-03-31": "70.11850", "2009-12-31": "58.32400", "2009-09-30": "57.46680", "2009-06-30": "59.95220", "2009-03-31": "71.73360", "2008-12-31": "54.05850", "2008-09-30": "53.82020", "2008-06-30": "55.26490", "2008-03-31": "66.12860", "2007-12-31": "54.10340", "2007-09-30": "51.89220", "2007-06-30": "52.43490", "2007-03-31": "59.61970", "2006-12-31": "62.16270", "2006-09-30": "52.54740", "2006-06-30": "52.51420", "2006-03-31": "60.78270", "2005-12-31": "52.10430", "2005-09-30": "53.83680", "2005-06-30": "52.26100", "2005-03-31": "60.31870"}, "ROE - Return On Equity": {"2020-09-30": "5.40540", "2020-06-30": "3.78520", "2020-03-31": "3.84150", "2019-12-31": "5.26640", "2019-09-30": "4.88550", "2019-06-30": "6.37110", "2019-03-31": "2.80150", "2018-12-31": "5.13040", "2018-09-30": "4.85050", "2018-06-30": "4.12410", "2018-03-31": "1.23740", "2017-12-31": "-0.24020", "2017-09-30": "0.97630", "2017-06-30": "-0.06930", "2017-03-31": "1.84470", "2016-12-31": "-3.85010", "2016-09-30": "2.69790", "2016-06-30": "3.18510", "2016-03-31": "2.24770", "2015-12-31": "0.75580", "2015-09-30": "2.08780", "2015-06-30": "3.38090", "2015-03-31": "2.67220", "2014-12-31": "-2.58590", "2014-09-30": "3.87530", "2014-06-30": "2.78380", "2014-03-31": "2.11410", "2013-12-31": "2.29020", "2013-09-30": "2.68310", "2013-06-30": "2.61490", "2013-03-31": "0.84030", "2012-12-31": "-3.83660", "2012-09-30": "0.46800", "2012-06-30": "3.51300", "2012-03-31": "2.93900", "2011-12-31": "-8.56820", "2011-09-30": "2.26510", "2011-06-30": "2.87880", "2011-03-31": "2.27970", "2010-12-31": "1.66270", "2010-09-30": "2.51750", "2010-06-30": "2.94540", "2010-03-31": "1.70590", "2009-12-31": "1.28830", "2009-09-30": "1.82510", "2009-06-30": "1.57760", "2009-03-31": "0.88370", "2008-12-31": "1.06400", "2008-09-30": "2.06790", "2008-06-30": "6.29840", "2008-03-31": "2.65740", "2007-12-31": "2.57560", "2007-09-30": "3.24260", "2007-06-30": "3.43760", "2007-03-31": "2.49900", "2006-12-31": "2.46140", "2006-09-30": "2.03810", "2006-06-30": "4.17940", "2006-03-31": "2.70090", "2005-12-31": "2.50420", "2005-09-30": "2.87530", "2005-06-30": "4.05890", "2005-03-31": "2.72850"}, "Return On Tangible Equity": {"2020-09-30": "-18.37170", "2020-06-30": "-10.88820", "2020-03-31": "-10.52400", "2019-12-31": "-15.98820", "2019-09-30": "-12.44550", "2019-06-30": "-13.78280", "2019-03-31": "-6.76920", "2018-12-31": "-18.36620", "2018-09-30": "-18.01660", "2018-06-30": "-15.69300", "2018-03-31": "-4.87930", "2017-12-31": "-0.46480", "2017-09-30": "-5.18940", "2017-06-30": "0.32850", "2017-03-31": "-5.23010", "2016-12-31": "10.27090", "2016-09-30": "-7.43950", "2016-06-30": "-3.80800", "2016-03-31": "-2.53120", "2015-12-31": "-1.51680", "2015-09-30": "-2.48750", "2015-06-30": "-8.70770", "2015-03-31": "-6.53910", "2014-12-31": "7.15220", "2014-09-30": "-13.06150", "2014-06-30": "-14.51760", "2014-03-31": "-13.78670", "2013-12-31": "-36.24330", "2013-09-30": "-22.56270", "2013-06-30": "-18.10550", "2013-03-31": "-13.91650", "2012-12-31": "45.22170", "2012-09-30": "13.29480", "2012-06-30": "-10.51200", "2012-03-31": "-8.41690", "2011-12-31": "21.42440", "2011-09-30": "-6.21290", "2011-06-30": "-7.90930", "2011-03-31": "-18.83730", "2010-12-31": "-11.65420", "2010-09-30": "-17.49080", "2010-06-30": "-15.67520", "2010-03-31": "-8.41450", "2009-12-31": "-6.10300", "2009-09-30": "-7.51330", "2009-06-30": "-5.83970", "2009-03-31": "-2.99170", "2008-12-31": "-3.59860", "2008-09-30": "-9.23860", "2008-06-30": "-28.73470", "2008-03-31": "-9.64350", "2007-12-31": "-8.55540", "2007-09-30": "-9.06140", "2007-06-30": "-9.33220", "2007-03-31": "-8.65640", "2006-12-31": "-12.24180", "2006-09-30": "-9.47690", "2006-06-30": "-19.57490", "2006-03-31": "-10.98500", "2005-12-31": "-9.07790", "2005-09-30": "-13.39460", "2005-06-30": "-17.22720", "2005-03-31": "-9.96780"}, "ROA - Return On Assets": {"2020-09-30": "2.70010", "2020-06-30": "1.79300", "2020-03-31": "1.64230", "2019-12-31": "2.48580", "2019-09-30": "2.23750", "2019-06-30": "2.76020", "2019-03-31": "1.19570", "2018-12-31": "2.47470", "2018-09-30": "2.39400", "2018-06-30": "2.04680", "2018-03-31": "0.62340", "2017-12-31": "-0.14010", "2017-09-30": "0.56670", "2017-06-30": "-0.03920", "2017-03-31": "0.68290", "2016-12-31": "-1.42010", "2016-09-30": "1.00610", "2016-06-30": "1.13000", "2016-03-31": "0.76310", "2015-12-31": "0.25610", "2015-09-30": "0.74740", "2015-06-30": "1.45670", "2015-03-31": "1.11830", "2014-12-31": "-1.13180", "2014-09-30": "1.76170", "2014-06-30": "1.37040", "2014-03-31": "1.06660", "2013-12-31": "1.21260", "2013-09-30": "1.40970", "2013-06-30": "1.33200", "2013-03-31": "0.45470", "2012-12-31": "-2.09460", "2012-09-30": "0.27230", "2012-06-30": "1.62220", "2012-03-31": "1.31850", "2011-12-31": "-3.82500", "2011-09-30": "1.06610", "2011-06-30": "1.34860", "2011-03-31": "1.25000", "2010-12-31": "0.92270", "2010-09-30": "1.40280", "2010-06-30": "1.59920", "2010-03-31": "0.90500", "2009-12-31": "0.70040", "2009-09-30": "0.97120", "2009-06-30": "0.81530", "2009-03-31": "0.44030", "2008-12-31": "0.53030", "2008-09-30": "1.05860", "2008-06-30": "3.21910", "2008-03-31": "1.25800", "2007-12-31": "1.23020", "2007-09-30": "1.48690", "2007-06-30": "1.53510", "2007-03-31": "1.13970", "2006-12-31": "1.22160", "2006-09-30": "0.99670", "2006-06-30": "2.02450", "2006-03-31": "1.27100", "2005-12-31": "1.19730", "2005-09-30": "1.40260", "2005-06-30": "1.93660", "2005-03-31": "1.24440"}, "ROI - Return On Investment": {"2020-09-30": "3.88090", "2020-06-30": "2.49100", "2020-03-31": "2.17470", "2019-12-31": "3.44950", "2019-09-30": "3.05610", "2019-06-30": "3.80910", "2019-03-31": "1.61670", "2018-12-31": "3.59040", "2018-09-30": "3.40430", "2018-06-30": "2.91890", "2018-03-31": "0.79000", "2017-12-31": "-0.18680", "2017-09-30": "0.75090", "2017-06-30": "-0.05150", "2017-03-31": "0.90640", "2016-12-31": "-1.91970", "2016-09-30": "1.34030", "2016-06-30": "1.52210", "2016-03-31": "1.02900", "2015-12-31": "0.34850", "2015-09-30": "0.99480", "2015-06-30": "1.96980", "2015-03-31": "1.51020", "2014-12-31": "-1.57420", "2014-09-30": "2.42810", "2014-06-30": "1.88230", "2014-03-31": "1.41490", "2013-12-31": "1.62450", "2013-09-30": "1.89690", "2013-06-30": "1.79030", "2013-03-31": "0.59650", "2012-12-31": "-2.78360", "2012-09-30": "0.38530", "2012-06-30": "2.21980", "2012-03-31": "1.78030", "2011-12-31": "-5.23400", "2011-09-30": "1.43970", "2011-06-30": "1.81650", "2011-03-31": "1.68680", "2010-12-31": "1.26090", "2010-09-30": "1.93040", "2010-06-30": "2.18000", "2010-03-31": "1.21130", "2009-12-31": "0.93500", "2009-09-30": "1.31820", "2009-06-30": "1.10340", "2009-03-31": "0.59130", "2008-12-31": "0.72280", "2008-09-30": "1.40130", "2008-06-30": "4.31020", "2008-03-31": "1.69600", "2007-12-31": "1.66680", "2007-09-30": "2.02260", "2007-06-30": "2.06930", "2007-03-31": "1.54340", "2006-12-31": "1.71860", "2006-09-30": "1.37680", "2006-06-30": "2.80820", "2006-03-31": "1.73480", "2005-12-31": "1.69070", "2005-09-30": "1.99330", "2005-06-30": "2.74040", "2005-03-31": "1.73150"}, "Book Value Per Share": {"2020-09-30": "12.32590", "2020-06-30": "11.75230", "2020-03-31": "11.42120", "2019-12-31": "11.60960", "2019-09-30": "11.11720", "2019-06-30": "10.75360", "2019-03-31": "10.88070", "2018-12-31": "10.71240", "2018-09-30": "10.83060", "2018-06-30": "10.76910", "2018-03-31": "26.45570", "2017-12-31": "27.94120", "2017-09-30": "27.58040", "2017-06-30": "27.01650", "2017-03-31": "24.01100", "2016-12-31": "23.40150", "2016-09-30": "23.96970", "2016-06-30": "23.00550", "2016-03-31": "22.60210", "2015-12-31": "22.20940", "2015-09-30": "25.15750", "2015-06-30": "25.28950", "2015-03-31": "24.60120", "2014-12-31": "25.55510", "2014-09-30": "26.59210", "2014-06-30": "29.69260", "2014-03-31": "30.48950", "2013-12-31": "31.49800", "2013-09-30": "31.11740", "2013-06-30": "29.83380", "2013-03-31": "31.01710", "2012-12-31": "31.47740", "2012-09-30": "33.12650", "2012-06-30": "21.34870", "2012-03-31": "21.64210", "2011-12-31": "20.75980", "2011-09-30": "23.31550", "2011-06-30": "23.96430", "2011-03-31": "23.19110", "2010-12-31": "22.40680", "2010-09-30": "22.36910", "2010-06-30": "21.19350", "2010-03-31": "21.40940", "2009-12-31": "21.55310", "2009-09-30": "21.54890", "2009-06-30": "20.90620", "2009-03-31": "20.40480", "2008-12-31": "20.55490", "2008-09-30": "22.06520", "2008-06-30": "22.44910", "2008-03-31": "19.92350", "2007-12-31": "19.25850", "2007-09-30": "18.37940", "2007-06-30": "17.74830", "2007-03-31": "17.09650", "2006-12-31": "16.73730", "2006-09-30": "16.39950", "2006-06-30": "16.23940", "2006-03-31": "15.68920", "2005-12-31": "15.37130", "2005-09-30": "15.20180", "2005-06-30": "14.84800", "2005-03-31": "14.49420"}, "Operating Cash Flow Per Share": {"2020-09-30": 1.3954, "2020-06-30": 2.5613, "2020-03-31": "-0.96270", "2019-12-31": 0.5016, "2019-09-30": 1.0028, "2019-06-30": 2.053, "2019-03-31": "-1.48580", "2018-12-31": 0.8568, "2018-09-30": 0.6573, "2018-06-30": 1.8859, "2018-03-31": "-0.92340", "2017-12-31": 1.4045, "2017-09-30": 1.1268, "2017-06-30": 1.421, "2017-03-31": "-0.57610", "2016-12-31": 1.6718, "2016-09-30": 1.0136, "2016-06-30": 2.1013, "2016-03-31": "-0.08220", "2015-12-31": 1.8806, "2015-09-30": 1.1505, "2015-06-30": 1.7467, "2015-03-31": "-0.72910", "2014-12-31": 1.6669, "2014-09-30": 1.4286, "2014-06-30": 2.098, "2014-03-31": "0.01250", "2013-12-31": 1.409, "2013-09-30": 1.2474, "2013-06-30": 1.7832, "2013-03-31": "0.09560", "2012-12-31": -2.0613, "2012-09-30": 0.7561, "2012-06-30": 2.3255, "2012-03-31": "-0.67730", "2011-12-31": 0.8503, "2011-09-30": 0.8853, "2011-06-30": 2.0085, "2011-03-31": "-0.48340", "2010-12-31": 0.2184, "2010-09-30": 0.9348, "2010-06-30": 1.6734, "2010-03-31": "-0.10360", "2009-12-31": 0.2031, "2009-09-30": 1.1478, "2009-06-30": 1.4457, "2009-03-31": "-0.17410", "2008-12-31": 0.6832, "2008-09-30": 0.6197, "2008-06-30": 1.467, "2008-03-31": "-0.70850", "2007-12-31": 1.1208, "2007-09-30": 1.3095, "2007-06-30": 1.5506, "2007-03-31": "-0.57510", "2006-12-31": 1.0375, "2006-09-30": 0.7851, "2006-06-30": 1.3613, "2006-03-31": "-0.90060", "2005-12-31": 1.1877, "2005-09-30": 0.849, "2005-06-30": 1.1601, "2005-03-31": "-0.78150"}, "Free Cash Flow Per Share": {"2020-09-30": 1.313, "2020-06-30": 2.4888, "2020-03-31": "-1.07290", "2019-12-31": 0.424, "2019-09-30": 0.9131, "2019-06-30": 1.9761, "2019-03-31": "-1.58140", "2018-12-31": 0.7807, "2018-09-30": 0.5792, "2018-06-30": 1.8328, "2018-03-31": "-0.98680", "2017-12-31": 1.3328, "2017-09-30": 1.1075, "2017-06-30": 1.4475, "2017-03-31": "-0.70430", "2016-12-31": 1.9215, "2016-09-30": 0.9383, "2016-06-30": 1.9434, "2016-03-31": "-0.23250", "2015-12-31": 1.7491, "2015-09-30": 1.047, "2015-06-30": 1.7012, "2015-03-31": "-0.92340", "2014-12-31": 1.7024, "2014-09-30": 1.2605, "2014-06-30": 1.9425, "2014-03-31": "-0.12170", "2013-12-31": 1.6281, "2013-09-30": 1.0481, "2013-06-30": 1.1962, "2013-03-31": "-0.13880", "2012-12-31": -2.3245, "2012-09-30": 0.5815, "2012-06-30": 2.2041, "2012-03-31": "-0.81670", "2011-12-31": 0.6474, "2011-09-30": 0.7061, "2011-06-30": 1.7901, "2011-03-31": "-0.61610", "2010-12-31": 0.051, "2010-09-30": 0.7943, "2010-06-30": 1.5052, "2010-03-31": "-0.22340", "2009-12-31": 0.056, "2009-09-30": 1.045, "2009-06-30": 1.3185, "2009-03-31": "-0.33430", "2008-12-31": 0.5522, "2008-09-30": 0.4876, "2008-06-30": 1.3444, "2008-03-31": "-0.81090", "2007-12-31": 0.9576, "2007-09-30": 1.1949, "2007-06-30": 1.4413, "2007-03-31": "-0.75000", "2006-12-31": 0.5777, "2006-09-30": 0.6556, "2006-06-30": 1.2536, "2006-03-31": "-0.98810", "2005-12-31": 1.1255, "2005-09-30": 0.7368, "2005-06-30": 1.1002, "2005-03-31": "-0.98920"}}, "revenue": {"Pentair Annual Revenue (Millions of US $)": {"2020": "$3,018", "2019": "$2,957", "2018": "$2,965", "2017": "$2,846", "2016": "$2,781", "2015": "$4,616", "2014": "$4,667", "2013": "$7,000", "2012": "$4,307", "2011": "$3,457", "2010": "$3,031", "2009": "$2,692", "2008": "$3,352", "2007": "$3,281", "2006": "$3,023", "2005": "$2,947"}, "Pentair Quarterly Revenue (Millions of US $)": {"2020-12-31": "$796", "2020-09-30": "$799", "2020-06-30": "$713", "2020-03-31": "$710", "2019-12-31": "$755", "2019-09-30": "$714", "2019-06-30": "$800", "2019-03-31": "$689", "2018-12-31": "$741", "2018-09-30": "$711", "2018-06-30": "$781", "2018-03-31": "$733", "2017-12-31": "$221", "2017-09-30": "$688", "2017-06-30": "$754", "2017-03-31": "$1,184", "2016-12-31": "$-921", "2016-09-30": "$1,211", "2016-06-30": "$1,301", "2016-03-31": "$1,190", "2015-12-31": "$367", "2015-09-30": "$1,113", "2015-06-30": "$1,661", "2015-03-31": "$1,475", "2014-12-31": "$-570", "2014-09-30": "$1,758", "2014-06-30": "$1,834", "2014-03-31": "$1,644", "2013-12-31": "$1,548", "2013-09-30": "$1,713", "2013-06-30": "$1,964", "2013-03-31": "$1,775", "2012-12-31": "$1,642", "2012-09-30": "$866", "2012-06-30": "$942", "2012-03-31": "$858", "2011-12-31": "$866", "2011-09-30": "$891", "2011-06-30": "$910", "2011-03-31": "$790", "2010-12-31": "$754", "2010-09-30": "$774", "2010-06-30": "$796", "2010-03-31": "$707", "2009-12-31": "$702", "2009-09-30": "$663", "2009-06-30": "$694", "2009-03-31": "$634", "2008-12-31": "$768", "2008-09-30": "$856", "2008-06-30": "$898", "2008-03-31": "$830", "2007-12-31": "$768", "2007-09-30": "$821", "2007-06-30": "$899", "2007-03-31": "$793", "2006-12-31": "$611", "2006-09-30": "$778", "2006-06-30": "$862", "2006-03-31": "$771", "2005-12-31": "$732", "2005-09-30": "$716", "2005-06-30": "$789", "2005-03-31": "$710"}}, "gross-profit": {"Pentair Annual Gross Profit (Millions of US $)": {"2020": "$1,058", "2019": "$1,052", "2018": "$1,048", "2017": "$988", "2016": "$959", "2015": "$1,599", "2014": "$1,621", "2013": "$2,370", "2012": "$1,266", "2011": "$1,074", "2010": "$931", "2009": "$785", "2008": "$1,015", "2007": "$1,013", "2006": "$896", "2005": "$848"}, "Pentair Quarterly Gross Profit (Millions of US $)": {"2020-12-31": "$284", "2020-09-30": "$277", "2020-06-30": "$245", "2020-03-31": "$252", "2019-12-31": "$274", "2019-09-30": "$255", "2019-06-30": "$287", "2019-03-31": "$236", "2018-12-31": "$268", "2018-09-30": "$244", "2018-06-30": "$283", "2018-03-31": "$253", "2017-12-31": "$55", "2017-09-30": "$237", "2017-06-30": "$274", "2017-03-31": "$422", "2016-12-31": "$-395", "2016-09-30": "$441", "2016-06-30": "$482", "2016-03-31": "$431", "2015-12-31": "$128", "2015-09-30": "$395", "2015-06-30": "$566", "2015-03-31": "$510", "2014-12-31": "$-215", "2014-09-30": "$625", "2014-06-30": "$646", "2014-03-31": "$564", "2013-12-31": "$564", "2013-09-30": "$615", "2013-06-30": "$667", "2013-03-31": "$524", "2012-12-31": "$395", "2012-09-30": "$278", "2012-06-30": "$312", "2012-03-31": "$281", "2011-12-31": "$265", "2011-09-30": "$272", "2011-06-30": "$288", "2011-03-31": "$249", "2010-12-31": "$232", "2010-09-30": "$237", "2010-06-30": "$248", "2010-03-31": "$214", "2009-12-31": "$212", "2009-09-30": "$207", "2009-06-30": "$196", "2009-03-31": "$169", "2008-12-31": "$229", "2008-09-30": "$256", "2008-06-30": "$278", "2008-03-31": "$251", "2007-12-31": "$253", "2007-09-30": "$245", "2007-06-30": "$280", "2007-03-31": "$236", "2006-12-31": "$198", "2006-09-30": "$212", "2006-06-30": "$263", "2006-03-31": "$223", "2005-12-31": "$208", "2005-09-30": "$201", "2005-06-30": "$235", "2005-03-31": "$204"}}, "operating-income": {"Pentair Annual Operating Income (Millions of US $)": {"2020": "$461", "2019": "$433", "2018": "$437", "2017": "$378", "2016": "$354", "2015": "$616", "2014": "$539", "2013": "$743", "2012": "$-5", "2011": "$100", "2010": "$313", "2009": "$220", "2008": "$325", "2007": "$379", "2006": "$313", "2005": "$324"}, "Pentair Quarterly Operating Income (Millions of US $)": {"2020-12-31": "$122", "2020-09-30": "$128", "2020-06-30": "$111", "2020-03-31": "$101", "2019-12-31": "$122", "2019-09-30": "$109", "2019-06-30": "$134", "2019-03-31": "$68", "2018-12-31": "$113", "2018-09-30": "$108", "2018-06-30": "$123", "2018-03-31": "$93", "2017-12-31": "$7", "2017-09-30": "$102", "2017-06-30": "$129", "2017-03-31": "$141", "2016-12-31": "$-185", "2016-09-30": "$183", "2016-06-30": "$203", "2016-03-31": "$153", "2015-12-31": "$74", "2015-09-30": "$153", "2015-06-30": "$218", "2015-03-31": "$171", "2014-12-31": "$-137", "2014-09-30": "$267", "2014-06-30": "$226", "2014-03-31": "$182", "2013-12-31": "$212", "2013-09-30": "$230", "2013-06-30": "$226", "2013-03-31": "$74", "2012-12-31": "$-265", "2012-09-30": "$55", "2012-06-30": "$119", "2012-03-31": "$86", "2011-12-31": "$-188", "2011-09-30": "$93", "2011-06-30": "$109", "2011-03-31": "$86", "2010-12-31": "$58", "2010-09-30": "$91", "2010-06-30": "$100", "2010-03-31": "$64", "2009-12-31": "$52", "2009-09-30": "$67", "2009-06-30": "$64", "2009-03-31": "$37", "2008-12-31": "$45", "2008-09-30": "$86", "2008-06-30": "$97", "2008-03-31": "$97", "2007-12-31": "$92", "2007-09-30": "$93", "2007-06-30": "$113", "2007-03-31": "$81", "2006-12-31": "$66", "2006-09-30": "$60", "2006-06-30": "$108", "2006-03-31": "$79", "2005-12-31": "$67", "2005-09-30": "$77", "2005-06-30": "$107", "2005-03-31": "$72"}}, "ebitda": {"Pentair Annual EBITDA (Millions of US $)": {"2019": "$513", "2018": "$521", "2017": "$466", "2016": "$443", "2015": "$776", "2014": "$679", "2013": "$1,018", "2012": "$155", "2011": "$208", "2010": "$397", "2009": "$325", "2008": "$412", "2007": "$462", "2006": "$387", "2005": "$396"}, "Pentair Quarterly EBITDA (Millions of US $)": {"2020-09-30": "$147", "2020-06-30": "$129", "2020-03-31": "$120", "2019-12-31": "$142", "2019-09-30": "$128", "2019-06-30": "$155", "2019-03-31": "$88", "2018-12-31": "$134", "2018-09-30": "$129", "2018-06-30": "$144", "2018-03-31": "$115", "2017-12-31": "$28", "2017-09-30": "$124", "2017-06-30": "$127", "2017-03-31": "$186", "2016-12-31": "$-233", "2016-09-30": "$228", "2016-06-30": "$250", "2016-03-31": "$198", "2015-12-31": "$120", "2015-09-30": "$145", "2015-06-30": "$280", "2015-03-31": "$231", "2014-12-31": "$-187", "2014-09-30": "$330", "2014-06-30": "$290", "2014-03-31": "$245", "2013-12-31": "$272", "2013-09-30": "$291", "2013-06-30": "$300", "2013-03-31": "$154", "2012-12-31": "$-183", "2012-09-30": "$81", "2012-06-30": "$146", "2012-03-31": "$112", "2011-12-31": "$-159", "2011-09-30": "$122", "2011-06-30": "$138", "2011-03-31": "$108", "2010-12-31": "$80", "2010-09-30": "$111", "2010-06-30": "$121", "2010-03-31": "$85", "2009-12-31": "$92", "2009-09-30": "$89", "2009-06-30": "$85", "2009-03-31": "$60", "2008-12-31": "$67", "2008-09-30": "$107", "2008-06-30": "$119", "2008-03-31": "$119", "2007-12-31": "$111", "2007-09-30": "$114", "2007-06-30": "$136", "2007-03-31": "$102", "2006-12-31": "$81", "2006-09-30": "$79", "2006-06-30": "$128", "2006-03-31": "$98", "2005-12-31": "$85", "2005-09-30": "$95", "2005-06-30": "$126", "2005-03-31": "$91"}}, "net-income": {"Pentair Annual Net Income (Millions of US $)": {"2020": "$359", "2019": "$356", "2018": "$347", "2017": "$667", "2016": "$522", "2015": "$-76", "2014": "$215", "2013": "$537", "2012": "$-107", "2011": "$-8", "2010": "$185", "2009": "$115", "2008": "$229", "2007": "$211", "2006": "$184", "2005": "$185"}, "Pentair Quarterly Net Income (Millions of US $)": {"2020-12-31": "$103", "2020-09-30": "$111", "2020-06-30": "$72", "2020-03-31": "$73", "2019-12-31": "$98", "2019-09-30": "$92", "2019-06-30": "$114", "2019-03-31": "$51", "2018-12-31": "$93", "2018-09-30": "$110", "2018-06-30": "$42", "2018-03-31": "$103", "2017-12-31": "$190", "2017-09-30": "$125", "2017-06-30": "$264", "2017-03-31": "$88", "2016-12-31": "$131", "2016-09-30": "$141", "2016-06-30": "$143", "2016-03-31": "$107", "2015-12-31": "$-453", "2015-09-30": "$115", "2015-06-30": "$148", "2015-03-31": "$114", "2014-12-31": "$121", "2014-09-30": "$-186", "2014-06-30": "$162", "2014-03-31": "$119", "2013-12-31": "$158", "2013-09-30": "$173", "2013-06-30": "$154", "2013-03-31": "$52", "2012-12-31": "$-273", "2012-09-30": "$31", "2012-06-30": "$73", "2012-03-31": "$62", "2011-12-31": "$-176", "2011-09-30": "$51", "2011-06-30": "$67", "2011-03-31": "$51", "2010-12-31": "$33", "2010-09-30": "$55", "2010-06-30": "$61", "2010-03-31": "$35", "2009-12-31": "$29", "2009-09-30": "$37", "2009-06-30": "$32", "2009-03-31": "$17", "2008-12-31": "$5", "2008-09-30": "$41", "2008-06-30": "$139", "2008-03-31": "$44", "2007-12-31": "$49", "2007-09-30": "$58", "2007-06-30": "$62", "2007-03-31": "$42", "2006-12-31": "$39", "2006-09-30": "$35", "2006-06-30": "$69", "2006-03-31": "$42", "2005-12-31": "$39", "2005-09-30": "$45", "2005-06-30": "$61", "2005-03-31": "$40"}}, "eps-earnings-per-share-diluted": {"Pentair Annual EPS": {"2020": "$2.14", "2019": "$2.09", "2018": "$1.96", "2017": "$3.63", "2016": "$2.85", "2015": "$-0.42", "2014": "$1.11", "2013": "$2.62", "2012": "$-0.84", "2011": "$-0.08", "2010": "$1.86", "2009": "$1.17", "2008": "$2.31", "2007": "$2.11", "2006": "$1.81", "2005": "$1.80"}, "Pentair Quarterly EPS": {"2020-12-31": "$0.61", "2020-09-30": "$0.66", "2020-06-30": "$0.43", "2020-03-31": "$0.43", "2019-12-31": "$0.57", "2019-09-30": "$0.55", "2019-06-30": "$0.67", "2019-03-31": "$0.30", "2018-12-31": "$0.53", "2018-09-30": "$0.63", "2018-06-30": "$0.23", "2018-03-31": "$0.57", "2017-12-31": "$1.04", "2017-09-30": "$0.68", "2017-06-30": "$1.43", "2017-03-31": "$0.48", "2016-12-31": "$0.71", "2016-09-30": "$0.77", "2016-06-30": "$0.78", "2016-03-31": "$0.59", "2015-12-31": "$-2.48", "2015-09-30": "$0.63", "2015-06-30": "$0.81", "2015-03-31": "$0.62", "2014-12-31": "$0.65", "2014-09-30": "$-0.95", "2014-06-30": "$0.82", "2014-03-31": "$0.59", "2013-12-31": "$0.77", "2013-09-30": "$0.85", "2013-06-30": "$0.75", "2013-03-31": "$0.25", "2012-12-31": "$-2.49", "2012-09-30": "$0.31", "2012-06-30": "$0.72", "2012-03-31": "$0.62", "2011-12-31": "$-1.77", "2011-09-30": "$0.51", "2011-06-30": "$0.67", "2011-03-31": "$0.51", "2010-12-31": "$0.34", "2010-09-30": "$0.55", "2010-06-30": "$0.61", "2010-03-31": "$0.36", "2009-12-31": "$0.28", "2009-09-30": "$0.38", "2009-06-30": "$0.33", "2009-03-31": "$0.18", "2008-12-31": "$0.05", "2008-09-30": "$0.41", "2008-06-30": "$1.40", "2008-03-31": "$0.45", "2007-12-31": "$0.49", "2007-09-30": "$0.58", "2007-06-30": "$0.62", "2007-03-31": "$0.42", "2006-12-31": "$0.39", "2006-09-30": "$0.34", "2006-06-30": "$0.67", "2006-03-31": "$0.41", "2005-12-31": "$0.38", "2005-09-30": "$0.43", "2005-06-30": "$0.60", "2005-03-31": "$0.39"}}, "shares-outstanding": {"Pentair Annual Shares Outstanding (Millions of Shares)": {"2020": "167", "2019": "170", "2018": "177", "2017": "184", "2016": "183", "2015": "183", "2014": "194", "2013": "205", "2012": "127", "2011": "98", "2010": "99", "2009": "99", "2008": "99", "2007": "100", "2006": "101", "2005": "103"}, "Pentair Quarterly Shares Outstanding (Millions of Shares)": {"2020-12-31": "168", "2020-09-30": "167", "2020-06-30": "166", "2020-03-31": "169", "2019-12-31": "170", "2019-09-30": "169", "2019-06-30": "171", "2019-03-31": "173", "2018-12-31": "177", "2018-09-30": "176", "2018-06-30": "179", "2018-03-31": "182", "2017-12-31": "184", "2017-09-30": "184", "2017-06-30": "184", "2017-03-31": "184", "2016-12-31": "183", "2016-09-30": "184", "2016-06-30": "183", "2016-03-31": "182", "2015-12-31": "183", "2015-09-30": "183", "2015-06-30": "182", "2015-03-31": "183", "2014-12-31": "194", "2014-09-30": "193", "2014-06-30": "196", "2014-03-31": "200", "2013-12-31": "205", "2013-09-30": "203", "2013-06-30": "206", "2013-03-31": "208", "2012-12-31": "127", "2012-09-30": "103", "2012-06-30": "101", "2012-03-31": "100", "2011-12-31": "98", "2011-09-30": "100", "2011-06-30": "100", "2011-03-31": "100", "2010-12-31": "99", "2010-09-30": "100", "2010-06-30": "100", "2010-03-31": "100", "2009-12-31": "99", "2009-09-30": "99", "2009-06-30": "98", "2009-03-31": "98", "2008-12-31": "99", "2008-09-30": "99", "2008-06-30": "100", "2008-03-31": "100", "2007-12-31": "100", "2007-09-30": "100", "2007-06-30": "100", "2007-03-31": "100", "2006-12-31": "101", "2006-09-30": "101", "2006-06-30": "102", "2006-03-31": "102", "2005-12-31": "103", "2005-09-30": "103", "2005-06-30": "103", "2005-03-31": "102"}}, "total-assets": {"Pentair Annual Total Assets (Millions of US $)": {"2019": "$4,140", "2018": "$3,807", "2017": "$8,634", "2016": "$11,535", "2015": "$11,834", "2014": "$10,655", "2013": "$11,743", "2012": "$11,883", "2011": "$4,586", "2010": "$3,974", "2009": "$3,911", "2008": "$4,053", "2007": "$4,001", "2006": "$3,365", "2005": "$3,254"}, "Pentair Quarterly Total Assets (Millions of US $)": {"2020-09-30": "$4,104", "2020-06-30": "$4,116", "2020-03-31": "$4,427", "2019-12-31": "$4,140", "2019-09-30": "$4,080", "2019-06-30": "$4,170", "2019-03-31": "$4,382", "2018-12-31": "$3,807", "2018-09-30": "$3,810", "2018-06-30": "$3,806", "2018-03-31": "$9,368", "2017-12-31": "$8,634", "2017-09-30": "$8,629", "2017-06-30": "$8,669", "2017-03-31": "$11,818", "2016-12-31": "$11,535", "2016-09-30": "$11,679", "2016-06-30": "$11,744", "2016-03-31": "$12,030", "2015-12-31": "$11,834", "2015-09-30": "$12,671", "2015-06-30": "$10,565", "2015-03-31": "$10,569", "2014-12-31": "$10,655", "2014-09-30": "$10,927", "2014-06-30": "$11,617", "2014-03-31": "$11,767", "2013-12-31": "$11,743", "2013-09-30": "$11,804", "2013-06-30": "$11,667", "2013-03-31": "$11,721", "2012-12-31": "$11,883", "2012-09-30": "$11,972", "2012-06-30": "$4,586", "2012-03-31": "$4,778", "2011-12-31": "$4,586", "2011-09-30": "$4,882", "2011-06-30": "$5,052", "2011-03-31": "$4,163", "2010-12-31": "$3,974", "2010-09-30": "$3,973", "2010-06-30": "$3,853", "2010-03-31": "$3,981", "2009-12-31": "$3,911", "2009-09-30": "$3,982", "2009-06-30": "$3,977", "2009-03-31": "$4,025", "2008-12-31": "$4,053", "2008-09-30": "$4,251", "2008-06-30": "$4,344", "2008-03-31": "$4,170", "2007-12-31": "$4,001", "2007-09-30": "$3,987", "2007-06-30": "$3,973", "2007-03-31": "$3,740", "2006-12-31": "$3,365", "2006-09-30": "$3,355", "2006-06-30": "$3,390", "2006-03-31": "$3,389", "2005-12-31": "$3,254", "2005-09-30": "$3,175", "2005-06-30": "$3,169", "2005-03-31": "$3,229"}}, "cash-on-hand": {"Pentair Annual Cash on Hand (Millions of US $)": {"2019": "$83", "2018": "$74", "2017": "$86", "2016": "$239", "2015": "$126", "2014": "$110", "2013": "$256", "2012": "$261", "2011": "$50", "2010": "$46", "2009": "$33", "2008": "$39", "2007": "$71", "2006": "$55", "2005": "$49"}, "Pentair Quarterly Cash on Hand (Millions of US $)": {"2020-09-30": "$83", "2020-06-30": "$91", "2020-03-31": "$169", "2019-12-31": "$83", "2019-09-30": "$113", "2019-06-30": "$81", "2019-03-31": "$79", "2018-12-31": "$74", "2018-09-30": "$65", "2018-06-30": "$79", "2018-03-31": "$908", "2017-12-31": "$86", "2017-09-30": "$109", "2017-06-30": "$178", "2017-03-31": "$238", "2016-12-31": "$239", "2016-09-30": "$171", "2016-06-30": "$173", "2016-03-31": "$158", "2015-12-31": "$126", "2015-09-30": "$145", "2015-06-30": "$147", "2015-03-31": "$131", "2014-12-31": "$110", "2014-09-30": "$157", "2014-06-30": "$174", "2014-03-31": "$211", "2013-12-31": "$256", "2013-09-30": "$238", "2013-06-30": "$253", "2013-03-31": "$215", "2012-12-31": "$261", "2012-09-30": "$643", "2012-06-30": "$61", "2012-03-31": "$55", "2011-12-31": "$50", "2011-09-30": "$53", "2011-06-30": "$69", "2011-03-31": "$57", "2010-12-31": "$46", "2010-09-30": "$57", "2010-06-30": "$39", "2010-03-31": "$47", "2009-12-31": "$33", "2009-09-30": "$50", "2009-06-30": "$38", "2009-03-31": "$35", "2008-12-31": "$39", "2008-09-30": "$94", "2008-06-30": "$75", "2008-03-31": "$62", "2007-12-31": "$71", "2007-09-30": "$57", "2007-06-30": "$52", "2007-03-31": "$64", "2006-12-31": "$55", "2006-09-30": "$45", "2006-06-30": "$48", "2006-03-31": "$50", "2005-12-31": "$49", "2005-09-30": "$49", "2005-06-30": "$42", "2005-03-31": "$44"}}, "long-term-debt": {"Pentair Annual Long Term Debt (Millions of US $)": {"2019": "$1,029", "2018": "$788", "2017": "$1,441", "2016": "$4,278", "2015": "$4,686", "2014": "$2,997", "2013": "$2,548", "2012": "$2,454", "2011": "$1,304", "2010": "$703", "2009": "$803", "2008": "$953", "2007": "$1,042", "2006": "$722", "2005": "$748"}, "Pentair Quarterly Long Term Debt (Millions of US $)": {"2020-09-30": "$805", "2020-06-30": "$1,013", "2020-03-31": "$1,451", "2019-12-31": "$1,029", "2019-09-30": "$1,119", "2019-06-30": "$1,215", "2019-03-31": "$1,371", "2018-12-31": "$788", "2018-09-30": "$799", "2018-06-30": "$780", "2018-03-31": "$2,673", "2017-12-31": "$1,441", "2017-09-30": "$1,503", "2017-06-30": "$1,699", "2017-03-31": "$4,529", "2016-12-31": "$4,278", "2016-09-30": "$4,411", "2016-06-30": "$4,552", "2016-03-31": "$4,837", "2015-12-31": "$4,686", "2015-09-30": "$4,983", "2015-06-30": "$3,261", "2015-03-31": "$3,403", "2014-12-31": "$2,997", "2014-09-30": "$2,961", "2014-06-30": "$2,739", "2014-03-31": "$2,934", "2013-12-31": "$2,548", "2013-09-30": "$2,571", "2013-06-30": "$2,737", "2013-03-31": "$2,592", "2012-12-31": "$2,454", "2012-09-30": "$1,495", "2012-06-30": "$1,234", "2012-03-31": "$1,395", "2011-12-31": "$1,304", "2011-09-30": "$1,317", "2011-06-30": "$1,384", "2011-03-31": "$802", "2010-12-31": "$703", "2010-09-30": "$673", "2010-06-30": "$734", "2010-03-31": "$862", "2009-12-31": "$803", "2009-09-30": "$815", "2009-06-30": "$883", "2009-03-31": "$992", "2008-12-31": "$953", "2008-09-30": "$1,035", "2008-06-30": "$1,024", "2008-03-31": "$1,119", "2007-12-31": "$1,042", "2007-09-30": "$1,103", "2007-06-30": "$1,173", "2007-03-31": "$1,056", "2006-12-31": "$722", "2006-09-30": "$788", "2006-06-30": "$802", "2006-03-31": "$888", "2005-12-31": "$748", "2005-09-30": "$685", "2005-06-30": "$728", "2005-03-31": "$848"}}, "total-liabilities": {"Pentair Annual Total Liabilities (Millions of US $)": {"2019": "$2,186", "2018": "$1,970", "2017": "$3,596", "2016": "$7,280", "2015": "$7,825", "2014": "$5,991", "2013": "$5,526", "2012": "$5,395", "2011": "$2,539", "2010": "$1,769", "2009": "$1,785", "2008": "$2,033", "2007": "$2,090", "2006": "$1,695", "2005": "$1,698"}, "Pentair Quarterly Total Liabilities (Millions of US $)": {"2020-09-30": "$2,054", "2020-06-30": "$2,166", "2020-03-31": "$2,534", "2019-12-31": "$2,186", "2019-09-30": "$2,212", "2019-06-30": "$2,363", "2019-03-31": "$2,512", "2018-12-31": "$1,970", "2018-09-30": "$1,929", "2018-06-30": "$1,917", "2018-03-31": "$4,648", "2017-12-31": "$3,596", "2017-09-30": "$3,620", "2017-06-30": "$3,766", "2017-03-31": "$7,443", "2016-12-31": "$7,280", "2016-09-30": "$7,324", "2016-06-30": "$7,578", "2016-03-31": "$7,946", "2015-12-31": "$7,825", "2015-09-30": "$8,135", "2015-06-30": "$6,013", "2015-03-31": "$6,146", "2014-12-31": "$5,991", "2014-09-30": "$5,960", "2014-06-30": "$5,898", "2014-03-31": "$5,830", "2013-12-31": "$5,526", "2013-09-30": "$5,603", "2013-06-30": "$5,724", "2013-03-31": "$5,378", "2012-12-31": "$5,395", "2012-09-30": "$5,006", "2012-06-30": "$2,468", "2012-03-31": "$2,635", "2011-12-31": "$2,539", "2011-09-30": "$2,584", "2011-06-30": "$2,685", "2011-03-31": "$1,880", "2010-12-31": "$1,769", "2010-09-30": "$1,759", "2010-06-30": "$1,761", "2010-03-31": "$1,869", "2009-12-31": "$1,785", "2009-09-30": "$1,863", "2009-06-30": "$1,922", "2009-03-31": "$2,019", "2008-12-31": "$2,033", "2008-09-30": "$2,075", "2008-06-30": "$2,124", "2008-03-31": "$2,196", "2007-12-31": "$2,090", "2007-09-30": "$2,159", "2007-06-30": "$2,199", "2007-03-31": "$2,034", "2006-12-31": "$1,695", "2006-09-30": "$1,714", "2006-06-30": "$1,748", "2006-03-31": "$1,794", "2005-12-31": "$1,698", "2005-09-30": "$1,626", "2005-06-30": "$1,657", "2005-03-31": "$1,756"}}, "total-share-holder-equity": {"Pentair Annual Share Holder Equity (Millions of US $)": {"2019": "$1,954", "2018": "$1,836", "2017": "$5,038", "2016": "$4,254", "2015": "$4,009", "2014": "$4,664", "2013": "$6,218", "2012": "$6,488", "2011": "$2,047", "2010": "$2,205", "2009": "$2,126", "2008": "$2,020", "2007": "$1,911", "2006": "$1,670", "2005": "$1,556"}, "Pentair Quarterly Share Holder Equity (Millions of US $)": {"2020-09-30": "$2,050", "2020-06-30": "$1,950", "2020-03-31": "$1,893", "2019-12-31": "$1,954", "2019-09-30": "$1,869", "2019-06-30": "$1,807", "2019-03-31": "$1,870", "2018-12-31": "$1,836", "2018-09-30": "$1,880", "2018-06-30": "$1,889", "2018-03-31": "$4,720", "2017-12-31": "$5,038", "2017-09-30": "$5,009", "2017-06-30": "$4,904", "2017-03-31": "$4,375", "2016-12-31": "$4,254", "2016-09-30": "$4,355", "2016-06-30": "$4,166", "2016-03-31": "$4,084", "2015-12-31": "$4,009", "2015-09-30": "$4,536", "2015-06-30": "$4,552", "2015-03-31": "$4,423", "2014-12-31": "$4,664", "2014-09-30": "$4,967", "2014-06-30": "$5,719", "2014-03-31": "$5,936", "2013-12-31": "$6,218", "2013-09-30": "$6,202", "2013-06-30": "$5,943", "2013-03-31": "$6,343", "2012-12-31": "$6,488", "2012-09-30": "$6,966", "2012-06-30": "$2,118", "2012-03-31": "$2,144", "2011-12-31": "$2,047", "2011-09-30": "$2,298", "2011-06-30": "$2,367", "2011-03-31": "$2,282", "2010-12-31": "$2,205", "2010-09-30": "$2,214", "2010-06-30": "$2,092", "2010-03-31": "$2,112", "2009-12-31": "$2,126", "2009-09-30": "$2,119", "2009-06-30": "$2,055", "2009-03-31": "$2,005", "2008-12-31": "$2,020", "2008-09-30": "$2,176", "2008-06-30": "$2,220", "2008-03-31": "$1,974", "2007-12-31": "$1,911", "2007-09-30": "$1,828", "2007-06-30": "$1,774", "2007-03-31": "$1,706", "2006-12-31": "$1,670", "2006-09-30": "$1,641", "2006-06-30": "$1,642", "2006-03-31": "$1,595", "2005-12-31": "$1,556", "2005-09-30": "$1,549", "2005-06-30": "$1,512", "2005-03-31": "$1,473"}}, "profit-margins": {"current": "11.88%"}, "gross margin": {"2020-12-31": "35.06%", "2020-09-30": "35.20%", "2020-06-30": "35.48%", "2020-03-31": "35.85%", "2019-12-31": "35.56%", "2019-09-30": "35.53%", "2019-06-30": "35.19%", "2019-03-31": "35.28%", "2018-12-31": "35.33%", "2018-09-30": "34.14%", "2018-06-30": "34.17%", "2018-03-31": "34.18%", "2017-12-31": "34.70%", "2017-09-30": "31.55%", "2017-06-30": "33.30%", "2017-03-31": "34.23%", "2016-12-31": "34.48%", "2016-09-30": "36.42%", "2016-06-30": "36.16%", "2016-03-31": "35.10%", "2015-12-31": "34.64%", "2015-09-30": "34.14%", "2015-06-30": "34.37%", "2015-03-31": "34.82%", "2014-12-31": "34.72%", "2014-09-30": "35.36%", "2014-06-30": "35.45%", "2014-03-31": "35.09%", "2013-12-31": "33.86%", "2013-09-30": "31.03%", "2013-06-30": "29.84%", "2013-03-31": "28.88%", "2012-12-31": "29.39%", "2012-09-30": "32.16%", "2012-06-30": "31.77%", "2012-03-31": "31.38%", "2011-12-31": "31.07%", "2011-09-30": "31.12%", "2011-06-30": "31.16%", "2011-03-31": "31.02%", "2010-12-31": "30.72%", "2010-09-30": "30.58%", "2010-06-30": "30.72%", "2010-03-31": "29.97%", "2009-12-31": "29.11%", "2009-09-30": "29.03%", "2009-06-30": "28.79%", "2009-03-31": "29.53%", "2008-12-31": "30.25%", "2008-09-30": "30.97%", "2008-06-30": "30.96%", "2008-03-31": "31.01%", "2007-12-31": "30.91%", "2007-09-30": "30.70%", "2007-06-30": "30.06%", "2007-03-31": "29.86%", "2006-12-31": "29.65%", "2006-09-30": "28.83%", "2006-06-30": "29.05%", "2006-03-31": "28.82%", "2005-12-31": "28.78%"}, "operating margin": {"2020-12-31": "15.31%", "2020-09-30": "15.52%", "2020-06-30": "15.32%", "2020-03-31": "15.64%", "2019-12-31": "14.64%", "2019-09-30": "14.40%", "2019-06-30": "14.38%", "2019-03-31": "14.10%", "2018-12-31": "14.73%", "2018-09-30": "13.53%", "2018-06-30": "13.41%", "2018-03-31": "13.81%", "2017-12-31": "13.31%", "2017-09-30": "11.03%", "2017-06-30": "12.07%", "2017-03-31": "12.36%", "2016-12-31": "12.77%", "2016-09-30": "15.07%", "2016-06-30": "14.68%", "2016-03-31": "13.81%", "2015-12-31": "13.34%", "2015-09-30": "11.01%", "2015-06-30": "12.00%", "2015-03-31": "11.72%", "2014-12-31": "11.53%", "2014-09-30": "13.07%", "2014-06-30": "12.61%", "2014-03-31": "12.37%", "2013-12-31": "10.60%", "2013-09-30": "3.74%", "2013-06-30": "1.44%", "2013-03-31": "-0.33%", "2012-12-31": "-0.12%", "2012-09-30": "2.04%", "2012-06-30": "3.09%", "2012-03-31": "2.84%", "2011-12-31": "2.89%", "2011-09-30": "10.34%", "2011-06-30": "10.66%", "2011-03-31": "10.76%", "2010-12-31": "10.33%", "2010-09-30": "10.31%", "2010-06-30": "9.87%", "2010-03-31": "8.93%", "2009-12-31": "8.17%", "2009-09-30": "7.72%", "2009-06-30": "7.86%", "2009-03-31": "8.40%", "2008-12-31": "9.70%", "2008-09-30": "11.10%", "2008-06-30": "11.43%", "2008-03-31": "11.90%", "2007-12-31": "11.55%", "2007-09-30": "11.30%", "2007-06-30": "10.39%", "2007-03-31": "10.35%", "2006-12-31": "10.36%", "2006-09-30": "9.99%", "2006-06-30": "10.74%", "2006-03-31": "10.97%", "2005-12-31": "10.96%"}, "ebitda margin": {"2020-09-30": "18.07%", "2020-06-30": "17.95%", "2020-03-31": "18.29%", "2019-12-31": "17.34%", "2019-09-30": "17.15%", "2019-06-30": "17.21%", "2019-03-31": "16.94%", "2018-12-31": "17.60%", "2018-09-30": "17.01%", "2018-06-30": "16.96%", "2018-03-31": "16.44%", "2017-12-31": "16.33%", "2017-09-30": "11.96%", "2017-06-30": "13.82%", "2017-03-31": "15.53%", "2016-12-31": "15.93%", "2016-09-30": "19.56%", "2016-06-30": "17.96%", "2016-03-31": "17.16%", "2015-12-31": "16.81%", "2015-09-30": "12.75%", "2015-06-30": "15.12%", "2015-03-31": "14.77%", "2014-12-31": "14.53%", "2014-09-30": "16.76%", "2014-06-30": "16.29%", "2014-03-31": "16.13%", "2013-12-31": "14.53%", "2013-09-30": "7.92%", "2013-06-30": "5.63%", "2013-03-31": "3.79%", "2012-12-31": "3.62%", "2012-09-30": "5.10%", "2012-06-30": "6.21%", "2012-03-31": "6.04%", "2011-12-31": "6.05%", "2011-09-30": "13.39%", "2011-06-30": "13.54%", "2011-03-31": "13.49%", "2010-12-31": "13.10%", "2010-09-30": "13.73%", "2010-06-30": "13.49%", "2010-03-31": "12.69%", "2009-12-31": "12.11%", "2009-09-30": "10.91%", "2009-06-30": "10.81%", "2009-03-31": "11.19%", "2008-12-31": "12.29%", "2008-09-30": "13.60%", "2008-06-30": "13.96%", "2008-03-31": "14.47%", "2007-12-31": "14.11%", "2007-09-30": "13.86%", "2007-06-30": "12.92%", "2007-03-31": "12.81%", "2006-12-31": "12.77%", "2006-09-30": "12.41%", "2006-06-30": "13.18%", "2006-03-31": "13.43%", "2005-12-31": "13.47%"}, "pre tax profit margin": {"2020-12-31": "14.35%", "2020-09-30": "14.38%", "2020-06-30": "13.97%", "2020-03-31": "14.67%", "2019-12-31": "13.76%", "2019-09-30": "13.82%", "2019-06-30": "13.87%", "2019-03-31": "12.66%", "2018-12-31": "12.85%", "2018-09-30": "10.63%", "2018-06-30": "9.95%", "2018-03-31": "6.01%", "2017-12-31": "6.11%", "2017-09-30": "-1.52%", "2017-06-30": "1.84%", "2017-03-31": "7.50%", "2016-12-31": "7.95%", "2016-09-30": "11.62%", "2016-06-30": "11.21%", "2016-03-31": "10.99%", "2015-12-31": "11.11%", "2015-09-30": "8.73%", "2015-06-30": "10.41%", "2015-03-31": "10.21%", "2014-12-31": "10.09%", "2014-09-30": "12.16%", "2014-06-30": "11.68%", "2014-03-31": "11.44%", "2013-12-31": "9.91%", "2013-09-30": "1.90%", "2013-06-30": "-0.66%", "2013-03-31": "-2.78%", "2012-12-31": "-3.39%", "2012-09-30": "0.25%", "2012-06-30": "1.35%", "2012-03-31": "1.11%", "2011-12-31": "1.24%", "2011-09-30": "8.91%", "2011-06-30": "9.42%", "2011-03-31": "9.70%", "2010-12-31": "9.20%", "2010-09-30": "9.10%", "2010-06-30": "8.58%", "2010-03-31": "7.30%", "2009-12-31": "6.42%", "2009-09-30": "5.87%", "2009-06-30": "5.83%", "2009-03-31": "9.89%", "2008-12-31": "10.95%", "2008-09-30": "12.17%", "2008-06-30": "12.51%", "2008-03-31": "9.64%", "2007-12-31": "9.33%", "2007-09-30": "9.15%", "2007-06-30": "8.41%", "2007-03-31": "8.54%", "2006-12-31": "8.57%", "2006-09-30": "8.37%", "2006-06-30": "9.15%", "2006-03-31": "9.57%", "2005-12-31": "9.64%"}, "net profit margin": {"2020-12-31": "11.90%", "2020-09-30": "11.89%", "2020-06-30": "11.58%", "2020-03-31": "12.66%", "2019-12-31": "12.00%", "2019-09-30": "11.89%", "2019-06-30": "12.51%", "2019-03-31": "10.13%", "2018-12-31": "11.73%", "2018-09-30": "18.19%", "2018-06-30": "18.98%", "2018-03-31": "28.46%", "2017-12-31": "23.43%", "2017-09-30": "35.66%", "2017-06-30": "28.01%", "2017-03-31": "18.13%", "2016-12-31": "18.77%", "2016-09-30": "-1.52%", "2016-06-30": "-2.22%", "2016-03-31": "-1.92%", "2015-12-31": "-1.65%", "2015-09-30": "13.54%", "2015-06-30": "4.56%", "2015-03-31": "4.69%", "2014-12-31": "4.63%", "2014-09-30": "3.73%", "2014-06-30": "9.08%", "2014-03-31": "8.79%", "2013-12-31": "7.67%", "2013-09-30": "1.49%", "2013-06-30": "-0.58%", "2013-03-31": "-2.24%", "2012-12-31": "-2.48%", "2012-09-30": "-0.28%", "2012-06-30": "0.28%", "2012-03-31": "0.11%", "2011-12-31": "-0.20%", "2011-09-30": "6.04%", "2011-06-30": "6.38%", "2011-03-31": "6.42%", "2010-12-31": "6.07%", "2010-09-30": "6.04%", "2010-06-30": "5.65%", "2010-03-31": "4.81%", "2009-12-31": "4.27%", "2009-09-30": "3.30%", "2009-06-30": "3.22%", "2009-03-31": "6.40%", "2008-12-31": "6.83%", "2008-09-30": "8.14%", "2008-06-30": "8.74%", "2008-03-31": "6.42%", "2007-12-31": "6.43%", "2007-09-30": "6.43%", "2007-06-30": "5.78%", "2007-03-31": "6.08%", "2006-12-31": "6.12%", "2006-09-30": "5.89%", "2006-06-30": "6.33%", "2006-03-31": "6.22%", "2005-12-31": "6.28%"}, "pe ratio": {"current": "21.84", "2021-02-11": "35.66", "2020-12-31": "34.81", "2020-09-30": "21.64", "2020-06-30": "18.87", "2020-03-31": "13.11", "2019-12-31": "21.37", "2019-09-30": "17.96", "2019-06-30": "16.93", "2019-03-31": "25.40", "2018-12-31": "18.51", "2018-09-30": "16.78", "2018-06-30": "15.90", "2018-03-31": "11.82", "2017-12-31": "12.49", "2017-09-30": "13.16", "2017-06-30": "12.48", "2017-03-31": "14.49", "2016-12-31": "12.37", "2016-09-30": "15.21", "2016-06-30": "14.50", "2016-03-31": "13.26", "2015-12-31": "11.87", "2015-09-30": "11.32", "2015-06-30": "35.66", "2015-03-31": "32.18", "2014-12-31": "34.69", "2014-09-30": "31.57", "2014-06-30": "14.12", "2014-03-31": "15.85", "2013-12-31": "17.47", "2013-09-30": "70.85", "2013-06-30": "0.00", "2013-03-31": "0.00", "2012-12-31": "92.23", "2012-09-30": "98.47", "2012-06-30": "46.88", "2012-03-31": "63.41", "2011-12-31": "57.43", "2011-09-30": "8.39", "2011-06-30": "10.33", "2011-03-31": "9.90", "2010-12-31": "10.23", "2010-09-30": "10.24", "2010-06-30": "10.75", "2010-03-31": "14.36", "2009-12-31": "14.92", "2009-09-30": "17.19", "2009-06-30": "14.21", "2009-03-31": "5.68", "2008-12-31": "5.44", "2008-09-30": "6.63", "2008-06-30": "6.31", "2008-03-31": "7.78", "2007-12-31": "8.56", "2007-09-30": "8.53", "2007-06-30": "11.22", "2007-03-31": "8.77", "2006-12-31": "8.84"}, "price sales": {"2021-02-11": "3.01", "2020-12-31": "2.93", "2020-09-30": "2.57", "2020-06-30": "2.19", "2020-03-31": "1.66", "2019-12-31": "2.59", "2019-09-30": "2.15", "2019-06-30": "2.13", "2019-03-31": "2.59", "2018-12-31": "2.18", "2018-09-30": "3.03", "2018-06-30": "3.00", "2018-03-31": "3.36", "2017-12-31": "2.93", "2017-09-30": "4.70", "2017-06-30": "3.50", "2017-03-31": "2.63", "2016-12-31": "2.32", "2016-09-30": "1.81", "2016-06-30": "1.67", "2016-03-31": "1.41", "2015-12-31": "1.20", "2015-09-30": "1.53", "2015-06-30": "1.79", "2015-03-31": "1.61", "2014-12-31": "1.68", "2014-09-30": "1.14", "2014-06-30": "1.28", "2014-03-31": "1.39", "2013-12-31": "1.35", "2013-09-30": "0.97", "2013-06-30": "0.86", "2013-03-31": "0.79", "2012-12-31": "0.73", "2012-09-30": "0.73", "2012-06-30": "0.62", "2012-03-31": "0.77", "2011-12-31": "0.55", "2011-09-30": "0.54", "2011-06-30": "0.70", "2011-03-31": "0.68", "2010-12-31": "0.67", "2010-09-30": "0.62", "2010-06-30": "0.61", "2010-03-31": "0.70", "2009-12-31": "0.64", "2009-09-30": "0.57", "2009-06-30": "0.46", "2009-03-31": "0.36", "2008-12-31": "0.37", "2008-09-30": "0.54", "2008-06-30": "0.55", "2008-03-31": "0.50", "2007-12-31": "0.55", "2007-09-30": "0.55", "2007-06-30": "0.65", "2007-03-31": "0.53", "2006-12-31": "0.54"}, "price book": {"current": "4.33", "2021-02-11": "4.40", "2020-09-30": "3.69", "2020-06-30": "3.20", "2020-03-31": "2.56", "2019-12-31": "3.87", "2019-09-30": "3.31", "2019-06-30": "3.35", "2019-03-31": "3.95", "2018-12-31": "3.39", "2018-09-30": "3.83", "2018-06-30": "3.72", "2018-03-31": "1.66", "2017-12-31": "1.62", "2017-09-30": "1.57", "2017-06-30": "1.57", "2017-03-31": "1.65", "2016-12-31": "1.51", "2016-09-30": "1.68", "2016-06-30": "1.58", "2016-03-31": "1.48", "2015-12-31": "1.37", "2015-09-30": "1.24", "2015-06-30": "1.65", "2015-03-31": "1.54", "2014-12-31": "1.56", "2014-09-30": "1.47", "2014-06-30": "1.45", "2014-03-31": "1.54", "2013-12-31": "1.46", "2013-09-30": "1.23", "2013-06-30": "1.13", "2013-03-31": "0.99", "2012-12-31": "0.91", "2012-09-30": "0.77", "2012-06-30": "1.03", "2012-03-31": "1.26", "2011-12-31": "0.91", "2011-09-30": "0.78", "2011-06-30": "0.95", "2011-03-31": "0.91", "2010-12-31": "0.91", "2010-09-30": "0.83", "2010-06-30": "0.84", "2010-03-31": "0.91", "2009-12-31": "0.82", "2009-09-30": "0.74", "2009-06-30": "0.66", "2009-03-31": "0.57", "2008-12-31": "0.61", "2008-09-30": "0.83", "2008-06-30": "0.82", "2008-03-31": "0.84", "2007-12-31": "0.94", "2007-09-30": "0.93", "2007-06-30": "1.12", "2007-03-31": "0.93", "2006-12-31": "0.96", "2006-09-30": "0.81", "2006-06-30": "1.06", "2006-03-31": "1.31"}, "price fcf": {"2021-02-11": "", "2020-09-30": "$3.15", "2020-06-30": "$2.75", "2020-03-31": "$2.24", "2019-12-31": "$1.73", "2019-09-30": "$2.09", "2019-06-30": "$1.75", "2019-03-31": "$1.61", "2018-12-31": "$2.21", "2018-09-30": "$2.76", "2018-06-30": "$3.29", "2018-03-31": "$2.90", "2017-12-31": "$3.18", "2017-09-30": "$3.77", "2017-06-30": "$3.60", "2017-03-31": "$4.10", "2016-12-31": "$4.57", "2016-09-30": "$4.40", "2016-06-30": "$4.51", "2016-03-31": "$4.26", "2015-12-31": "$3.57", "2015-09-30": "$3.53", "2015-06-30": "$3.74", "2015-03-31": "$3.98", "2014-12-31": "$4.78", "2014-09-30": "$4.71", "2014-06-30": "$4.50", "2014-03-31": "$3.75", "2013-12-31": "$3.73", "2013-09-30": "$-0.22", "2013-06-30": "$-0.69", "2013-03-31": "$0.32", "2012-12-31": "$-0.36", "2012-09-30": "$2.62", "2012-06-30": "$2.74", "2012-03-31": "$2.33", "2011-12-31": "$2.53", "2011-09-30": "$1.93", "2011-06-30": "$2.02", "2011-03-31": "$1.73", "2010-12-31": "$2.13", "2010-09-30": "$2.13", "2010-06-30": "$2.38", "2010-03-31": "$2.20", "2009-12-31": "$2.09", "2009-09-30": "$2.58", "2009-06-30": "$2.02", "2009-03-31": "$2.05", "2008-12-31": "$1.57", "2008-09-30": "$1.98", "2008-06-30": "$2.69", "2008-03-31": "$2.78", "2007-12-31": "$2.84", "2007-09-30": "$2.46", "2007-06-30": "$1.92", "2007-03-31": "$1.74", "2006-12-31": "$1.50"}, "net worth": {"value": "$9.12B"}, "current ratio": {"2020-12-31": "1.26", "2020-09-30": "1.18", "2020-06-30": "1.34", "2020-03-31": "1.96", "2019-12-31": "1.42", "2019-09-30": "1.44", "2019-06-30": "1.47", "2019-03-31": "1.78", "2018-12-31": "1.27", "2018-09-30": "1.40", "2018-06-30": "1.41", "2018-03-31": "2.65", "2017-12-31": "1.46", "2017-09-30": "1.59", "2017-06-30": "1.67", "2017-03-31": "2.03", "2016-12-31": "1.82", "2016-09-30": "2.13", "2016-06-30": "1.97", "2016-03-31": "2.05", "2015-12-31": "1.87", "2015-09-30": "1.98", "2015-06-30": "1.99", "2015-03-31": "2.08", "2014-12-31": "1.77", "2014-09-30": "1.83", "2014-06-30": "1.78", "2014-03-31": "2.16", "2013-12-31": "2.01", "2013-09-30": "1.91", "2013-06-30": "1.91", "2013-03-31": "2.22", "2012-12-31": "1.95", "2012-09-30": "1.75", "2012-06-30": "1.93", "2012-03-31": "2.11", "2011-12-31": "1.93", "2011-09-30": "1.78", "2011-06-30": "1.88", "2011-03-31": "2.21", "2010-12-31": "1.96", "2010-09-30": "1.85", "2010-06-30": "1.89", "2010-03-31": "2.21", "2009-12-31": "2.12", "2009-09-30": "2.02", "2009-06-30": "2.09", "2009-03-31": "2.28", "2008-12-31": "2.07", "2008-09-30": "2.15", "2008-06-30": "2.01", "2008-03-31": "2.08", "2007-12-31": "1.85", "2007-09-30": "1.94", "2007-06-30": "2.01", "2007-03-31": "2.18", "2006-12-31": "1.84", "2006-09-30": "2.06", "2006-06-30": "2.00", "2006-03-31": "2.15", "2005-12-31": "1.71", "2005-09-30": "1.77", "2005-06-30": "1.81", "2005-03-31": "1.96"}, "quick ratio": {"2020-12-31": "0.72", "2020-09-30": "0.69", "2020-06-30": "0.81", "2020-03-31": "1.39", "2019-12-31": "0.91", "2019-09-30": "0.88", "2019-06-30": "0.91", "2019-03-31": "1.18", "2018-12-31": "0.80", "2018-09-30": "0.85", "2018-06-30": "0.89", "2018-03-31": "2.07", "2017-12-31": "1.16", "2017-09-30": "1.05", "2017-06-30": "1.13", "2017-03-31": "1.64", "2016-12-31": "1.46", "2016-09-30": "1.70", "2016-06-30": "1.17", "2016-03-31": "1.23", "2015-12-31": "1.49", "2015-09-30": "1.12", "2015-06-30": "1.17", "2015-03-31": "1.26", "2014-12-31": "1.08", "2014-09-30": "1.11", "2014-06-30": "1.07", "2014-03-31": "1.33", "2013-12-31": "1.27", "2013-09-30": "1.14", "2013-06-30": "1.13", "2013-03-31": "1.32", "2012-12-31": "1.14", "2012-09-30": "1.11", "2012-06-30": "1.23", "2012-03-31": "1.39", "2011-12-31": "1.23", "2011-09-30": "1.14", "2011-06-30": "1.20", "2011-03-31": "1.46", "2010-12-31": "1.21", "2010-09-30": "1.13", "2010-06-30": "1.15", "2010-03-31": "1.45", "2009-12-31": "1.31", "2009-09-30": "1.23", "2009-06-30": "1.30", "2009-03-31": "1.41", "2008-12-31": "1.23", "2008-09-30": "1.36", "2008-06-30": "1.28", "2008-03-31": "1.38", "2007-12-31": "1.18", "2007-09-30": "1.21", "2007-06-30": "1.29", "2007-03-31": "1.41", "2006-12-31": "1.07", "2006-09-30": "1.22", "2006-06-30": "1.24", "2006-03-31": "1.36", "2005-12-31": "1.04", "2005-09-30": "1.10", "2005-06-30": "1.14", "2005-03-31": "1.25"}, "debt equity ratio": {"current": "0.40", "2020-12-31": "0.99", "2020-09-30": "1.00", "2020-06-30": "1.11", "2020-03-31": "1.34", "2019-12-31": "1.12", "2019-09-30": "1.18", "2019-06-30": "1.31", "2019-03-31": "1.34", "2018-12-31": "1.07", "2018-09-30": "1.03", "2018-06-30": "1.02", "2018-03-31": "0.99", "2017-12-31": "0.71", "2017-09-30": "0.72", "2017-06-30": "0.77", "2017-03-31": "1.70", "2016-12-31": "1.71", "2016-09-30": "1.68", "2016-06-30": "1.82", "2016-03-31": "1.95", "2015-12-31": "1.95", "2015-09-30": "1.79", "2015-06-30": "1.32", "2015-03-31": "1.39", "2014-12-31": "1.29", "2014-09-30": "1.20", "2014-06-30": "1.03", "2014-03-31": "0.98", "2013-12-31": "0.89", "2013-09-30": "0.90", "2013-06-30": "0.96", "2013-03-31": "0.85", "2012-12-31": "0.83", "2012-09-30": "0.72", "2012-06-30": "1.17", "2012-03-31": "1.23", "2011-12-31": "1.24", "2011-09-30": "1.13", "2011-06-30": "1.14", "2011-03-31": "0.82", "2010-12-31": "0.80", "2010-09-30": "0.80", "2010-06-30": "0.84", "2010-03-31": "0.89", "2009-12-31": "0.84", "2009-09-30": "0.88", "2009-06-30": "0.94", "2009-03-31": "1.01", "2008-12-31": "1.01", "2008-09-30": "0.95", "2008-06-30": "0.96", "2008-03-31": "1.11", "2007-12-31": "1.09", "2007-09-30": "1.18", "2007-06-30": "1.24", "2007-03-31": "1.19", "2006-12-31": "1.02", "2006-09-30": "1.05", "2006-06-30": "1.06", "2006-03-31": "1.13", "2005-12-31": "1.09", "2005-09-30": "1.05", "2005-06-30": "1.10", "2005-03-31": "1.19"}, "return on equity": {"2020-12-31": "17.95%", "2020-09-30": "18.05%", "2020-06-30": "17.48%", "2020-03-31": "20.05%", "2019-12-31": "18.93%", "2019-09-30": "18.97%", "2019-06-30": "19.91%", "2019-03-31": "15.84%", "2018-12-31": "13.48%", "2018-09-30": "13.16%", "2018-06-30": "11.05%", "2018-03-31": "13.87%", "2017-12-31": "13.81%", "2017-09-30": "13.12%", "2017-06-30": "13.95%", "2017-03-31": "11.73%", "2016-12-31": "12.39%", "2016-09-30": "-1.49%", "2016-06-30": "-2.10%", "2016-03-31": "-1.93%", "2015-12-31": "-1.74%", "2015-09-30": "10.96%", "2015-06-30": "4.24%", "2015-03-31": "4.27%", "2014-12-31": "4.06%", "2014-09-30": "4.43%", "2014-06-30": "10.17%", "2014-03-31": "9.94%", "2013-12-31": "8.69%", "2013-09-30": "1.70%", "2013-06-30": "-0.56%", "2013-03-31": "-2.14%", "2012-12-31": "-2.42%", "2012-09-30": "-0.30%", "2012-06-30": "0.46%", "2012-03-31": "0.18%", "2011-12-31": "-0.31%", "2011-09-30": "8.83%", "2011-06-30": "9.09%", "2011-03-31": "9.10%", "2010-12-31": "8.54%", "2010-09-30": "8.43%", "2010-06-30": "7.67%", "2010-03-31": "6.32%", "2009-12-31": "5.54%", "2009-09-30": "4.44%", "2009-06-30": "4.60%", "2009-03-31": "9.60%", "2008-12-31": "10.92%", "2008-09-30": "13.19%", "2008-06-30": "14.62%", "2008-03-31": "11.38%", "2007-12-31": "11.69%", "2007-09-30": "11.52%", "2007-06-30": "10.48%", "2007-03-31": "11.11%", "2006-12-31": "11.30%", "2006-09-30": "11.50%", "2006-06-30": "12.30%", "2006-03-31": "12.04%", "2005-12-31": "12.15%"}, "return on assets": {"2020-12-31": "8.53%", "2020-09-30": "8.44%", "2020-06-30": "7.99%", "2020-03-31": "8.97%", "2019-12-31": "8.47%", "2019-09-30": "8.52%", "2019-06-30": "9.10%", "2019-03-31": "7.49%", "2018-12-31": "6.70%", "2018-09-30": "6.95%", "2018-06-30": "6.05%", "2018-03-31": "7.73%", "2017-12-31": "7.07%", "2017-09-30": "5.98%", "2017-06-30": "5.71%", "2017-03-31": "4.30%", "2016-12-31": "4.44%", "2016-09-30": "-0.52%", "2016-06-30": "-0.73%", "2016-03-31": "-0.70%", "2015-12-31": "-0.67%", "2015-09-30": "4.48%", "2015-06-30": "1.84%", "2015-03-31": "1.93%", "2014-12-31": "1.92%", "2014-09-30": "2.20%", "2014-06-30": "5.22%", "2014-03-31": "5.14%", "2013-12-31": "4.58%", "2013-09-30": "0.90%", "2013-06-30": "-0.30%", "2013-03-31": "-1.17%", "2012-12-31": "-1.29%", "2012-09-30": "-0.15%", "2012-06-30": "0.21%", "2012-03-31": "0.08%", "2011-12-31": "-0.15%", "2011-09-30": "4.47%", "2011-06-30": "4.80%", "2011-03-31": "5.01%", "2010-12-31": "4.66%", "2010-09-30": "4.58%", "2010-06-30": "4.12%", "2010-03-31": "3.36%", "2009-12-31": "2.89%", "2009-09-30": "2.27%", "2009-06-30": "2.33%", "2009-03-31": "4.85%", "2008-12-31": "5.45%", "2008-09-30": "6.51%", "2008-06-30": "7.03%", "2008-03-31": "5.28%", "2007-12-31": "5.38%", "2007-09-30": "5.34%", "2007-06-30": "4.93%", "2007-03-31": "5.34%", "2006-12-31": "5.48%", "2006-09-30": "5.53%", "2006-06-30": "5.91%", "2006-03-31": "5.76%", "2005-12-31": "5.77%"}, "return on investments": {"2020-12-31": "15.26%", "2020-09-30": "15.22%", "2020-06-30": "14.43%", "2020-03-31": "15.11%", "2019-12-31": "14.16%", "2019-09-30": "14.28%", "2019-06-30": "14.63%", "2019-03-31": "14.70%", "2018-12-31": "11.38%", "2018-09-30": "6.89%", "2018-06-30": "5.64%", "2018-03-31": "4.91%", "2017-12-31": "5.32%", "2017-09-30": "2.46%", "2017-06-30": "3.28%", "2017-03-31": "3.93%", "2016-12-31": "4.06%", "2016-09-30": "6.99%", "2016-06-30": "6.50%", "2016-03-31": "6.84%", "2015-12-31": "7.28%", "2015-09-30": "4.94%", "2015-06-30": "6.65%", "2015-03-31": "6.61%", "2014-12-31": "6.54%", "2014-09-30": "10.43%", "2014-06-30": "9.75%", "2014-03-31": "9.69%", "2013-12-31": "8.44%", "2013-09-30": "3.00%", "2013-06-30": "1.03%", "2013-03-31": "-0.23%", "2012-12-31": "-0.08%", "2012-09-30": "1.54%", "2012-06-30": "3.17%", "2012-03-31": "2.81%", "2011-12-31": "2.90%", "2011-09-30": "10.36%", "2011-06-30": "10.89%", "2011-03-31": "11.45%", "2010-12-31": "10.80%", "2010-09-30": "10.57%", "2010-06-30": "9.71%", "2010-03-31": "8.39%", "2009-12-31": "7.46%", "2009-09-30": "7.19%", "2009-06-30": "7.66%", "2009-03-31": "8.53%", "2008-12-31": "10.38%", "2008-09-30": "11.90%", "2008-06-30": "12.40%", "2008-03-31": "13.25%", "2007-12-31": "13.08%", "2007-09-30": "12.80%", "2007-06-30": "12.16%", "2007-03-31": "12.57%", "2006-12-31": "12.84%", "2006-09-30": "13.00%", "2006-06-30": "13.99%", "2006-03-31": "14.25%", "2005-12-31": "14.20%"}, "return on tangible equity": {"2020-09-30": "-54.13%", "2020-06-30": "-48.78%", "2020-03-31": "-51.93%", "2019-12-31": "-47.54%", "2019-09-30": "-49.02%", "2019-06-30": "-56.01%", "2019-03-31": "-51.73%", "2018-12-31": "-51.33%", "2018-09-30": "440.59%", "2018-06-30": "-5750.00%", "2018-03-31": "-477.76%", "2017-12-31": "-290.95%", "2017-09-30": "-47.55%", "2017-06-30": "-43.39%", "2017-03-31": "-24.53%", "2016-12-31": "-20.30%", "2016-09-30": "2.32%", "2016-06-30": "2.73%", "2016-03-31": "2.96%", "2015-12-31": "3.24%", "2015-09-30": "-21.97%", "2015-06-30": "-11.70%", "2015-03-31": "-13.92%", "2014-12-31": "-16.72%", "2014-09-30": "-26.12%", "2014-06-30": "-78.01%", "2014-03-31": "-83.34%", "2013-12-31": "-90.56%", "2013-09-30": "-16.77%", "2013-06-30": "9.31%", "2013-03-31": "33.52%", "2012-12-31": "24.30%", "2012-09-30": "1.97%", "2012-06-30": "-1.28%", "2012-03-31": "-0.49%", "2011-12-31": "1.00%", "2011-09-30": "-35.28%", "2011-06-30": "-46.53%", "2011-03-31": "-61.40%", "2010-12-31": "-50.58%", "2010-09-30": "-45.31%", "2010-06-30": "-36.30%", "2010-03-31": "-27.32%", "2009-12-31": "-21.79%", "2009-09-30": "-16.11%", "2009-06-30": "-17.03%", "2009-03-31": "-37.36%", "2008-12-31": "-43.31%", "2008-09-30": "-52.17%", "2008-06-30": "-51.33%", "2008-03-31": "-35.11%", "2007-12-31": "-35.54%", "2007-09-30": "-37.64%", "2007-06-30": "-38.80%", "2007-03-31": "-48.30%", "2006-12-31": "-51.68%", "2006-09-30": "-48.52%", "2006-06-30": "-51.86%", "2006-03-31": "-49.57%", "2005-12-31": "-48.68%"}, "dividend yield history": {"last payout": "$0.80", "last yield": "1.46%"}}