{"ticker": "PNW", "price": {"title": "Pinnacle West Capital Historical Annual Stock Price Data", "value": 76.66, "historical": {"2021": {"Average Stock Price": "77.3629", "Year Open": "79.0900", "Year High": "80.4800", "Year Low": "75.2500", "Year Close": "76.6600", "Annual % Change": "-4.12%"}, "2020": {"Average Stock Price": "81.2095", "Year Open": "88.7100", "Year High": "103.6000", "Year Low": "62.9100", "Year Close": "79.9500", "Annual % Change": "-11.10%"}, "2019": {"Average Stock Price": "92.5086", "Year Open": "82.8700", "Year High": "98.7600", "Year Low": "82.4700", "Year Close": "89.9300", "Annual % Change": "5.55%"}, "2018": {"Average Stock Price": "80.7860", "Year Open": "83.8900", "Year High": "92.3300", "Year Low": "73.5600", "Year Close": "85.2000", "Annual % Change": "0.02%"}, "2017": {"Average Stock Price": "85.5199", "Year Open": "77.3200", "Year High": "91.8100", "Year Low": "76.4400", "Year Close": "85.1800", "Annual % Change": "9.16%"}, "2016": {"Average Stock Price": "74.0050", "Year Open": "64.0800", "Year High": "82.5600", "Year Low": "63.2600", "Year Close": "78.0300", "Annual % Change": "21.01%"}, "2015": {"Average Stock Price": "62.9114", "Year Open": "68.6400", "Year High": "72.4700", "Year Low": "56.3100", "Year Close": "64.4800", "Annual % Change": "-5.61%"}, "2014": {"Average Stock Price": "56.7348", "Year Open": "52.0500", "Year High": "70.6300", "Year Low": "51.2800", "Year Close": "68.3100", "Annual % Change": "29.08%"}, "2013": {"Average Stock Price": "55.9141", "Year Open": "52.4000", "Year High": "61.4800", "Year Low": "51.8900", "Year Close": "52.9200", "Annual % Change": "3.81%"}, "2012": {"Average Stock Price": "50.2061", "Year Open": "47.8300", "Year High": "54.3200", "Year Low": "46.0600", "Year Close": "50.9800", "Annual % Change": "5.81%"}, "2011": {"Average Stock Price": "43.6463", "Year Open": "41.4800", "Year High": "48.7100", "Year Low": "37.9800", "Year Close": "48.1800", "Annual % Change": "16.24%"}, "2010": {"Average Stock Price": "38.6640", "Year Open": "36.8800", "Year High": "42.3700", "Year Low": "34.5000", "Year Close": "41.4500", "Annual % Change": "13.31%"}, "2009": {"Average Stock Price": "31.0655", "Year Open": "33.1200", "Year High": "37.7300", "Year Low": "23.0000", "Year Close": "36.5800", "Annual % Change": "13.85%"}, "2008": {"Average Stock Price": "34.0348", "Year Open": "41.7200", "Year High": "42.5000", "Year Low": "26.9500", "Year Close": "32.1300", "Annual % Change": "-24.24%"}, "2007": {"Average Stock Price": "44.2560", "Year Open": "51.5100", "Year High": "51.6000", "Year Low": "37.1000", "Year Close": "42.4100", "Annual % Change": "-16.33%"}, "2006": {"Average Stock Price": "43.2631", "Year Open": "42.4500", "Year High": "50.9200", "Year Low": "38.7000", "Year Close": "50.6900", "Annual % Change": "22.59%"}, "2005": {"Average Stock Price": "43.1325", "Year Open": "44.1300", "Year High": "46.3900", "Year Low": "39.8500", "Year Close": "41.3500", "Annual % Change": "-6.89%"}, "2004": {"Average Stock Price": "40.7485", "Year Open": "40.2900", "Year High": "45.4100", "Year Low": "36.8500", "Year Close": "44.4100", "Annual % Change": "10.97%"}, "2003": {"Average Stock Price": "35.1759", "Year Open": "35.0500", "Year High": "40.2400", "Year Low": "29.0700", "Year Close": "40.0200", "Annual % Change": "17.40%"}, "2002": {"Average Stock Price": "36.4258", "Year Open": "42.4300", "Year High": "46.1600", "Year Low": "22.4900", "Year Close": "34.0900", "Annual % Change": "-18.54%"}, "2001": {"Average Stock Price": "44.2322", "Year Open": "46.3800", "Year High": "50.3700", "Year Low": "38.1000", "Year Close": "41.8500", "Annual % Change": "-12.14%"}, "2000": {"Average Stock Price": "37.8133", "Year Open": "29.7500", "Year High": "51.8800", "Year Low": "25.9400", "Year Close": "47.6300", "Annual % Change": "55.86%"}, "1999": {"Average Stock Price": "37.8967", "Year Open": "42.8800", "Year High": "42.8800", "Year Low": "30.4400", "Year Close": "30.5600", "Annual % Change": "-27.89%"}, "1998": {"Average Stock Price": "43.3747", "Year Open": "41.7500", "Year High": "48.8800", "Year Low": "39.7500", "Year Close": "42.3800", "Annual % Change": "0.00%"}, "1997": {"Average Stock Price": "32.4900", "Year Open": "31.0000", "Year High": "42.5000", "Year Low": "27.8800", "Year Close": "42.3800", "Annual % Change": "33.48%"}, "1996": {"Average Stock Price": "29.0194", "Year Open": "28.8800", "Year High": "32.2500", "Year Low": "26.3750", "Year Close": "31.7500", "Annual % Change": "10.43%"}, "1995": {"Average Stock Price": "23.8551", "Year Open": "19.6300", "Year High": "28.7500", "Year Low": "19.6300", "Year Close": "28.7500", "Annual % Change": "46.46%"}, "1994": {"Average Stock Price": "19.1015", "Year Open": "22.6300", "Year High": "22.7500", "Year Low": "16.1300", "Year Close": "19.6300", "Annual % Change": "-12.29%"}, "1993": {"Average Stock Price": "22.4272", "Year Open": "20.0000", "Year High": "25.0000", "Year Low": "19.8800", "Year Close": "22.3800", "Annual % Change": "9.81%"}, "1992": {"Average Stock Price": "18.6092", "Year Open": "17.0000", "Year High": "20.5000", "Year Low": "16.8800", "Year Close": "20.3800", "Annual % Change": "17.26%"}, "1991": {"Average Stock Price": "11.7683", "Year Open": "10.0000", "Year High": "17.5000", "Year Low": "9.6250", "Year Close": "17.3800", "Annual % Change": "73.80%"}, "1990": {"Average Stock Price": "13.1567", "Year Open": "11.5000", "Year High": "18.5000", "Year Low": "9.5000", "Year Close": "10.0000", "Annual % Change": "-10.07%"}, "1989": {"Average Stock Price": "12.5407", "Year Open": "15.8800", "Year High": "16.2500", "Year Low": "5.2500", "Year Close": "11.1200", "Annual % Change": "-29.40%"}, "1988": {"Average Stock Price": "23.3554", "Year Open": "28.2500", "Year High": "29.6200", "Year Low": "15.0000", "Year Close": "15.7500", "Annual % Change": "-43.24%"}, "1987": {"Average Stock Price": "30.2455", "Year Open": "28.8800", "Year High": "32.3800", "Year Low": "26.6200", "Year Close": "27.7500", "Annual % Change": "-2.22%"}, "1986": {"Average Stock Price": "28.8554", "Year Open": "26.8800", "Year High": "32.0000", "Year Low": "26.3800", "Year Close": "28.3800", "Annual % Change": "4.15%"}, "1985": {"Average Stock Price": "24.2678", "Year Open": "21.8800", "Year High": "28.0000", "Year Low": "20.7500", "Year Close": "27.2500", "Annual % Change": "23.86%"}}}, "market cap": {"value": "$8.63B"}, "income statement": {"Revenue": {"2019-12-31": "3471.20900", "2018-12-31": "3691.24700", "2017-12-31": "3565.29600", "2016-12-31": "3498.68200", "2015-12-31": "3495.44300", "2014-12-31": "3491.63200", "2013-12-31": "3454.62800", "2012-12-31": "3301.80400", "2011-12-31": "3241.37900", "2010-12-31": "3189.19900", "2009-12-31": "3153.65600", "2008-12-31": "3219.68700", "2007-12-31": "3294.15400", "2006-12-31": "3207.75400", "2005-12-31": "2987.95500"}, "Cost Of Goods Sold": {"2019-12-31": "1042.23700", "2018-12-31": "1076.11600", "2017-12-31": "981.30100", "2016-12-31": "1075.51000", "2015-12-31": "1101.29800", "2014-12-31": "1179.82900", "2013-12-31": "1095.70900", "2012-12-31": "994.79000", "2011-12-31": "1009.46400", "2010-12-31": "1046.81500", "2009-12-31": "1178.62000", "2008-12-31": "1329.68800", "2007-12-31": "1241.38500", "2006-12-31": "1066.06400", "2005-12-31": "888.23200"}, "Gross Profit": {"2019-12-31": "2428.97200", "2018-12-31": "2615.13100", "2017-12-31": "2583.99500", "2016-12-31": "2423.17200", "2015-12-31": "2394.14500", "2014-12-31": "2311.80300", "2013-12-31": "2358.91900", "2012-12-31": "2307.01400", "2011-12-31": "2231.91500", "2010-12-31": "2142.38400", "2009-12-31": "1975.03600", "2008-12-31": "1889.99900", "2007-12-31": "2052.76900", "2006-12-31": "2141.69000", "2005-12-31": "2099.72300"}, "Research And Development Expenses": {"2019-12-31": "", "2018-12-31": "", "2017-12-31": "", "2016-12-31": "", "2015-12-31": "", "2014-12-31": "", "2013-12-31": "", "2012-12-31": "", "2011-12-31": "", "2010-12-31": "", "2009-12-31": "", "2008-12-31": "", "2007-12-31": "", "2006-12-31": "", "2005-12-31": ""}, "SG&A Expenses": {"2019-12-31": "1160.19500", "2018-12-31": "1249.59300", "2017-12-31": "1133.45400", "2016-12-31": "1098.19100", "2015-12-31": "1040.18900", "2014-12-31": "1080.32000", "2013-12-31": "1088.89400", "2012-12-31": "1044.09200", "2011-12-31": "1051.69400", "2010-12-31": "1005.51300", "2009-12-31": "945.57000", "2008-12-31": "890.13000", "2007-12-31": "856.55000", "2006-12-31": "812.41500", "2005-12-31": "767.86700"}, "Other Operating Income Or Expenses": {"2019-12-31": "-5.88800", "2018-12-31": "-9.49700", "2017-12-31": "-6.66000", "2016-12-31": "-3.54100", "2015-12-31": "-4.93200", "2014-12-31": "-2.88300", "2013-12-31": "-7.99400", "2012-12-31": "-6.83100", "2011-12-31": "-6.65900", "2010-12-31": "-7.50900", "2009-12-31": "-5.98400", "2008-12-31": "-26.03200", "2007-12-31": "-207.83600", "2006-12-31": "-353.27600", "2005-12-31": "-468.91500"}, "Operating Expenses": {"2019-12-31": "2799.24900", "2018-12-31": "2917.56000", "2017-12-31": "2655.53300", "2016-12-31": "2663.07100", "2015-12-31": "2640.84100", "2014-12-31": "2680.39000", "2013-12-31": "2608.30500", "2012-12-31": "2450.04900", "2011-12-31": "2494.87100", "2010-12-31": "2474.31600", "2009-12-31": "2537.52800", "2008-12-31": "2637.04000", "2007-12-31": "2677.64800", "2006-12-31": "2590.36000", "2005-12-31": "2472.66600"}, "Operating Income": {"2019-12-31": "671.96000", "2018-12-31": "773.68700", "2017-12-31": "909.76320", "2016-12-31": "835.61080", "2015-12-31": "854.60210", "2014-12-31": "811.24220", "2013-12-31": "846.32300", "2012-12-31": "851.75490", "2011-12-31": "746.50810", "2010-12-31": "714.88280", "2009-12-31": "616.12820", "2008-12-31": "582.64720", "2007-12-31": "616.50610", "2006-12-31": "617.39400", "2005-12-31": "515.28910"}, "Total Non-Operating Income/Expense": {"2019-12-31": "-129.92000", "2018-12-31": "-109.24500", "2017-12-31": "-143.54200", "2016-12-31": "-137.67300", "2015-12-31": "-160.69200", "2014-12-31": "-166.84100", "2013-12-31": "-175.76600", "2012-12-31": "-195.44500", "2011-12-31": "-207.27000", "2010-12-31": "-209.16300", "2009-12-31": "-221.52900", "2008-12-31": "-208.76800", "2007-12-31": "-164.06400", "2006-12-31": "-145.27400", "2005-12-31": "-165.23400"}, "Pre-Tax Income": {"2019-12-31": "542.04000", "2018-12-31": "664.44200", "2017-12-31": "766.22100", "2016-12-31": "697.93800", "2015-12-31": "693.91000", "2014-12-31": "644.40100", "2013-12-31": "670.55700", "2012-12-31": "656.31000", "2011-12-31": "539.23800", "2010-12-31": "505.72000", "2009-12-31": "394.59900", "2008-12-31": "373.87900", "2007-12-31": "452.44200", "2006-12-31": "472.12000", "2005-12-31": "350.05500"}, "Income Taxes": {"2019-12-31": "-15.77300", "2018-12-31": "133.90200", "2017-12-31": "258.27200", "2016-12-31": "236.41100", "2015-12-31": "237.72000", "2014-12-31": "220.70500", "2013-12-31": "230.59100", "2012-12-31": "237.31700", "2011-12-31": "183.60400", "2010-12-31": "160.86900", "2009-12-31": "138.55100", "2008-12-31": "95.54400", "2007-12-31": "152.00600", "2006-12-31": "155.85500", "2005-12-31": "126.89200"}, "Income After Taxes": {"2019-12-31": "557.81300", "2018-12-31": "530.54000", "2017-12-31": "507.94900", "2016-12-31": "461.52700", "2015-12-31": "456.19000", "2014-12-31": "423.69600", "2013-12-31": "439.96600", "2012-12-31": "418.99300", "2011-12-31": "355.63400", "2010-12-31": "344.85100", "2009-12-31": "256.04800", "2008-12-31": "278.33500", "2007-12-31": "300.43600", "2006-12-31": "316.26500", "2005-12-31": "223.16300"}, "Other Income": {"2019-12-31": "", "2018-12-31": "", "2017-12-31": "", "2016-12-31": "", "2015-12-31": "", "2014-12-31": "", "2013-12-31": "", "2012-12-31": "", "2011-12-31": "", "2010-12-31": "", "2009-12-31": "", "2008-12-31": "", "2007-12-31": "", "2006-12-31": "", "2005-12-31": ""}, "Income From Continuous Operations": {"2019-12-31": "557.81300", "2018-12-31": "530.54000", "2017-12-31": "507.94900", "2016-12-31": "461.52700", "2015-12-31": "456.19000", "2014-12-31": "423.69600", "2013-12-31": "439.96600", "2012-12-31": "418.99300", "2011-12-31": "355.63400", "2010-12-31": "344.85100", "2009-12-31": "256.04800", "2008-12-31": "278.33500", "2007-12-31": "300.43600", "2006-12-31": "316.26500", "2005-12-31": "223.16300"}, "Income From Discontinued Operations": {"2019-12-31": "", "2018-12-31": "", "2017-12-31": "", "2016-12-31": "", "2015-12-31": "", "2014-12-31": "", "2013-12-31": "", "2012-12-31": "-5.82900", "2011-12-31": "11.30600", "2010-12-31": "25.35800", "2009-12-31": "-183.28400", "2008-12-31": "-18.71500", "2007-12-31": "6.70700", "2006-12-31": "10.99000", "2005-12-31": "-46.89600"}, "Net Income": {"2019-12-31": "538.32000", "2018-12-31": "511.04700", "2017-12-31": "488.45600", "2016-12-31": "442.03400", "2015-12-31": "437.25700", "2014-12-31": "397.59500", "2013-12-31": "406.07400", "2012-12-31": "381.54200", "2011-12-31": "339.47300", "2010-12-31": "350.05300", "2009-12-31": "68.33000", "2008-12-31": "242.12500", "2007-12-31": "307.14300", "2006-12-31": "327.25500", "2005-12-31": "176.26700"}, "EBITDA": {"2019-12-31": "1385.60800", "2018-12-31": "1541.39200", "2017-12-31": "1505.62500", "2016-12-31": "1438.77400", "2015-12-31": "1427.88300", "2014-12-31": "1348.48600", "2013-12-31": "1369.83500", "2012-12-31": "1216.30100", "2011-12-31": "1085.13500", "2010-12-31": "1065.20900", "2009-12-31": "1214.01000", "2008-12-31": "1197.44500", "2007-12-31": "1251.50800", "2006-12-31": "1269.49100", "2005-12-31": "896.89310"}, "EBIT": {"2019-12-31": "671.96000", "2018-12-31": "773.68700", "2017-12-31": "909.76320", "2016-12-31": "835.61080", "2015-12-31": "854.60210", "2014-12-31": "811.24220", "2013-12-31": "846.32300", "2012-12-31": "851.75490", "2011-12-31": "746.50810", "2010-12-31": "714.88280", "2009-12-31": "616.12820", "2008-12-31": "582.64720", "2007-12-31": "616.50610", "2006-12-31": "617.39400", "2005-12-31": "515.28910"}, "Basic Shares Outstanding": {"2019-12-31": "112.44300", "2018-12-31": "112.12900", "2017-12-31": "111.83900", "2016-12-31": "111.40900", "2015-12-31": "111.02600", "2014-12-31": "110.62600", "2013-12-31": "109.98400", "2012-12-31": "109.51000", "2011-12-31": "109.05300", "2010-12-31": "106.57300", "2009-12-31": "101.16100", "2008-12-31": "100.69100", "2007-12-31": "100.25600", "2006-12-31": "99.41700", "2005-12-31": "96.48400"}, "Shares Outstanding": {"2019-12-31": "112.75800", "2018-12-31": "112.55000", "2017-12-31": "112.36700", "2016-12-31": "112.04600", "2015-12-31": "111.55200", "2014-12-31": "111.17800", "2013-12-31": "110.80600", "2012-12-31": "110.52700", "2011-12-31": "109.86400", "2010-12-31": "107.13800", "2009-12-31": "101.26400", "2008-12-31": "100.96500", "2007-12-31": "100.83500", "2006-12-31": "100.01000", "2005-12-31": "96.59000"}, "Basic EPS": {"2019-12-31": "4.79000", "2018-12-31": "4.56000", "2017-12-31": "4.37000", "2016-12-31": "3.97000", "2015-12-31": "3.94000", "2014-12-31": "3.59000", "2013-12-31": "3.69000", "2012-12-31": "3.48000", "2011-12-31": "3.11000", "2010-12-31": "3.28000", "2009-12-31": "0.68000", "2008-12-31": "2.40000", "2007-12-31": "3.06000", "2006-12-31": "3.29000", "2005-12-31": "1.83000"}, "EPS - Earnings Per Share": {"2019-12-31": "4.77000", "2018-12-31": "4.54000", "2017-12-31": "4.35000", "2016-12-31": "3.95000", "2015-12-31": "3.92000", "2014-12-31": "3.58000", "2013-12-31": "3.66000", "2012-12-31": "3.45000", "2011-12-31": "3.09000", "2010-12-31": "3.27000", "2009-12-31": "0.67000", "2008-12-31": "2.40000", "2007-12-31": "3.05000", "2006-12-31": "3.27000", "2005-12-31": "1.82000"}}, "income statement, quarterly": {"Revenue": {"2020-09-30": "1254.50100", "2020-06-30": "929.59000", "2020-03-31": "661.93000", "2019-12-31": "670.39090", "2019-09-30": "1190.78700", "2019-06-30": "869.50100", "2019-03-31": "740.53000", "2018-12-31": "756.37590", "2018-09-30": "1268.03400", "2018-06-30": "974.12300", "2018-03-31": "692.71400", "2017-12-31": "759.65890", "2017-09-30": "1183.32200", "2017-06-30": "944.58700", "2017-03-31": "677.72800", "2016-12-31": "739.19870", "2016-09-30": "1166.92200", "2016-06-30": "915.39400", "2016-03-31": "677.16700", "2015-12-31": "734.43020", "2015-09-30": "1199.14600", "2015-06-30": "890.64800", "2015-03-31": "671.21900", "2014-12-31": "726.45020", "2014-09-30": "1172.66700", "2014-06-30": "906.26400", "2014-03-31": "686.25100", "2013-12-31": "699.76180", "2013-09-30": "1152.39200", "2013-06-30": "915.82200", "2013-03-31": "686.65200", "2012-12-31": "693.12220", "2012-09-30": "1109.47500", "2012-06-30": "878.57600", "2012-03-31": "620.63100", "2011-12-31": "667.89200", "2011-09-30": "1124.84100", "2011-06-30": "799.79900", "2011-03-31": "648.84700", "2010-12-31": "649.33910", "2010-09-30": "1116.71000", "2010-06-30": "802.79500", "2010-03-31": "620.35500", "2009-12-31": "620.16510", "2009-09-30": "1089.03600", "2009-06-30": "818.58800", "2009-03-31": "625.86700", "2008-12-31": "576.83020", "2008-09-30": "1070.08800", "2008-06-30": "884.51300", "2008-03-31": "688.25600", "2007-12-31": "531.00090", "2007-09-30": "1205.23400", "2007-06-30": "862.90200", "2007-03-31": "695.01700", "2006-12-31": "536.07790", "2006-09-30": "1076.44200", "2006-06-30": "925.02800", "2006-03-31": "670.20600", "2005-12-31": "691.67210", "2005-09-30": "955.58300", "2005-06-30": "755.34200", "2005-03-31": "585.35800"}, "Cost Of Goods Sold": {"2020-09-30": "353.17100", "2020-06-30": "238.38200", "2020-03-31": "188.52100", "2019-12-31": "224.56510", "2019-09-30": "344.86200", "2019-06-30": "242.22200", "2019-03-31": "230.58800", "2018-12-31": "231.98290", "2018-09-30": "389.93600", "2018-06-30": "257.08700", "2018-03-31": "197.11000", "2017-12-31": "203.82600", "2017-09-30": "310.46900", "2017-06-30": "254.61100", "2017-03-31": "212.39500", "2016-12-31": "243.25700", "2016-09-30": "336.12000", "2016-06-30": "274.84800", "2016-03-31": "221.28500", "2015-12-31": "232.73700", "2015-09-30": "363.84700", "2015-06-30": "281.47700", "2015-03-31": "223.23700", "2014-12-31": "256.82800", "2014-09-30": "382.36100", "2014-06-30": "290.85400", "2014-03-31": "249.78600", "2013-12-31": "236.49300", "2013-09-30": "350.95300", "2013-06-30": "277.58400", "2013-03-31": "230.67900", "2012-12-31": "210.86400", "2012-09-30": "302.89400", "2012-06-30": "264.72300", "2012-03-31": "216.30900", "2011-12-31": "215.51200", "2011-09-30": "337.89600", "2011-06-30": "244.04900", "2011-03-31": "212.00700", "2010-12-31": "225.57100", "2010-09-30": "353.90400", "2010-06-30": "251.80000", "2010-03-31": "215.54000", "2009-12-31": "257.99000", "2009-09-30": "381.54300", "2009-06-30": "291.69900", "2009-03-31": "247.38800", "2008-12-31": "268.64100", "2008-09-30": "421.43500", "2008-06-30": "346.24800", "2008-03-31": "293.36400", "2007-12-31": "134.11600", "2007-09-30": "501.10200", "2007-06-30": "344.87000", "2007-03-31": "261.29700", "2006-12-31": "102.77790", "2006-09-30": "395.05600", "2006-06-30": "336.66000", "2006-03-31": "231.57000", "2005-12-31": "230.35300", "2005-09-30": "290.46400", "2005-06-30": "218.18300", "2005-03-31": "149.23200"}, "Gross Profit": {"2020-09-30": "901.33000", "2020-06-30": "691.20800", "2020-03-31": "473.40900", "2019-12-31": "445.82580", "2019-09-30": "845.92500", "2019-06-30": "627.27900", "2019-03-31": "509.94200", "2018-12-31": "524.39290", "2018-09-30": "878.09800", "2018-06-30": "717.03600", "2018-03-31": "495.60400", "2017-12-31": "555.83290", "2017-09-30": "872.85300", "2017-06-30": "689.97600", "2017-03-31": "465.33300", "2016-12-31": "495.94170", "2016-09-30": "830.80200", "2016-06-30": "640.54600", "2016-03-31": "455.88200", "2015-12-31": "501.69320", "2015-09-30": "835.29900", "2015-06-30": "609.17100", "2015-03-31": "447.98200", "2014-12-31": "469.62220", "2014-09-30": "790.30600", "2014-06-30": "615.41000", "2014-03-31": "436.46500", "2013-12-31": "463.26890", "2013-09-30": "801.43900", "2013-06-30": "638.23800", "2013-03-31": "455.97300", "2012-12-31": "482.25820", "2012-09-30": "806.58090", "2012-06-30": "613.85300", "2012-03-31": "404.32200", "2011-12-31": "452.38010", "2011-09-30": "786.94490", "2011-06-30": "555.75000", "2011-03-31": "436.84000", "2010-12-31": "423.76810", "2010-09-30": "762.80600", "2010-06-30": "550.99500", "2010-03-31": "404.81500", "2009-12-31": "362.17510", "2009-09-30": "707.49300", "2009-06-30": "526.88900", "2009-03-31": "378.47900", "2008-12-31": "308.18920", "2008-09-30": "648.65300", "2008-06-30": "538.26500", "2008-03-31": "394.89200", "2007-12-31": "396.88490", "2007-09-30": "704.13200", "2007-06-30": "518.03200", "2007-03-31": "433.72000", "2006-12-31": "433.30000", "2006-09-30": "681.38600", "2006-06-30": "588.36800", "2006-03-31": "438.63600", "2005-12-31": "461.31900", "2005-09-30": "665.11900", "2005-06-30": "537.15900", "2005-03-31": "436.12600"}, "Research And Development Expenses": {"2020-09-30": "", "2020-06-30": "", "2020-03-31": "", "2019-12-31": "", "2019-09-30": "", "2019-06-30": "", "2019-03-31": "", "2018-12-31": "", "2018-09-30": "", "2018-06-30": "", "2018-03-31": "", "2017-12-31": "", "2017-09-30": "", "2017-06-30": "", "2017-03-31": "", "2016-12-31": "", "2016-09-30": "", "2016-06-30": "", "2016-03-31": "", "2015-12-31": "", "2015-09-30": "", "2015-06-30": "", "2015-03-31": "", "2014-12-31": "", "2014-09-30": "", "2014-06-30": "", "2014-03-31": "", "2013-12-31": "", "2013-09-30": "", "2013-06-30": "", "2013-03-31": "", "2012-12-31": "", "2012-09-30": "", "2012-06-30": "", "2012-03-31": "", "2011-12-31": "", "2011-09-30": "", "2011-06-30": "", "2011-03-31": "", "2010-12-31": "", "2010-09-30": "", "2010-06-30": "", "2010-03-31": "", "2009-12-31": "", "2009-09-30": "", "2009-06-30": "", "2009-03-31": "", "2008-12-31": "", "2008-09-30": "", "2008-06-30": "", "2008-03-31": "", "2007-12-31": "", "2007-09-30": "", "2007-06-30": "", "2007-03-31": "", "2006-12-31": "", "2006-09-30": "", "2006-06-30": "", "2006-03-31": "", "2005-12-31": "", "2005-09-30": "", "2005-06-30": "", "2005-03-31": ""}, "SG&A Expenses": {"2020-09-30": "291.94900", "2020-06-30": "276.16000", "2020-03-31": "278.08600", "2019-12-31": "284.44710", "2019-09-30": "292.39100", "2019-06-30": "282.63300", "2019-03-31": "300.72400", "2018-12-31": "310.38700", "2018-09-30": "297.92000", "2018-06-30": "322.00400", "2018-03-31": "319.28200", "2017-12-31": "322.26500", "2017-09-30": "276.00800", "2017-06-30": "265.27400", "2017-03-31": "269.90700", "2016-12-31": "269.24700", "2016-09-30": "258.85200", "2016-06-30": "284.39600", "2016-03-31": "285.69600", "2015-12-31": "264.34200", "2015-09-30": "263.69000", "2015-06-30": "253.99700", "2015-03-31": "258.16000", "2014-12-31": "302.09910", "2014-09-30": "264.26800", "2014-06-30": "255.22600", "2014-03-31": "258.72700", "2013-12-31": "278.93000", "2013-09-30": "276.57900", "2013-06-30": "270.11400", "2013-03-31": "263.27100", "2012-12-31": "276.19300", "2012-09-30": "257.23600", "2012-06-30": "257.52500", "2012-03-31": "253.13800", "2011-12-31": "264.03800", "2011-09-30": "244.25800", "2011-06-30": "250.74500", "2011-03-31": "292.65300", "2010-12-31": "263.47000", "2010-09-30": "257.18600", "2010-06-30": "245.29100", "2010-03-31": "239.56600", "2009-12-31": "233.47000", "2009-09-30": "232.04500", "2009-06-30": "248.31100", "2009-03-31": "231.74400", "2008-12-31": "197.24890", "2008-09-30": "239.75500", "2008-06-30": "226.95100", "2008-03-31": "226.17500", "2007-12-31": "224.82700", "2007-09-30": "213.35900", "2007-06-30": "212.06700", "2007-03-31": "206.29700", "2006-12-31": "201.29000", "2006-09-30": "196.09300", "2006-06-30": "201.03200", "2006-03-31": "214.00000", "2005-12-31": "197.21800", "2005-09-30": "193.26500", "2005-06-30": "187.73500", "2005-03-31": "189.64900"}, "Other Operating Income Or Expenses": {"2020-09-30": "-1.67700", "2020-06-30": "-0.69200", "2020-03-31": "-0.82200", "2019-12-31": "-3.98400", "2019-09-30": "-0.79400", "2019-06-30": "-0.68300", "2019-03-31": "-0.42700", "2018-12-31": "-1.00000", "2018-09-30": "-0.90000", "2018-06-30": "-7.43400", "2018-03-31": "-0.16300", "2017-12-31": "-1.18100", "2017-09-30": "-3.38500", "2017-06-30": "-1.70600", "2017-03-31": "-0.38800", "2016-12-31": "-1.40000", "2016-09-30": "-0.26400", "2016-06-30": "-1.32900", "2016-03-31": "-0.54800", "2015-12-31": "-2.40800", "2015-09-30": "-0.87300", "2015-06-30": "-0.46200", "2015-03-31": "-1.18900", "2014-12-31": "-0.56300", "2014-09-30": "-0.60300", "2014-06-30": "-0.92100", "2014-03-31": "-0.79600", "2013-12-31": "-2.14100", "2013-09-30": "-1.78400", "2013-06-30": "-2.02000", "2013-03-31": "-2.04900", "2012-12-31": "-1.50800", "2012-09-30": "-1.02200", "2012-06-30": "-1.23300", "2012-03-31": "-3.06800", "2011-12-31": "-2.12300", "2011-09-30": "-1.32000", "2011-06-30": "-1.39600", "2011-03-31": "-1.82000", "2010-12-31": "1.91300", "2010-09-30": "-1.16900", "2010-06-30": "-1.32500", "2010-03-31": "-6.92800", "2009-12-31": "246.61000", "2009-09-30": "-5.03300", "2009-06-30": "-5.70400", "2009-03-31": "-241.85700", "2008-12-31": "82.72900", "2008-09-30": "-34.45000", "2008-06-30": "-37.41600", "2008-03-31": "-36.89500", "2007-12-31": "-25.97100", "2007-09-30": "-57.32100", "2007-06-30": "-54.72000", "2007-03-31": "-69.82400", "2006-12-31": "-82.11900", "2006-09-30": "-84.46300", "2006-06-30": "-106.84200", "2006-03-31": "-79.85200", "2005-12-31": "-95.69200", "2005-09-30": "-224.24600", "2005-06-30": "-85.26900", "2005-03-31": "-63.70800"}, "Operating Expenses": {"2020-09-30": "799.49300", "2020-06-30": "667.71600", "2020-03-31": "621.50800", "2019-12-31": "658.39390", "2019-09-30": "787.49700", "2019-06-30": "672.91200", "2019-03-31": "680.44600", "2018-12-31": "689.49190", "2018-09-30": "834.72710", "2018-06-30": "731.96110", "2018-03-31": "661.38000", "2017-12-31": "674.11170", "2017-09-30": "723.77400", "2017-06-30": "647.33000", "2017-03-31": "610.31700", "2016-12-31": "636.75620", "2016-09-30": "715.66390", "2016-06-30": "683.64600", "2016-03-31": "627.00490", "2015-12-31": "624.59610", "2015-09-30": "754.03500", "2015-06-30": "658.67490", "2015-03-31": "603.53500", "2014-12-31": "666.26590", "2014-09-30": "750.89200", "2014-06-30": "652.15110", "2014-03-31": "611.08110", "2013-12-31": "615.86180", "2013-09-30": "736.70400", "2013-06-30": "656.01010", "2013-03-31": "599.72900", "2012-12-31": "591.83310", "2012-09-30": "661.50510", "2012-06-30": "624.08700", "2012-03-31": "572.62400", "2011-12-31": "589.17680", "2011-09-30": "689.82400", "2011-06-30": "602.80700", "2011-03-31": "613.06300", "2010-12-31": "593.78220", "2010-09-30": "716.43600", "2010-06-30": "601.41100", "2010-03-31": "562.68700", "2009-12-31": "346.40390", "2009-09-30": "721.62900", "2009-06-30": "646.69400", "2009-03-31": "822.80100", "2008-12-31": "482.43080", "2008-09-30": "794.19600", "2008-06-30": "708.38500", "2008-03-31": "652.02800", "2007-12-31": "480.20700", "2007-09-30": "866.51200", "2007-06-30": "704.13310", "2007-03-31": "626.79600", "2006-12-31": "477.48380", "2006-09-30": "766.00210", "2006-06-30": "733.83100", "2006-03-31": "613.04300", "2005-12-31": "608.88500", "2005-09-30": "793.73800", "2005-06-30": "576.51000", "2005-03-31": "493.53300"}, "Operating Income": {"2020-09-30": "455.00800", "2020-06-30": "261.87400", "2020-03-31": "40.42200", "2019-12-31": "11.99700", "2019-09-30": "403.29000", "2019-06-30": "196.58890", "2019-03-31": "60.08410", "2018-12-31": "66.88390", "2018-09-30": "433.30700", "2018-06-30": "242.16190", "2018-03-31": "31.33400", "2017-12-31": "85.54720", "2017-09-30": "459.54800", "2017-06-30": "297.25700", "2017-03-31": "67.41100", "2016-12-31": "102.44260", "2016-09-30": "451.25810", "2016-06-30": "231.74800", "2016-03-31": "50.16210", "2015-12-31": "109.83410", "2015-09-30": "445.11100", "2015-06-30": "231.97310", "2015-03-31": "67.68400", "2014-12-31": "60.18430", "2014-09-30": "421.77500", "2014-06-30": "254.11290", "2014-03-31": "75.16990", "2013-12-31": "83.90000", "2013-09-30": "415.68800", "2013-06-30": "259.81200", "2013-03-31": "86.92300", "2012-12-31": "101.28910", "2012-09-30": "447.96990", "2012-06-30": "254.48900", "2012-03-31": "48.00700", "2011-12-31": "78.71520", "2011-09-30": "435.01690", "2011-06-30": "196.99200", "2011-03-31": "35.78390", "2010-12-31": "55.55700", "2010-09-30": "400.27390", "2010-06-30": "201.38400", "2010-03-31": "57.66800", "2009-12-31": "273.76120", "2009-09-30": "367.40700", "2009-06-30": "171.89400", "2009-03-31": "-196.93400", "2008-12-31": "94.39940", "2008-09-30": "275.89200", "2008-06-30": "176.12800", "2008-03-31": "36.22800", "2007-12-31": "50.79400", "2007-09-30": "338.72200", "2007-06-30": "158.76890", "2007-03-31": "68.22110", "2006-12-31": "58.59410", "2006-09-30": "310.43990", "2006-06-30": "191.19700", "2006-03-31": "57.16300", "2005-12-31": "82.78710", "2005-09-30": "161.84500", "2005-06-30": "178.83200", "2005-03-31": "91.82500"}, "Total Non-Operating Income/Expense": {"2020-09-30": "-26.52900", "2020-06-30": "-22.35400", "2020-03-31": "-25.76500", "2019-12-31": "-31.68000", "2019-09-30": "-32.87500", "2019-06-30": "-30.49000", "2019-03-31": "-34.87500", "2018-12-31": "-29.14000", "2018-09-30": "-29.08900", "2018-06-30": "-26.51100", "2018-03-31": "-24.50500", "2017-12-31": "-38.27000", "2017-09-30": "-34.28400", "2017-06-30": "-35.97300", "2017-03-31": "-35.01500", "2016-12-31": "-17.01500", "2016-09-30": "-41.91200", "2016-06-30": "-39.82400", "2016-03-31": "-38.92200", "2015-12-31": "-41.00900", "2015-09-30": "-43.57800", "2015-06-30": "-37.09500", "2015-03-31": "-39.01000", "2014-12-31": "-45.64200", "2014-09-30": "-38.93600", "2014-06-30": "-38.18900", "2014-03-31": "-44.07400", "2013-12-31": "-41.91900", "2013-09-30": "-49.05800", "2013-06-30": "-43.17100", "2013-03-31": "-41.61800", "2012-12-31": "-48.22700", "2012-09-30": "-47.98000", "2012-06-30": "-46.87000", "2012-03-31": "-52.36800", "2011-12-31": "-51.79600", "2011-09-30": "-50.32800", "2011-06-30": "-52.98900", "2011-03-31": "-52.15700", "2010-12-31": "-51.05900", "2010-09-30": "-48.36500", "2010-06-30": "-56.88200", "2010-03-31": "-52.85700", "2009-12-31": "-57.95100", "2009-09-30": "-54.30100", "2009-06-30": "-49.86400", "2009-03-31": "-59.41300", "2008-12-31": "-69.68400", "2008-09-30": "-47.83200", "2008-06-30": "-47.29600", "2008-03-31": "-43.95600", "2007-12-31": "-37.58000", "2007-09-30": "-44.94900", "2007-06-30": "-38.81900", "2007-03-31": "-42.71600", "2006-12-31": "-47.99100", "2006-09-30": "-27.42500", "2006-06-30": "-31.08300", "2006-03-31": "-38.77500", "2005-12-31": "-45.98900", "2005-09-30": "-36.84600", "2005-06-30": "-38.74300", "2005-03-31": "-43.65600"}, "Pre-Tax Income": {"2020-09-30": "428.47900", "2020-06-30": "239.52000", "2020-03-31": "14.65700", "2019-12-31": "-19.68300", "2019-09-30": "370.41500", "2019-06-30": "166.09900", "2019-03-31": "25.20900", "2018-12-31": "37.74400", "2018-09-30": "404.21800", "2018-06-30": "215.65100", "2018-03-31": "6.82900", "2017-12-31": "47.27700", "2017-09-30": "425.26400", "2017-06-30": "261.28400", "2017-03-31": "32.39600", "2016-12-31": "85.42800", "2016-09-30": "409.34600", "2016-06-30": "191.92400", "2016-03-31": "11.24000", "2015-12-31": "68.82500", "2015-09-30": "401.53300", "2015-06-30": "194.87800", "2015-03-31": "28.67400", "2014-12-31": "14.54200", "2014-09-30": "382.83900", "2014-06-30": "215.92400", "2014-03-31": "31.09600", "2013-12-31": "41.98100", "2013-09-30": "366.63000", "2013-06-30": "216.64100", "2013-03-31": "45.30500", "2012-12-31": "53.06200", "2012-09-30": "399.99000", "2012-06-30": "207.61900", "2012-03-31": "-4.36100", "2011-12-31": "26.91900", "2011-09-30": "384.68900", "2011-06-30": "144.00300", "2011-03-31": "-16.37300", "2010-12-31": "4.49800", "2010-09-30": "351.90900", "2010-06-30": "144.50200", "2010-03-31": "4.81100", "2009-12-31": "215.81000", "2009-09-30": "313.10600", "2009-06-30": "122.03000", "2009-03-31": "-256.34700", "2008-12-31": "24.71500", "2008-09-30": "228.06000", "2008-06-30": "128.83200", "2008-03-31": "-7.72800", "2007-12-31": "13.21400", "2007-09-30": "293.77300", "2007-06-30": "119.95000", "2007-03-31": "25.50500", "2006-12-31": "10.60300", "2006-09-30": "283.01500", "2006-06-30": "160.11400", "2006-03-31": "18.38800", "2005-12-31": "36.79800", "2005-09-30": "124.99900", "2005-06-30": "140.08900", "2005-03-31": "48.16900"}, "Income Taxes": {"2020-09-30": "77.23400", "2020-06-30": "41.06100", "2020-03-31": "-20.20900", "2019-12-31": "-88.53700", "2019-09-30": "53.26600", "2019-06-30": "17.08000", "2019-03-31": "2.41800", "2018-12-31": "6.79500", "2018-09-30": "84.33300", "2018-06-30": "44.03900", "2018-03-31": "-1.26500", "2017-12-31": "20.77500", "2017-09-30": "144.31900", "2017-06-30": "88.96700", "2017-03-31": "4.21100", "2016-12-31": "27.30900", "2016-09-30": "141.44600", "2016-06-30": "65.74200", "2016-03-31": "1.91400", "2015-12-31": "22.84700", "2015-09-30": "139.55500", "2015-06-30": "67.37100", "2015-03-31": "7.94700", "2014-12-31": "5.00700", "2014-09-30": "134.75300", "2014-06-30": "74.54000", "2014-03-31": "6.40500", "2013-12-31": "9.16700", "2013-09-30": "131.91200", "2013-06-30": "77.04300", "2013-03-31": "12.46900", "2012-12-31": "18.15700", "2012-09-30": "147.11600", "2012-06-30": "76.68900", "2012-03-31": "-4.64500", "2011-12-31": "7.37500", "2011-09-30": "131.41600", "2011-06-30": "50.81800", "2011-03-31": "-6.00500", "2010-12-31": "-5.49400", "2010-09-30": "122.34700", "2010-06-30": "51.18800", "2010-03-31": "-7.17200", "2009-12-31": "82.77700", "2009-09-30": "109.77800", "2009-06-30": "41.00000", "2009-03-31": "-95.00400", "2008-12-31": "4.46800", "2008-09-30": "76.59200", "2008-06-30": "16.02500", "2008-03-31": "-1.54100", "2007-12-31": "10.19700", "2007-09-30": "92.05500", "2007-06-30": "40.71300", "2007-03-31": "9.04100", "2006-12-31": "0.95500", "2006-09-30": "98.83600", "2006-06-30": "49.27100", "2006-03-31": "6.79300", "2005-12-31": "13.02900", "2005-09-30": "40.30500", "2005-06-30": "54.98800", "2005-03-31": "18.57000"}, "Income After Taxes": {"2020-09-30": "351.24500", "2020-06-30": "198.45900", "2020-03-31": "34.86600", "2019-12-31": "68.85400", "2019-09-30": "317.14900", "2019-06-30": "149.01900", "2019-03-31": "22.79100", "2018-12-31": "30.94910", "2018-09-30": "319.88500", "2018-06-30": "171.61200", "2018-03-31": "8.09400", "2017-12-31": "26.50200", "2017-09-30": "280.94500", "2017-06-30": "172.31700", "2017-03-31": "28.18500", "2016-12-31": "58.11900", "2016-09-30": "267.90000", "2016-06-30": "126.18200", "2016-03-31": "9.32600", "2015-12-31": "45.97800", "2015-09-30": "261.97800", "2015-06-30": "127.50700", "2015-03-31": "20.72700", "2014-12-31": "9.53500", "2014-09-30": "248.08600", "2014-06-30": "141.38400", "2014-03-31": "24.69100", "2013-12-31": "32.81400", "2013-09-30": "234.71800", "2013-06-30": "139.59800", "2013-03-31": "32.83600", "2012-12-31": "34.90500", "2012-09-30": "252.87400", "2012-06-30": "130.93000", "2012-03-31": "0.28400", "2011-12-31": "19.54400", "2011-09-30": "253.27300", "2011-06-30": "93.18500", "2011-03-31": "-10.36800", "2010-12-31": "9.99200", "2010-09-30": "229.56200", "2010-06-30": "93.31400", "2010-03-31": "11.98300", "2009-12-31": "133.03300", "2009-09-30": "203.32800", "2009-06-30": "81.03000", "2009-03-31": "-161.34300", "2008-12-31": "20.24700", "2008-09-30": "151.46800", "2008-06-30": "112.80700", "2008-03-31": "-6.18700", "2007-12-31": "3.01700", "2007-09-30": "201.71800", "2007-06-30": "79.23700", "2007-03-31": "16.46400", "2006-12-31": "9.64800", "2006-09-30": "184.17900", "2006-06-30": "110.84300", "2006-03-31": "11.59500", "2005-12-31": "23.76900", "2005-09-30": "84.69400", "2005-06-30": "85.10100", "2005-03-31": "29.59900"}, "Other Income": {"2020-09-30": "", "2020-06-30": "", "2020-03-31": "", "2019-12-31": "", "2019-09-30": "", "2019-06-30": "", "2019-03-31": "", "2018-12-31": "", "2018-09-30": "", "2018-06-30": "", "2018-03-31": "", "2017-12-31": "", "2017-09-30": "", "2017-06-30": "", "2017-03-31": "", "2016-12-31": "", "2016-09-30": "", "2016-06-30": "", "2016-03-31": "", "2015-12-31": "", "2015-09-30": "", "2015-06-30": "", "2015-03-31": "", "2014-12-31": "", "2014-09-30": "", "2014-06-30": "", "2014-03-31": "", "2013-12-31": "", "2013-09-30": "", "2013-06-30": "", "2013-03-31": "", "2012-12-31": "", "2012-09-30": "", "2012-06-30": "", "2012-03-31": "", "2011-12-31": "", "2011-09-30": "", "2011-06-30": "", "2011-03-31": "", "2010-12-31": "", "2010-09-30": "", "2010-06-30": "", "2010-03-31": "", "2009-12-31": "", "2009-09-30": "", "2009-06-30": "", "2009-03-31": "", "2008-12-31": "", "2008-09-30": "", "2008-06-30": "", "2008-03-31": "", "2007-12-31": "", "2007-09-30": "", "2007-06-30": "", "2007-03-31": "", "2006-12-31": "", "2006-09-30": "", "2006-06-30": "", "2006-03-31": "", "2005-12-31": "", "2005-09-30": "", "2005-06-30": "", "2005-03-31": ""}, "Income From Continuous Operations": {"2020-09-30": "351.24500", "2020-06-30": "198.45900", "2020-03-31": "34.86600", "2019-12-31": "68.85400", "2019-09-30": "317.14900", "2019-06-30": "149.01900", "2019-03-31": "22.79100", "2018-12-31": "30.94910", "2018-09-30": "319.88500", "2018-06-30": "171.61200", "2018-03-31": "8.09400", "2017-12-31": "26.50200", "2017-09-30": "280.94500", "2017-06-30": "172.31700", "2017-03-31": "28.18500", "2016-12-31": "58.11900", "2016-09-30": "267.90000", "2016-06-30": "126.18200", "2016-03-31": "9.32600", "2015-12-31": "45.97800", "2015-09-30": "261.97800", "2015-06-30": "127.50700", "2015-03-31": "20.72700", "2014-12-31": "9.53500", "2014-09-30": "248.08600", "2014-06-30": "141.38400", "2014-03-31": "24.69100", "2013-12-31": "32.81400", "2013-09-30": "234.71800", "2013-06-30": "139.59800", "2013-03-31": "32.83600", "2012-12-31": "34.90500", "2012-09-30": "252.87400", "2012-06-30": "130.93000", "2012-03-31": "0.28400", "2011-12-31": "19.54400", "2011-09-30": "253.27300", "2011-06-30": "93.18500", "2011-03-31": "-10.36800", "2010-12-31": "9.99200", "2010-09-30": "229.56200", "2010-06-30": "93.31400", "2010-03-31": "11.98300", "2009-12-31": "133.03300", "2009-09-30": "203.32800", "2009-06-30": "81.03000", "2009-03-31": "-161.34300", "2008-12-31": "20.24700", "2008-09-30": "151.46800", "2008-06-30": "112.80700", "2008-03-31": "-6.18700", "2007-12-31": "3.01700", "2007-09-30": "201.71800", "2007-06-30": "79.23700", "2007-03-31": "16.46400", "2006-12-31": "9.64800", "2006-09-30": "184.17900", "2006-06-30": "110.84300", "2006-03-31": "11.59500", "2005-12-31": "23.76900", "2005-09-30": "84.69400", "2005-06-30": "85.10100", "2005-03-31": "29.59900"}, "Income From Discontinued Operations": {"2020-09-30": "", "2020-06-30": "", "2020-03-31": "", "2019-12-31": "", "2019-09-30": "", "2019-06-30": "", "2019-03-31": "", "2018-12-31": "", "2018-09-30": "", "2018-06-30": "", "2018-03-31": "", "2017-12-31": "", "2017-09-30": "", "2017-06-30": "", "2017-03-31": "", "2016-12-31": "", "2016-09-30": "", "2016-06-30": "", "2016-03-31": "", "2015-12-31": "", "2015-09-30": "", "2015-06-30": "", "2015-03-31": "", "2014-12-31": "", "2014-09-30": "", "2014-06-30": "", "2014-03-31": "", "2013-12-31": "", "2013-09-30": "", "2013-06-30": "", "2013-03-31": "", "2012-12-31": "-4.23400", "2012-09-30": "-0.01100", "2012-06-30": "-0.81900", "2012-03-31": "-0.76500", "2011-12-31": "0.44600", "2011-09-30": "9.51200", "2011-06-30": "0.65400", "2011-03-31": "0.69400", "2010-12-31": "2.50900", "2010-09-30": "9.47700", "2010-06-30": "26.25200", "2010-03-31": "-12.88000", "2009-12-31": "-158.06800", "2009-09-30": "-12.30500", "2009-06-30": "-8.18400", "2009-03-31": "-4.72700", "2008-12-31": "-41.60200", "2008-09-30": "0.11800", "2008-06-30": "21.05500", "2008-03-31": "1.71400", "2007-12-31": "-0.10600", "2007-09-30": "6.99000", "2007-06-30": "-0.24300", "2007-03-31": "0.06600", "2006-12-31": "8.83100", "2006-09-30": "-0.01200", "2006-06-30": "1.31100", "2006-03-31": "0.86000", "2005-12-31": "-2.42200", "2005-09-30": "19.04300", "2005-06-30": "-58.36600", "2005-03-31": "-5.15100"}, "Net Income": {"2020-09-30": "346.37200", "2020-06-30": "193.58500", "2020-03-31": "29.99300", "2019-12-31": "63.98100", "2019-09-30": "312.27600", "2019-06-30": "144.14500", "2019-03-31": "17.91800", "2018-12-31": "26.07600", "2018-09-30": "315.01200", "2018-06-30": "166.73800", "2018-03-31": "3.22100", "2017-12-31": "21.62900", "2017-09-30": "276.07200", "2017-06-30": "167.44300", "2017-03-31": "23.31200", "2016-12-31": "53.24600", "2016-09-30": "263.02700", "2016-06-30": "121.30800", "2016-03-31": "4.45300", "2015-12-31": "41.11700", "2015-09-30": "257.11600", "2015-06-30": "122.90200", "2015-03-31": "16.12200", "2014-12-31": "5.41000", "2014-09-30": "243.96100", "2014-06-30": "132.45800", "2014-03-31": "15.76600", "2013-12-31": "24.26000", "2013-09-30": "226.16300", "2013-06-30": "131.20700", "2013-03-31": "24.44400", "2012-12-31": "22.63100", "2012-09-30": "244.82300", "2012-06-30": "122.34500", "2012-03-31": "-8.25700", "2011-12-31": "12.56400", "2011-09-30": "255.35900", "2011-06-30": "86.68500", "2011-03-31": "-15.13500", "2010-12-31": "7.35000", "2010-09-30": "233.92000", "2010-06-30": "114.79700", "2010-03-31": "-6.01400", "2009-12-31": "-30.15900", "2009-09-30": "186.65200", "2009-06-30": "68.34700", "2009-03-31": "-156.51000", "2008-12-31": "-38.85000", "2008-09-30": "151.58600", "2008-06-30": "133.86200", "2008-03-31": "-4.47300", "2007-12-31": "2.91100", "2007-09-30": "208.70800", "2007-06-30": "78.99400", "2007-03-31": "16.53000", "2006-12-31": "18.47900", "2006-09-30": "184.16700", "2006-06-30": "112.15400", "2006-03-31": "12.45500", "2005-12-31": "21.34700", "2005-09-30": "103.73700", "2005-06-30": "26.73500", "2005-03-31": "24.44800"}, "EBITDA": {"2020-09-30": "623.09700", "2020-06-30": "428.87200", "2020-03-31": "211.78200", "2019-12-31": "186.24300", "2019-09-30": "587.20000", "2019-06-30": "371.40800", "2019-03-31": "240.75700", "2018-12-31": "252.33090", "2018-09-30": "639.16400", "2018-06-30": "434.99490", "2018-03-31": "214.90200", "2017-12-31": "253.85520", "2017-09-30": "609.48000", "2017-06-30": "431.19000", "2017-03-31": "211.10000", "2016-12-31": "254.38850", "2016-09-30": "606.40610", "2016-06-30": "384.67000", "2016-03-31": "193.30910", "2015-12-31": "235.71010", "2015-09-30": "598.87400", "2015-06-30": "378.50710", "2015-03-31": "214.79200", "2014-12-31": "193.98240", "2014-09-30": "560.45100", "2014-06-30": "388.46690", "2014-03-31": "205.58590", "2013-12-31": "206.28300", "2013-09-30": "556.41400", "2013-06-30": "394.74890", "2013-03-31": "212.38900", "2012-12-31": "197.15910", "2012-09-30": "531.29100", "2012-06-30": "345.87100", "2012-03-31": "141.98000", "2011-12-31": "168.25320", "2011-09-30": "507.16790", "2011-06-30": "281.87000", "2011-03-31": "127.84390", "2010-12-31": "151.04690", "2010-09-30": "480.63990", "2010-06-30": "287.68500", "2010-03-31": "145.83700", "2009-12-31": "418.11830", "2009-09-30": "531.97900", "2009-06-30": "319.88600", "2009-03-31": "-55.97300", "2008-12-31": "233.83240", "2008-09-30": "427.63700", "2008-06-30": "344.62100", "2008-03-31": "191.35500", "2007-12-31": "185.73600", "2007-09-30": "499.56600", "2007-06-30": "330.74290", "2007-03-31": "235.46310", "2006-12-31": "227.49910", "2006-09-30": "512.11290", "2006-06-30": "359.83600", "2006-03-31": "170.04300", "2005-12-31": "172.20100", "2005-09-30": "268.42200", "2005-06-30": "264.88900", "2005-03-31": "191.38100"}, "EBIT": {"2020-09-30": "455.00800", "2020-06-30": "261.87400", "2020-03-31": "40.42200", "2019-12-31": "11.99700", "2019-09-30": "403.29000", "2019-06-30": "196.58890", "2019-03-31": "60.08410", "2018-12-31": "66.88410", "2018-09-30": "433.30700", "2018-06-30": "242.16190", "2018-03-31": "31.33400", "2017-12-31": "85.54720", "2017-09-30": "459.54800", "2017-06-30": "297.25700", "2017-03-31": "67.41100", "2016-12-31": "102.44270", "2016-09-30": "451.25810", "2016-06-30": "231.74800", "2016-03-31": "50.16210", "2015-12-31": "109.83400", "2015-09-30": "445.11100", "2015-06-30": "231.97310", "2015-03-31": "67.68400", "2014-12-31": "60.18430", "2014-09-30": "421.77500", "2014-06-30": "254.11290", "2014-03-31": "75.16990", "2013-12-31": "83.90010", "2013-09-30": "415.68800", "2013-06-30": "259.81200", "2013-03-31": "86.92300", "2012-12-31": "101.28890", "2012-09-30": "447.96990", "2012-06-30": "254.48900", "2012-03-31": "48.00700", "2011-12-31": "78.71520", "2011-09-30": "435.01690", "2011-06-30": "196.99200", "2011-03-31": "35.78390", "2010-12-31": "55.55690", "2010-09-30": "400.27390", "2010-06-30": "201.38400", "2010-03-31": "57.66800", "2009-12-31": "273.76110", "2009-09-30": "367.40700", "2009-06-30": "171.89400", "2009-03-31": "-196.93400", "2008-12-31": "94.39920", "2008-09-30": "275.89200", "2008-06-30": "176.12800", "2008-03-31": "36.22800", "2007-12-31": "50.79410", "2007-09-30": "338.72200", "2007-06-30": "158.76890", "2007-03-31": "68.22110", "2006-12-31": "58.59410", "2006-09-30": "310.43990", "2006-06-30": "191.19700", "2006-03-31": "57.16300", "2005-12-31": "82.78710", "2005-09-30": "161.84500", "2005-06-30": "178.83200", "2005-03-31": "91.82500"}, "Basic Shares Outstanding": {"2020-09-30": "112.67900", "2020-06-30": "112.63800", "2020-03-31": "112.59400", "2019-12-31": "112.44300", "2019-09-30": "112.46300", "2019-06-30": "112.33700", "2019-03-31": "112.33700", "2018-12-31": "112.12900", "2018-09-30": "112.14800", "2018-06-30": "112.11500", "2018-03-31": "112.01700", "2017-12-31": "111.83900", "2017-09-30": "111.83500", "2017-06-30": "111.79700", "2017-03-31": "111.72800", "2016-12-31": "111.40900", "2016-09-30": "111.41600", "2016-06-30": "111.36800", "2016-03-31": "111.29600", "2015-12-31": "111.02600", "2015-09-30": "111.03600", "2015-06-30": "110.98600", "2015-03-31": "110.91600", "2014-12-31": "110.62600", "2014-09-30": "110.68600", "2014-06-30": "110.56500", "2014-03-31": "110.25700", "2013-12-31": "109.98400", "2013-09-30": "110.00900", "2013-06-30": "109.96200", "2013-03-31": "109.83200", "2012-12-31": "109.51000", "2012-09-30": "109.55500", "2012-06-30": "109.49100", "2012-03-31": "109.29900", "2011-12-31": "109.05300", "2011-09-30": "109.12800", "2011-06-30": "109.04400", "2011-03-31": "108.83200", "2010-12-31": "106.57300", "2010-09-30": "108.63200", "2010-06-30": "107.35500", "2010-03-31": "101.47400", "2009-12-31": "101.16100", "2009-09-30": "101.22300", "2009-06-30": "101.10900", "2009-03-31": "100.98600", "2008-12-31": "100.69100", "2008-09-30": "100.75000", "2008-06-30": "100.65300", "2008-03-31": "100.52100", "2007-12-31": "100.25600", "2007-09-30": "100.32400", "2007-06-30": "100.22900", "2007-03-31": "100.04500", "2006-12-31": "99.41700", "2006-09-30": "99.49100", "2006-06-30": "99.22100", "2006-03-31": "99.11500", "2005-12-31": "96.48400", "2005-09-30": "98.69700", "2005-06-30": "96.19200", "2005-03-31": "91.96200"}, "Shares Outstanding": {"2020-09-30": "112.98700", "2020-06-30": "112.87900", "2020-03-31": "112.86200", "2019-12-31": "112.75800", "2019-09-30": "112.74600", "2019-06-30": "112.65100", "2019-03-31": "112.73500", "2018-12-31": "112.55000", "2018-09-30": "112.53300", "2018-06-30": "112.47100", "2018-03-31": "112.49300", "2017-12-31": "112.36700", "2017-09-30": "112.40100", "2017-06-30": "112.34500", "2017-03-31": "112.19500", "2016-12-31": "112.04600", "2016-09-30": "112.10000", "2016-06-30": "112.00400", "2016-03-31": "111.84700", "2015-12-31": "111.55200", "2015-09-30": "111.61600", "2015-06-30": "111.46000", "2015-03-31": "111.37700", "2014-12-31": "111.17800", "2014-09-30": "111.10300", "2014-06-30": "111.00200", "2014-03-31": "110.88800", "2013-12-31": "110.80600", "2013-09-30": "111.05300", "2013-06-30": "110.93200", "2013-03-31": "110.83500", "2012-12-31": "110.52700", "2012-09-30": "110.65500", "2012-06-30": "110.35900", "2012-03-31": "109.29900", "2011-12-31": "109.86400", "2011-09-30": "109.86100", "2011-06-30": "109.71800", "2011-03-31": "108.83200", "2010-12-31": "107.13800", "2010-09-30": "109.09400", "2010-06-30": "107.76400", "2010-03-31": "101.47400", "2009-12-31": "101.26400", "2009-09-30": "101.38500", "2009-06-30": "101.19300", "2009-03-31": "100.98600", "2008-12-31": "100.96500", "2008-09-30": "101.01800", "2008-06-30": "100.91700", "2008-03-31": "100.52100", "2007-12-31": "100.83500", "2007-09-30": "100.82900", "2007-06-30": "100.77900", "2007-03-31": "100.62200", "2006-12-31": "100.01000", "2006-09-30": "99.97300", "2006-06-30": "99.64000", "2006-03-31": "99.44900", "2005-12-31": "96.59000", "2005-09-30": "98.81600", "2005-06-30": "96.29900", "2005-03-31": "92.04500"}, "Basic EPS": {"2020-09-30": "3.07000", "2020-06-30": "1.72000", "2020-03-31": "0.27000", "2019-12-31": "0.57000", "2019-09-30": "2.78000", "2019-06-30": "1.28000", "2019-03-31": "0.16000", "2018-12-31": "0.23000", "2018-09-30": "2.81000", "2018-06-30": "1.49000", "2018-03-31": "0.03000", "2017-12-31": "0.19000", "2017-09-30": "2.47000", "2017-06-30": "1.50000", "2017-03-31": "0.21000", "2016-12-31": "0.48000", "2016-09-30": "2.36000", "2016-06-30": "1.09000", "2016-03-31": "0.04000", "2015-12-31": "0.36000", "2015-09-30": "2.32000", "2015-06-30": "1.11000", "2015-03-31": "0.15000", "2014-12-31": "0.05000", "2014-09-30": "2.20000", "2014-06-30": "1.20000", "2014-03-31": "0.14000", "2013-12-31": "0.22000", "2013-09-30": "2.06000", "2013-06-30": "1.19000", "2013-03-31": "0.22000", "2012-12-31": "0.21000", "2012-09-30": "2.23000", "2012-06-30": "1.12000", "2012-03-31": "-0.08000", "2011-12-31": "0.11000", "2011-09-30": "2.34000", "2011-06-30": "0.80000", "2011-03-31": "-0.14000", "2010-12-31": "0.12000", "2010-09-30": "2.15000", "2010-06-30": "1.07000", "2010-03-31": "-0.06000", "2009-12-31": "-0.34000", "2009-09-30": "1.84000", "2009-06-30": "0.68000", "2009-03-31": "-1.50000", "2008-12-31": "-0.39000", "2008-09-30": "1.50000", "2008-06-30": "1.33000", "2008-03-31": "-0.04000", "2007-12-31": "0.02000", "2007-09-30": "2.08000", "2007-06-30": "0.79000", "2007-03-31": "0.17000", "2006-12-31": "0.18000", "2006-09-30": "1.85000", "2006-06-30": "1.13000", "2006-03-31": "0.13000", "2005-12-31": "0.23000", "2005-09-30": "1.05000", "2005-06-30": "0.28000", "2005-03-31": "0.27000"}, "EPS - Earnings Per Share": {"2020-09-30": "3.07000", "2020-06-30": "1.71000", "2020-03-31": "0.27000", "2019-12-31": "0.56000", "2019-09-30": "2.77000", "2019-06-30": "1.28000", "2019-03-31": "0.16000", "2018-12-31": "0.23000", "2018-09-30": "2.80000", "2018-06-30": "1.48000", "2018-03-31": "0.03000", "2017-12-31": "0.19000", "2017-09-30": "2.46000", "2017-06-30": "1.49000", "2017-03-31": "0.21000", "2016-12-31": "0.48000", "2016-09-30": "2.35000", "2016-06-30": "1.08000", "2016-03-31": "0.04000", "2015-12-31": "0.38000", "2015-09-30": "2.30000", "2015-06-30": "1.10000", "2015-03-31": "0.14000", "2014-12-31": "0.05000", "2014-09-30": "2.20000", "2014-06-30": "1.19000", "2014-03-31": "0.14000", "2013-12-31": "0.22000", "2013-09-30": "2.04000", "2013-06-30": "1.18000", "2013-03-31": "0.22000", "2012-12-31": "0.21000", "2012-09-30": "2.21000", "2012-06-30": "1.11000", "2012-03-31": "-0.08000", "2011-12-31": "0.12000", "2011-09-30": "2.32000", "2011-06-30": "0.79000", "2011-03-31": "-0.14000", "2010-12-31": "0.12000", "2010-09-30": "2.14000", "2010-06-30": "1.07000", "2010-03-31": "-0.06000", "2009-12-31": "-0.30000", "2009-09-30": "1.84000", "2009-06-30": "0.68000", "2009-03-31": "-1.55000", "2008-12-31": "-0.39000", "2008-09-30": "1.50000", "2008-06-30": "1.33000", "2008-03-31": "-0.04000", "2007-12-31": "0.04000", "2007-09-30": "2.07000", "2007-06-30": "0.78000", "2007-03-31": "0.16000", "2006-12-31": "0.17000", "2006-09-30": "1.84000", "2006-06-30": "1.13000", "2006-03-31": "0.13000", "2005-12-31": "0.22000", "2005-09-30": "1.05000", "2005-06-30": "0.28000", "2005-03-31": "0.27000"}}, "balance sheet": {"Cash On Hand": {"2019-12-31": "10.28300", "2018-12-31": "5.76600", "2017-12-31": "13.89200", "2016-12-31": "8.88100", "2015-12-31": "39.48800", "2014-12-31": "7.60400", "2013-12-31": "9.52600", "2012-12-31": "26.20200", "2011-12-31": "33.58300", "2010-12-31": "110.18800", "2009-12-31": "145.37800", "2008-12-31": "105.24500", "2007-12-31": "56.32100", "2006-12-31": "119.91000", "2005-12-31": "154.00300"}, "Receivables": {"2019-12-31": "408.14700", "2018-12-31": "400.98800", "2017-12-31": "415.06800", "2016-12-31": "359.15400", "2015-12-31": "368.39500", "2014-12-31": "398.27700", "2013-12-31": "529.01400", "2012-12-31": "371.15300", "2011-12-31": "412.14000", "2010-12-31": "422.00100", "2009-12-31": "432.73800", "2008-12-31": "389.38800", "2007-12-31": "451.22500", "2006-12-31": "496.03100", "2005-12-31": "497.70200"}, "Inventory": {"2019-12-31": "345.92000", "2018-12-31": "294.09400", "2017-12-31": "289.27000", "2016-12-31": "282.58700", "2015-12-31": "279.93100", "2014-12-31": "255.98600", "2013-12-31": "259.71000", "2012-12-31": "249.43000", "2011-12-31": "226.38700", "2010-12-31": "202.98900", "2009-12-31": "215.26500", "2008-12-31": "253.69200", "2007-12-31": "276.28000", "2006-12-31": "189.62100", "2005-12-31": "133.39400"}, "Pre-Paid Expenses": {"2019-12-31": "", "2018-12-31": "", "2017-12-31": "", "2016-12-31": "", "2015-12-31": "", "2014-12-31": "", "2013-12-31": "", "2012-12-31": "", "2011-12-31": "", "2010-12-31": "", "2009-12-31": "", "2008-12-31": "", "2007-12-31": "", "2006-12-31": "", "2005-12-31": ""}, "Other Current Assets": {"2019-12-31": "265.68000", "2018-12-31": "224.14300", "2017-12-31": "298.05800", "2016-12-31": "171.59700", "2015-12-31": "202.70200", "2014-12-31": "189.33600", "2013-12-31": "154.20700", "2012-12-31": "206.75000", "2011-12-31": "153.78900", "2010-12-31": "164.43600", "2009-12-31": "81.36600", "2008-12-31": "54.42800", "2007-12-31": "91.59300", "2006-12-31": "668.11800", "2005-12-31": "1106.29300"}, "Total Current Assets": {"2019-12-31": "1030.03000", "2018-12-31": "924.99100", "2017-12-31": "1016.28800", "2016-12-31": "822.21900", "2015-12-31": "890.51600", "2014-12-31": "973.43500", "2013-12-31": "1043.60900", "2012-12-31": "1005.72600", "2011-12-31": "956.47000", "2010-12-31": "1024.51100", "2009-12-31": "928.73700", "2008-12-31": "882.48200", "2007-12-31": "906.92900", "2006-12-31": "1474.66200", "2005-12-31": "1891.39200"}, "Property, Plant, And Equipment": {"2019-12-31": "14522.54000", "2018-12-31": "14029.57000", "2017-12-31": "13445.27000", "2016-12-31": "12714.28000", "2015-12-31": "11808.94000", "2014-12-31": "11194.33000", "2013-12-31": "10888.99000", "2012-12-31": "10396.39000", "2011-12-31": "9962.25800", "2010-12-31": "9578.81900", "2009-12-31": "9404.53800", "2008-12-31": "8916.65800", "2007-12-31": "8436.38900", "2006-12-31": "7881.92800", "2005-12-31": "7577.08300"}, "Long-Term Investments": {"2019-12-31": "", "2018-12-31": "", "2017-12-31": "", "2016-12-31": "", "2015-12-31": "", "2014-12-31": "", "2013-12-31": "", "2012-12-31": "", "2011-12-31": "", "2010-12-31": "", "2009-12-31": "119.98900", "2008-12-31": "415.29600", "2007-12-31": "532.60000", "2006-12-31": "526.00800", "2005-12-31": "390.70200"}, "Goodwill And Intangible Assets": {"2019-12-31": "", "2018-12-31": "", "2017-12-31": "", "2016-12-31": "", "2015-12-31": "", "2014-12-31": "", "2013-12-31": "", "2012-12-31": "", "2011-12-31": "", "2010-12-31": "", "2009-12-31": "", "2008-12-31": "", "2007-12-31": "", "2006-12-31": "", "2005-12-31": ""}, "Other Long-Term Assets": {"2019-12-31": "342.04800", "2018-12-31": "339.34800", "2017-12-31": "84.58200", "2016-12-31": "69.06400", "2015-12-31": "64.62400", "2014-12-31": "71.66700", "2013-12-31": "84.69000", "2012-12-31": "98.58500", "2011-12-31": "113.91000", "2010-12-31": "155.24800", "2009-12-31": "138.94600", "2008-12-31": "151.61000", "2007-12-31": "166.86900", "2006-12-31": "278.59900", "2005-12-31": "709.76200"}, "Total Long-Term Assets": {"2019-12-31": "17303.40000", "2018-12-31": "16739.21000", "2017-12-31": "16002.79000", "2016-12-31": "15182.04000", "2015-12-31": "14137.74000", "2014-12-31": "13315.46000", "2013-12-31": "12465.08000", "2012-12-31": "12373.89000", "2011-12-31": "12154.55000", "2010-12-31": "11368.49000", "2009-12-31": "11057.59000", "2008-12-31": "10737.61000", "2007-12-31": "10255.28000", "2006-12-31": "9981.28100", "2005-12-31": "9431.25300"}, "Total Assets": {"2019-12-31": "18479.25000", "2018-12-31": "17664.20000", "2017-12-31": "17019.08000", "2016-12-31": "16004.25000", "2015-12-31": "15028.26000", "2014-12-31": "14288.89000", "2013-12-31": "13508.69000", "2012-12-31": "13379.62000", "2011-12-31": "13111.02000", "2010-12-31": "12393.00000", "2009-12-31": "11986.32000", "2008-12-31": "11620.09000", "2007-12-31": "11162.21000", "2006-12-31": "11455.94000", "2005-12-31": "11322.64000"}, "Total Current Liabilities": {"2019-12-31": "2078.36500", "2018-12-31": "1648.96400", "2017-12-31": "1197.85200", "2016-12-31": "1292.94600", "2015-12-31": "1442.31700", "2014-12-31": "1559.14300", "2013-12-31": "1618.64400", "2012-12-31": "1083.54200", "2011-12-31": "1342.70500", "2010-12-31": "1449.70400", "2009-12-31": "1108.94300", "2008-12-31": "1505.92800", "2007-12-31": "1344.44900", "2006-12-31": "1458.56000", "2005-12-31": "2272.07300"}, "Long Term Debt": {"2019-12-31": "4832.55800", "2018-12-31": "4638.23200", "2017-12-31": "4789.71300", "2016-12-31": "4021.78500", "2015-12-31": "3462.39100", "2014-12-31": "3006.57300", "2013-12-31": "2796.46500", "2012-12-31": "3199.08800", "2011-12-31": "3019.05400", "2010-12-31": "3045.79400", "2009-12-31": "3496.52400", "2008-12-31": "3031.60300", "2007-12-31": "3127.12500", "2006-12-31": "3232.63300", "2005-12-31": "2608.45500"}, "Other Non-Current Liabilities": {"2019-12-31": "3494.27200", "2018-12-31": "3577.30500", "2017-12-31": "3672.10700", "2016-12-31": "2088.90600", "2015-12-31": "2012.59000", "2014-12-31": "1989.09300", "2013-12-31": "1735.24600", "2012-12-31": "1684.75100", "2011-12-31": "1624.37500", "2010-12-31": "1445.29200", "2009-12-31": "1645.42000", "2008-12-31": "1510.08800", "2007-12-31": "1410.67800", "2006-12-31": "1462.80200", "2005-12-31": "1481.66700"}, "Total Long Term Liabilities": {"2019-12-31": "10847.69000", "2018-12-31": "10666.53000", "2017-12-31": "10685.50000", "2016-12-31": "9775.39500", "2015-12-31": "8866.48400", "2014-12-31": "8210.64500", "2013-12-31": "7549.58200", "2012-12-31": "8193.78400", "2011-12-31": "7837.72800", "2010-12-31": "7168.06800", "2009-12-31": "7449.37600", "2008-12-31": "6620.79700", "2007-12-31": "6286.14900", "2006-12-31": "6551.26700", "2005-12-31": "5625.60800"}, "Total Liabilities": {"2019-12-31": "12926.06000", "2018-12-31": "12315.50000", "2017-12-31": "11883.35000", "2016-12-31": "11068.34000", "2015-12-31": "10308.80000", "2014-12-31": "9769.78800", "2013-12-31": "9168.22600", "2012-12-31": "9277.32600", "2011-12-31": "9180.43200", "2010-12-31": "8617.77200", "2009-12-31": "8558.31600", "2008-12-31": "8126.72500", "2007-12-31": "7630.59800", "2006-12-31": "8009.82700", "2005-12-31": "7897.68100"}, "Common Stock Net": {"2019-12-31": "2659.56100", "2018-12-31": "2634.26500", "2017-12-31": "2614.80500", "2016-12-31": "2596.03000", "2015-12-31": "2541.66800", "2014-12-31": "2512.97000", "2013-12-31": "2491.55800", "2012-12-31": "2466.92300", "2011-12-31": "2444.24700", "2010-12-31": "2421.37200", "2009-12-31": "2153.29500", "2008-12-31": "2151.32300", "2007-12-31": "2135.78700", "2006-12-31": "2114.55000", "2005-12-31": "2067.37700"}, "Retained Earnings (Accumulated Deficit)": {"2019-12-31": "2837.61000", "2018-12-31": "2641.18300", "2017-12-31": "2442.51100", "2016-12-31": "2255.54700", "2015-12-31": "2092.80300", "2014-12-31": "1926.06500", "2013-12-31": "1785.27300", "2012-12-31": "1624.10200", "2011-12-31": "1534.48300", "2010-12-31": "1423.96100", "2009-12-31": "1298.21300", "2008-12-31": "1444.20800", "2007-12-31": "1413.74100", "2006-12-31": "1319.74700", "2005-12-31": "1193.71200"}, "Comprehensive Income": {"2019-12-31": "-57.09600", "2018-12-31": "-47.70800", "2017-12-31": "-45.00200", "2016-12-31": "-43.82200", "2015-12-31": "-44.74800", "2014-12-31": "-68.14100", "2013-12-31": "-78.05300", "2012-12-31": "-114.00800", "2011-12-31": "-152.16300", "2010-12-31": "-159.76700", "2009-12-31": "-131.58700", "2008-12-31": "-146.69800", "2007-12-31": "-15.86300", "2006-12-31": "12.26800", "2005-12-31": "165.12000"}, "Other Share Holders Equity": {"2019-12-31": "", "2018-12-31": "", "2017-12-31": "", "2016-12-31": "", "2015-12-31": "", "2014-12-31": "", "2013-12-31": "", "2012-12-31": "", "2011-12-31": "", "2010-12-31": "", "2009-12-31": "", "2008-12-31": "", "2007-12-31": "", "2006-12-31": "", "2005-12-31": ""}, "Share Holder Equity": {"2019-12-31": "5553.18800", "2018-12-31": "5348.70500", "2017-12-31": "5135.73000", "2016-12-31": "4935.91200", "2015-12-31": "4719.45700", "2014-12-31": "4519.10200", "2013-12-31": "4340.46000", "2012-12-31": "4102.28900", "2011-12-31": "3930.58600", "2010-12-31": "3775.22600", "2009-12-31": "3428.00400", "2008-12-31": "3493.36800", "2007-12-31": "3531.61100", "2006-12-31": "3446.11600", "2005-12-31": "3424.96400"}, "Total Liabilities And Share Holders Equity": {"2019-12-31": "18479.25000", "2018-12-31": "17664.20000", "2017-12-31": "17019.08000", "2016-12-31": "16004.25000", "2015-12-31": "15028.26000", "2014-12-31": "14288.89000", "2013-12-31": "13508.69000", "2012-12-31": "13379.62000", "2011-12-31": "13111.02000", "2010-12-31": "12393.00000", "2009-12-31": "11986.32000", "2008-12-31": "11620.09000", "2007-12-31": "11162.21000", "2006-12-31": "11455.94000", "2005-12-31": "11322.64000"}}, "balance sheet, quarterly": {"Cash On Hand": {"2020-09-30": "181.92600", "2020-06-30": "6.76300", "2020-03-31": "63.13900", "2019-12-31": "10.28300", "2019-09-30": "29.85200", "2019-06-30": "1.64800", "2019-03-31": "6.10900", "2018-12-31": "5.76600", "2018-09-30": "64.99100", "2018-06-30": "3.83900", "2018-03-31": "15.44000", "2017-12-31": "13.89200", "2017-09-30": "10.67400", "2017-06-30": "4.95300", "2017-03-31": "3.02800", "2016-12-31": "8.88100", "2016-09-30": "48.26700", "2016-06-30": "43.04000", "2016-03-31": "14.48400", "2015-12-31": "39.48800", "2015-09-30": "13.00700", "2015-06-30": "13.55700", "2015-03-31": "11.66400", "2014-12-31": "7.60400", "2014-09-30": "10.47100", "2014-06-30": "9.16100", "2014-03-31": "103.42100", "2013-12-31": "9.52600", "2013-09-30": "135.45700", "2013-06-30": "27.80300", "2013-03-31": "25.10900", "2012-12-31": "26.20200", "2012-09-30": "79.47900", "2012-06-30": "11.22800", "2012-03-31": "20.71000", "2011-12-31": "33.58300", "2011-09-30": "564.71200", "2011-06-30": "92.27400", "2011-03-31": "114.19300", "2010-12-31": "110.18800", "2010-09-30": "195.91500", "2010-06-30": "50.50200", "2010-03-31": "3.52800", "2009-12-31": "145.37800", "2009-09-30": "100.82400", "2009-06-30": "181.57000", "2009-03-31": "32.80400", "2008-12-31": "105.24500", "2008-09-30": "104.52800", "2008-06-30": "96.54800", "2008-03-31": "17.53300", "2007-12-31": "56.32100", "2007-09-30": "43.91400", "2007-06-30": "23.47200", "2007-03-31": "121.25300", "2006-12-31": "119.91000", "2006-09-30": "331.53900", "2006-06-30": "15.60800", "2006-03-31": "314.85500", "2005-12-31": "154.00300", "2005-09-30": "939.97400", "2005-06-30": "630.12200", "2005-03-31": "272.11600"}, "Receivables": {"2020-09-30": "579.01200", "2020-06-30": "476.60100", "2020-03-31": "364.54100", "2019-12-31": "408.14700", "2019-09-30": "524.56800", "2019-06-30": "454.39800", "2019-03-31": "361.19000", "2018-12-31": "400.98800", "2018-09-30": "561.87200", "2018-06-30": "525.17100", "2018-03-31": "329.13100", "2017-12-31": "415.06800", "2017-09-30": "574.48300", "2017-06-30": "508.89100", "2017-03-31": "299.98600", "2016-12-31": "359.15400", "2016-09-30": "471.95200", "2016-06-30": "473.71600", "2016-03-31": "307.81300", "2015-12-31": "368.39500", "2015-09-30": "520.73300", "2015-06-30": "471.93400", "2015-03-31": "337.61400", "2014-12-31": "398.27700", "2014-09-30": "543.75300", "2014-06-30": "495.06500", "2014-03-31": "336.93400", "2013-12-31": "529.01400", "2013-09-30": "689.70800", "2013-06-30": "508.68500", "2013-03-31": "358.40300", "2012-12-31": "371.15300", "2012-09-30": "497.43700", "2012-06-30": "482.75500", "2012-03-31": "349.12300", "2011-12-31": "412.14000", "2011-09-30": "545.91100", "2011-06-30": "454.42300", "2011-03-31": "395.82200", "2010-12-31": "422.00100", "2010-09-30": "582.38000", "2010-06-30": "440.05200", "2010-03-31": "315.13900", "2009-12-31": "432.73800", "2009-09-30": "703.99510", "2009-06-30": "568.52100", "2009-03-31": "299.29500", "2008-12-31": "389.38800", "2008-09-30": "548.66900", "2008-06-30": "501.14800", "2008-03-31": "388.56500", "2007-12-31": "451.22500", "2007-09-30": "630.78300", "2007-06-30": "498.94300", "2007-03-31": "366.30200", "2006-12-31": "496.03100", "2006-09-30": "570.57100", "2006-06-30": "505.21800", "2006-03-31": "375.13400", "2005-12-31": "497.70200", "2005-09-30": "579.95200", "2005-06-30": "461.30700", "2005-03-31": "339.06200"}, "Inventory": {"2020-09-30": "339.07700", "2020-06-30": "335.62500", "2020-03-31": "340.47500", "2019-12-31": "345.92000", "2019-09-30": "312.42600", "2019-06-30": "315.38100", "2019-03-31": "307.15100", "2018-12-31": "294.09400", "2018-09-30": "308.58200", "2018-06-30": "310.96100", "2018-03-31": "305.87700", "2017-12-31": "289.27000", "2017-09-30": "284.46800", "2017-06-30": "288.02400", "2017-03-31": "283.25400", "2016-12-31": "282.58700", "2016-09-30": "285.53400", "2016-06-30": "278.38000", "2016-03-31": "278.40600", "2015-12-31": "279.93100", "2015-09-30": "278.52300", "2015-06-30": "274.29700", "2015-03-31": "265.98100", "2014-12-31": "255.98600", "2014-09-30": "263.05600", "2014-06-30": "269.14500", "2014-03-31": "259.89700", "2013-12-31": "259.71000", "2013-09-30": "258.34400", "2013-06-30": "253.43200", "2013-03-31": "258.81600", "2012-12-31": "249.43000", "2012-09-30": "250.26000", "2012-06-30": "247.39900", "2012-03-31": "240.14000", "2011-12-31": "226.38700", "2011-09-30": "228.52100", "2011-06-30": "221.21500", "2011-03-31": "181.56800", "2010-12-31": "202.98900", "2010-09-30": "196.25400", "2010-06-30": "201.68800", "2010-03-31": "209.02500", "2009-12-31": "215.26500", "2009-09-30": "227.66600", "2009-06-30": "237.54200", "2009-03-31": "229.98500", "2008-12-31": "253.69200", "2008-09-30": "273.16400", "2008-06-30": "265.09500", "2008-03-31": "283.66200", "2007-12-31": "276.28000", "2007-09-30": "177.56100", "2007-06-30": "171.27000", "2007-03-31": "162.21300", "2006-12-31": "189.62100", "2006-09-30": "138.54600", "2006-06-30": "138.10100", "2006-03-31": "134.49500", "2005-12-31": "133.39400", "2005-09-30": "131.88500", "2005-06-30": "132.22600", "2005-03-31": "131.81200"}, "Pre-Paid Expenses": {"2020-09-30": "", "2020-06-30": "", "2020-03-31": "", "2019-12-31": "", "2019-09-30": "", "2019-06-30": "", "2019-03-31": "", "2018-12-31": "", "2018-09-30": "", "2018-06-30": "", "2018-03-31": "", "2017-12-31": "", "2017-09-30": "", "2017-06-30": "", "2017-03-31": "", "2016-12-31": "", "2016-09-30": "", "2016-06-30": "", "2016-03-31": "", "2015-12-31": "", "2015-09-30": "", "2015-06-30": "", "2015-03-31": "", "2014-12-31": "", "2014-09-30": "", "2014-06-30": "", "2014-03-31": "", "2013-12-31": "", "2013-09-30": "", "2013-06-30": "", "2013-03-31": "", "2012-12-31": "", "2012-09-30": "", "2012-06-30": "", "2012-03-31": "", "2011-12-31": "", "2011-09-30": "", "2011-06-30": "", "2011-03-31": "", "2010-12-31": "", "2010-09-30": "", "2010-06-30": "", "2010-03-31": "", "2009-12-31": "", "2009-09-30": "", "2009-06-30": "", "2009-03-31": "", "2008-12-31": "", "2008-09-30": "", "2008-06-30": "", "2008-03-31": "", "2007-12-31": "", "2007-09-30": "", "2007-06-30": "", "2007-03-31": "", "2006-12-31": "", "2006-09-30": "", "2006-06-30": "", "2006-03-31": "", "2005-12-31": "", "2005-09-30": "", "2005-06-30": "", "2005-03-31": ""}, "Other Current Assets": {"2020-09-30": "354.67100", "2020-06-30": "328.10000", "2020-03-31": "310.15200", "2019-12-31": "265.68000", "2019-09-30": "266.30900", "2019-06-30": "257.14000", "2019-03-31": "201.93900", "2018-12-31": "224.14300", "2018-09-30": "271.74500", "2018-06-30": "278.74000", "2018-03-31": "306.95600", "2017-12-31": "298.05800", "2017-09-30": "304.58000", "2017-06-30": "266.33600", "2017-03-31": "208.72800", "2016-12-31": "171.59700", "2016-09-30": "171.73900", "2016-06-30": "168.25100", "2016-03-31": "225.32200", "2015-12-31": "202.70200", "2015-09-30": "191.85900", "2015-06-30": "194.12700", "2015-03-31": "206.66200", "2014-12-31": "189.33600", "2014-09-30": "162.45100", "2014-06-30": "142.06800", "2014-03-31": "139.04800", "2013-12-31": "154.20700", "2013-09-30": "179.48700", "2013-06-30": "171.22300", "2013-03-31": "153.58300", "2012-12-31": "206.75000", "2012-09-30": "176.18900", "2012-06-30": "118.34400", "2012-03-31": "153.60300", "2011-12-31": "153.78900", "2011-09-30": "144.35900", "2011-06-30": "155.69800", "2011-03-31": "142.19000", "2010-12-31": "164.43600", "2010-09-30": "134.77100", "2010-06-30": "207.32800", "2010-03-31": "115.00400", "2009-12-31": "81.36600", "2009-09-30": "59.69800", "2009-06-30": "95.83300", "2009-03-31": "119.78600", "2008-12-31": "54.42800", "2008-09-30": "50.49500", "2008-06-30": "173.17600", "2008-03-31": "215.76800", "2007-12-31": "91.59300", "2007-09-30": "196.54900", "2007-06-30": "279.23700", "2007-03-31": "321.33400", "2006-12-31": "668.11800", "2006-09-30": "721.16000", "2006-06-30": "574.72600", "2006-03-31": "585.27700", "2005-12-31": "1106.29300", "2005-09-30": "1241.14000", "2005-06-30": "628.23500", "2005-03-31": "392.75200"}, "Total Current Assets": {"2020-09-30": "1454.68600", "2020-06-30": "1147.08900", "2020-03-31": "1078.30700", "2019-12-31": "1030.03000", "2019-09-30": "1133.15500", "2019-06-30": "1028.56700", "2019-03-31": "876.38900", "2018-12-31": "924.99100", "2018-09-30": "1207.19000", "2018-06-30": "1118.71100", "2018-03-31": "957.40400", "2017-12-31": "1016.28800", "2017-09-30": "1174.20500", "2017-06-30": "1068.20400", "2017-03-31": "794.99600", "2016-12-31": "822.21900", "2016-09-30": "977.49200", "2016-06-30": "963.38700", "2016-03-31": "826.02500", "2015-12-31": "890.51600", "2015-09-30": "1061.97900", "2015-06-30": "1031.75600", "2015-03-31": "935.44200", "2014-12-31": "973.43500", "2014-09-30": "1040.93200", "2014-06-30": "999.07200", "2014-03-31": "897.93000", "2013-12-31": "1043.60900", "2013-09-30": "1350.48600", "2013-06-30": "1066.28900", "2013-03-31": "871.77700", "2012-12-31": "1005.72600", "2012-09-30": "1098.85200", "2012-06-30": "947.41600", "2012-03-31": "904.80000", "2011-12-31": "956.47000", "2011-09-30": "1591.23500", "2011-06-30": "1036.85300", "2011-03-31": "958.01700", "2010-12-31": "1024.51100", "2010-09-30": "1243.33200", "2010-06-30": "1086.78600", "2010-03-31": "720.61100", "2009-12-31": "928.73700", "2009-09-30": "1150.82300", "2009-06-30": "1184.82200", "2009-03-31": "801.56400", "2008-12-31": "882.48200", "2008-09-30": "999.70300", "2008-06-30": "1035.96700", "2008-03-31": "905.52800", "2007-12-31": "906.92900", "2007-09-30": "1068.97200", "2007-06-30": "993.52200", "2007-03-31": "971.10200", "2006-12-31": "1474.66200", "2006-09-30": "1761.81600", "2006-06-30": "1233.65300", "2006-03-31": "1409.76100", "2005-12-31": "1891.39200", "2005-09-30": "2892.95100", "2005-06-30": "1851.89000", "2005-03-31": "1135.74200"}, "Property, Plant, And Equipment": {"2020-09-30": "14919.57000", "2020-06-30": "14789.01000", "2020-03-31": "14637.41000", "2019-12-31": "14522.54000", "2019-09-30": "14375.45000", "2019-06-30": "14253.42000", "2019-03-31": "14113.42000", "2018-12-31": "14029.57000", "2018-09-30": "13826.04000", "2018-06-30": "13802.78000", "2018-03-31": "13625.07000", "2017-12-31": "13445.27000", "2017-09-30": "13154.60000", "2017-06-30": "12967.28000", "2017-03-31": "12881.84000", "2016-12-31": "12714.28000", "2016-09-30": "12445.60000", "2016-06-30": "12240.86000", "2016-03-31": "12023.93000", "2015-12-31": "11808.94000", "2015-09-30": "11602.69000", "2015-06-30": "11471.20000", "2015-03-31": "11324.76000", "2014-12-31": "11194.33000", "2014-09-30": "11003.57000", "2014-06-30": "11029.04000", "2014-03-31": "10955.05000", "2013-12-31": "10888.99000", "2013-09-30": "10529.07000", "2013-06-30": "10472.34000", "2013-03-31": "10427.24000", "2012-12-31": "10396.39000", "2012-09-30": "10224.51000", "2012-06-30": "10117.68000", "2012-03-31": "10059.21000", "2011-12-31": "9962.25800", "2011-09-30": "9801.83900", "2011-06-30": "9656.22200", "2011-03-31": "9580.28900", "2010-12-31": "9578.81900", "2010-09-30": "9525.74800", "2010-06-30": "9475.12600", "2010-03-31": "9485.91300", "2009-12-31": "9404.53800", "2009-09-30": "9161.70700", "2009-06-30": "9084.02900", "2009-03-31": "8989.42500", "2008-12-31": "8916.65800", "2008-09-30": "8784.69400", "2008-06-30": "8673.21400", "2008-03-31": "8543.12600", "2007-12-31": "8436.38900", "2007-09-30": "8296.30900", "2007-06-30": "8117.95400", "2007-03-31": "7986.32900", "2006-12-31": "7881.92800", "2006-09-30": "7807.30200", "2006-06-30": "7745.23900", "2006-03-31": "7645.29800", "2005-12-31": "7577.08300", "2005-09-30": "7484.14800", "2005-06-30": "7551.42800", "2005-03-31": "7561.52600"}, "Long-Term Investments": {"2020-09-30": "", "2020-06-30": "", "2020-03-31": "", "2019-12-31": "", "2019-09-30": "", "2019-06-30": "", "2019-03-31": "", "2018-12-31": "", "2018-09-30": "", "2018-06-30": "", "2018-03-31": "", "2017-12-31": "", "2017-09-30": "", "2017-06-30": "", "2017-03-31": "", "2016-12-31": "", "2016-09-30": "", "2016-06-30": "", "2016-03-31": "", "2015-12-31": "", "2015-09-30": "", "2015-06-30": "", "2015-03-31": "", "2014-12-31": "", "2014-09-30": "", "2014-06-30": "", "2014-03-31": "", "2013-12-31": "", "2013-09-30": "", "2013-06-30": "", "2013-03-31": "", "2012-12-31": "", "2012-09-30": "", "2012-06-30": "", "2012-03-31": "", "2011-12-31": "", "2011-09-30": "", "2011-06-30": "", "2011-03-31": "", "2010-12-31": "", "2010-09-30": "", "2010-06-30": "", "2010-03-31": "104.17700", "2009-12-31": "119.98900", "2009-09-30": "150.25300", "2009-06-30": "199.47000", "2009-03-31": "213.47800", "2008-12-31": "415.29600", "2008-09-30": "440.72300", "2008-06-30": "463.55800", "2008-03-31": "480.60400", "2007-12-31": "532.60000", "2007-09-30": "617.05000", "2007-06-30": "585.96700", "2007-03-31": "533.17600", "2006-12-31": "526.00800", "2006-09-30": "495.96500", "2006-06-30": "453.94700", "2006-03-31": "427.29700", "2005-12-31": "390.70200", "2005-09-30": "356.15500", "2005-06-30": "349.12900", "2005-03-31": "345.80900"}, "Goodwill And Intangible Assets": {"2020-09-30": "", "2020-06-30": "", "2020-03-31": "", "2019-12-31": "", "2019-09-30": "", "2019-06-30": "", "2019-03-31": "", "2018-12-31": "", "2018-09-30": "", "2018-06-30": "", "2018-03-31": "", "2017-12-31": "", "2017-09-30": "", "2017-06-30": "", "2017-03-31": "", "2016-12-31": "", "2016-09-30": "", "2016-06-30": "", "2016-03-31": "", "2015-12-31": "", "2015-09-30": "", "2015-06-30": "", "2015-03-31": "", "2014-12-31": "", "2014-09-30": "", "2014-06-30": "", "2014-03-31": "", "2013-12-31": "", "2013-09-30": "", "2013-06-30": "", "2013-03-31": "", "2012-12-31": "", "2012-09-30": "", "2012-06-30": "", "2012-03-31": "", "2011-12-31": "", "2011-09-30": "", "2011-06-30": "", "2011-03-31": "", "2010-12-31": "", "2010-09-30": "", "2010-06-30": "", "2010-03-31": "", "2009-12-31": "", "2009-09-30": "", "2009-06-30": "", "2009-03-31": "", "2008-12-31": "", "2008-09-30": "", "2008-06-30": "", "2008-03-31": "", "2007-12-31": "", "2007-09-30": "", "2007-06-30": "", "2007-03-31": "", "2006-12-31": "", "2006-09-30": "", "2006-06-30": "", "2006-03-31": "", "2005-12-31": "", "2005-09-30": "", "2005-06-30": "", "2005-03-31": ""}, "Other Long-Term Assets": {"2020-09-30": "365.14700", "2020-06-30": "345.62700", "2020-03-31": "350.54500", "2019-12-31": "342.04800", "2019-09-30": "346.09800", "2019-06-30": "338.88000", "2019-03-31": "337.65300", "2018-12-31": "339.34800", "2018-09-30": "340.72800", "2018-06-30": "275.47500", "2018-03-31": "58.17700", "2017-12-31": "84.58200", "2017-09-30": "143.33900", "2017-06-30": "141.15600", "2017-03-31": "70.02500", "2016-12-31": "69.06400", "2016-09-30": "68.97700", "2016-06-30": "59.86500", "2016-03-31": "61.29100", "2015-12-31": "64.62400", "2015-09-30": "67.79400", "2015-06-30": "70.50000", "2015-03-31": "172.69200", "2014-12-31": "71.66700", "2014-09-30": "77.86500", "2014-06-30": "82.96100", "2014-03-31": "82.37900", "2013-12-31": "84.69000", "2013-09-30": "86.26500", "2013-06-30": "96.22200", "2013-03-31": "98.37200", "2012-12-31": "98.58500", "2012-09-30": "100.87700", "2012-06-30": "108.32600", "2012-03-31": "117.53900", "2011-12-31": "113.91000", "2011-09-30": "164.24800", "2011-06-30": "174.86900", "2011-03-31": "170.68700", "2010-12-31": "155.24800", "2010-09-30": "232.86800", "2010-06-30": "219.09600", "2010-03-31": "218.43700", "2009-12-31": "138.94600", "2009-09-30": "128.72700", "2009-06-30": "124.26400", "2009-03-31": "130.27500", "2008-12-31": "151.61000", "2008-09-30": "144.04900", "2008-06-30": "397.54400", "2008-03-31": "222.59300", "2007-12-31": "166.86900", "2007-09-30": "186.54100", "2007-06-30": "226.41300", "2007-03-31": "263.20900", "2006-12-31": "278.59900", "2006-09-30": "343.28200", "2006-06-30": "439.16500", "2006-03-31": "504.36400", "2005-12-31": "709.76200", "2005-09-30": "651.59300", "2005-06-30": "424.99400", "2005-03-31": "459.88100"}, "Total Long-Term Assets": {"2020-09-30": "17793.84000", "2020-06-30": "17604.52000", "2020-03-31": "17339.07000", "2019-12-31": "17303.40000", "2019-09-30": "17088.36000", "2019-06-30": "16960.88000", "2019-03-31": "16783.82000", "2018-12-31": "16739.21000", "2018-09-30": "16464.77000", "2018-06-30": "16373.46000", "2018-03-31": "16190.90000", "2017-12-31": "16002.79000", "2017-09-30": "15803.66000", "2017-06-30": "15601.52000", "2017-03-31": "15397.83000", "2016-12-31": "15182.04000", "2016-09-30": "14828.23000", "2016-06-30": "14575.18000", "2016-03-31": "14359.08000", "2015-12-31": "14137.74000", "2015-09-30": "13813.04000", "2015-06-30": "13669.73000", "2015-03-31": "13500.27000", "2014-12-31": "13315.46000", "2014-09-30": "12939.42000", "2014-06-30": "12691.25000", "2014-03-31": "12552.87000", "2013-12-31": "12465.08000", "2013-09-30": "12472.18000", "2013-06-30": "12496.41000", "2013-03-31": "12429.15000", "2012-12-31": "12373.89000", "2012-09-30": "12361.43000", "2012-06-30": "12266.99000", "2012-03-31": "12279.11000", "2011-12-31": "12154.55000", "2011-09-30": "11559.13000", "2011-06-30": "11437.23000", "2011-03-31": "11344.87000", "2010-12-31": "11368.49000", "2010-09-30": "11192.16000", "2010-06-30": "11071.41000", "2010-03-31": "11214.31000", "2009-12-31": "11057.59000", "2009-09-30": "10680.40000", "2009-06-30": "10678.01000", "2009-03-31": "10616.20000", "2008-12-31": "10737.61000", "2008-09-30": "10453.17000", "2008-06-30": "10542.02000", "2008-03-31": "10292.05000", "2007-12-31": "10255.28000", "2007-09-30": "10327.03000", "2007-06-30": "10188.19000", "2007-03-31": "10037.85000", "2006-12-31": "9981.28100", "2006-09-30": "9495.38300", "2006-06-30": "9416.04600", "2006-03-31": "9346.36700", "2005-12-31": "9431.25300", "2005-09-30": "9175.22400", "2005-06-30": "8881.11500", "2005-03-31": "8881.47100"}, "Total Assets": {"2020-09-30": "19751.42000", "2020-06-30": "19307.39000", "2020-03-31": "18561.76000", "2019-12-31": "18479.25000", "2019-09-30": "18377.57000", "2019-06-30": "18165.67000", "2019-03-31": "17854.11000", "2018-12-31": "17664.20000", "2018-09-30": "17671.96000", "2018-06-30": "17492.17000", "2018-03-31": "17148.31000", "2017-12-31": "17019.08000", "2017-09-30": "16977.87000", "2017-06-30": "16669.73000", "2017-03-31": "16192.83000", "2016-12-31": "16004.25000", "2016-09-30": "15805.73000", "2016-06-30": "15538.57000", "2016-03-31": "15185.10000", "2015-12-31": "15028.26000", "2015-09-30": "14875.02000", "2015-06-30": "14701.48000", "2015-03-31": "14435.70000", "2014-12-31": "14288.89000", "2014-09-30": "13980.35000", "2014-06-30": "13690.32000", "2014-03-31": "13450.80000", "2013-12-31": "13508.69000", "2013-09-30": "13822.67000", "2013-06-30": "13562.69000", "2013-03-31": "13300.93000", "2012-12-31": "13379.62000", "2012-09-30": "13460.29000", "2012-06-30": "13214.41000", "2012-03-31": "13183.91000", "2011-12-31": "13111.02000", "2011-09-30": "13150.36000", "2011-06-30": "12474.08000", "2011-03-31": "12302.89000", "2010-12-31": "12393.00000", "2010-09-30": "12435.49000", "2010-06-30": "12158.20000", "2010-03-31": "11934.92000", "2009-12-31": "11986.32000", "2009-09-30": "11831.22000", "2009-06-30": "11862.84000", "2009-03-31": "11417.77000", "2008-12-31": "11620.09000", "2008-09-30": "11452.88000", "2008-06-30": "11577.99000", "2008-03-31": "11197.58000", "2007-12-31": "11162.21000", "2007-09-30": "11396.00000", "2007-06-30": "11181.71000", "2007-03-31": "11008.96000", "2006-12-31": "11455.94000", "2006-09-30": "11257.20000", "2006-06-30": "10649.70000", "2006-03-31": "10756.13000", "2005-12-31": "11322.64000", "2005-09-30": "12068.17000", "2005-06-30": "10733.00000", "2005-03-31": "10017.21000"}, "Total Current Liabilities": {"2020-09-30": "1244.78400", "2020-06-30": "1496.36300", "2020-03-31": "2295.48800", "2019-12-31": "2078.36500", "2019-09-30": "1586.74600", "2019-06-30": "1900.96100", "2019-03-31": "1591.30400", "2018-12-31": "1648.96400", "2018-09-30": "1734.78800", "2018-06-30": "2238.88500", "2018-03-31": "1874.39100", "2017-12-31": "1197.85200", "2017-09-30": "1303.14300", "2017-06-30": "1638.59400", "2017-03-31": "1193.81300", "2016-12-31": "1292.94600", "2016-09-30": "1109.71800", "2016-06-30": "1478.54400", "2016-03-31": "1585.90200", "2015-12-31": "1442.31700", "2015-09-30": "1523.36200", "2015-06-30": "1339.85900", "2015-03-31": "1373.97600", "2014-12-31": "1559.14300", "2014-09-30": "1448.51800", "2014-06-30": "1554.70700", "2014-03-31": "1394.64300", "2013-12-31": "1618.64400", "2013-09-30": "1446.94300", "2013-06-30": "1537.21800", "2013-03-31": "891.51100", "2012-12-31": "1083.54200", "2012-09-30": "949.34800", "2012-06-30": "1104.32300", "2012-03-31": "1157.89900", "2011-12-31": "1342.70500", "2011-09-30": "1783.26800", "2011-06-30": "1831.29400", "2011-03-31": "1674.21200", "2010-12-31": "1449.70400", "2010-09-30": "967.80700", "2010-06-30": "1227.10900", "2010-03-31": "1393.72600", "2009-12-31": "1108.94300", "2009-09-30": "954.43600", "2009-06-30": "1296.01700", "2009-03-31": "1032.55600", "2008-12-31": "1505.92800", "2008-09-30": "1361.33600", "2008-06-30": "1183.71900", "2008-03-31": "1341.57100", "2007-12-31": "1344.44900", "2007-09-30": "1306.34500", "2007-06-30": "1269.76200", "2007-03-31": "1090.88500", "2006-12-31": "1458.56000", "2006-09-30": "1681.27000", "2006-06-30": "1560.20900", "2006-03-31": "1796.92100", "2005-12-31": "2272.07300", "2005-09-30": "2882.50700", "2005-06-30": "1922.00700", "2005-03-31": "1587.36700"}, "Long Term Debt": {"2020-09-30": "6316.42000", "2020-06-30": "5922.16100", "2020-03-31": "4833.32400", "2019-12-31": "4832.55800", "2019-09-30": "4984.99600", "2019-06-30": "4886.87900", "2019-03-31": "4886.10800", "2018-12-31": "4638.23200", "2018-09-30": "4487.36400", "2018-06-30": "4191.52500", "2018-03-31": "4290.53300", "2017-12-31": "4789.71300", "2017-09-30": "4491.04800", "2017-06-30": "4192.52000", "2017-03-31": "4273.89000", "2016-12-31": "4021.78500", "2016-09-30": "4145.36600", "2016-06-30": "3897.83500", "2016-03-31": "3463.03200", "2015-12-31": "3462.39100", "2015-09-30": "3257.34700", "2015-06-30": "3565.85700", "2015-03-31": "3281.31900", "2014-12-31": "3006.57300", "2014-09-30": "3037.80100", "2014-06-30": "2999.51300", "2014-03-31": "3045.61400", "2013-12-31": "2796.46500", "2013-09-30": "2820.31500", "2013-06-30": "2820.17200", "2013-03-31": "3304.45800", "2012-12-31": "3199.08800", "2012-09-30": "3338.95100", "2012-06-30": "3371.41200", "2012-03-31": "3341.19800", "2011-12-31": "3019.05400", "2011-09-30": "3046.58700", "2011-06-30": "2761.69500", "2011-03-31": "2845.47900", "2010-12-31": "3045.79400", "2010-09-30": "3463.30600", "2010-06-30": "3326.52400", "2010-03-31": "3306.47600", "2009-12-31": "3496.52400", "2009-09-30": "3519.93400", "2009-06-30": "3528.98700", "2009-03-31": "3529.10900", "2008-12-31": "3031.60300", "2008-09-30": "3047.40400", "2008-06-30": "3086.18500", "2008-03-31": "3114.57900", "2007-12-31": "3127.12500", "2007-09-30": "3229.35000", "2007-06-30": "3232.66100", "2007-03-31": "3186.99800", "2006-12-31": "3232.63300", "2006-09-30": "3237.42300", "2006-06-30": "2815.66500", "2006-03-31": "2782.22700", "2005-12-31": "2608.45500", "2005-09-30": "2569.44900", "2005-06-30": "2772.45800", "2005-03-31": "2576.36000"}, "Other Non-Current Liabilities": {"2020-09-30": "3335.72100", "2020-06-30": "3320.64700", "2020-03-31": "3298.86200", "2019-12-31": "3494.27200", "2019-09-30": "3604.69700", "2019-06-30": "3574.75600", "2019-03-31": "3545.03300", "2018-12-31": "3577.30500", "2018-09-30": "3635.86900", "2018-06-30": "3652.22800", "2018-03-31": "3650.67500", "2017-12-31": "3672.10700", "2017-09-30": "2107.92800", "2017-06-30": "2133.19200", "2017-03-31": "2124.17700", "2016-12-31": "2088.90600", "2016-09-30": "2034.53000", "2016-06-30": "2022.34500", "2016-03-31": "2040.96300", "2015-12-31": "2012.59000", "2015-09-30": "2057.64600", "2015-06-30": "2054.45900", "2015-03-31": "1671.09300", "2014-12-31": "1989.09300", "2014-09-30": "1934.00700", "2014-06-30": "1737.48300", "2014-03-31": "1678.90000", "2013-12-31": "1735.24600", "2013-09-30": "1714.80400", "2013-06-30": "1726.24900", "2013-03-31": "1853.82500", "2012-12-31": "1684.75100", "2012-09-30": "1664.93700", "2012-06-30": "1649.53900", "2012-03-31": "1627.16600", "2011-12-31": "1624.37500", "2011-09-30": "1484.57000", "2011-06-30": "1471.12700", "2011-03-31": "1454.55800", "2010-12-31": "1445.29200", "2010-09-30": "1569.64100", "2010-06-30": "1585.64000", "2010-03-31": "1598.09800", "2009-12-31": "1645.42000", "2009-09-30": "1662.53200", "2009-06-30": "1613.13600", "2009-03-31": "1576.10900", "2008-12-31": "1510.08800", "2008-09-30": "1498.04400", "2008-06-30": "1649.66400", "2008-03-31": "1468.54000", "2007-12-31": "1410.67800", "2007-09-30": "1427.57700", "2007-06-30": "1376.07100", "2007-03-31": "1408.93100", "2006-12-31": "1462.80200", "2006-09-30": "1459.36200", "2006-06-30": "1461.33700", "2006-03-31": "1433.67500", "2005-12-31": "1481.66700", "2005-09-30": "1443.22900", "2005-06-30": "1248.27400", "2005-03-31": "1277.45200"}, "Total Long Term Liabilities": {"2020-09-30": "12539.46000", "2020-06-30": "12200.55000", "2020-03-31": "10669.44000", "2019-12-31": "10847.69000", "2019-09-30": "11109.12000", "2019-06-30": "10907.46000", "2019-03-31": "10881.08000", "2018-12-31": "10666.53000", "2018-09-30": "10451.31000", "2018-06-30": "10093.85000", "2018-03-31": "10120.24000", "2017-12-31": "10685.50000", "2017-09-30": "10397.12000", "2017-06-30": "10041.06000", "2017-03-31": "10033.07000", "2016-12-31": "9775.39500", "2016-09-30": "9703.87300", "2016-06-30": "9340.83700", "2016-03-31": "8858.78600", "2015-12-31": "8866.48400", "2015-09-30": "8560.33700", "2015-06-30": "8835.98100", "2015-03-31": "8508.72100", "2014-12-31": "8210.64500", "2014-09-30": "7887.81700", "2014-06-30": "7753.74800", "2014-03-31": "7678.45300", "2013-12-31": "7549.58200", "2013-09-30": "7954.30000", "2013-06-30": "7856.24100", "2013-03-31": "8257.08600", "2012-12-31": "8193.78400", "2012-09-30": "8325.35400", "2012-06-30": "8210.74700", "2012-03-31": "8164.58600", "2011-12-31": "7837.72800", "2011-09-30": "7364.10000", "2011-06-30": "6927.17600", "2011-03-31": "6899.90700", "2010-12-31": "7168.06800", "2010-09-30": "7639.45000", "2010-06-30": "7338.08800", "2010-03-31": "7211.19300", "2009-12-31": "7449.37600", "2009-09-30": "7451.62400", "2009-06-30": "7330.84600", "2009-03-31": "7187.94200", "2008-12-31": "6620.79700", "2008-09-30": "6478.55700", "2008-06-30": "6646.45800", "2008-03-31": "6311.80500", "2007-12-31": "6286.14900", "2007-09-30": "6521.09400", "2007-06-30": "6488.73900", "2007-03-31": "6469.15000", "2006-12-31": "6551.26700", "2006-09-30": "6180.85700", "2006-06-30": "5804.56100", "2006-03-31": "5748.47600", "2005-12-31": "5625.60800", "2005-09-30": "5645.16100", "2005-06-30": "5558.57000", "2005-03-31": "5436.80500"}, "Total Liabilities": {"2020-09-30": "13784.25000", "2020-06-30": "13696.91000", "2020-03-31": "12964.93000", "2019-12-31": "12926.06000", "2019-09-30": "12695.86000", "2019-06-30": "12808.42000", "2019-03-31": "12472.38000", "2018-12-31": "12315.50000", "2018-09-30": "12186.09000", "2018-06-30": "12332.74000", "2018-03-31": "11994.63000", "2017-12-31": "11883.35000", "2017-09-30": "11700.26000", "2017-06-30": "11679.65000", "2017-03-31": "11226.88000", "2016-12-31": "11068.34000", "2016-09-30": "10813.59000", "2016-06-30": "10819.39000", "2016-03-31": "10444.69000", "2015-12-31": "10308.80000", "2015-09-30": "10083.70000", "2015-06-30": "10175.84000", "2015-03-31": "9882.69600", "2014-12-31": "9769.78800", "2014-09-30": "9336.33500", "2014-06-30": "9308.45500", "2014-03-31": "9073.09600", "2013-12-31": "9168.22600", "2013-09-30": "9401.24300", "2013-06-30": "9393.45900", "2013-03-31": "9148.60000", "2012-12-31": "9277.32600", "2012-09-30": "9274.70200", "2012-06-30": "9315.07000", "2012-03-31": "9322.48500", "2011-12-31": "9180.43200", "2011-09-30": "9147.36800", "2011-06-30": "8758.47000", "2011-03-31": "8574.11900", "2010-12-31": "8617.77200", "2010-09-30": "8607.25800", "2010-06-30": "8565.19700", "2010-03-31": "8604.91900", "2009-12-31": "8558.31600", "2009-09-30": "8406.06000", "2009-06-30": "8626.86300", "2009-03-31": "8220.49800", "2008-12-31": "8126.72500", "2008-09-30": "7839.89300", "2008-06-30": "7830.17700", "2008-03-31": "7653.37600", "2007-12-31": "7630.59800", "2007-09-30": "7827.43900", "2007-06-30": "7758.50100", "2007-03-31": "7560.03500", "2006-12-31": "8009.82700", "2006-09-30": "7862.12700", "2006-06-30": "7364.77000", "2006-03-31": "7545.39700", "2005-12-31": "7897.68100", "2005-09-30": "8527.66800", "2005-06-30": "7480.57700", "2005-03-31": "7024.17200"}, "Common Stock Net": {"2020-09-30": "2670.35800", "2020-06-30": "2665.51800", "2020-03-31": "2664.38700", "2019-12-31": "2659.56100", "2019-09-30": "2654.43000", "2019-06-30": "2648.23400", "2019-03-31": "2644.06300", "2018-12-31": "2634.26500", "2018-09-30": "2629.62700", "2018-06-30": "2624.67200", "2018-03-31": "2620.26100", "2017-12-31": "2614.80500", "2017-09-30": "2608.82500", "2017-06-30": "2604.48200", "2017-03-31": "2595.04200", "2016-12-31": "2596.03000", "2016-09-30": "2552.97900", "2016-06-30": "2549.49800", "2016-03-31": "2547.06500", "2015-12-31": "2541.66800", "2015-09-30": "2529.01900", "2015-06-30": "2526.94500", "2015-03-31": "2523.24700", "2014-12-31": "2512.97000", "2014-09-30": "2502.21700", "2014-06-30": "2500.06400", "2014-03-31": "2497.48500", "2013-12-31": "2491.55800", "2013-09-30": "2489.18000", "2013-06-30": "2486.87100", "2013-03-31": "2484.34700", "2012-12-31": "2466.92300", "2012-09-30": "2456.10700", "2012-06-30": "2453.45300", "2012-03-31": "2450.29600", "2011-12-31": "2444.24700", "2011-09-30": "2441.62100", "2011-06-30": "2438.25600", "2011-03-31": "2434.78400", "2010-12-31": "2421.37200", "2010-09-30": "2418.66000", "2010-06-30": "2411.59700", "2010-03-31": "2155.97700", "2009-12-31": "2153.29500", "2009-09-30": "2149.46500", "2009-06-30": "2147.02200", "2009-03-31": "2147.24500", "2008-12-31": "2151.32300", "2008-09-30": "2142.47500", "2008-06-30": "2138.84100", "2008-03-31": "2134.90400", "2007-12-31": "2135.78700", "2007-09-30": "2130.28500", "2007-06-30": "2126.24400", "2007-03-31": "2121.07000", "2006-12-31": "2114.55000", "2006-09-30": "2094.94200", "2006-06-30": "2079.77400", "2006-03-31": "2075.15700", "2005-12-31": "2067.37700", "2005-09-30": "2057.92700", "2005-06-30": "2038.60800", "2005-03-31": "1781.05000"}, "Retained Earnings (Accumulated Deficit)": {"2020-09-30": "3231.48500", "2020-06-30": "2885.10900", "2020-03-31": "2867.61000", "2019-12-31": "2837.61000", "2019-09-30": "2949.89100", "2019-06-30": "2637.62000", "2019-03-31": "2659.08600", "2018-12-31": "2641.18300", "2018-09-30": "2780.42800", "2018-06-30": "2465.40200", "2018-03-31": "2454.26800", "2017-12-31": "2442.51100", "2017-09-30": "2576.19300", "2017-06-30": "2300.10900", "2017-03-31": "2278.86700", "2016-12-31": "2255.54700", "2016-09-30": "2342.64300", "2016-06-30": "2079.61900", "2016-03-31": "2097.24600", "2015-12-31": "2092.80300", "2015-09-30": "2190.38700", "2015-06-30": "1933.25600", "2015-03-31": "1942.19400", "2014-12-31": "1926.06500", "2014-09-30": "2052.20700", "2014-06-30": "1808.23200", "2014-03-31": "1801.04700", "2013-12-31": "1785.27300", "2013-09-30": "1886.03800", "2013-06-30": "1659.86800", "2013-03-31": "1648.52100", "2012-12-31": "1624.10200", "2012-09-30": "1721.05000", "2012-06-30": "1476.25900", "2012-03-31": "1468.86900", "2011-12-31": "1534.48300", "2011-09-30": "1579.24000", "2011-06-30": "1323.89200", "2011-03-31": "1351.71600", "2010-12-31": "1423.96100", "2010-09-30": "1473.68300", "2010-06-30": "1239.86500", "2010-03-31": "1238.94000", "2009-12-31": "1298.21300", "2009-09-30": "1381.54700", "2009-06-30": "1248.08600", "2009-03-31": "1234.68800", "2008-12-31": "1444.20800", "2008-09-30": "1535.98600", "2008-06-30": "1437.28500", "2008-03-31": "1356.25500", "2007-12-31": "1413.74100", "2007-09-30": "1463.53100", "2007-06-30": "1307.48500", "2007-03-31": "1281.10600", "2006-12-31": "1319.74700", "2006-09-30": "1353.61300", "2006-06-30": "1219.09400", "2006-03-31": "1106.97100", "2005-12-31": "1193.71200", "2005-09-30": "1221.80800", "2005-06-30": "1164.94100", "2005-03-31": "1141.15300"}, "Comprehensive Income": {"2020-09-30": "-57.49100", "2020-06-30": "-57.87500", "2020-03-31": "-55.57900", "2019-12-31": "-57.09600", "2019-09-30": "-46.53800", "2019-06-30": "-47.63600", "2019-03-31": "-46.50100", "2018-12-31": "-47.70800", "2018-09-30": "-55.07400", "2018-06-30": "-56.62400", "2018-03-31": "-52.34100", "2017-12-31": "-45.00200", "2017-09-30": "-42.11700", "2017-06-30": "-43.62600", "2017-03-31": "-42.86300", "2016-12-31": "-43.82200", "2016-09-30": "-42.14600", "2016-06-30": "-43.71900", "2016-03-31": "-43.77000", "2015-12-31": "-44.74800", "2015-09-30": "-63.99000", "2015-06-30": "-65.60000", "2015-03-31": "-66.38200", "2014-12-31": "-68.14100", "2014-09-30": "-62.40200", "2014-06-30": "-74.21700", "2014-03-31": "-74.90200", "2013-12-31": "-78.05300", "2013-09-30": "-89.33500", "2013-06-30": "-104.45700", "2013-03-31": "-107.93100", "2012-12-31": "-114.00800", "2012-09-30": "-119.47500", "2012-06-30": "-150.31800", "2012-03-31": "-167.77700", "2011-12-31": "-152.16300", "2011-09-30": "-121.54400", "2011-06-30": "-142.67500", "2011-03-31": "-149.32100", "2010-12-31": "-159.76700", "2010-09-30": "-173.26000", "2010-06-30": "-169.18000", "2010-03-31": "-178.25000", "2009-12-31": "-131.58700", "2009-09-30": "-130.53900", "2009-06-30": "-183.90300", "2009-03-31": "-214.62600", "2008-12-31": "-146.69800", "2008-09-30": "-62.62200", "2008-06-30": "175.08500", "2008-03-31": "56.44000", "2007-12-31": "-15.86300", "2007-09-30": "-23.18800", "2007-06-30": "-8.05300", "2007-03-31": "47.49600", "2006-12-31": "12.26800", "2006-09-30": "-53.07700", "2006-06-30": "-13.04400", "2006-03-31": "29.49800", "2005-12-31": "165.12000", "2005-09-30": "261.71000", "2005-06-30": "50.21900", "2005-03-31": "70.87400"}, "Other Share Holders Equity": {"2020-09-30": "", "2020-06-30": "", "2020-03-31": "", "2019-12-31": "", "2019-09-30": "", "2019-06-30": "", "2019-03-31": "", "2018-12-31": "", "2018-09-30": "", "2018-06-30": "", "2018-03-31": "", "2017-12-31": "", "2017-09-30": "", "2017-06-30": "", "2017-03-31": "", "2016-12-31": "", "2016-09-30": "", "2016-06-30": "", "2016-03-31": "", "2015-12-31": "", "2015-09-30": "", "2015-06-30": "", "2015-03-31": "", "2014-12-31": "", "2014-09-30": "", "2014-06-30": "", "2014-03-31": "", "2013-12-31": "", "2013-09-30": "", "2013-06-30": "", "2013-03-31": "", "2012-12-31": "", "2012-09-30": "", "2012-06-30": "", "2012-03-31": "", "2011-12-31": "", "2011-09-30": "", "2011-06-30": "", "2011-03-31": "", "2010-12-31": "", "2010-09-30": "", "2010-06-30": "", "2010-03-31": "", "2009-12-31": "", "2009-09-30": "", "2009-06-30": "", "2009-03-31": "", "2008-12-31": "", "2008-09-30": "", "2008-06-30": "", "2008-03-31": "", "2007-12-31": "", "2007-09-30": "", "2007-06-30": "", "2007-03-31": "", "2006-12-31": "", "2006-09-30": "", "2006-06-30": "", "2006-03-31": "", "2005-12-31": "", "2005-09-30": "", "2005-06-30": "", "2005-03-31": ""}, "Share Holder Equity": {"2020-09-30": "5967.17500", "2020-06-30": "5610.47700", "2020-03-31": "5596.83200", "2019-12-31": "5553.18800", "2019-09-30": "5681.70500", "2019-06-30": "5357.24300", "2019-03-31": "5381.72500", "2018-12-31": "5348.70500", "2018-09-30": "5485.86100", "2018-06-30": "5159.43400", "2018-03-31": "5153.67100", "2017-12-31": "5135.73000", "2017-09-30": "5277.60700", "2017-06-30": "4990.07700", "2017-03-31": "4965.94000", "2016-12-31": "4935.91200", "2016-09-30": "4992.13500", "2016-06-30": "4719.18300", "2016-03-31": "4740.41300", "2015-12-31": "4719.45700", "2015-09-30": "4791.31900", "2015-06-30": "4525.64300", "2015-03-31": "4553.00700", "2014-12-31": "4519.10200", "2014-09-30": "4644.01300", "2014-06-30": "4381.86200", "2014-03-31": "4377.70100", "2013-12-31": "4340.46000", "2013-09-30": "4421.42800", "2013-06-30": "4169.23500", "2013-03-31": "4152.33000", "2012-12-31": "4102.28900", "2012-09-30": "4185.58400", "2012-06-30": "3899.33700", "2012-03-31": "3861.42900", "2011-12-31": "3930.58600", "2011-09-30": "4002.99500", "2011-06-30": "3715.61000", "2011-03-31": "3728.77100", "2010-12-31": "3775.22600", "2010-09-30": "3828.22900", "2010-06-30": "3593.00300", "2010-03-31": "3330.00000", "2009-12-31": "3428.00400", "2009-09-30": "3425.16300", "2009-06-30": "3235.97300", "2009-03-31": "3197.26800", "2008-12-31": "3493.36800", "2008-09-30": "3612.98500", "2008-06-30": "3747.81300", "2008-03-31": "3544.20100", "2007-12-31": "3531.61100", "2007-09-30": "3568.56600", "2007-06-30": "3423.21300", "2007-03-31": "3448.92200", "2006-12-31": "3446.11600", "2006-09-30": "3395.07200", "2006-06-30": "3284.92900", "2006-03-31": "3210.73100", "2005-12-31": "3424.96400", "2005-09-30": "3540.50700", "2005-06-30": "3252.42800", "2005-03-31": "2993.04200"}, "Total Liabilities And Share Holders Equity": {"2020-09-30": "19751.42000", "2020-06-30": "19307.39000", "2020-03-31": "18561.76000", "2019-12-31": "18479.25000", "2019-09-30": "18377.57000", "2019-06-30": "18165.67000", "2019-03-31": "17854.11000", "2018-12-31": "17664.20000", "2018-09-30": "17671.96000", "2018-06-30": "17492.17000", "2018-03-31": "17148.31000", "2017-12-31": "17019.08000", "2017-09-30": "16977.87000", "2017-06-30": "16669.73000", "2017-03-31": "16192.83000", "2016-12-31": "16004.25000", "2016-09-30": "15805.73000", "2016-06-30": "15538.57000", "2016-03-31": "15185.10000", "2015-12-31": "15028.26000", "2015-09-30": "14875.02000", "2015-06-30": "14701.48000", "2015-03-31": "14435.70000", "2014-12-31": "14288.89000", "2014-09-30": "13980.35000", "2014-06-30": "13690.32000", "2014-03-31": "13450.80000", "2013-12-31": "13508.69000", "2013-09-30": "13822.67000", "2013-06-30": "13562.69000", "2013-03-31": "13300.93000", "2012-12-31": "13379.62000", "2012-09-30": "13460.29000", "2012-06-30": "13214.41000", "2012-03-31": "13183.91000", "2011-12-31": "13111.02000", "2011-09-30": "13150.36000", "2011-06-30": "12474.08000", "2011-03-31": "12302.89000", "2010-12-31": "12393.00000", "2010-09-30": "12435.49000", "2010-06-30": "12158.20000", "2010-03-31": "11934.92000", "2009-12-31": "11986.32000", "2009-09-30": "11831.22000", "2009-06-30": "11862.84000", "2009-03-31": "11417.77000", "2008-12-31": "11620.09000", "2008-09-30": "11452.88000", "2008-06-30": "11577.99000", "2008-03-31": "11197.58000", "2007-12-31": "11162.21000", "2007-09-30": "11396.00000", "2007-06-30": "11181.71000", "2007-03-31": "11008.96000", "2006-12-31": "11455.94000", "2006-09-30": "11257.20000", "2006-06-30": "10649.70000", "2006-03-31": "10756.13000", "2005-12-31": "11322.64000", "2005-09-30": "12068.17000", "2005-06-30": "10733.00000", "2005-03-31": "10017.21000"}}, "cash flow statement": {"Net Income/Loss": {"2019-12-31": "557.81300", "2018-12-31": "530.54000", "2017-12-31": "507.94900", "2016-12-31": "461.52700", "2015-12-31": "456.19000", "2014-12-31": "423.69600", "2013-12-31": "439.96600", "2012-12-31": "413.16400", "2011-12-31": "366.94000", "2010-12-31": "370.20900", "2009-12-31": "72.76400", "2008-12-31": "259.62000", "2007-12-31": "307.14300", "2006-12-31": "327.25500", "2005-12-31": "176.26700"}, "Total Depreciation And Amortization - Cash Flow": {"2019-12-31": "713.64800", "2018-12-31": "767.70500", "2017-12-31": "595.86200", "2016-12-31": "603.16300", "2015-12-31": "573.28100", "2014-12-31": "537.24400", "2013-12-31": "523.51200", "2012-12-31": "364.54600", "2011-12-31": "338.62700", "2010-12-31": "350.32600", "2009-12-31": "597.88200", "2008-12-31": "614.79800", "2007-12-31": "635.00200", "2006-12-31": "652.09700", "2005-12-31": "381.60400"}, "Other Non-Cash Items": {"2019-12-31": "-101.32500", "2018-12-31": "-0.93200", "2017-12-31": "167.83000", "2016-12-31": "164.80000", "2015-12-31": "266.28200", "2014-12-31": "135.29300", "2013-12-31": "311.28300", "2012-12-31": "417.74000", "2011-12-31": "274.32700", "2010-12-31": "191.72700", "2009-12-31": "341.78700", "2008-12-31": "130.66600", "2007-12-31": "-317.87000", "2006-12-31": "-626.89800", "2005-12-31": "125.81900"}, "Total Non-Cash Items": {"2019-12-31": "612.32300", "2018-12-31": "766.77300", "2017-12-31": "763.69200", "2016-12-31": "767.96300", "2015-12-31": "839.56290", "2014-12-31": "672.53700", "2013-12-31": "834.79500", "2012-12-31": "782.28600", "2011-12-31": "612.95400", "2010-12-31": "542.05300", "2009-12-31": "939.66900", "2008-12-31": "745.46400", "2007-12-31": "317.13200", "2006-12-31": "25.19900", "2005-12-31": "507.42300"}, "Change In Accounts Receivable": {"2019-12-31": "-12.78900", "2018-12-31": "37.53000", "2017-12-31": "-93.79700", "2016-12-31": "-2.48900", "2015-12-31": "", "2014-12-31": "", "2013-12-31": "", "2012-12-31": "", "2011-12-31": "", "2010-12-31": "-67.94300", "2009-12-31": "", "2008-12-31": "", "2007-12-31": "58.79300", "2006-12-31": "9.18900", "2005-12-31": "-38.76300"}, "Change In Inventories": {"2019-12-31": "-51.82600", "2018-12-31": "-6.10300", "2017-12-31": "-6.68300", "2016-12-31": "-1.49100", "2015-12-31": "-23.94500", "2014-12-31": "3.72400", "2013-12-31": "-11.87800", "2012-12-31": "-23.04300", "2011-12-31": "-23.39800", "2010-12-31": "12.27600", "2009-12-31": "-12.26100", "2008-12-31": "-25.45300", "2007-12-31": "-86.65900", "2006-12-31": "2.46900", "2005-12-31": "-38.23600"}, "Change In Accounts Payable": {"2019-12-31": "50.64100", "2018-12-31": "-14.60200", "2017-12-31": "-23.76900", "2016-12-31": "-66.91700", "2015-12-31": "-34.26600", "2014-12-31": "-0.35300", "2013-12-31": "45.41400", "2012-12-31": "-96.60000", "2011-12-31": "58.34600", "2010-12-31": "9.12500", "2009-12-31": "-27.32800", "2008-12-31": "-69.43900", "2007-12-31": "-42.00400", "2006-12-31": "-46.05500", "2005-12-31": "-6.39200"}, "Change In Assets/Liabilities": {"2019-12-31": "-176.79400", "2018-12-31": "-18.85500", "2017-12-31": "-38.60400", "2016-12-31": "-123.94100", "2015-12-31": "-148.00400", "2014-12-31": "-138.27400", "2013-12-31": "-26.00400", "2012-12-31": "56.22800", "2011-12-31": "120.62000", "2010-12-31": "-139.48500", "2009-12-31": "137.13500", "2008-12-31": "-56.33800", "2007-12-31": "78.71000", "2006-12-31": "75.44500", "2005-12-31": "86.37300"}, "Total Change In Assets/Liabilities": {"2019-12-31": "-213.41000", "2018-12-31": "-20.16900", "2017-12-31": "-153.60500", "2016-12-31": "-206.10000", "2015-12-31": "-201.42600", "2014-12-31": "3.39400", "2013-12-31": "-121.45400", "2012-12-31": "-24.32800", "2011-12-31": "145.68900", "2010-12-31": "-161.80500", "2009-12-31": "54.87200", "2008-12-31": "-156.99100", "2007-12-31": "33.66100", "2006-12-31": "41.04800", "2005-12-31": "46.60600"}, "Cash Flow From Operating Activities": {"2019-12-31": "956.72600", "2018-12-31": "1277.14400", "2017-12-31": "1118.03600", "2016-12-31": "1023.39000", "2015-12-31": "1094.32700", "2014-12-31": "1099.62700", "2013-12-31": "1153.30700", "2012-12-31": "1171.12200", "2011-12-31": "1125.58300", "2010-12-31": "750.45700", "2009-12-31": "1067.30500", "2008-12-31": "848.09300", "2007-12-31": "657.93600", "2006-12-31": "393.50200", "2005-12-31": "730.29600"}, "Net Change In Property, Plant, And Equipment": {"2019-12-31": "-1120.75400", "2018-12-31": "-1150.45300", "2017-12-31": "-1385.06600", "2016-12-31": "-1211.17600", "2015-12-31": "-1029.54100", "2014-12-31": "-890.30900", "2013-12-31": "-975.23200", "2012-12-31": "-839.67500", "2011-12-31": "-846.25400", "2010-12-31": "-715.62000", "2009-12-31": "-711.08400", "2008-12-31": "-875.28500", "2007-12-31": "-918.58100", "2006-12-31": "-737.77900", "2005-12-31": "-818.57800"}, "Net Change In Intangible Assets": {"2019-12-31": "", "2018-12-31": "", "2017-12-31": "", "2016-12-31": "", "2015-12-31": "", "2014-12-31": "", "2013-12-31": "", "2012-12-31": "", "2011-12-31": "", "2010-12-31": "", "2009-12-31": "", "2008-12-31": "", "2007-12-31": "", "2006-12-31": "", "2005-12-31": ""}, "Net Acquisitions/Divestitures": {"2019-12-31": "", "2018-12-31": "", "2017-12-31": "", "2016-12-31": "", "2015-12-31": "", "2014-12-31": "", "2013-12-31": "", "2012-12-31": "", "2011-12-31": "45.11100", "2010-12-31": "100.30000", "2009-12-31": "", "2008-12-31": "", "2007-12-31": "", "2006-12-31": "", "2005-12-31": ""}, "Net Change In Short-term Investments": {"2019-12-31": "", "2018-12-31": "", "2017-12-31": "", "2016-12-31": "", "2015-12-31": "", "2014-12-31": "", "2013-12-31": "", "2012-12-31": "", "2011-12-31": "", "2010-12-31": "", "2009-12-31": "", "2008-12-31": "", "2007-12-31": "", "2006-12-31": "", "2005-12-31": ""}, "Net Change In Long-Term Investments": {"2019-12-31": "-3.14700", "2018-12-31": "-19.13200", "2017-12-31": "-2.28100", "2016-12-31": "-2.28100", "2015-12-31": "-17.24900", "2014-12-31": "-17.24900", "2013-12-31": "-17.24900", "2012-12-31": "-17.24900", "2011-12-31": "39.42500", "2010-12-31": "47.62200", "2009-12-31": "21.57900", "2008-12-31": "73.42900", "2007-12-31": "70.09700", "2006-12-31": "193.79900", "2005-12-31": "245.50390"}, "Net Change In Investments - Total": {"2019-12-31": "-3.14700", "2018-12-31": "-19.13200", "2017-12-31": "-2.28100", "2016-12-31": "-2.28100", "2015-12-31": "-17.24900", "2014-12-31": "-17.24900", "2013-12-31": "-17.24900", "2012-12-31": "-17.24900", "2011-12-31": "39.42500", "2010-12-31": "47.62200", "2009-12-31": "21.57900", "2008-12-31": "73.42900", "2007-12-31": "70.09700", "2006-12-31": "193.79900", "2005-12-31": "245.50390"}, "Investing Activities - Other": {"2019-12-31": "-7.07600", "2018-12-31": "-23.23900", "2017-12-31": "-41.19000", "2016-12-31": "-38.62100", "2015-12-31": "-19.44300", "2014-12-31": "-15.11000", "2013-12-31": "-16.92000", "2012-12-31": "-16.07000", "2011-12-31": "-20.28900", "2010-12-31": "-8.20200", "2009-12-31": "-15.41200", "2008-12-31": "-13.30300", "2007-12-31": "-24.87000", "2006-12-31": "-24.75300", "2005-12-31": "-12.01800"}, "Cash Flow From Investing Activities": {"2019-12-31": "-1130.97700", "2018-12-31": "-1192.82400", "2017-12-31": "-1428.53700", "2016-12-31": "-1252.07800", "2015-12-31": "-1066.23300", "2014-12-31": "-922.66800", "2013-12-31": "-1009.40100", "2012-12-31": "-872.99400", "2011-12-31": "-782.00700", "2010-12-31": "-575.90000", "2009-12-31": "-704.91700", "2008-12-31": "-815.15900", "2007-12-31": "-873.35400", "2006-12-31": "-568.73300", "2005-12-31": "-585.09200"}, "Net Long-Term Debt": {"2019-12-31": "492.18800", "2018-12-31": "263.24500", "2017-12-31": "723.23900", "2016-12-31": "322.72100", "2015-12-31": "426.84500", "2014-12-31": "78.54800", "2013-12-31": "13.47900", "2012-12-31": "-178.20500", "2011-12-31": "-184.81600", "2010-12-31": "-106.57200", "2009-12-31": "410.58700", "2008-12-31": "-105.30000", "2007-12-31": "68.51100", "2006-12-31": "229.77200", "2005-12-31": "-199.21910"}, "Net Current Debt": {"2019-12-31": "38.27500", "2018-12-31": "-19.00000", "2017-12-31": "-81.80000", "2016-12-31": "177.20000", "2015-12-31": "-147.40000", "2014-12-31": "-5.72500", "2013-12-31": "60.95000", "2012-12-31": "92.17500", "2011-12-31": "-16.60000", "2010-12-31": "-137.11500", "2009-12-31": "-516.75400", "2008-12-31": "331.74100", "2007-12-31": "304.91100", "2006-12-31": "9.91100", "2005-12-31": "-46.41300"}, "Debt Issuance/Retirement Net - Total": {"2019-12-31": "530.46300", "2018-12-31": "244.24500", "2017-12-31": "641.43900", "2016-12-31": "499.92100", "2015-12-31": "279.44500", "2014-12-31": "72.82300", "2013-12-31": "74.42900", "2012-12-31": "-86.03000", "2011-12-31": "-201.41600", "2010-12-31": "-243.68700", "2009-12-31": "-106.16700", "2008-12-31": "226.44100", "2007-12-31": "373.42200", "2006-12-31": "239.68300", "2005-12-31": "-245.63210"}, "Net Common Equity Issued/Repurchased": {"2019-12-31": "0.69200", "2018-12-31": "-5.05500", "2017-12-31": "-13.39000", "2016-12-31": "-4.86700", "2015-12-31": "19.37300", "2014-12-31": "15.28800", "2013-12-31": "17.31900", "2012-12-31": "15.95500", "2011-12-31": "15.84100", "2010-12-31": "255.97100", "2009-12-31": "3.30200", "2008-12-31": "3.68700", "2007-12-31": "24.08900", "2006-12-31": "39.54800", "2005-12-31": "298.16800"}, "Net Total Equity Issued/Repurchased": {"2019-12-31": "0.69200", "2018-12-31": "-5.05500", "2017-12-31": "-13.39000", "2016-12-31": "-4.86700", "2015-12-31": "19.37300", "2014-12-31": "15.28800", "2013-12-31": "17.31900", "2012-12-31": "15.95500", "2011-12-31": "15.84100", "2010-12-31": "255.97100", "2009-12-31": "3.30200", "2008-12-31": "3.68700", "2007-12-31": "24.08900", "2006-12-31": "39.54800", "2005-12-31": "298.16800"}, "Total Common And Preferred Stock Dividends Paid": {"2019-12-31": "-329.64300", "2018-12-31": "-308.89200", "2017-12-31": "-289.79300", "2016-12-31": "-274.22900", "2015-12-31": "-260.02700", "2014-12-31": "-246.67100", "2013-12-31": "-235.24400", "2012-12-31": "-225.07500", "2011-12-31": "-221.72800", "2010-12-31": "-216.97900", "2009-12-31": "-205.07600", "2008-12-31": "-204.24700", "2007-12-31": "-210.47300", "2006-12-31": "-201.22000", "2005-12-31": "-186.67700"}, "Financial Activities - Other": {"2019-12-31": "-22.74400", "2018-12-31": "-22.74400", "2017-12-31": "-22.74400", "2016-12-31": "-22.74400", "2015-12-31": "-35.00100", "2014-12-31": "-20.32100", "2013-12-31": "-17.08600", "2012-12-31": "-10.35900", "2011-12-31": "-12.87800", "2010-12-31": "-5.05200", "2009-12-31": "-14.31400", "2008-12-31": "-9.89100", "2007-12-31": "-2.50900", "2006-12-31": "30.42700", "2005-12-31": "-20.42600"}, "Cash Flow From Financial Activities": {"2019-12-31": "178.76800", "2018-12-31": "-92.44600", "2017-12-31": "315.51200", "2016-12-31": "198.08100", "2015-12-31": "3.79000", "2014-12-31": "-178.88100", "2013-12-31": "-160.58200", "2012-12-31": "-305.50900", "2011-12-31": "-420.18100", "2010-12-31": "-209.74700", "2009-12-31": "-322.25500", "2008-12-31": "15.99000", "2007-12-31": "184.52900", "2006-12-31": "108.43800", "2005-12-31": "-154.56700"}, "Net Cash Flow": {"2019-12-31": "4.51700", "2018-12-31": "-8.12600", "2017-12-31": "5.01100", "2016-12-31": "-30.60700", "2015-12-31": "31.88400", "2014-12-31": "-1.92200", "2013-12-31": "-16.67600", "2012-12-31": "-7.38100", "2011-12-31": "-76.60500", "2010-12-31": "-35.19000", "2009-12-31": "40.13300", "2008-12-31": "48.92400", "2007-12-31": "-30.88900", "2006-12-31": "-66.79300", "2005-12-31": "-9.36300"}, "Stock-Based Compensation": {"2019-12-31": "18.37600", "2018-12-31": "19.54700", "2017-12-31": "20.50200", "2016-12-31": "18.88300", "2015-12-31": "18.75600", "2014-12-31": "33.05900", "2013-12-31": "", "2012-12-31": "", "2011-12-31": "", "2010-12-31": "", "2009-12-31": "", "2008-12-31": "", "2007-12-31": "", "2006-12-31": "", "2005-12-31": ""}, "Common Stock Dividends Paid": {"2019-12-31": "-329.64300", "2018-12-31": "-308.89200", "2017-12-31": "-289.79300", "2016-12-31": "-274.22900", "2015-12-31": "-260.02700", "2014-12-31": "-246.67100", "2013-12-31": "-235.24400", "2012-12-31": "-225.07500", "2011-12-31": "-221.72800", "2010-12-31": "-216.97900", "2009-12-31": "-205.07600", "2008-12-31": "-204.24700", "2007-12-31": "-210.47300", "2006-12-31": "-201.22000", "2005-12-31": "-186.67700"}}, "cash flow statement, quarterly": {"Net Income/Loss": {"2020-09-30": 351.245, "2020-06-30": 198.459, "2020-03-31": "34.86600", "2019-12-31": 68.854, "2019-09-30": 317.149, "2019-06-30": 149.019, "2019-03-31": "22.79100", "2018-12-31": 30.949, "2018-09-30": 319.885, "2018-06-30": 171.612, "2018-03-31": "8.09400", "2017-12-31": 26.502, "2017-09-30": 280.945, "2017-06-30": 172.317, "2017-03-31": "28.18500", "2016-12-31": 58.119, "2016-09-30": 267.9, "2016-06-30": 126.182, "2016-03-31": "9.32600", "2015-12-31": 45.978, "2015-09-30": 261.978, "2015-06-30": 127.507, "2015-03-31": "20.72700", "2014-12-31": 9.535, "2014-09-30": 248.086, "2014-06-30": 141.384, "2014-03-31": "24.69100", "2013-12-31": 32.814, "2013-09-30": 234.718, "2013-06-30": 139.598, "2013-03-31": "32.83600", "2012-12-31": 30.671, "2012-09-30": 252.863, "2012-06-30": 130.111, "2012-03-31": "-0.48100", "2011-12-31": 19.99, "2011-09-30": 262.785, "2011-06-30": 93.839, "2011-03-31": "-9.67400", "2010-12-31": 12.501, "2010-09-30": 239.039, "2010-06-30": 119.566, "2010-03-31": "-0.89700", "2009-12-31": -25.035, "2009-09-30": 191.023, "2009-06-30": 72.846, "2009-03-31": "-166.07000", "2008-12-31": -21.355, "2008-09-30": 151.586, "2008-06-30": 133.862, "2008-03-31": "-4.47300", "2007-12-31": 2.911, "2007-09-30": 208.708, "2007-06-30": 78.994, "2007-03-31": "16.53000", "2006-12-31": 18.479, "2006-09-30": 184.167, "2006-06-30": 112.154, "2006-03-31": "12.45500", "2005-12-31": 21.347, "2005-09-30": 103.737, "2005-06-30": 26.735, "2005-03-31": "24.44800"}, "Total Depreciation And Amortization - Cash Flow": {"2020-09-30": 168.089, "2020-06-30": 166.998, "2020-03-31": "171.36000", "2019-12-31": 174.246, "2019-09-30": 183.91, "2019-06-30": 174.819, "2019-03-31": "180.67300", "2018-12-31": 185.447, "2018-09-30": 205.857, "2018-06-30": 192.833, "2018-03-31": "183.56800", "2017-12-31": 168.308, "2017-09-30": 149.932, "2017-06-30": 133.933, "2017-03-31": "143.68900", "2016-12-31": 151.946, "2016-09-30": 155.148, "2016-06-30": 152.922, "2016-03-31": "143.14700", "2015-12-31": 125.876, "2015-09-30": 153.763, "2015-06-30": 146.534, "2015-03-31": "147.10800", "2014-12-31": 133.798, "2014-09-30": 138.676, "2014-06-30": 134.354, "2014-03-31": "130.41600", "2013-12-31": 122.383, "2013-09-30": 140.726, "2013-06-30": 134.937, "2013-03-31": "125.46600", "2012-12-31": 95.87, "2012-09-30": 83.321, "2012-06-30": 91.382, "2012-03-31": "93.97300", "2011-12-31": 89.538, "2011-09-30": 72.151, "2011-06-30": 84.878, "2011-03-31": "92.06000", "2010-12-31": 95.49, "2010-09-30": 80.366, "2010-06-30": 86.301, "2010-03-31": "88.16900", "2009-12-31": 144.357, "2009-09-30": 164.572, "2009-06-30": 147.992, "2009-03-31": "140.96100", "2008-12-31": 139.433, "2008-09-30": 151.745, "2008-06-30": 168.493, "2008-03-31": "155.12700", "2007-12-31": 134.942, "2007-09-30": 160.844, "2007-06-30": 171.974, "2007-03-31": "167.24200", "2006-12-31": 168.905, "2006-09-30": 201.673, "2006-06-30": 168.639, "2006-03-31": "112.88000", "2005-12-31": 89.414, "2005-09-30": 106.577, "2005-06-30": 86.057, "2005-03-31": "99.55600"}, "Other Non-Cash Items": {"2020-09-30": 2.332, "2020-06-30": 10.743, "2020-03-31": "-25.75100", "2019-12-31": -108.638, "2019-09-30": 27.38, "2019-06-30": -40.929, "2019-03-31": "20.86200", "2018-12-31": -5.349, "2018-09-30": 37.559, "2018-06-30": -10.274, "2018-03-31": "-22.86800", "2017-12-31": 20.335, "2017-09-30": 90.135, "2017-06-30": 47.82, "2017-03-31": "9.54000", "2016-12-31": 25.903, "2016-09-30": 73.986, "2016-06-30": 53.288, "2016-03-31": "11.62300", "2015-12-31": 85.633, "2015-09-30": 102.047, "2015-06-30": 77.167, "2015-03-31": "1.43500", "2014-12-31": 43.519, "2014-09-30": 43.914, "2014-06-30": 44.474, "2014-03-31": "3.38600", "2013-12-31": 29.919, "2013-09-30": 170.736, "2013-06-30": 48.997, "2013-03-31": "61.63100", "2012-12-31": 173.365, "2012-09-30": 36.177, "2012-06-30": 202.992, "2012-03-31": "5.20600", "2011-12-31": 21.505, "2011-09-30": 126.765, "2011-06-30": 82.812, "2011-03-31": "43.24500", "2010-12-31": 64.344, "2010-09-30": 137.335, "2010-06-30": -118.655, "2010-03-31": "108.70300", "2009-12-31": -9.207, "2009-09-30": 142.242, "2009-06-30": 159.291, "2009-03-31": "49.46100", "2008-12-31": -11.791, "2008-09-30": -238.318, "2008-06-30": 298.184, "2008-03-31": "82.59100", "2007-12-31": -165.315, "2007-09-30": -21.937, "2007-06-30": -62.755, "2007-03-31": "-67.86300", "2006-12-31": -117.853, "2006-09-30": -206.415, "2006-06-30": -86.688, "2006-03-31": "-215.94200", "2005-12-31": -76.416, "2005-09-30": 94.758, "2005-06-30": 95.212, "2005-03-31": "12.26500"}, "Total Non-Cash Items": {"2020-09-30": 170.421, "2020-06-30": 177.741, "2020-03-31": "145.60900", "2019-12-31": 65.608, "2019-09-30": 211.29, "2019-06-30": 133.89, "2019-03-31": "201.53500", "2018-12-31": 180.098, "2018-09-30": 243.416, "2018-06-30": 182.559, "2018-03-31": "160.70000", "2017-12-31": 188.643, "2017-09-30": 240.067, "2017-06-30": 181.753, "2017-03-31": "153.22900", "2016-12-31": 177.849, "2016-09-30": 229.134, "2016-06-30": 206.21, "2016-03-31": "154.77000", "2015-12-31": 211.5089, "2015-09-30": 255.81, "2015-06-30": 223.701, "2015-03-31": "148.54300", "2014-12-31": 177.317, "2014-09-30": 182.59, "2014-06-30": 178.828, "2014-03-31": "133.80200", "2013-12-31": 152.302, "2013-09-30": 311.462, "2013-06-30": 183.934, "2013-03-31": "187.09700", "2012-12-31": 269.235, "2012-09-30": 119.498, "2012-06-30": 294.374, "2012-03-31": "99.17900", "2011-12-31": 111.043, "2011-09-30": 198.916, "2011-06-30": 167.69, "2011-03-31": "135.30500", "2010-12-31": 159.8339, "2010-09-30": 217.7011, "2010-06-30": -32.354, "2010-03-31": "196.87200", "2009-12-31": 135.15, "2009-09-30": 306.814, "2009-06-30": 307.283, "2009-03-31": "190.42200", "2008-12-31": 127.642, "2008-09-30": -86.573, "2008-06-30": 466.677, "2008-03-31": "237.71800", "2007-12-31": -30.373, "2007-09-30": 138.907, "2007-06-30": 109.219, "2007-03-31": "99.37900", "2006-12-31": 51.052, "2006-09-30": -4.742, "2006-06-30": 81.951, "2006-03-31": "-103.06200", "2005-12-31": 12.998, "2005-09-30": 201.335, "2005-06-30": 181.269, "2005-03-31": "111.82100"}, "Change In Accounts Receivable": {"2020-09-30": -126.765, "2020-06-30": -17.808, "2020-03-31": "25.57500", "2019-12-31": 78.717, "2019-09-30": -95.049, "2019-06-30": -11.933, "2019-03-31": "15.47600", "2018-12-31": 37.53, "2018-09-30": 0, "2018-06-30": 0, "2018-03-31": "", "2017-12-31": -93.797, "2017-09-30": 0, "2017-06-30": 0, "2017-03-31": "", "2016-12-31": -2.489, "2016-09-30": 0, "2016-06-30": -47.282, "2016-03-31": "47.28200", "2015-12-31": 0, "2015-09-30": 0, "2015-06-30": 0, "2015-03-31": "", "2014-12-31": 149.053, "2014-09-30": -149.053, "2014-06-30": 0, "2014-03-31": "", "2013-12-31": 0, "2013-09-30": 0, "2013-06-30": 0, "2013-03-31": "", "2012-12-31": 0, "2012-09-30": 0, "2012-06-30": -52.264, "2012-03-31": "52.26400", "2011-12-31": 0, "2011-09-30": 0, "2011-06-30": -75.528, "2011-03-31": "75.52800", "2010-12-31": 36.03, "2010-09-30": -96.84, "2010-06-30": -7.133, "2010-03-31": "", "2009-12-31": 79.297, "2009-09-30": -79.297, "2009-06-30": -76.39, "2009-03-31": "76.39000", "2008-12-31": 40.195, "2008-09-30": -40.195, "2008-06-30": 0, "2008-03-31": "", "2007-12-31": 58.793, "2007-09-30": 0, "2007-06-30": 0, "2007-03-31": "", "2006-12-31": 9.189, "2006-09-30": 0, "2006-06-30": 0, "2006-03-31": "", "2005-12-31": -38.763, "2005-09-30": 0, "2005-06-30": 0, "2005-03-31": ""}, "Change In Inventories": {"2020-09-30": -3.452, "2020-06-30": 4.85, "2020-03-31": "5.44500", "2019-12-31": -33.494, "2019-09-30": 2.955, "2019-06-30": -8.23, "2019-03-31": "-13.05700", "2018-12-31": 14.488, "2018-09-30": 2.379, "2018-06-30": -6.363, "2018-03-31": "-16.60700", "2017-12-31": -4.802, "2017-09-30": 3.556, "2017-06-30": -4.77, "2017-03-31": "-0.66700", "2016-12-31": 2.947, "2016-09-30": -5.989, "2016-06-30": 0.026, "2016-03-31": "1.52500", "2015-12-31": -1.408, "2015-09-30": -4.226, "2015-06-30": -8.316, "2015-03-31": "-9.99500", "2014-12-31": 7.07, "2014-09-30": 6.089, "2014-06-30": -9.248, "2014-03-31": "-0.18700", "2013-12-31": -2.964, "2013-09-30": -4.912, "2013-06-30": 5.384, "2013-03-31": "-9.38600", "2012-12-31": 0.83, "2012-09-30": -2.861, "2012-06-30": -7.259, "2012-03-31": "-13.75300", "2011-12-31": 2.134, "2011-09-30": -7.306, "2011-06-30": -39.647, "2011-03-31": "21.42100", "2010-12-31": -6.735, "2010-09-30": 5.434, "2010-06-30": 7.337, "2010-03-31": "6.24000", "2009-12-31": 4.52, "2009-09-30": 4.847, "2009-06-30": -9.832, "2009-03-31": "-11.79600", "2008-12-31": -11.926, "2008-09-30": -9.539, "2008-06-30": 7.43, "2008-03-31": "-11.41800", "2007-12-31": -56.873, "2007-09-30": -6.291, "2007-06-30": -9.057, "2007-03-31": "-14.43800", "2006-12-31": 2.334, "2006-09-30": -0.445, "2006-06-30": -3.606, "2006-03-31": "4.18600", "2005-12-31": -22.655, "2005-09-30": 0.192, "2005-06-30": -5.806, "2005-03-31": "-9.96700"}, "Change In Accounts Payable": {"2020-09-30": -24.172, "2020-06-30": 22.964, "2020-03-31": "-5.19200", "2019-12-31": 16.742, "2019-09-30": -31.975, "2019-06-30": 39.281, "2019-03-31": "26.59300", "2018-12-31": -3.203, "2018-09-30": -48.013, "2018-06-30": 62.352, "2018-03-31": "-25.73800", "2017-12-31": 0.489, "2017-09-30": -46.029, "2017-06-30": -0.376, "2017-03-31": "22.14700", "2016-12-31": -9.68, "2016-09-30": -104.858, "2016-06-30": 86.064, "2016-03-31": "-38.44300", "2015-12-31": 18.981, "2015-09-30": -89.881, "2015-06-30": 72.307, "2015-03-31": "-35.67300", "2014-12-31": 6.818, "2014-09-30": -37.896, "2014-06-30": 81.715, "2014-03-31": "-50.99000", "2013-12-31": 0.71, "2013-09-30": -40.859, "2013-06-30": 73.638, "2013-03-31": "11.92500", "2012-12-31": -26.824, "2012-09-30": -78.975, "2012-06-30": 48.554, "2012-03-31": "-39.35500", "2011-12-31": 29.006, "2011-09-30": -8.477, "2011-06-30": 62.36, "2011-03-31": "-24.54300", "2010-12-31": -27.562, "2010-09-30": -8.626, "2010-06-30": 68.647, "2010-03-31": "-23.33400", "2009-12-31": 8.595, "2009-09-30": 13.788, "2009-06-30": 28.379, "2009-03-31": "-78.09000", "2008-12-31": -58.868, "2008-09-30": -10.172, "2008-06-30": 84.157, "2008-03-31": "-84.55600", "2007-12-31": 7.453, "2007-09-30": -35.813, "2007-06-30": 111.141, "2007-03-31": "-124.78500", "2006-12-31": 23.553, "2006-09-30": 21.935, "2006-06-30": 33.034, "2006-03-31": "-124.57700", "2005-12-31": -13.897, "2005-09-30": 114.804, "2005-06-30": 72.168, "2005-03-31": "-179.46700"}, "Change In Assets/Liabilities": {"2020-09-30": -46.958, "2020-06-30": -161.034, "2020-03-31": "-73.63600", "2019-12-31": 0.228, "2019-09-30": 36.511, "2019-06-30": -88.497, "2019-03-31": "-125.03600", "2018-12-31": 154.282, "2018-09-30": -24.19, "2018-06-30": -143.386, "2018-03-31": "-5.56100", "2017-12-31": 313.407, "2017-09-30": -185.086, "2017-06-30": -59.433, "2017-03-31": "-107.49200", "2016-12-31": 70.079, "2016-09-30": -165.01, "2016-06-30": 46.927, "2016-03-31": "-75.93700", "2015-12-31": 44.533, "2015-09-30": -114.416, "2015-06-30": -44.642, "2015-03-31": "-33.47900", "2014-12-31": -80.17, "2014-09-30": 67.403, "2014-06-30": -80.45, "2014-03-31": "-45.05700", "2013-12-31": 107.182, "2013-09-30": -26.147, "2013-06-30": -52.844, "2013-03-31": "-54.19500", "2012-12-31": -6.169, "2012-09-30": 91.696, "2012-06-30": -9.382, "2012-03-31": "-19.91700", "2011-12-31": 142.317, "2011-09-30": -82.085, "2011-06-30": 77.506, "2011-03-31": "-17.11800", "2010-12-31": -29.517, "2010-09-30": 99.108, "2010-06-30": 7.985, "2010-03-31": "-217.06100", "2009-12-31": -40.814, "2009-09-30": 94.632, "2009-06-30": 83.858, "2009-03-31": "-0.54100", "2008-12-31": -34.482, "2008-09-30": 44.876, "2008-06-30": -115.526, "2008-03-31": "48.79400", "2007-12-31": 173.73, "2007-09-30": -118.357, "2007-06-30": -214.558, "2007-03-31": "237.89500", "2006-12-31": 135.809, "2006-09-30": -104.054, "2006-06-30": -170.365, "2006-03-31": "214.05500", "2005-12-31": -21.514, "2005-09-30": 65.21, "2005-06-30": -141.07, "2005-03-31": "183.74700"}, "Total Change In Assets/Liabilities": {"2020-09-30": -118.679, "2020-06-30": -190.796, "2020-03-31": "3.15300", "2019-12-31": -12.497, "2019-09-30": -39.612, "2019-06-30": -110.407, "2019-03-31": "-50.89400", "2018-12-31": 106.334, "2018-09-30": 0.66, "2018-06-30": -125.241, "2018-03-31": "-1.92200", "2017-12-31": 130.967, "2017-09-30": -39.65, "2017-06-30": -203.559, "2017-03-31": "-41.36300", "2016-12-31": 22.372, "2016-09-30": -154.459, "2016-06-30": -54.126, "2016-03-31": "-19.88700", "2015-12-31": 15.467, "2015-09-30": -90.709, "2015-06-30": -101.062, "2015-03-31": "-25.12200", "2014-12-31": 25.857, "2014-09-30": -8.824, "2014-06-30": -104.303, "2014-03-31": "90.66400", "2013-12-31": 85.861, "2013-09-30": -118.106, "2013-06-30": -81.433, "2013-03-31": "-7.77600", "2012-12-31": -58.255, "2012-09-30": 98.475, "2012-06-30": -81.185, "2012-03-31": "16.63700", "2011-12-31": 74.044, "2011-09-30": 22.526, "2011-06-30": -68.746, "2011-03-31": "117.86500", "2010-12-31": 8.622, "2010-09-30": -88.654, "2010-06-30": 127.877, "2010-03-31": "-209.65000", "2009-12-31": 186.222, "2009-09-30": 70.735, "2009-06-30": -121.567, "2009-03-31": "-80.51800", "2008-12-31": -42.135, "2008-09-30": 40.092, "2008-06-30": -167.557, "2008-03-31": "12.60900", "2007-12-31": 207.924, "2007-09-30": -160.461, "2007-06-30": -112.474, "2007-03-31": "98.67200", "2006-12-31": 40.748, "2006-09-30": 47.573, "2006-06-30": -140.937, "2006-03-31": "93.66400", "2005-12-31": -191.058, "2005-09-30": 247.791, "2005-06-30": -36.208, "2005-03-31": "26.08100"}, "Cash Flow From Operating Activities": {"2020-09-30": 402.987, "2020-06-30": 185.404, "2020-03-31": "183.62800", "2019-12-31": 121.965, "2019-09-30": 488.827, "2019-06-30": 172.502, "2019-03-31": "173.43200", "2018-12-31": 317.381, "2018-09-30": 563.961, "2018-06-30": 228.93, "2018-03-31": "166.87200", "2017-12-31": 346.112, "2017-09-30": 481.362, "2017-06-30": 150.511, "2017-03-31": "140.05100", "2016-12-31": 258.34, "2016-09-30": 342.575, "2016-06-30": 278.266, "2016-03-31": "144.20900", "2015-12-31": 272.954, "2015-09-30": 427.079, "2015-06-30": 250.146, "2015-03-31": "144.14800", "2014-12-31": 212.709, "2014-09-30": 421.852, "2014-06-30": 215.909, "2014-03-31": "249.15700", "2013-12-31": 270.977, "2013-09-30": 428.074, "2013-06-30": 242.099, "2013-03-31": "212.15700", "2012-12-31": 241.651, "2012-09-30": 470.836, "2012-06-30": 343.3, "2012-03-31": "115.33500", "2011-12-31": 205.077, "2011-09-30": 484.227, "2011-06-30": 192.783, "2011-03-31": "243.49600", "2010-12-31": 180.957, "2010-09-30": 368.086, "2010-06-30": 215.089, "2010-03-31": "-13.67500", "2009-12-31": 296.337, "2009-09-30": 568.572, "2009-06-30": 258.562, "2009-03-31": "-56.16600", "2008-12-31": 64.152, "2008-09-30": 105.105, "2008-06-30": 432.982, "2008-03-31": "245.85400", "2007-12-31": 180.462, "2007-09-30": 187.154, "2007-06-30": 75.739, "2007-03-31": "214.58100", "2006-12-31": 110.279, "2006-09-30": 226.998, "2006-06-30": 53.168, "2006-03-31": "3.05700", "2005-12-31": -156.713, "2005-09-30": 552.863, "2005-06-30": 171.796, "2005-03-31": "162.35000"}, "Net Change In Property, Plant, And Equipment": {"2020-09-30": -283.917, "2020-06-30": -308.816, "2020-03-31": "-336.86200", "2019-12-31": -296.992, "2019-09-30": -301.27, "2019-06-30": -270.638, "2019-03-31": "-251.85400", "2018-12-31": -274.609, "2018-09-30": -215.234, "2018-06-30": -308.142, "2018-03-31": "-352.46800", "2017-12-31": -382.237, "2017-09-30": -327.235, "2017-06-30": -332.745, "2017-03-31": "-342.84900", "2016-12-31": -235.621, "2016-09-30": -273.073, "2016-06-30": -336.446, "2016-03-31": "-366.03600", "2015-12-31": -284.823, "2015-09-30": -254.693, "2015-06-30": -266.206, "2015-03-31": "-223.81900", "2014-12-31": -280.188, "2014-09-30": -234.015, "2014-06-30": -176.383, "2014-03-31": "-199.72300", "2013-12-31": -428.627, "2013-09-30": -191.24, "2013-06-30": -187.418, "2013-03-31": "-167.94700", "2012-12-31": -210.442, "2012-09-30": -230.258, "2012-06-30": -171.873, "2012-03-31": "-227.10200", "2011-12-31": -239.344, "2011-09-30": -241.543, "2011-06-30": -182.95, "2011-03-31": "-182.41700", "2010-12-31": -188.171, "2010-09-30": -164.033, "2010-06-30": -163.811, "2010-03-31": "-199.60500", "2009-12-31": -169.982, "2009-09-30": -180.791, "2009-06-30": -186.059, "2009-03-31": "-174.25200", "2008-12-31": -208.55, "2008-09-30": -212.436, "2008-06-30": -216.075, "2008-03-31": "-238.22400", "2007-12-31": -208.226, "2007-09-30": -272.571, "2007-06-30": -231.701, "2007-03-31": "-206.08300", "2006-12-31": -203.409, "2006-09-30": -170.575, "2006-06-30": -196.428, "2006-03-31": "-167.36700", "2005-12-31": -162.258, "2005-09-30": -168.394, "2005-06-30": -366.806, "2005-03-31": "-121.12000"}, "Net Change In Intangible Assets": {"2020-09-30": 0, "2020-06-30": 0, "2020-03-31": "", "2019-12-31": 0, "2019-09-30": 0, "2019-06-30": 0, "2019-03-31": "", "2018-12-31": 0, "2018-09-30": 0, "2018-06-30": 0, "2018-03-31": "", "2017-12-31": 0, "2017-09-30": 0, "2017-06-30": 0, "2017-03-31": "", "2016-12-31": 0, "2016-09-30": 0, "2016-06-30": 0, "2016-03-31": "", "2015-12-31": 0, "2015-09-30": 0, "2015-06-30": 0, "2015-03-31": "", "2014-12-31": 0, "2014-09-30": 0, "2014-06-30": 0, "2014-03-31": "", "2013-12-31": 0, "2013-09-30": 0, "2013-06-30": 0, "2013-03-31": "", "2012-12-31": 0, "2012-09-30": 0, "2012-06-30": 0, "2012-03-31": "", "2011-12-31": 0, "2011-09-30": 0, "2011-06-30": 0, "2011-03-31": "", "2010-12-31": 0, "2010-09-30": 0, "2010-06-30": 0, "2010-03-31": "", "2009-12-31": 0, "2009-09-30": 0, "2009-06-30": 0, "2009-03-31": "", "2008-12-31": 0, "2008-09-30": 0, "2008-06-30": 0, "2008-03-31": "", "2007-12-31": 0, "2007-09-30": 0, "2007-06-30": 0, "2007-03-31": "", "2006-12-31": 0, "2006-09-30": 0, "2006-06-30": 0, "2006-03-31": "", "2005-12-31": 0, "2005-09-30": 0, "2005-06-30": 0, "2005-03-31": ""}, "Net Acquisitions/Divestitures": {"2020-09-30": 0, "2020-06-30": 0, "2020-03-31": "", "2019-12-31": 0, "2019-09-30": 0, "2019-06-30": 0, "2019-03-31": "", "2018-12-31": 0, "2018-09-30": 0, "2018-06-30": 0, "2018-03-31": "", "2017-12-31": 0, "2017-09-30": 0, "2017-06-30": 0, "2017-03-31": "", "2016-12-31": 0, "2016-09-30": 0, "2016-06-30": 0, "2016-03-31": "", "2015-12-31": 0, "2015-09-30": 0, "2015-06-30": 0, "2015-03-31": "", "2014-12-31": 0, "2014-09-30": 0, "2014-06-30": 0, "2014-03-31": "", "2013-12-31": 0, "2013-09-30": 0, "2013-06-30": 0, "2013-03-31": "", "2012-12-31": 0, "2012-09-30": 0, "2012-06-30": 0, "2012-03-31": "", "2011-12-31": 0, "2011-09-30": 45.111, "2011-06-30": 0, "2011-03-31": "", "2010-12-31": 0, "2010-09-30": 0, "2010-06-30": 100.3, "2010-03-31": "", "2009-12-31": 0, "2009-09-30": 0, "2009-06-30": 0, "2009-03-31": "", "2008-12-31": 0, "2008-09-30": 0, "2008-06-30": 0, "2008-03-31": "", "2007-12-31": -33.615, "2007-09-30": 33.615, "2007-06-30": 0, "2007-03-31": "", "2006-12-31": 0, "2006-09-30": 0, "2006-06-30": 0, "2006-03-31": "", "2005-12-31": 0, "2005-09-30": 0, "2005-06-30": 0, "2005-03-31": ""}, "Net Change In Short-term Investments": {"2020-09-30": 0, "2020-06-30": 0, "2020-03-31": "", "2019-12-31": 0, "2019-09-30": 0, "2019-06-30": 0, "2019-03-31": "", "2018-12-31": 0, "2018-09-30": 0, "2018-06-30": 0, "2018-03-31": "", "2017-12-31": 0, "2017-09-30": 0, "2017-06-30": 0, "2017-03-31": "", "2016-12-31": 0, "2016-09-30": 0, "2016-06-30": 0, "2016-03-31": "", "2015-12-31": 0, "2015-09-30": 0, "2015-06-30": 0, "2015-03-31": "", "2014-12-31": 0, "2014-09-30": 0, "2014-06-30": 0, "2014-03-31": "", "2013-12-31": 0, "2013-09-30": 0, "2013-06-30": 0, "2013-03-31": "", "2012-12-31": 0, "2012-09-30": 0, "2012-06-30": 0, "2012-03-31": "", "2011-12-31": 0, "2011-09-30": 0, "2011-06-30": 0, "2011-03-31": "", "2010-12-31": 0, "2010-09-30": 0, "2010-06-30": 0, "2010-03-31": "", "2009-12-31": 0, "2009-09-30": 0, "2009-06-30": 0, "2009-03-31": "", "2008-12-31": 0, "2008-09-30": 0, "2008-06-30": 0, "2008-03-31": "", "2007-12-31": 0, "2007-09-30": 0, "2007-06-30": 0, "2007-03-31": "", "2006-12-31": 0, "2006-09-30": 0, "2006-06-30": 0, "2006-03-31": "", "2005-12-31": 0, "2005-09-30": 0, "2005-06-30": 0, "2005-03-31": ""}, "Net Change In Long-Term Investments": {"2020-09-30": -15.223, "2020-06-30": -0.57, "2020-03-31": "-0.57100", "2019-12-31": -0.57, "2019-09-30": -1.437, "2019-06-30": -0.57, "2019-03-31": "-0.57000", "2018-12-31": -0.57, "2018-09-30": -17.421, "2018-06-30": -0.57, "2018-03-31": "-0.57100", "2017-12-31": -1.14, "2017-09-30": 0, "2017-06-30": -0.571, "2017-03-31": "-0.57000", "2016-12-31": -0.571, "2016-09-30": -0.57, "2016-06-30": -0.57, "2016-03-31": "-0.57000", "2015-12-31": -4.065, "2015-09-30": -4.312, "2015-06-30": -4.56, "2015-03-31": "-4.31200", "2014-12-31": -4.313, "2014-09-30": -4.312, "2014-06-30": -4.311, "2014-03-31": "-4.31300", "2013-12-31": -4.312, "2013-09-30": -4.312, "2013-06-30": -4.312, "2013-03-31": "-4.31300", "2012-12-31": -4.312, "2012-09-30": -4.313, "2012-06-30": -4.311, "2012-03-31": "-4.31300", "2011-12-31": -3.699, "2011-09-30": -3.698, "2011-06-30": 51.745, "2011-03-31": "-4.92300", "2010-12-31": -5.24, "2010-09-30": 65.07, "2010-06-30": -6.104, "2010-03-31": "-6.10400", "2009-12-31": 7.076, "2009-09-30": 25.399, "2009-06-30": -5.448, "2009-03-31": "-5.44800", "2008-12-31": -5.185, "2008-09-30": -5.186, "2008-06-30": 88.985, "2008-03-31": "-5.18500", "2007-12-31": 52.953, "2007-09-30": -5.185, "2007-06-30": -5.186, "2007-03-31": "27.51500", "2006-12-31": 202.918, "2006-09-30": -206.368, "2006-06-30": -5.185, "2006-03-31": "202.43400", "2005-12-31": 63.6172, "2005-09-30": 338.4946, "2005-06-30": -236.7909, "2005-03-31": "80.18300"}, "Net Change In Investments - Total": {"2020-09-30": -15.223, "2020-06-30": -0.57, "2020-03-31": "-0.57100", "2019-12-31": -0.57, "2019-09-30": -1.437, "2019-06-30": -0.57, "2019-03-31": "-0.57000", "2018-12-31": -0.57, "2018-09-30": -17.421, "2018-06-30": -0.57, "2018-03-31": "-0.57100", "2017-12-31": -1.14, "2017-09-30": 0, "2017-06-30": -0.571, "2017-03-31": "-0.57000", "2016-12-31": -0.571, "2016-09-30": -0.57, "2016-06-30": -0.57, "2016-03-31": "-0.57000", "2015-12-31": -4.065, "2015-09-30": -4.312, "2015-06-30": -4.56, "2015-03-31": "-4.31200", "2014-12-31": -4.313, "2014-09-30": -4.312, "2014-06-30": -4.311, "2014-03-31": "-4.31300", "2013-12-31": -4.312, "2013-09-30": -4.312, "2013-06-30": -4.312, "2013-03-31": "-4.31300", "2012-12-31": -4.312, "2012-09-30": -4.313, "2012-06-30": -4.311, "2012-03-31": "-4.31300", "2011-12-31": -3.699, "2011-09-30": -3.698, "2011-06-30": 51.745, "2011-03-31": "-4.92300", "2010-12-31": -5.24, "2010-09-30": 65.07, "2010-06-30": -6.104, "2010-03-31": "-6.10400", "2009-12-31": 7.076, "2009-09-30": 25.399, "2009-06-30": -5.448, "2009-03-31": "-5.44800", "2008-12-31": -5.185, "2008-09-30": -5.186, "2008-06-30": 88.985, "2008-03-31": "-5.18500", "2007-12-31": 52.953, "2007-09-30": -5.185, "2007-06-30": -5.186, "2007-03-31": "27.51500", "2006-12-31": 202.918, "2006-09-30": -206.368, "2006-06-30": -5.185, "2006-03-31": "202.43400", "2005-12-31": 63.6172, "2005-09-30": 338.4946, "2005-06-30": -236.7909, "2005-03-31": "80.18300"}, "Investing Activities - Other": {"2020-09-30": -3.842, "2020-06-30": -1.975, "2020-03-31": "-3.72700", "2019-12-31": -1.402, "2019-09-30": -1.668, "2019-06-30": -1.917, "2019-03-31": "-2.08900", "2018-12-31": -4.329, "2018-09-30": -1.565, "2018-06-30": -9.291, "2018-03-31": "-8.05400", "2017-12-31": -5.521, "2017-09-30": -24.164, "2017-06-30": -6.24, "2017-03-31": "-5.26500", "2016-12-31": -5.42, "2016-09-30": -21.366, "2016-06-30": -6.136, "2016-03-31": "-5.69900", "2015-12-31": -4.557, "2015-09-30": -4.28, "2015-06-30": -5.92, "2015-03-31": "-4.68600", "2014-12-31": -4.41, "2014-09-30": -2.462, "2014-06-30": -3.766, "2014-03-31": "-4.47200", "2013-12-31": -4.506, "2013-09-30": -4.526, "2013-06-30": -3.428, "2013-03-31": "-4.46000", "2012-12-31": -5.122, "2012-09-30": -3.825, "2012-06-30": -3.439, "2012-03-31": "-3.68400", "2011-12-31": -4.672, "2011-09-30": -5.833, "2011-06-30": -4.329, "2011-03-31": "-5.45500", "2010-12-31": -5.27, "2010-09-30": -0.387, "2010-06-30": 2.174, "2010-03-31": "-4.71900", "2009-12-31": -5.44, "2009-09-30": 160.158, "2009-06-30": -167.797, "2009-03-31": "-2.33300", "2008-12-31": -4.338, "2008-09-30": -0.325, "2008-06-30": -3.931, "2008-03-31": "-4.70900", "2007-12-31": -6.405, "2007-09-30": -5.464, "2007-06-30": -7.568, "2007-03-31": "-5.43300", "2006-12-31": -7.912, "2006-09-30": -9.476, "2006-06-30": -3.995, "2006-03-31": "-3.37000", "2005-12-31": -2.016, "2005-09-30": -5.893, "2005-06-30": -9.819, "2005-03-31": "5.71000"}, "Cash Flow From Investing Activities": {"2020-09-30": -302.982, "2020-06-30": -311.361, "2020-03-31": "-341.16000", "2019-12-31": -298.964, "2019-09-30": -304.375, "2019-06-30": -273.125, "2019-03-31": "-254.51300", "2018-12-31": -279.508, "2018-09-30": -234.22, "2018-06-30": -318.003, "2018-03-31": "-361.09300", "2017-12-31": -388.898, "2017-09-30": -351.399, "2017-06-30": -339.556, "2017-03-31": "-348.68400", "2016-12-31": -241.612, "2016-09-30": -295.009, "2016-06-30": -343.152, "2016-03-31": "-372.30500", "2015-12-31": -293.445, "2015-09-30": -263.285, "2015-06-30": -276.686, "2015-03-31": "-232.81700", "2014-12-31": -288.911, "2014-09-30": -240.789, "2014-06-30": -184.46, "2014-03-31": "-208.50800", "2013-12-31": -437.445, "2013-09-30": -200.078, "2013-06-30": -195.158, "2013-03-31": "-176.72000", "2012-12-31": -219.876, "2012-09-30": -238.396, "2012-06-30": -179.623, "2012-03-31": "-235.09900", "2011-12-31": -247.715, "2011-09-30": -205.963, "2011-06-30": -135.534, "2011-03-31": "-192.79500", "2010-12-31": -198.681, "2010-09-30": -99.35, "2010-06-30": -67.441, "2010-03-31": "-210.42800", "2009-12-31": -168.346, "2009-09-30": 4.766, "2009-06-30": -359.304, "2009-03-31": "-182.03300", "2008-12-31": -218.073, "2008-09-30": -217.947, "2008-06-30": -131.021, "2008-03-31": "-248.11800", "2007-12-31": -195.293, "2007-09-30": -249.605, "2007-06-30": -244.455, "2007-03-31": "-184.00100", "2006-12-31": -8.403, "2006-09-30": -386.419, "2006-06-30": -205.608, "2006-03-31": "31.69700", "2005-12-31": -100.657, "2005-09-30": 164.208, "2005-06-30": -613.416, "2005-03-31": "-35.22700"}, "Net Long-Term Debt": {"2020-09-30": 394.936, "2020-06-30": 438.886, "2020-03-31": "-150.00000", "2019-12-31": 197.207, "2019-09-30": 297.657, "2019-06-30": 0, "2019-03-31": "-2.67600", "2018-12-31": 50, "2018-09-30": 295.245, "2018-06-30": -82, "2018-03-31": "", "2017-12-31": 173.761, "2017-09-30": 297.843, "2017-06-30": -3.806, "2017-03-31": "255.44100", "2016-12-31": -16.87, "2016-09-30": -29.492, "2016-06-30": 369.083, "2016-03-31": "", "2015-12-31": 171.692, "2015-09-30": 0, "2015-06-30": 5.153, "2015-03-31": "250.00000", "2014-12-31": 8.005, "2014-09-30": 38.151, "2014-06-30": -217.608, "2014-03-31": "250.00000", "2013-12-31": -50.051, "2013-09-30": -32.65, "2013-06-30": -8.127, "2013-03-31": "104.30700", "2012-12-31": -107.583, "2012-09-30": -0.252, "2012-06-30": -13.724, "2012-03-31": "-56.64600", "2011-12-31": -426.712, "2011-09-30": 254.858, "2011-06-30": -12.792, "2011-03-31": "-0.17000", "2010-12-31": -22.043, "2010-09-30": -69.308, "2010-06-30": -11.071, "2010-03-31": "-4.15000", "2009-12-31": -35.916, "2009-09-30": -191.755, "2009-06-30": 154.961, "2009-03-31": "483.29700", "2008-12-31": -14.054, "2008-09-30": -6.906, "2008-06-30": -98.735, "2008-03-31": "14.39500", "2007-12-31": 6.89, "2007-09-30": -2.638, "2007-06-30": 50.307, "2007-03-31": "13.95200", "2006-12-31": -88.711, "2006-09-30": 416.048, "2006-06-30": -264.826, "2006-03-31": "167.26100", "2005-12-31": -376.8711, "2005-09-30": -55.678, "2005-06-30": 334.136, "2005-03-31": "-100.80600"}, "Net Current Debt": {"2020-09-30": -233.975, "2020-06-30": -271.1, "2020-03-31": "448.32500", "2019-12-31": 57.3, "2019-09-30": -374.998, "2019-06-30": 188.323, "2019-03-31": "167.65000", "2018-12-31": -51.8, "2018-09-30": -488.049, "2018-06-30": 246.349, "2018-03-31": "274.50000", "2017-12-31": -36, "2017-09-30": -350.6, "2017-06-30": 274.703, "2017-03-31": "30.09700", "2016-12-31": 59.9, "2016-09-30": 53.16, "2016-06-30": -197.66, "2016-03-31": "261.80000", "2015-12-31": -57, "2015-09-30": -100.5, "2015-06-30": 113, "2015-03-31": "-102.90000", "2014-12-31": 128.25, "2014-09-30": -157.5, "2014-06-30": 167.15, "2014-03-31": "-143.62500", "2013-12-31": 153.125, "2013-09-30": -30.1, "2013-06-30": 30.1, "2013-03-31": "-92.17500", "2012-12-31": 92.175, "2012-09-30": -109, "2012-06-30": -107.6, "2012-03-31": "216.60000", "2011-12-31": 0, "2011-09-30": -7.3, "2011-06-30": -10, "2011-03-31": "0.70000", "2010-12-31": 16.6, "2010-09-30": -4.616, "2010-06-30": -285, "2010-03-31": "135.90100", "2009-12-31": 11.463, "2009-09-30": -248.246, "2009-06-30": -16.507, "2009-03-31": "-263.46400", "2008-12-31": 230.855, "2008-09-30": 175.096, "2008-06-30": -76.175, "2008-03-31": "1.96500", "2007-12-31": 67.053, "2007-09-30": 133.264, "2007-06-30": 69.294, "2007-03-31": "35.30000", "2006-12-31": -31.748, "2006-09-30": -116.677, "2006-06-30": 158.406, "2006-03-31": "-0.07000", "2005-12-31": -26.438, "2005-09-30": -36.228, "2005-06-30": 24.031, "2005-03-31": "-7.77800"}, "Debt Issuance/Retirement Net - Total": {"2020-09-30": 160.961, "2020-06-30": 167.786, "2020-03-31": "298.32500", "2019-12-31": 254.507, "2019-09-30": -77.341, "2019-06-30": 188.323, "2019-03-31": "164.97400", "2018-12-31": -1.8, "2018-09-30": -192.804, "2018-06-30": 164.349, "2018-03-31": "274.50000", "2017-12-31": 137.761, "2017-09-30": -52.757, "2017-06-30": 270.897, "2017-03-31": "285.53800", "2016-12-31": 43.03, "2016-09-30": 23.668, "2016-06-30": 171.423, "2016-03-31": "261.80000", "2015-12-31": 114.692, "2015-09-30": -100.5, "2015-06-30": 118.153, "2015-03-31": "147.10000", "2014-12-31": 136.255, "2014-09-30": -119.349, "2014-06-30": -50.458, "2014-03-31": "106.37500", "2013-12-31": 103.074, "2013-09-30": -62.75, "2013-06-30": 21.973, "2013-03-31": "12.13200", "2012-12-31": -15.408, "2012-09-30": -109.252, "2012-06-30": -121.324, "2012-03-31": "159.95400", "2011-12-31": -426.712, "2011-09-30": 247.558, "2011-06-30": -22.792, "2011-03-31": "0.53000", "2010-12-31": -5.443, "2010-09-30": -73.924, "2010-06-30": -296.071, "2010-03-31": "131.75100", "2009-12-31": -24.453, "2009-09-30": -440.001, "2009-06-30": 138.454, "2009-03-31": "219.83300", "2008-12-31": 216.801, "2008-09-30": 168.19, "2008-06-30": -174.91, "2008-03-31": "16.36000", "2007-12-31": 73.943, "2007-09-30": 130.626, "2007-06-30": 119.601, "2007-03-31": "49.25200", "2006-12-31": -120.459, "2006-09-30": 299.371, "2006-06-30": -106.42, "2006-03-31": "167.19100", "2005-12-31": -403.3091, "2005-09-30": -91.906, "2005-06-30": 358.167, "2005-03-31": "-108.58400"}, "Net Common Equity Issued/Repurchased": {"2020-09-30": 0.555, "2020-06-30": -0.524, "2020-03-31": "-1.68000", "2019-12-31": 0.822, "2019-09-30": 2.23, "2019-06-30": 0.293, "2019-03-31": "-2.65300", "2018-12-31": -3.071, "2018-09-30": 0.31, "2018-06-30": 0.534, "2018-03-31": "-2.82800", "2017-12-31": -4.52, "2017-09-30": -0.078, "2017-06-30": 2.788, "2017-03-31": "-11.58000", "2016-12-31": -16.657, "2016-09-30": 1.773, "2016-06-30": 1.115, "2016-03-31": "8.90200", "2015-12-31": 6.83, "2015-09-30": 0.382, "2015-06-30": 2.471, "2015-03-31": "9.69000", "2014-12-31": 0.428, "2014-09-30": 2.235, "2014-06-30": 3.235, "2014-03-31": "9.39000", "2013-12-31": 6.923, "2013-09-30": 0.645, "2013-06-30": 0.31, "2013-03-31": "9.44100", "2012-12-31": 6.271, "2012-09-30": 0.815, "2012-06-30": 4.58, "2012-03-31": "4.28900", "2011-12-31": 0.888, "2011-09-30": 0.433, "2011-06-30": 2.793, "2011-03-31": "11.72700", "2010-12-31": 0.815, "2010-09-30": 0.544, "2010-06-30": 253.768, "2010-03-31": "0.84400", "2009-12-31": 0.679, "2009-09-30": 0.916, "2009-06-30": 0.892, "2009-03-31": "0.81500", "2008-12-31": -4.478, "2008-09-30": 2.603, "2008-06-30": 2.747, "2008-03-31": "2.81500", "2007-12-31": 5.463, "2007-09-30": 0.696, "2007-06-30": 10.317, "2007-03-31": "7.61300", "2006-12-31": 14.974, "2006-09-30": 15.664, "2006-06-30": 3.845, "2006-03-31": "5.06500", "2005-12-31": 7.626, "2005-09-30": 19.473, "2005-06-30": 258.42, "2005-03-31": "12.64900"}, "Net Total Equity Issued/Repurchased": {"2020-09-30": 0.555, "2020-06-30": -0.524, "2020-03-31": "-1.68000", "2019-12-31": 0.822, "2019-09-30": 2.23, "2019-06-30": 0.293, "2019-03-31": "-2.65300", "2018-12-31": -3.071, "2018-09-30": 0.31, "2018-06-30": 0.534, "2018-03-31": "-2.82800", "2017-12-31": -4.52, "2017-09-30": -0.078, "2017-06-30": 2.788, "2017-03-31": "-11.58000", "2016-12-31": -16.657, "2016-09-30": 1.773, "2016-06-30": 1.115, "2016-03-31": "8.90200", "2015-12-31": 6.83, "2015-09-30": 0.382, "2015-06-30": 2.471, "2015-03-31": "9.69000", "2014-12-31": 0.428, "2014-09-30": 2.235, "2014-06-30": 3.235, "2014-03-31": "9.39000", "2013-12-31": 6.923, "2013-09-30": 0.645, "2013-06-30": 0.31, "2013-03-31": "9.44100", "2012-12-31": 6.271, "2012-09-30": 0.815, "2012-06-30": 4.58, "2012-03-31": "4.28900", "2011-12-31": 0.888, "2011-09-30": 0.433, "2011-06-30": 2.793, "2011-03-31": "11.72700", "2010-12-31": 0.815, "2010-09-30": 0.544, "2010-06-30": 253.768, "2010-03-31": "0.84400", "2009-12-31": 0.679, "2009-09-30": 0.916, "2009-06-30": 0.892, "2009-03-31": "0.81500", "2008-12-31": -4.478, "2008-09-30": 2.603, "2008-06-30": 2.747, "2008-03-31": "2.81500", "2007-12-31": 5.463, "2007-09-30": 0.696, "2007-06-30": 10.317, "2007-03-31": "7.61300", "2006-12-31": 14.974, "2006-09-30": 15.664, "2006-06-30": 3.845, "2006-03-31": "5.06500", "2005-12-31": 7.626, "2005-09-30": 19.473, "2005-06-30": 258.42, "2005-03-31": "12.64900"}, "Total Common And Preferred Stock Dividends Paid": {"2020-09-30": -86.358, "2020-06-30": -86.309, "2020-03-31": "-86.25700", "2019-12-31": -86.527, "2019-09-30": -81.137, "2019-06-30": -81.082, "2019-03-31": "-80.89700", "2018-12-31": -80.855, "2018-09-30": -76.095, "2018-06-30": -76.039, "2018-03-31": "-75.90300", "2017-12-31": -75.866, "2017-09-30": -71.407, "2017-06-30": -71.343, "2017-03-31": "-71.17700", "2016-12-31": -71.114, "2016-09-30": -67.78, "2016-06-30": -67.724, "2016-03-31": "-67.61100", "2015-12-31": -67.561, "2015-09-30": -64.225, "2015-06-30": -64.18, "2015-03-31": "-64.06100", "2014-12-31": -58.893, "2014-09-30": -62.64, "2014-06-30": -62.618, "2014-03-31": "-62.52000", "2013-12-31": -60.759, "2013-09-30": -58.254, "2013-06-30": -58.164, "2013-03-31": "-58.06700", "2012-12-31": -58.001, "2012-09-30": -55.777, "2012-06-30": -55.702, "2012-03-31": "-55.59500", "2011-12-31": -55.531, "2011-09-30": -53.66, "2011-06-30": -57.237, "2011-03-31": "-55.30000", "2010-12-31": -55.257, "2010-09-30": -55.2, "2010-06-30": -55.101, "2010-03-31": "-51.42100", "2009-12-31": -51.336, "2009-09-30": -51.301, "2009-06-30": -51.243, "2009-03-31": "-51.19600", "2008-12-31": -45.77, "2008-09-30": -52.885, "2008-06-30": -52.833, "2008-03-31": "-52.75900", "2007-12-31": -52.701, "2007-09-30": -52.662, "2007-06-30": -52.615, "2007-03-31": "-52.49500", "2006-12-31": -52.344, "2006-09-30": -49.649, "2006-06-30": -49.619, "2006-03-31": "-49.60800", "2005-12-31": -49.443, "2005-09-30": -46.87, "2005-06-30": -46.698, "2005-03-31": "-43.66600"}, "Financial Activities - Other": {"2020-09-30": 0, "2020-06-30": -11.372, "2020-03-31": "", "2019-12-31": -11.372, "2019-09-30": 0, "2019-06-30": -11.372, "2019-03-31": "", "2018-12-31": -11.372, "2018-09-30": 0, "2018-06-30": -11.372, "2018-03-31": "", "2017-12-31": -11.371, "2017-09-30": 0, "2017-06-30": -11.372, "2017-03-31": "-0.00100", "2016-12-31": -11.373, "2016-09-30": 0, "2016-06-30": -11.372, "2016-03-31": "0.00100", "2015-12-31": -6.989, "2015-09-30": -0.001, "2015-06-30": -28.011, "2015-03-31": "", "2014-12-31": -4.455, "2014-09-30": 0.001, "2014-06-30": -15.868, "2014-03-31": "0.00100", "2013-12-31": -8.701, "2013-09-30": 0.017, "2013-06-30": -8.366, "2013-03-31": "-0.03600", "2012-12-31": -7.914, "2012-09-30": 0.025, "2012-06-30": -0.713, "2012-03-31": "-1.75700", "2011-12-31": -7.136, "2011-09-30": -0.157, "2011-06-30": -1.932, "2011-03-31": "-3.65300", "2010-12-31": -8.118, "2010-09-30": 5.257, "2010-06-30": -3.27, "2010-03-31": "1.07900", "2009-12-31": -8.327, "2009-09-30": 0.277, "2009-06-30": -2.57, "2009-03-31": "-3.69400", "2008-12-31": -11.915, "2008-09-30": 2.914, "2008-06-30": 2.05, "2008-03-31": "-2.94000", "2007-12-31": 0.533, "2007-09-30": 4.233, "2007-06-30": -6.368, "2007-03-31": "-0.90700", "2006-12-31": 14.941, "2006-09-30": 6.649, "2006-06-30": 5.387, "2006-03-31": "3.45000", "2005-12-31": -14.754, "2005-09-30": -26.918, "2005-06-30": 0.018, "2005-03-31": "21.22800"}, "Cash Flow From Financial Activities": {"2020-09-30": 75.158, "2020-06-30": 69.581, "2020-03-31": "210.38800", "2019-12-31": 157.43, "2019-09-30": -156.248, "2019-06-30": 96.162, "2019-03-31": "81.42400", "2018-12-31": -97.098, "2018-09-30": -268.589, "2018-06-30": 77.472, "2018-03-31": "195.76900", "2017-12-31": 46.004, "2017-09-30": -124.242, "2017-06-30": 190.97, "2017-03-31": "202.78000", "2016-12-31": -56.114, "2016-09-30": -42.339, "2016-06-30": 93.442, "2016-03-31": "203.09200", "2015-12-31": 46.972, "2015-09-30": -164.344, "2015-06-30": 28.433, "2015-03-31": "92.72900", "2014-12-31": 73.335, "2014-09-30": -179.753, "2014-06-30": -125.709, "2014-03-31": "53.24600", "2013-12-31": 40.537, "2013-09-30": -120.342, "2013-06-30": -44.247, "2013-03-31": "-36.53000", "2012-12-31": -75.052, "2012-09-30": -164.189, "2012-06-30": -173.159, "2012-03-31": "106.89100", "2011-12-31": -488.491, "2011-09-30": 194.174, "2011-06-30": -79.168, "2011-03-31": "-46.69600", "2010-12-31": -68.003, "2010-09-30": -123.323, "2010-06-30": -100.674, "2010-03-31": "82.25300", "2009-12-31": -83.437, "2009-09-30": -490.109, "2009-06-30": 85.533, "2009-03-31": "165.75800", "2008-12-31": 154.638, "2008-09-30": 120.822, "2008-06-30": -222.946, "2008-03-31": "-36.52400", "2007-12-31": 27.238, "2007-09-30": 82.893, "2007-06-30": 70.935, "2007-03-31": "3.46300", "2006-12-31": -142.888, "2006-09-30": 272.035, "2006-06-30": -146.807, "2006-03-31": "126.09800", "2005-12-31": -459.88, "2005-09-30": -146.221, "2005-06-30": 569.907, "2005-03-31": "-118.37300"}, "Net Cash Flow": {"2020-09-30": 175.163, "2020-06-30": -56.376, "2020-03-31": "52.85600", "2019-12-31": -19.569, "2019-09-30": 28.204, "2019-06-30": -4.461, "2019-03-31": "0.34300", "2018-12-31": -59.225, "2018-09-30": 61.152, "2018-06-30": -11.601, "2018-03-31": "1.54800", "2017-12-31": 3.218, "2017-09-30": 5.721, "2017-06-30": 1.925, "2017-03-31": "-5.85300", "2016-12-31": -39.386, "2016-09-30": 5.227, "2016-06-30": 28.556, "2016-03-31": "-25.00400", "2015-12-31": 26.481, "2015-09-30": -0.55, "2015-06-30": 1.893, "2015-03-31": "4.06000", "2014-12-31": -2.867, "2014-09-30": 1.31, "2014-06-30": -94.26, "2014-03-31": "93.89500", "2013-12-31": -125.931, "2013-09-30": 107.654, "2013-06-30": 2.694, "2013-03-31": "-1.09300", "2012-12-31": -53.277, "2012-09-30": 68.251, "2012-06-30": -9.482, "2012-03-31": "-12.87300", "2011-12-31": -531.129, "2011-09-30": 472.438, "2011-06-30": -21.919, "2011-03-31": "4.00500", "2010-12-31": -85.727, "2010-09-30": 145.413, "2010-06-30": 46.974, "2010-03-31": "-141.85000", "2009-12-31": 44.554, "2009-09-30": 83.229, "2009-06-30": -15.209, "2009-03-31": "-72.44100", "2008-12-31": 0.717, "2008-09-30": 7.98, "2008-06-30": 79.015, "2008-03-31": "-38.78800", "2007-12-31": 12.407, "2007-09-30": 20.442, "2007-06-30": -97.781, "2007-03-31": "34.04300", "2006-12-31": -41.012, "2006-09-30": 112.614, "2006-06-30": -299.247, "2006-03-31": "160.85200", "2005-12-31": -717.25, "2005-09-30": 570.85, "2005-06-30": 128.287, "2005-03-31": "8.75000"}, "Stock-Based Compensation": {"2020-09-30": 2.989, "2020-06-30": 2.848, "2020-03-31": "6.28200", "2019-12-31": 1.89, "2019-09-30": 2.761, "2019-06-30": 1.651, "2019-03-31": "12.07400", "2018-12-31": 3.407, "2018-09-30": 2.951, "2018-06-30": 2.652, "2018-03-31": "10.53700", "2017-12-31": 3.949, "2017-09-30": 3.662, "2017-06-30": 2.894, "2017-03-31": "9.99700", "2016-12-31": -8.705, "2016-09-30": 2.54, "2016-06-30": 8.361, "2016-03-31": "16.68700", "2015-12-31": 18.756, "2015-09-30": 0, "2015-06-30": 0, "2015-03-31": "", "2014-12-31": 33.059, "2014-09-30": 0, "2014-06-30": 0, "2014-03-31": "", "2013-12-31": 0, "2013-09-30": 0, "2013-06-30": 0, "2013-03-31": "", "2012-12-31": 0, "2012-09-30": 0, "2012-06-30": 0, "2012-03-31": "", "2011-12-31": 0, "2011-09-30": 0, "2011-06-30": 0, "2011-03-31": "", "2010-12-31": 0, "2010-09-30": 0, "2010-06-30": 0, "2010-03-31": "", "2009-12-31": 0, "2009-09-30": 0, "2009-06-30": 0, "2009-03-31": "", "2008-12-31": 0, "2008-09-30": 0, "2008-06-30": 0, "2008-03-31": "", "2007-12-31": 0, "2007-09-30": 0, "2007-06-30": 0, "2007-03-31": "", "2006-12-31": 0, "2006-09-30": 0, "2006-06-30": 0, "2006-03-31": "", "2005-12-31": 0, "2005-09-30": 0, "2005-06-30": 0, "2005-03-31": ""}, "Common Stock Dividends Paid": {"2020-09-30": -86.358, "2020-06-30": -86.309, "2020-03-31": "-86.25700", "2019-12-31": -86.527, "2019-09-30": -81.137, "2019-06-30": -81.082, "2019-03-31": "-80.89700", "2018-12-31": -80.855, "2018-09-30": -76.095, "2018-06-30": -76.039, "2018-03-31": "-75.90300", "2017-12-31": -75.866, "2017-09-30": -71.407, "2017-06-30": -71.343, "2017-03-31": "-71.17700", "2016-12-31": -71.114, "2016-09-30": -67.78, "2016-06-30": -67.724, "2016-03-31": "-67.61100", "2015-12-31": -67.561, "2015-09-30": -64.225, "2015-06-30": -64.18, "2015-03-31": "-64.06100", "2014-12-31": -58.893, "2014-09-30": -62.64, "2014-06-30": -62.618, "2014-03-31": "-62.52000", "2013-12-31": -60.759, "2013-09-30": -58.254, "2013-06-30": -58.164, "2013-03-31": "-58.06700", "2012-12-31": -58.001, "2012-09-30": -55.777, "2012-06-30": -55.702, "2012-03-31": "-55.59500", "2011-12-31": -55.531, "2011-09-30": -53.66, "2011-06-30": -57.237, "2011-03-31": "-55.30000", "2010-12-31": -55.257, "2010-09-30": -55.2, "2010-06-30": -55.101, "2010-03-31": "-51.42100", "2009-12-31": -51.336, "2009-09-30": -51.301, "2009-06-30": -51.243, "2009-03-31": "-51.19600", "2008-12-31": -45.77, "2008-09-30": -52.885, "2008-06-30": -52.833, "2008-03-31": "-52.75900", "2007-12-31": -52.701, "2007-09-30": -52.662, "2007-06-30": -52.615, "2007-03-31": "-52.49500", "2006-12-31": -52.344, "2006-09-30": -49.649, "2006-06-30": -49.619, "2006-03-31": "-49.60800", "2005-12-31": -49.443, "2005-09-30": -46.87, "2005-06-30": -46.698, "2005-03-31": "-43.66600"}}, "financial ratios": {"Current Ratio": {"2019-12-31": "0.49560", "2018-12-31": "0.56100", "2017-12-31": "0.84840", "2016-12-31": "0.63590", "2015-12-31": "0.61740", "2014-12-31": "0.62430", "2013-12-31": "0.64470", "2012-12-31": "0.92820", "2011-12-31": "0.71230", "2010-12-31": "0.70670", "2009-12-31": "0.83750", "2008-12-31": "0.58600", "2007-12-31": "0.67460", "2006-12-31": "1.01100", "2005-12-31": "0.83250"}, "Long-term Debt / Capital": {"2019-12-31": "0.46530", "2018-12-31": "0.46440", "2017-12-31": "0.48260", "2016-12-31": "0.44900", "2015-12-31": "0.42320", "2014-12-31": "0.39950", "2013-12-31": "0.39180", "2012-12-31": "0.43810", "2011-12-31": "0.43440", "2010-12-31": "0.44650", "2009-12-31": "0.50490", "2008-12-31": "0.46460", "2007-12-31": "0.46960", "2006-12-31": "0.48400", "2005-12-31": "0.43230"}, "Debt/Equity Ratio": {"2019-12-31": "1.03490", "2018-12-31": "0.97490", "2017-12-31": "0.96720", "2016-12-31": "0.87600", "2015-12-31": "0.80940", "2014-12-31": "0.78280", "2013-12-31": "0.80410", "2012-12-31": "0.83220", "2011-12-31": "0.88960", "2010-12-31": "0.97860", "2009-12-31": "1.15340", "2008-12-31": "1.11060", "2007-12-31": "1.02830", "2006-12-31": "0.94890", "2005-12-31": "0.87860"}, "Gross Margin": {"2019-12-31": "69.97480", "2018-12-31": "70.84680", "2017-12-31": "72.47630", "2016-12-31": "69.25960", "2015-12-31": "68.49330", "2014-12-31": "66.20980", "2013-12-31": "68.28290", "2012-12-31": "69.87130", "2011-12-31": "68.85700", "2010-12-31": "67.17620", "2009-12-31": "62.62690", "2008-12-31": "58.70130", "2007-12-31": "62.31550", "2006-12-31": "66.76600", "2005-12-31": "70.27290"}, "Operating Margin": {"2019-12-31": "19.35810", "2018-12-31": "20.96000", "2017-12-31": "25.51720", "2016-12-31": "23.88360", "2015-12-31": "24.44900", "2014-12-31": "23.23390", "2013-12-31": "24.49820", "2012-12-31": "25.79670", "2011-12-31": "23.03060", "2010-12-31": "22.41580", "2009-12-31": "19.53700", "2008-12-31": "18.09640", "2007-12-31": "18.71520", "2006-12-31": "19.24690", "2005-12-31": "17.24550"}, "EBIT Margin": {"2019-12-31": "19.35810", "2018-12-31": "20.96000", "2017-12-31": "25.51720", "2016-12-31": "23.88360", "2015-12-31": "24.44900", "2014-12-31": "23.23390", "2013-12-31": "24.49820", "2012-12-31": "25.79670", "2011-12-31": "23.03060", "2010-12-31": "22.41580", "2009-12-31": "19.53700", "2008-12-31": "18.09640", "2007-12-31": "18.71520", "2006-12-31": "19.24690", "2005-12-31": "17.24550"}, "EBITDA Margin": {"2019-12-31": "39.91720", "2018-12-31": "41.75800", "2017-12-31": "42.23000", "2016-12-31": "41.12330", "2015-12-31": "40.84980", "2014-12-31": "38.62050", "2013-12-31": "39.65220", "2012-12-31": "36.83750", "2011-12-31": "33.47760", "2010-12-31": "33.40050", "2009-12-31": "38.49530", "2008-12-31": "37.19140", "2007-12-31": "37.99180", "2006-12-31": "39.57570", "2005-12-31": "30.01700"}, "Pre-Tax Profit Margin": {"2019-12-31": "15.61530", "2018-12-31": "18.00050", "2017-12-31": "21.49110", "2016-12-31": "19.94860", "2015-12-31": "19.85180", "2014-12-31": "18.45560", "2013-12-31": "19.41040", "2012-12-31": "19.87730", "2011-12-31": "16.63610", "2010-12-31": "15.85730", "2009-12-31": "12.51240", "2008-12-31": "11.61230", "2007-12-31": "13.73470", "2006-12-31": "14.71810", "2005-12-31": "11.71550"}, "Net Profit Margin": {"2019-12-31": "15.50810", "2018-12-31": "13.84480", "2017-12-31": "13.70030", "2016-12-31": "12.63430", "2015-12-31": "12.50930", "2014-12-31": "11.38710", "2013-12-31": "11.75450", "2012-12-31": "11.55560", "2011-12-31": "10.47310", "2010-12-31": "10.97620", "2009-12-31": "2.16670", "2008-12-31": "7.52010", "2007-12-31": "9.32390", "2006-12-31": "10.20200", "2005-12-31": "5.89930"}, "Asset Turnover": {"2019-12-31": "0.18780", "2018-12-31": "0.20900", "2017-12-31": "0.20950", "2016-12-31": "0.21860", "2015-12-31": "0.23260", "2014-12-31": "0.24440", "2013-12-31": "0.25570", "2012-12-31": "0.24680", "2011-12-31": "0.24720", "2010-12-31": "0.25730", "2009-12-31": "0.26310", "2008-12-31": "0.27710", "2007-12-31": "0.29510", "2006-12-31": "0.28000", "2005-12-31": "0.26390"}, "Inventory Turnover Ratio": {"2019-12-31": "3.01290", "2018-12-31": "3.65910", "2017-12-31": "3.39230", "2016-12-31": "3.80590", "2015-12-31": "3.93420", "2014-12-31": "4.60900", "2013-12-31": "4.21900", "2012-12-31": "3.98830", "2011-12-31": "4.45900", "2010-12-31": "5.15700", "2009-12-31": "5.47520", "2008-12-31": "5.24130", "2007-12-31": "4.49320", "2006-12-31": "5.62210", "2005-12-31": "6.65870"}, "Receiveable Turnover": {"2019-12-31": "8.50480", "2018-12-31": "9.20540", "2017-12-31": "8.58970", "2016-12-31": "9.74150", "2015-12-31": "9.48830", "2014-12-31": "8.76680", "2013-12-31": "6.53030", "2012-12-31": "8.89610", "2011-12-31": "7.86480", "2010-12-31": "7.55730", "2009-12-31": "7.28770", "2008-12-31": "8.26860", "2007-12-31": "7.30050", "2006-12-31": "6.46680", "2005-12-31": "6.00350"}, "Days Sales In Receivables": {"2019-12-31": "42.91690", "2018-12-31": "39.65070", "2017-12-31": "42.49290", "2016-12-31": "37.46870", "2015-12-31": "38.46840", "2014-12-31": "41.63410", "2013-12-31": "55.89320", "2012-12-31": "41.02930", "2011-12-31": "46.40960", "2010-12-31": "48.29750", "2009-12-31": "50.08450", "2008-12-31": "44.14300", "2007-12-31": "49.99680", "2006-12-31": "56.44180", "2005-12-31": "60.79780"}, "ROE - Return On Equity": {"2019-12-31": "10.04490", "2018-12-31": "9.91900", "2017-12-31": "9.89050", "2016-12-31": "9.35040", "2015-12-31": "9.66620", "2014-12-31": "9.37570", "2013-12-31": "10.13640", "2012-12-31": "10.21360", "2011-12-31": "9.04790", "2010-12-31": "9.13460", "2009-12-31": "7.46930", "2008-12-31": "7.96750", "2007-12-31": "8.50710", "2006-12-31": "9.17740", "2005-12-31": "6.51580"}, "Return On Tangible Equity": {"2019-12-31": "10.04490", "2018-12-31": "9.91900", "2017-12-31": "9.89050", "2016-12-31": "9.35040", "2015-12-31": "9.66620", "2014-12-31": "9.37570", "2013-12-31": "10.13640", "2012-12-31": "10.21360", "2011-12-31": "9.04790", "2010-12-31": "9.13460", "2009-12-31": "7.46930", "2008-12-31": "7.96750", "2007-12-31": "8.50710", "2006-12-31": "9.17740", "2005-12-31": "6.51580"}, "ROA - Return On Assets": {"2019-12-31": "3.01860", "2018-12-31": "3.00350", "2017-12-31": "2.98460", "2016-12-31": "2.88380", "2015-12-31": "3.03550", "2014-12-31": "2.96520", "2013-12-31": "3.25690", "2012-12-31": "3.13160", "2011-12-31": "2.71250", "2010-12-31": "2.78260", "2009-12-31": "2.13620", "2008-12-31": "2.39530", "2007-12-31": "2.69150", "2006-12-31": "2.76070", "2005-12-31": "1.97090"}, "ROI - Return On Investment": {"2019-12-31": "5.37090", "2018-12-31": "5.31230", "2017-12-31": "5.11760", "2016-12-31": "5.15230", "2015-12-31": "5.57560", "2014-12-31": "5.63000", "2013-12-31": "6.16460", "2012-12-31": "5.73850", "2011-12-31": "5.11730", "2010-12-31": "5.05570", "2009-12-31": "3.69770", "2008-12-31": "4.26570", "2007-12-31": "4.51190", "2006-12-31": "4.73540", "2005-12-31": "3.69880"}, "Book Value Per Share": {"2019-12-31": "49.38930", "2018-12-31": "47.71280", "2017-12-31": "45.93020", "2016-12-31": "44.33310", "2015-12-31": "42.52530", "2014-12-31": "40.87060", "2013-12-31": "39.39360", "2012-12-31": "37.38090", "2011-12-31": "35.97920", "2010-12-31": "34.70830", "2009-12-31": "33.79510", "2008-12-31": "34.61250", "2007-12-31": "35.14530", "2006-12-31": "34.47560", "2005-12-31": "34.57570"}, "Operating Cash Flow Per Share": {"2019-12-31": -2.8626, "2018-12-31": 1.3975, "2017-12-31": 0.8162, "2016-12-31": -0.6763, "2015-12-31": -0.0807, "2014-12-31": -0.5176, "2013-12-31": -0.1875, "2012-12-31": 0.3506, "2011-12-31": 3.2406, "2010-12-31": -3.5352, "2009-12-31": 2.1399, "2008-12-31": 1.875, "2007-12-31": 2.5903, "2006-12-31": -3.6262, "2005-12-31": 7.5608}, "Free Cash Flow Per Share": {"2019-12-31": -2.5803, "2018-12-31": 3.502, "2017-12-31": -0.7004, "2016-12-31": -2.2568, "2015-12-31": -1.3019, "2014-12-31": 0.2756, "2013-12-31": -1.3917, "2012-12-31": 0.4563, "2011-12-31": 2.2173, "2010-12-31": -3.1925, "2009-12-31": 3.787, "2008-12-31": 2.3156, "2007-12-31": 0.8575, "2006-12-31": -2.5284, "2005-12-31": -0.914}}, "financial ratios, quarterly": {"Current Ratio": {"2020-09-30": "1.16860", "2020-06-30": "0.76660", "2020-03-31": "0.46980", "2019-12-31": "0.49560", "2019-09-30": "0.71410", "2019-06-30": "0.54110", "2019-03-31": "0.55070", "2018-12-31": "0.56100", "2018-09-30": "0.69590", "2018-06-30": "0.49970", "2018-03-31": "0.51080", "2017-12-31": "0.84840", "2017-09-30": "0.90110", "2017-06-30": "0.65190", "2017-03-31": "0.66590", "2016-12-31": "0.63590", "2016-09-30": "0.88080", "2016-06-30": "0.65160", "2016-03-31": "0.52090", "2015-12-31": "0.61740", "2015-09-30": "0.69710", "2015-06-30": "0.77000", "2015-03-31": "0.68080", "2014-12-31": "0.62430", "2014-09-30": "0.71860", "2014-06-30": "0.64260", "2014-03-31": "0.64380", "2013-12-31": "0.64470", "2013-09-30": "0.93330", "2013-06-30": "0.69360", "2013-03-31": "0.97790", "2012-12-31": "0.92820", "2012-09-30": "1.15750", "2012-06-30": "0.85790", "2012-03-31": "0.78140", "2011-12-31": "0.71230", "2011-09-30": "0.89230", "2011-06-30": "0.56620", "2011-03-31": "0.57220", "2010-12-31": "0.70670", "2010-09-30": "1.28470", "2010-06-30": "0.88560", "2010-03-31": "0.51700", "2009-12-31": "0.83750", "2009-09-30": "1.20580", "2009-06-30": "0.91420", "2009-03-31": "0.77630", "2008-12-31": "0.58600", "2008-09-30": "0.73440", "2008-06-30": "0.87520", "2008-03-31": "0.67500", "2007-12-31": "0.67460", "2007-09-30": "0.81830", "2007-06-30": "0.78240", "2007-03-31": "0.89020", "2006-12-31": "1.01100", "2006-09-30": "1.04790", "2006-06-30": "0.79070", "2006-03-31": "0.78450", "2005-12-31": "0.83250", "2005-09-30": "1.00360", "2005-06-30": "0.96350", "2005-03-31": "0.71550"}, "Long-term Debt / Capital": {"2020-09-30": "0.51420", "2020-06-30": "0.51350", "2020-03-31": "0.46340", "2019-12-31": "0.46530", "2019-09-30": "0.46730", "2019-06-30": "0.47700", "2019-03-31": "0.47590", "2018-12-31": "0.46440", "2018-09-30": "0.44990", "2018-06-30": "0.44820", "2018-03-31": "0.45430", "2017-12-31": "0.48260", "2017-09-30": "0.45970", "2017-06-30": "0.45660", "2017-03-31": "0.46260", "2016-12-31": "0.44900", "2016-09-30": "0.45370", "2016-06-30": "0.45230", "2016-03-31": "0.42210", "2015-12-31": "0.42320", "2015-09-30": "0.40470", "2015-06-30": "0.44070", "2015-03-31": "0.41880", "2014-12-31": "0.39950", "2014-09-30": "0.39550", "2014-06-30": "0.40640", "2014-03-31": "0.41030", "2013-12-31": "0.39180", "2013-09-30": "0.38950", "2013-06-30": "0.40350", "2013-03-31": "0.44310", "2012-12-31": "0.43810", "2012-09-30": "0.44370", "2012-06-30": "0.46370", "2012-03-31": "0.46390", "2011-12-31": "0.43440", "2011-09-30": "0.43220", "2011-06-30": "0.42640", "2011-03-31": "0.43280", "2010-12-31": "0.44650", "2010-09-30": "0.47500", "2010-06-30": "0.48070", "2010-03-31": "0.49820", "2009-12-31": "0.50490", "2009-09-30": "0.50680", "2009-06-30": "0.52170", "2009-03-31": "0.52470", "2008-12-31": "0.46460", "2008-09-30": "0.45750", "2008-06-30": "0.45160", "2008-03-31": "0.46770", "2007-12-31": "0.46960", "2007-09-30": "0.47510", "2007-06-30": "0.48570", "2007-03-31": "0.48030", "2006-12-31": "0.48400", "2006-09-30": "0.48810", "2006-06-30": "0.46150", "2006-03-31": "0.46420", "2005-12-31": "0.43230", "2005-09-30": "0.42050", "2005-06-30": "0.46020", "2005-03-31": "0.46260"}, "Debt/Equity Ratio": {"2020-09-30": "1.06820", "2020-06-30": "1.10760", "2020-03-31": "1.08030", "2019-12-31": "1.03490", "2019-09-30": "0.96670", "2019-06-30": "1.03960", "2019-03-31": "0.99970", "2018-12-31": "0.97490", "2018-09-30": "0.95070", "2018-06-30": "1.04810", "2018-03-31": "1.01720", "2017-12-31": "0.96720", "2017-09-30": "0.91510", "2017-06-30": "0.97820", "2017-03-31": "0.92760", "2016-12-31": "0.87600", "2016-09-30": "0.85730", "2016-06-30": "0.90180", "2016-03-31": "0.86120", "2015-12-31": "0.80940", "2015-09-30": "0.77760", "2015-06-30": "0.84540", "2015-03-31": "0.81470", "2014-12-31": "0.78280", "2014-09-30": "0.73770", "2014-06-30": "0.80900", "2014-03-31": "0.82130", "2013-12-31": "0.80410", "2013-09-30": "0.76600", "2013-06-30": "0.82730", "2013-03-31": "0.82540", "2012-12-31": "0.83220", "2012-09-30": "0.81930", "2012-06-30": "0.90740", "2012-03-31": "0.94770", "2011-12-31": "0.88960", "2011-09-30": "0.98000", "2011-06-30": "0.98840", "2011-03-31": "0.99100", "2010-12-31": "0.97860", "2010-09-30": "0.96700", "2010-06-30": "1.05480", "2010-03-31": "1.22690", "2009-12-31": "1.15340", "2009-09-30": "1.11260", "2009-06-30": "1.31360", "2009-03-31": "1.28330", "2008-12-31": "1.11060", "2008-09-30": "1.00880", "2008-06-30": "0.92730", "2008-03-31": "1.02990", "2007-12-31": "1.02830", "2007-09-30": "1.00050", "2007-06-30": "1.00470", "2007-03-31": "0.96250", "2006-12-31": "0.94890", "2006-09-30": "0.99560", "2006-06-30": "0.93620", "2006-03-31": "0.98950", "2005-12-31": "0.87860", "2005-09-30": "0.96850", "2005-06-30": "1.08170", "2005-03-31": "1.05490"}, "Gross Margin": {"2020-09-30": "71.84770", "2020-06-30": "74.35620", "2020-03-31": "71.51950", "2019-12-31": "66.50240", "2019-09-30": "71.03920", "2019-06-30": "72.14240", "2019-03-31": "68.86180", "2018-12-31": "69.32970", "2018-09-30": "69.24880", "2018-06-30": "73.60840", "2018-03-31": "71.54530", "2017-12-31": "73.16870", "2017-09-30": "73.76290", "2017-06-30": "73.04530", "2017-03-31": "68.66070", "2016-12-31": "67.09180", "2016-09-30": "71.19600", "2016-06-30": "69.97490", "2016-03-31": "67.32200", "2015-12-31": "68.31050", "2015-09-30": "69.65780", "2015-06-30": "68.39640", "2015-03-31": "66.74160", "2014-12-31": "64.64620", "2014-09-30": "67.39390", "2014-06-30": "67.90630", "2014-03-31": "63.60140", "2013-12-31": "66.20380", "2013-09-30": "69.54570", "2013-06-30": "69.69020", "2013-03-31": "66.40530", "2012-12-31": "69.57760", "2012-09-30": "72.69930", "2012-06-30": "69.86910", "2012-03-31": "65.14690", "2011-12-31": "67.73250", "2011-09-30": "69.96060", "2011-06-30": "69.48620", "2011-03-31": "67.32560", "2010-12-31": "65.26150", "2010-09-30": "68.30830", "2010-06-30": "68.63460", "2010-03-31": "65.25540", "2009-12-31": "58.39980", "2009-09-30": "64.96510", "2009-06-30": "64.36560", "2009-03-31": "60.47280", "2008-12-31": "53.42800", "2008-09-30": "60.61680", "2008-06-30": "60.85440", "2008-03-31": "57.37580", "2007-12-31": "74.74280", "2007-09-30": "58.42280", "2007-06-30": "60.03370", "2007-03-31": "62.40420", "2006-12-31": "80.82780", "2006-09-30": "63.29980", "2006-06-30": "63.60540", "2006-03-31": "65.44790", "2005-12-31": "66.69620", "2005-09-30": "69.60350", "2005-06-30": "71.11470", "2005-03-31": "74.50590"}, "Operating Margin": {"2020-09-30": "36.27000", "2020-06-30": "28.17090", "2020-03-31": "6.10670", "2019-12-31": "1.78960", "2019-09-30": "33.86750", "2019-06-30": "22.60940", "2019-03-31": "8.11370", "2018-12-31": "8.84270", "2018-09-30": "34.17160", "2018-06-30": "24.85950", "2018-03-31": "4.52340", "2017-12-31": "11.26130", "2017-09-30": "38.83540", "2017-06-30": "31.46950", "2017-03-31": "9.94660", "2016-12-31": "13.85860", "2016-09-30": "38.67080", "2016-06-30": "25.31680", "2016-03-31": "7.40760", "2015-12-31": "14.95500", "2015-09-30": "37.11900", "2015-06-30": "26.04540", "2015-03-31": "10.08370", "2014-12-31": "8.28470", "2014-09-30": "35.96720", "2014-06-30": "28.03960", "2014-03-31": "10.95370", "2013-12-31": "11.98980", "2013-09-30": "36.07180", "2013-06-30": "28.36930", "2013-03-31": "12.65900", "2012-12-31": "14.61350", "2012-09-30": "40.37680", "2012-06-30": "28.96610", "2012-03-31": "7.73520", "2011-12-31": "11.78560", "2011-09-30": "38.67360", "2011-06-30": "24.63020", "2011-03-31": "5.51500", "2010-12-31": "8.55590", "2010-09-30": "35.84400", "2010-06-30": "25.08540", "2010-03-31": "9.29600", "2009-12-31": "44.14330", "2009-09-30": "33.73690", "2009-06-30": "20.99890", "2009-03-31": "-31.46580", "2008-12-31": "16.36520", "2008-09-30": "25.78220", "2008-06-30": "19.91240", "2008-03-31": "5.26370", "2007-12-31": "9.56570", "2007-09-30": "28.10430", "2007-06-30": "18.39940", "2007-03-31": "9.81570", "2006-12-31": "10.93020", "2006-09-30": "28.83950", "2006-06-30": "20.66930", "2006-03-31": "8.52920", "2005-12-31": "11.96910", "2005-09-30": "16.93680", "2005-06-30": "23.67560", "2005-03-31": "15.68700"}, "EBIT Margin": {"2020-09-30": "36.27000", "2020-06-30": "28.17090", "2020-03-31": "6.10670", "2019-12-31": "1.78960", "2019-09-30": "33.86750", "2019-06-30": "22.60940", "2019-03-31": "8.11370", "2018-12-31": "8.84270", "2018-09-30": "34.17160", "2018-06-30": "24.85950", "2018-03-31": "4.52340", "2017-12-31": "11.26130", "2017-09-30": "38.83540", "2017-06-30": "31.46950", "2017-03-31": "9.94660", "2016-12-31": "13.85860", "2016-09-30": "38.67080", "2016-06-30": "25.31680", "2016-03-31": "7.40760", "2015-12-31": "14.95500", "2015-09-30": "37.11900", "2015-06-30": "26.04540", "2015-03-31": "10.08370", "2014-12-31": "8.28470", "2014-09-30": "35.96720", "2014-06-30": "28.03960", "2014-03-31": "10.95370", "2013-12-31": "11.98980", "2013-09-30": "36.07180", "2013-06-30": "28.36930", "2013-03-31": "12.65900", "2012-12-31": "14.61340", "2012-09-30": "40.37680", "2012-06-30": "28.96610", "2012-03-31": "7.73520", "2011-12-31": "11.78560", "2011-09-30": "38.67360", "2011-06-30": "24.63020", "2011-03-31": "5.51500", "2010-12-31": "8.55590", "2010-09-30": "35.84400", "2010-06-30": "25.08540", "2010-03-31": "9.29600", "2009-12-31": "44.14330", "2009-09-30": "33.73690", "2009-06-30": "20.99890", "2009-03-31": "-31.46580", "2008-12-31": "16.36520", "2008-09-30": "25.78220", "2008-06-30": "19.91240", "2008-03-31": "5.26370", "2007-12-31": "9.56570", "2007-09-30": "28.10430", "2007-06-30": "18.39940", "2007-03-31": "9.81570", "2006-12-31": "10.93020", "2006-09-30": "28.83950", "2006-06-30": "20.66930", "2006-03-31": "8.52920", "2005-12-31": "11.96910", "2005-09-30": "16.93680", "2005-06-30": "23.67560", "2005-03-31": "15.68700"}, "EBITDA Margin": {"2020-09-30": "", "2020-06-30": "", "2020-03-31": "", "2019-12-31": "", "2019-09-30": "", "2019-06-30": "", "2019-03-31": "", "2018-12-31": "", "2018-09-30": "", "2018-06-30": "", "2018-03-31": "", "2017-12-31": "", "2017-09-30": "", "2017-06-30": "", "2017-03-31": "", "2016-12-31": "", "2016-09-30": "", "2016-06-30": "", "2016-03-31": "", "2015-12-31": "", "2015-09-30": "", "2015-06-30": "", "2015-03-31": "", "2014-12-31": "", "2014-09-30": "", "2014-06-30": "", "2014-03-31": "", "2013-12-31": "", "2013-09-30": "", "2013-06-30": "", "2013-03-31": "", "2012-12-31": "", "2012-09-30": "", "2012-06-30": "", "2012-03-31": "", "2011-12-31": "", "2011-09-30": "", "2011-06-30": "", "2011-03-31": "", "2010-12-31": "", "2010-09-30": "", "2010-06-30": "", "2010-03-31": "", "2009-12-31": "", "2009-09-30": "", "2009-06-30": "", "2009-03-31": "", "2008-12-31": "", "2008-09-30": "", "2008-06-30": "", "2008-03-31": "", "2007-12-31": "", "2007-09-30": "", "2007-06-30": "", "2007-03-31": "", "2006-12-31": "", "2006-09-30": "", "2006-06-30": "", "2006-03-31": "", "2005-12-31": "", "2005-09-30": "", "2005-06-30": "", "2005-03-31": ""}, "Pre-Tax Profit Margin": {"2020-09-30": "34.15530", "2020-06-30": "25.76620", "2020-03-31": "2.21430", "2019-12-31": "-2.93610", "2019-09-30": "31.10670", "2019-06-30": "19.10280", "2019-03-31": "3.40420", "2018-12-31": "4.99010", "2018-09-30": "31.87750", "2018-06-30": "22.13800", "2018-03-31": "0.98580", "2017-12-31": "6.22350", "2017-09-30": "35.93820", "2017-06-30": "27.66120", "2017-03-31": "4.78010", "2016-12-31": "11.55680", "2016-09-30": "35.07910", "2016-06-30": "20.96630", "2016-03-31": "1.65990", "2015-12-31": "9.37120", "2015-09-30": "33.48490", "2015-06-30": "21.88050", "2015-03-31": "4.27190", "2014-12-31": "2.00180", "2014-09-30": "32.64690", "2014-06-30": "23.82570", "2014-03-31": "4.53130", "2013-12-31": "5.99930", "2013-09-30": "31.81470", "2013-06-30": "23.65540", "2013-03-31": "6.59800", "2012-12-31": "7.65550", "2012-09-30": "36.05220", "2012-06-30": "23.63130", "2012-03-31": "-0.70270", "2011-12-31": "4.03040", "2011-09-30": "34.19940", "2011-06-30": "18.00490", "2011-03-31": "-2.52340", "2010-12-31": "0.69270", "2010-09-30": "31.51300", "2010-06-30": "17.99990", "2010-03-31": "0.77550", "2009-12-31": "34.79880", "2009-09-30": "28.75080", "2009-06-30": "14.90740", "2009-03-31": "-40.95870", "2008-12-31": "4.28460", "2008-09-30": "21.31230", "2008-06-30": "14.56530", "2008-03-31": "-1.12280", "2007-12-31": "2.48850", "2007-09-30": "24.37480", "2007-06-30": "13.90080", "2007-03-31": "3.66970", "2006-12-31": "1.97790", "2006-09-30": "26.29170", "2006-06-30": "17.30910", "2006-03-31": "2.74360", "2005-12-31": "5.32020", "2005-09-30": "13.08090", "2005-06-30": "18.54640", "2005-03-31": "8.22900"}, "Net Profit Margin": {"2020-09-30": "27.61030", "2020-06-30": "20.82480", "2020-03-31": "4.53110", "2019-12-31": "9.54380", "2019-09-30": "26.22430", "2019-06-30": "16.57790", "2019-03-31": "2.41960", "2018-12-31": "3.44750", "2018-09-30": "24.84260", "2018-06-30": "17.11670", "2018-03-31": "0.46500", "2017-12-31": "2.84720", "2017-09-30": "23.33030", "2017-06-30": "17.72660", "2017-03-31": "3.43970", "2016-12-31": "7.20320", "2016-09-30": "22.54020", "2016-06-30": "13.25200", "2016-03-31": "0.65760", "2015-12-31": "5.59850", "2015-09-30": "21.44160", "2015-06-30": "13.79920", "2015-03-31": "2.40190", "2014-12-31": "0.74470", "2014-09-30": "20.80400", "2014-06-30": "14.61580", "2014-03-31": "2.29740", "2013-12-31": "3.46690", "2013-09-30": "19.62550", "2013-06-30": "14.32670", "2013-03-31": "3.55990", "2012-12-31": "3.26510", "2012-09-30": "22.06660", "2012-06-30": "13.92540", "2012-03-31": "-1.33040", "2011-12-31": "1.88110", "2011-09-30": "22.70180", "2011-06-30": "10.83840", "2011-03-31": "-2.33260", "2010-12-31": "1.13190", "2010-09-30": "20.94730", "2010-06-30": "14.29970", "2010-03-31": "-0.96940", "2009-12-31": "-4.86310", "2009-09-30": "17.13920", "2009-06-30": "8.34940", "2009-03-31": "-25.00690", "2008-12-31": "-6.73510", "2008-09-30": "14.16580", "2008-06-30": "15.13400", "2008-03-31": "-0.64990", "2007-12-31": "0.54820", "2007-09-30": "17.31680", "2007-06-30": "9.15450", "2007-03-31": "2.37840", "2006-12-31": "3.44710", "2006-09-30": "17.10890", "2006-06-30": "12.12440", "2006-03-31": "1.85840", "2005-12-31": "3.08630", "2005-09-30": "10.85590", "2005-06-30": "3.53950", "2005-03-31": "4.17660"}, "Asset Turnover": {"2020-09-30": "0.06350", "2020-06-30": "0.04810", "2020-03-31": "0.03570", "2019-12-31": "0.03630", "2019-09-30": "0.06480", "2019-06-30": "0.04790", "2019-03-31": "0.04150", "2018-12-31": "0.04280", "2018-09-30": "0.07180", "2018-06-30": "0.05570", "2018-03-31": "0.04040", "2017-12-31": "0.04460", "2017-09-30": "0.06970", "2017-06-30": "0.05670", "2017-03-31": "0.04190", "2016-12-31": "0.04620", "2016-09-30": "0.07380", "2016-06-30": "0.05890", "2016-03-31": "0.04460", "2015-12-31": "0.04890", "2015-09-30": "0.08060", "2015-06-30": "0.06060", "2015-03-31": "0.04650", "2014-12-31": "0.05080", "2014-09-30": "0.08390", "2014-06-30": "0.06620", "2014-03-31": "0.05100", "2013-12-31": "0.05180", "2013-09-30": "0.08340", "2013-06-30": "0.06750", "2013-03-31": "0.05160", "2012-12-31": "0.05180", "2012-09-30": "0.08240", "2012-06-30": "0.06650", "2012-03-31": "0.04710", "2011-12-31": "0.05090", "2011-09-30": "0.08550", "2011-06-30": "0.06410", "2011-03-31": "0.05270", "2010-12-31": "0.05240", "2010-09-30": "0.08980", "2010-06-30": "0.06600", "2010-03-31": "0.05200", "2009-12-31": "0.05170", "2009-09-30": "0.09200", "2009-06-30": "0.06900", "2009-03-31": "0.05480", "2008-12-31": "0.04960", "2008-09-30": "0.09340", "2008-06-30": "0.07640", "2008-03-31": "0.06150", "2007-12-31": "0.04760", "2007-09-30": "0.10580", "2007-06-30": "0.07720", "2007-03-31": "0.06310", "2006-12-31": "0.04680", "2006-09-30": "0.09560", "2006-06-30": "0.08690", "2006-03-31": "0.06230", "2005-12-31": "0.06110", "2005-09-30": "0.07920", "2005-06-30": "0.07040", "2005-03-31": "0.05840"}, "Inventory Turnover Ratio": {"2020-09-30": "1.04160", "2020-06-30": "0.71030", "2020-03-31": "0.55370", "2019-12-31": "0.64920", "2019-09-30": "1.10380", "2019-06-30": "0.76800", "2019-03-31": "0.75070", "2018-12-31": "0.78880", "2018-09-30": "1.26360", "2018-06-30": "0.82680", "2018-03-31": "0.64440", "2017-12-31": "0.70460", "2017-09-30": "1.09140", "2017-06-30": "0.88400", "2017-03-31": "0.74980", "2016-12-31": "0.86080", "2016-09-30": "1.17720", "2016-06-30": "0.98730", "2016-03-31": "0.79480", "2015-12-31": "0.83140", "2015-09-30": "1.30630", "2015-06-30": "1.02620", "2015-03-31": "0.83930", "2014-12-31": "1.00330", "2014-09-30": "1.45350", "2014-06-30": "1.08070", "2014-03-31": "0.96110", "2013-12-31": "0.91060", "2013-09-30": "1.35850", "2013-06-30": "1.09530", "2013-03-31": "0.89130", "2012-12-31": "0.84540", "2012-09-30": "1.21030", "2012-06-30": "1.07000", "2012-03-31": "0.90080", "2011-12-31": "0.95200", "2011-09-30": "1.47860", "2011-06-30": "1.10320", "2011-03-31": "1.16760", "2010-12-31": "1.11120", "2010-09-30": "1.80330", "2010-06-30": "1.24850", "2010-03-31": "1.03120", "2009-12-31": "1.19850", "2009-09-30": "1.67590", "2009-06-30": "1.22800", "2009-03-31": "1.07570", "2008-12-31": "1.05890", "2008-09-30": "1.54280", "2008-06-30": "1.30610", "2008-03-31": "1.03420", "2007-12-31": "0.48540", "2007-09-30": "2.82210", "2007-06-30": "2.01360", "2007-03-31": "1.61080", "2006-12-31": "0.54200", "2006-09-30": "2.85140", "2006-06-30": "2.43780", "2006-03-31": "1.72180", "2005-12-31": "1.72690", "2005-09-30": "2.20240", "2005-06-30": "1.65010", "2005-03-31": "1.13220"}, "Receiveable Turnover": {"2020-09-30": "2.16660", "2020-06-30": "1.95050", "2020-03-31": "1.81580", "2019-12-31": "1.64250", "2019-09-30": "2.27000", "2019-06-30": "1.91350", "2019-03-31": "2.05030", "2018-12-31": "1.88630", "2018-09-30": "2.25680", "2018-06-30": "1.85490", "2018-03-31": "2.10470", "2017-12-31": "1.83020", "2017-09-30": "2.05980", "2017-06-30": "1.85620", "2017-03-31": "2.25920", "2016-12-31": "2.05820", "2016-09-30": "2.47250", "2016-06-30": "1.93240", "2016-03-31": "2.19990", "2015-12-31": "1.99360", "2015-09-30": "2.30280", "2015-06-30": "1.88720", "2015-03-31": "1.98810", "2014-12-31": "1.82400", "2014-09-30": "2.15660", "2014-06-30": "1.83060", "2014-03-31": "2.03680", "2013-12-31": "1.32280", "2013-09-30": "1.67080", "2013-06-30": "1.80040", "2013-03-31": "1.91590", "2012-12-31": "1.86750", "2012-09-30": "2.23040", "2012-06-30": "1.81990", "2012-03-31": "1.77770", "2011-12-31": "1.62050", "2011-09-30": "2.06050", "2011-06-30": "1.76000", "2011-03-31": "1.63920", "2010-12-31": "1.53870", "2010-09-30": "1.91750", "2010-06-30": "1.82430", "2010-03-31": "1.96850", "2009-12-31": "1.43310", "2009-09-30": "1.54690", "2009-06-30": "1.43990", "2009-03-31": "2.09110", "2008-12-31": "1.48140", "2008-09-30": "1.95030", "2008-06-30": "1.76500", "2008-03-31": "1.77130", "2007-12-31": "1.17680", "2007-09-30": "1.91070", "2007-06-30": "1.72950", "2007-03-31": "1.89740", "2006-12-31": "1.08070", "2006-09-30": "1.88660", "2006-06-30": "1.83090", "2006-03-31": "1.78660", "2005-12-31": "1.38970", "2005-09-30": "1.64770", "2005-06-30": "1.63740", "2005-03-31": "1.72640"}, "Days Sales In Receivables": {"2020-09-30": "41.53930", "2020-06-30": "46.14300", "2020-03-31": "49.56520", "2019-12-31": "54.79380", "2019-09-30": "39.64700", "2019-06-30": "47.03370", "2019-03-31": "43.89710", "2018-12-31": "47.71290", "2018-09-30": "39.87940", "2018-06-30": "48.52100", "2018-03-31": "42.76190", "2017-12-31": "49.17490", "2017-09-30": "43.69350", "2017-06-30": "48.48700", "2017-03-31": "39.83710", "2016-12-31": "43.72820", "2016-09-30": "36.39980", "2016-06-30": "46.57500", "2016-03-31": "40.91040", "2015-12-31": "45.14460", "2015-09-30": "39.08280", "2015-06-30": "47.68890", "2015-03-31": "45.26880", "2014-12-31": "49.34260", "2014-09-30": "41.73200", "2014-06-30": "49.16430", "2014-03-31": "44.18800", "2013-12-31": "68.03920", "2013-09-30": "53.86510", "2013-06-30": "49.98970", "2013-03-31": "46.97620", "2012-12-31": "48.19320", "2012-09-30": "40.35180", "2012-06-30": "49.45270", "2012-03-31": "50.62760", "2011-12-31": "55.53680", "2011-09-30": "43.67910", "2011-06-30": "51.13540", "2011-03-31": "54.90350", "2010-12-31": "58.49040", "2010-09-30": "46.93630", "2010-06-30": "49.33350", "2010-03-31": "45.71980", "2009-12-31": "62.80010", "2009-09-30": "58.17950", "2009-06-30": "62.50630", "2009-03-31": "43.03880", "2008-12-31": "60.75430", "2008-09-30": "46.14590", "2008-06-30": "50.99230", "2008-03-31": "50.81080", "2007-12-31": "76.47870", "2007-09-30": "47.10330", "2007-06-30": "52.03940", "2007-03-31": "47.43360", "2006-12-31": "83.27670", "2006-09-30": "47.70470", "2006-06-30": "49.15490", "2006-03-31": "50.37560", "2005-12-31": "64.76070", "2005-09-30": "54.62180", "2005-06-30": "54.96530", "2005-03-31": "52.13150"}, "ROE - Return On Equity": {"2020-09-30": "5.88630", "2020-06-30": "3.53730", "2020-03-31": "0.62300", "2019-12-31": "1.23990", "2019-09-30": "5.58190", "2019-06-30": "2.78160", "2019-03-31": "0.42350", "2018-12-31": "0.57860", "2018-09-30": "5.83110", "2018-06-30": "3.32620", "2018-03-31": "0.15710", "2017-12-31": "0.51600", "2017-09-30": "5.32330", "2017-06-30": "3.45320", "2017-03-31": "0.56760", "2016-12-31": "1.17750", "2016-09-30": "5.36640", "2016-06-30": "2.67380", "2016-03-31": "0.19670", "2015-12-31": "0.97420", "2015-09-30": "5.46780", "2015-06-30": "2.81740", "2015-03-31": "0.45520", "2014-12-31": "0.21100", "2014-09-30": "5.34210", "2014-06-30": "3.22660", "2014-03-31": "0.56400", "2013-12-31": "0.75600", "2013-09-30": "5.30860", "2013-06-30": "3.34830", "2013-03-31": "0.79080", "2012-12-31": "0.85090", "2012-09-30": "6.04150", "2012-06-30": "3.35780", "2012-03-31": "0.00740", "2011-12-31": "0.49720", "2011-09-30": "6.32710", "2011-06-30": "2.50790", "2011-03-31": "-0.27810", "2010-12-31": "0.26470", "2010-09-30": "5.99660", "2010-06-30": "2.59710", "2010-03-31": "0.35980", "2009-12-31": "3.88080", "2009-09-30": "5.93630", "2009-06-30": "2.50400", "2009-03-31": "-5.04630", "2008-12-31": "0.57960", "2008-09-30": "4.19230", "2008-06-30": "3.00990", "2008-03-31": "-0.17460", "2007-12-31": "0.08540", "2007-09-30": "5.65260", "2007-06-30": "2.31470", "2007-03-31": "0.47740", "2006-12-31": "0.28000", "2006-09-30": "5.42490", "2006-06-30": "3.37430", "2006-03-31": "0.36110", "2005-12-31": "0.69400", "2005-09-30": "2.39210", "2005-06-30": "2.61650", "2005-03-31": "0.98890"}, "Return On Tangible Equity": {"2020-09-30": "5.88630", "2020-06-30": "3.53730", "2020-03-31": "0.62300", "2019-12-31": "1.23990", "2019-09-30": "5.58190", "2019-06-30": "2.78160", "2019-03-31": "0.42350", "2018-12-31": "0.57860", "2018-09-30": "5.83110", "2018-06-30": "3.32620", "2018-03-31": "0.15710", "2017-12-31": "0.51600", "2017-09-30": "5.32330", "2017-06-30": "3.45320", "2017-03-31": "0.56760", "2016-12-31": "1.17750", "2016-09-30": "5.36640", "2016-06-30": "2.67380", "2016-03-31": "0.19670", "2015-12-31": "0.97420", "2015-09-30": "5.46780", "2015-06-30": "2.81740", "2015-03-31": "0.45520", "2014-12-31": "0.21100", "2014-09-30": "5.34210", "2014-06-30": "3.22660", "2014-03-31": "0.56400", "2013-12-31": "0.75600", "2013-09-30": "5.30860", "2013-06-30": "3.34830", "2013-03-31": "0.79080", "2012-12-31": "0.85090", "2012-09-30": "6.04150", "2012-06-30": "3.35780", "2012-03-31": "0.00740", "2011-12-31": "0.49720", "2011-09-30": "6.32710", "2011-06-30": "2.50790", "2011-03-31": "-0.27810", "2010-12-31": "0.26470", "2010-09-30": "5.99660", "2010-06-30": "2.59710", "2010-03-31": "0.35980", "2009-12-31": "3.88080", "2009-09-30": "5.93630", "2009-06-30": "2.50400", "2009-03-31": "-5.04630", "2008-12-31": "0.57960", "2008-09-30": "4.19230", "2008-06-30": "3.00990", "2008-03-31": "-0.17460", "2007-12-31": "0.08540", "2007-09-30": "5.65260", "2007-06-30": "2.31470", "2007-03-31": "0.47740", "2006-12-31": "0.28000", "2006-09-30": "5.42490", "2006-06-30": "3.37430", "2006-03-31": "0.36110", "2005-12-31": "0.69400", "2005-09-30": "2.39210", "2005-06-30": "2.61650", "2005-03-31": "0.98890"}, "ROA - Return On Assets": {"2020-09-30": "1.77830", "2020-06-30": "1.02790", "2020-03-31": "0.18780", "2019-12-31": "0.37260", "2019-09-30": "1.72570", "2019-06-30": "0.82030", "2019-03-31": "0.12770", "2018-12-31": "0.17520", "2018-09-30": "1.81010", "2018-06-30": "0.98110", "2018-03-31": "0.04720", "2017-12-31": "0.15570", "2017-09-30": "1.65480", "2017-06-30": "1.03370", "2017-03-31": "0.17410", "2016-12-31": "0.36310", "2016-09-30": "1.69500", "2016-06-30": "0.81210", "2016-03-31": "0.06140", "2015-12-31": "0.30590", "2015-09-30": "1.76120", "2015-06-30": "0.86730", "2015-03-31": "0.14360", "2014-12-31": "0.06670", "2014-09-30": "1.77450", "2014-06-30": "1.03270", "2014-03-31": "0.18360", "2013-12-31": "0.24290", "2013-09-30": "1.69810", "2013-06-30": "1.02930", "2013-03-31": "0.24690", "2012-12-31": "0.26090", "2012-09-30": "1.87870", "2012-06-30": "0.99080", "2012-03-31": "0.00220", "2011-12-31": "0.14910", "2011-09-30": "1.92600", "2011-06-30": "0.74700", "2011-03-31": "-0.08430", "2010-12-31": "0.08060", "2010-09-30": "1.84600", "2010-06-30": "0.76750", "2010-03-31": "0.10040", "2009-12-31": "1.10990", "2009-09-30": "1.71860", "2009-06-30": "0.68310", "2009-03-31": "-1.41310", "2008-12-31": "0.17420", "2008-09-30": "1.32250", "2008-06-30": "0.97430", "2008-03-31": "-0.05530", "2007-12-31": "0.02700", "2007-09-30": "1.77010", "2007-06-30": "0.70860", "2007-03-31": "0.14960", "2006-12-31": "0.08420", "2006-09-30": "1.63610", "2006-06-30": "1.04080", "2006-03-31": "0.10780", "2005-12-31": "0.20990", "2005-09-30": "0.70180", "2005-06-30": "0.79290", "2005-03-31": "0.29550"}, "ROI - Return On Investment": {"2020-09-30": "2.85950", "2020-06-30": "1.72080", "2020-03-31": "0.33430", "2019-12-31": "0.66300", "2019-09-30": "2.97330", "2019-06-30": "1.45470", "2019-03-31": "0.22200", "2018-12-31": "0.30990", "2018-09-30": "3.20740", "2018-06-30": "1.83520", "2018-03-31": "0.08570", "2017-12-31": "0.26700", "2017-09-30": "2.87600", "2017-06-30": "1.87660", "2017-03-31": "0.30500", "2016-12-31": "0.64880", "2016-09-30": "2.93190", "2016-06-30": "1.46430", "2016-03-31": "0.11370", "2015-12-31": "0.56200", "2015-09-30": "3.25490", "2015-06-30": "1.57580", "2015-03-31": "0.26460", "2014-12-31": "0.12670", "2014-09-30": "3.22950", "2014-06-30": "1.91540", "2014-03-31": "0.33260", "2013-12-31": "0.45980", "2013-09-30": "3.24120", "2013-06-30": "1.99730", "2013-03-31": "0.44040", "2012-12-31": "0.47810", "2012-09-30": "3.36070", "2012-06-30": "1.80080", "2012-03-31": "0.00390", "2011-12-31": "0.28120", "2011-09-30": "3.59270", "2011-06-30": "1.43860", "2011-03-31": "-0.15770", "2010-12-31": "0.14650", "2010-09-30": "3.14830", "2010-06-30": "1.34860", "2010-03-31": "0.18060", "2009-12-31": "1.92120", "2009-09-30": "2.92760", "2009-06-30": "1.19780", "2009-03-31": "-2.39870", "2008-12-31": "0.31030", "2008-09-30": "2.27420", "2008-06-30": "1.65070", "2008-03-31": "-0.09290", "2007-12-31": "0.04530", "2007-09-30": "2.96740", "2007-06-30": "1.19050", "2007-03-31": "0.24810", "2006-12-31": "0.14450", "2006-09-30": "2.77690", "2006-06-30": "1.81690", "2006-03-31": "0.19350", "2005-12-31": "0.39400", "2005-09-30": "1.38620", "2005-06-30": "1.41250", "2005-03-31": "0.53150"}, "Book Value Per Share": {"2020-09-30": "52.99920", "2020-06-30": "49.84650", "2020-03-31": "49.75360", "2019-12-31": "49.38930", "2019-09-30": "50.57330", "2019-06-30": "47.70350", "2019-03-31": "47.93260", "2018-12-31": "47.71280", "2018-09-30": "48.98130", "2018-06-30": "46.07750", "2018-03-31": "46.04250", "2017-12-31": "45.93020", "2017-09-30": "47.26620", "2017-06-30": "44.70470", "2017-03-31": "44.51440", "2016-12-31": "44.33310", "2016-09-30": "44.88600", "2016-06-30": "42.44860", "2016-03-31": "42.65260", "2015-12-31": "42.52530", "2015-09-30": "43.22460", "2015-06-30": "40.84110", "2015-03-31": "41.11140", "2014-12-31": "40.87060", "2014-09-30": "42.04740", "2014-06-30": "39.68830", "2014-03-31": "39.66960", "2013-12-31": "39.39360", "2013-09-30": "40.17840", "2013-06-30": "37.90320", "2013-03-31": "37.76670", "2012-12-31": "37.38090", "2012-09-30": "38.15480", "2012-06-30": "35.59610", "2012-03-31": "35.27160", "2011-12-31": "35.97920", "2011-09-30": "36.66390", "2011-06-30": "34.05350", "2011-03-31": "34.20360", "2010-12-31": "34.70830", "2010-09-30": "35.21440", "2010-06-30": "33.07200", "2010-03-31": "30.70620", "2009-12-31": "33.79510", "2009-09-30": "33.81840", "2009-06-30": "31.97570", "2009-03-31": "31.63010", "2008-12-31": "34.61250", "2008-09-30": "35.83780", "2008-06-30": "37.20500", "2008-03-31": "35.21870", "2007-12-31": "35.14530", "2007-09-30": "35.54880", "2007-06-30": "34.12670", "2007-03-31": "34.40730", "2006-12-31": "34.47560", "2006-09-30": "34.00240", "2006-06-30": "33.02170", "2006-03-31": "32.36720", "2005-12-31": "34.57570", "2005-09-30": "35.76230", "2005-06-30": "32.93230", "2005-03-31": "30.43260"}, "Operating Cash Flow Per Share": {"2020-09-30": 3.5635, "2020-06-30": 1.6423, "2020-03-31": "1.62700", "2019-12-31": 1.0809, "2019-09-30": 4.3331, "2019-06-30": 1.5324, "2019-03-31": "1.53840", "2018-12-31": 2.8187, "2018-09-30": 5.0096, "2018-06-30": 2.0357, "2018-03-31": "1.48340", "2017-12-31": 3.0823, "2017-09-30": 4.2813, "2017-06-30": 1.338, "2017-03-31": "1.24830", "2016-12-31": 2.309, "2016-09-30": 3.0527, "2016-06-30": 2.4827, "2016-03-31": "1.28930", "2015-12-31": 2.4511, "2015-09-30": 3.8214, "2015-06-30": 2.2433, "2015-03-31": "1.29420", "2014-12-31": 1.9079, "2014-09-30": 3.7931, "2014-06-30": 1.9428, "2014-03-31": "2.24690", "2013-12-31": 2.4632, "2013-09-30": 3.8502, "2013-06-30": 2.1807, "2013-03-31": "1.91420", "2012-12-31": 2.1961, "2012-09-30": 4.2439, "2012-06-30": 3.1006, "2012-03-31": "1.05520", "2011-12-31": 1.8664, "2011-09-30": 4.4024, "2011-06-30": 1.739, "2011-03-31": "2.23740", "2010-12-31": 1.7843, "2010-09-30": 3.3513, "2010-06-30": 2.0038, "2010-03-31": "-0.13480", "2009-12-31": 2.9354, "2009-09-30": 5.6043, "2009-06-30": 2.5563, "2009-03-31": "-0.55620", "2008-12-31": 0.6395, "2008-09-30": 1.0337, "2008-06-30": 4.2809, "2008-03-31": "2.44580", "2007-12-31": 1.7894, "2007-09-30": 1.8547, "2007-06-30": 0.7483, "2007-03-31": "2.13250", "2006-12-31": 1.1016, "2006-09-30": 2.2687, "2006-06-30": 0.5336, "2006-03-31": "0.03070", "2005-12-31": -1.4156, "2005-09-30": 5.5065, "2005-06-30": 1.7061, "2005-03-31": "1.76380"}, "Free Cash Flow Per Share": {"2020-09-30": 1.0562, "2020-06-30": -1.0931, "2020-03-31": "-1.35770", "2019-12-31": -1.5523, "2019-09-30": 1.6649, "2019-06-30": -0.8717, "2019-03-31": "-0.69560", "2018-12-31": 0.3799, "2018-09-30": 3.1002, "2018-06-30": -0.7047, "2018-03-31": "-1.64980", "2017-12-31": -0.3221, "2017-09-30": 1.3729, "2017-06-30": -1.6197, "2017-03-31": "-1.80750", "2016-12-31": 0.2018, "2016-09-30": 0.6222, "2016-06-30": -0.5167, "2016-03-31": "-1.98330", "2015-12-31": -0.106, "2015-09-30": 1.5457, "2015-06-30": -0.1436, "2015-03-31": "-0.71530", "2014-12-31": -0.6087, "2014-09-30": 1.69, "2014-06-30": 0.3556, "2014-03-31": "0.44580", "2013-12-31": -1.416, "2013-09-30": 2.1316, "2013-06-30": 0.4926, "2013-03-31": "0.39890", "2012-12-31": 0.2855, "2012-09-30": 2.1727, "2012-06-30": 1.5632, "2012-03-31": "-1.02260", "2011-12-31": -0.312, "2011-09-30": 2.2082, "2011-06-30": 0.0851, "2011-03-31": "0.56120", "2010-12-31": -0.0603, "2010-09-30": 1.8888, "2010-06-30": 0.5985, "2010-03-31": "-2.10180", "2009-12-31": 1.2504, "2009-09-30": 3.8278, "2009-06-30": 0.7212, "2009-03-31": "-2.28170", "2008-12-31": -1.4295, "2008-09-30": -1.0648, "2008-06-30": 2.1491, "2008-03-31": "0.07590", "2007-12-31": -0.2752, "2007-09-30": -0.8465, "2007-06-30": -1.5477, "2007-03-31": "0.08450", "2006-12-31": -0.9303, "2006-09-30": 0.5747, "2006-06-30": -1.4346, "2006-03-31": "-1.65220", "2005-12-31": -3.2485, "2005-09-30": 3.9314, "2005-06-30": -2.0448, "2005-03-31": "0.44790"}}, "revenue": {"Pinnacle West Capital Annual Revenue (Millions of US $)": {"2019": "$3,471", "2018": "$3,691", "2017": "$3,565", "2016": "$3,499", "2015": "$3,495", "2014": "$3,492", "2013": "$3,455", "2012": "$3,302", "2011": "$3,241", "2010": "$3,189", "2009": "$3,154", "2008": "$3,220", "2007": "$3,294", "2006": "$3,208", "2005": "$2,988"}, "Pinnacle West Capital Quarterly Revenue (Millions of US $)": {"2020-09-30": "$1,255", "2020-06-30": "$930", "2020-03-31": "$662", "2019-12-31": "$670", "2019-09-30": "$1,191", "2019-06-30": "$870", "2019-03-31": "$741", "2018-12-31": "$756", "2018-09-30": "$1,268", "2018-06-30": "$974", "2018-03-31": "$693", "2017-12-31": "$760", "2017-09-30": "$1,183", "2017-06-30": "$945", "2017-03-31": "$678", "2016-12-31": "$739", "2016-09-30": "$1,167", "2016-06-30": "$915", "2016-03-31": "$677", "2015-12-31": "$734", "2015-09-30": "$1,199", "2015-06-30": "$891", "2015-03-31": "$671", "2014-12-31": "$726", "2014-09-30": "$1,173", "2014-06-30": "$906", "2014-03-31": "$686", "2013-12-31": "$700", "2013-09-30": "$1,152", "2013-06-30": "$916", "2013-03-31": "$687", "2012-12-31": "$693", "2012-09-30": "$1,109", "2012-06-30": "$879", "2012-03-31": "$621", "2011-12-31": "$668", "2011-09-30": "$1,125", "2011-06-30": "$800", "2011-03-31": "$649", "2010-12-31": "$649", "2010-09-30": "$1,117", "2010-06-30": "$803", "2010-03-31": "$620", "2009-12-31": "$620", "2009-09-30": "$1,089", "2009-06-30": "$819", "2009-03-31": "$626", "2008-12-31": "$577", "2008-09-30": "$1,070", "2008-06-30": "$885", "2008-03-31": "$688", "2007-12-31": "$531", "2007-09-30": "$1,205", "2007-06-30": "$863", "2007-03-31": "$695", "2006-12-31": "$536", "2006-09-30": "$1,076", "2006-06-30": "$925", "2006-03-31": "$670", "2005-12-31": "$692", "2005-09-30": "$956", "2005-06-30": "$755", "2005-03-31": "$585"}}, "gross-profit": {"Pinnacle West Capital Annual Gross Profit (Millions of US $)": {"2019": "$2,429", "2018": "$2,615", "2017": "$2,584", "2016": "$2,423", "2015": "$2,394", "2014": "$2,312", "2013": "$2,359", "2012": "$2,307", "2011": "$2,232", "2010": "$2,142", "2009": "$1,975", "2008": "$1,890", "2007": "$2,053", "2006": "$2,142", "2005": "$2,100"}, "Pinnacle West Capital Quarterly Gross Profit (Millions of US $)": {"2020-09-30": "$901", "2020-06-30": "$691", "2020-03-31": "$473", "2019-12-31": "$446", "2019-09-30": "$846", "2019-06-30": "$627", "2019-03-31": "$510", "2018-12-31": "$524", "2018-09-30": "$878", "2018-06-30": "$717", "2018-03-31": "$496", "2017-12-31": "$556", "2017-09-30": "$873", "2017-06-30": "$690", "2017-03-31": "$465", "2016-12-31": "$496", "2016-09-30": "$831", "2016-06-30": "$641", "2016-03-31": "$456", "2015-12-31": "$502", "2015-09-30": "$835", "2015-06-30": "$609", "2015-03-31": "$448", "2014-12-31": "$470", "2014-09-30": "$790", "2014-06-30": "$615", "2014-03-31": "$436", "2013-12-31": "$463", "2013-09-30": "$801", "2013-06-30": "$638", "2013-03-31": "$456", "2012-12-31": "$482", "2012-09-30": "$807", "2012-06-30": "$614", "2012-03-31": "$404", "2011-12-31": "$452", "2011-09-30": "$787", "2011-06-30": "$556", "2011-03-31": "$437", "2010-12-31": "$424", "2010-09-30": "$763", "2010-06-30": "$551", "2010-03-31": "$405", "2009-12-31": "$362", "2009-09-30": "$707", "2009-06-30": "$527", "2009-03-31": "$378", "2008-12-31": "$308", "2008-09-30": "$649", "2008-06-30": "$538", "2008-03-31": "$395", "2007-12-31": "$397", "2007-09-30": "$704", "2007-06-30": "$518", "2007-03-31": "$434", "2006-12-31": "$433", "2006-09-30": "$681", "2006-06-30": "$588", "2006-03-31": "$439", "2005-12-31": "$461", "2005-09-30": "$665", "2005-06-30": "$537", "2005-03-31": "$436"}}, "operating-income": {"Pinnacle West Capital Annual Operating Income (Millions of US $)": {"2019": "$672", "2018": "$774", "2017": "$910", "2016": "$836", "2015": "$855", "2014": "$811", "2013": "$846", "2012": "$852", "2011": "$747", "2010": "$715", "2009": "$616", "2008": "$583", "2007": "$617", "2006": "$617", "2005": "$515"}, "Pinnacle West Capital Quarterly Operating Income (Millions of US $)": {"2020-09-30": "$455", "2020-06-30": "$262", "2020-03-31": "$40", "2019-12-31": "$12", "2019-09-30": "$403", "2019-06-30": "$197", "2019-03-31": "$60", "2018-12-31": "$67", "2018-09-30": "$433", "2018-06-30": "$242", "2018-03-31": "$31", "2017-12-31": "$86", "2017-09-30": "$460", "2017-06-30": "$297", "2017-03-31": "$67", "2016-12-31": "$102", "2016-09-30": "$451", "2016-06-30": "$232", "2016-03-31": "$50", "2015-12-31": "$110", "2015-09-30": "$445", "2015-06-30": "$232", "2015-03-31": "$68", "2014-12-31": "$60", "2014-09-30": "$422", "2014-06-30": "$254", "2014-03-31": "$75", "2013-12-31": "$84", "2013-09-30": "$416", "2013-06-30": "$260", "2013-03-31": "$87", "2012-12-31": "$101", "2012-09-30": "$448", "2012-06-30": "$254", "2012-03-31": "$48", "2011-12-31": "$79", "2011-09-30": "$435", "2011-06-30": "$197", "2011-03-31": "$36", "2010-12-31": "$56", "2010-09-30": "$400", "2010-06-30": "$201", "2010-03-31": "$58", "2009-12-31": "$274", "2009-09-30": "$367", "2009-06-30": "$172", "2009-03-31": "$-197", "2008-12-31": "$94", "2008-09-30": "$276", "2008-06-30": "$176", "2008-03-31": "$36", "2007-12-31": "$51", "2007-09-30": "$339", "2007-06-30": "$159", "2007-03-31": "$68", "2006-12-31": "$59", "2006-09-30": "$310", "2006-06-30": "$191", "2006-03-31": "$57", "2005-12-31": "$83", "2005-09-30": "$162", "2005-06-30": "$179", "2005-03-31": "$92"}}, "ebitda": {"Pinnacle West Capital Annual EBITDA (Millions of US $)": {"2019": "$1,386", "2018": "$1,541", "2017": "$1,506", "2016": "$1,439", "2015": "$1,428", "2014": "$1,348", "2013": "$1,370", "2012": "$1,216", "2011": "$1,085", "2010": "$1,065", "2009": "$1,214", "2008": "$1,197", "2007": "$1,252", "2006": "$1,269", "2005": "$897"}, "Pinnacle West Capital Quarterly EBITDA (Millions of US $)": {"2020-09-30": "$623", "2020-06-30": "$429", "2020-03-31": "$212", "2019-12-31": "$186", "2019-09-30": "$587", "2019-06-30": "$371", "2019-03-31": "$241", "2018-12-31": "$252", "2018-09-30": "$639", "2018-06-30": "$435", "2018-03-31": "$215", "2017-12-31": "$254", "2017-09-30": "$609", "2017-06-30": "$431", "2017-03-31": "$211", "2016-12-31": "$254", "2016-09-30": "$606", "2016-06-30": "$385", "2016-03-31": "$193", "2015-12-31": "$236", "2015-09-30": "$599", "2015-06-30": "$379", "2015-03-31": "$215", "2014-12-31": "$194", "2014-09-30": "$560", "2014-06-30": "$388", "2014-03-31": "$206", "2013-12-31": "$206", "2013-09-30": "$556", "2013-06-30": "$395", "2013-03-31": "$212", "2012-12-31": "$197", "2012-09-30": "$531", "2012-06-30": "$346", "2012-03-31": "$142", "2011-12-31": "$168", "2011-09-30": "$507", "2011-06-30": "$282", "2011-03-31": "$128", "2010-12-31": "$151", "2010-09-30": "$481", "2010-06-30": "$288", "2010-03-31": "$146", "2009-12-31": "$418", "2009-09-30": "$532", "2009-06-30": "$320", "2009-03-31": "$-56", "2008-12-31": "$234", "2008-09-30": "$428", "2008-06-30": "$345", "2008-03-31": "$191", "2007-12-31": "$186", "2007-09-30": "$500", "2007-06-30": "$331", "2007-03-31": "$235", "2006-12-31": "$227", "2006-09-30": "$512", "2006-06-30": "$360", "2006-03-31": "$170", "2005-12-31": "$172", "2005-09-30": "$268", "2005-06-30": "$265", "2005-03-31": "$191"}}, "net-income": {"Pinnacle West Capital Annual Net Income (Millions of US $)": {"2019": "$538", "2018": "$511", "2017": "$488", "2016": "$442", "2015": "$437", "2014": "$398", "2013": "$406", "2012": "$382", "2011": "$339", "2010": "$350", "2009": "$68", "2008": "$242", "2007": "$307", "2006": "$327", "2005": "$176"}, "Pinnacle West Capital Quarterly Net Income (Millions of US $)": {"2020-09-30": "$346", "2020-06-30": "$194", "2020-03-31": "$30", "2019-12-31": "$64", "2019-09-30": "$312", "2019-06-30": "$144", "2019-03-31": "$18", "2018-12-31": "$26", "2018-09-30": "$315", "2018-06-30": "$167", "2018-03-31": "$3", "2017-12-31": "$22", "2017-09-30": "$276", "2017-06-30": "$167", "2017-03-31": "$23", "2016-12-31": "$53", "2016-09-30": "$263", "2016-06-30": "$121", "2016-03-31": "$4", "2015-12-31": "$41", "2015-09-30": "$257", "2015-06-30": "$123", "2015-03-31": "$16", "2014-12-31": "$5", "2014-09-30": "$244", "2014-06-30": "$132", "2014-03-31": "$16", "2013-12-31": "$24", "2013-09-30": "$226", "2013-06-30": "$131", "2013-03-31": "$24", "2012-12-31": "$23", "2012-09-30": "$245", "2012-06-30": "$122", "2012-03-31": "$-8", "2011-12-31": "$13", "2011-09-30": "$255", "2011-06-30": "$87", "2011-03-31": "$-15", "2010-12-31": "$7", "2010-09-30": "$234", "2010-06-30": "$115", "2010-03-31": "$-6", "2009-12-31": "$-30", "2009-09-30": "$187", "2009-06-30": "$68", "2009-03-31": "$-157", "2008-12-31": "$-39", "2008-09-30": "$152", "2008-06-30": "$134", "2008-03-31": "$-4", "2007-12-31": "$3", "2007-09-30": "$209", "2007-06-30": "$79", "2007-03-31": "$17", "2006-12-31": "$18", "2006-09-30": "$184", "2006-06-30": "$112", "2006-03-31": "$12", "2005-12-31": "$21", "2005-09-30": "$104", "2005-06-30": "$27", "2005-03-31": "$24"}}, "eps-earnings-per-share-diluted": {"Pinnacle West Capital Annual EPS": {"2019": "$4.77", "2018": "$4.54", "2017": "$4.35", "2016": "$3.95", "2015": "$3.92", "2014": "$3.58", "2013": "$3.66", "2012": "$3.45", "2011": "$3.09", "2010": "$3.27", "2009": "$0.67", "2008": "$2.40", "2007": "$3.05", "2006": "$3.27", "2005": "$1.82"}, "Pinnacle West Capital Quarterly EPS": {"2020-09-30": "$3.07", "2020-06-30": "$1.71", "2020-03-31": "$0.27", "2019-12-31": "$0.56", "2019-09-30": "$2.77", "2019-06-30": "$1.28", "2019-03-31": "$0.16", "2018-12-31": "$0.23", "2018-09-30": "$2.80", "2018-06-30": "$1.48", "2018-03-31": "$0.03", "2017-12-31": "$0.19", "2017-09-30": "$2.46", "2017-06-30": "$1.49", "2017-03-31": "$0.21", "2016-12-31": "$0.48", "2016-09-30": "$2.35", "2016-06-30": "$1.08", "2016-03-31": "$0.04", "2015-12-31": "$0.38", "2015-09-30": "$2.30", "2015-06-30": "$1.10", "2015-03-31": "$0.14", "2014-12-31": "$0.05", "2014-09-30": "$2.20", "2014-06-30": "$1.19", "2014-03-31": "$0.14", "2013-12-31": "$0.22", "2013-09-30": "$2.04", "2013-06-30": "$1.18", "2013-03-31": "$0.22", "2012-12-31": "$0.21", "2012-09-30": "$2.21", "2012-06-30": "$1.11", "2012-03-31": "$-0.08", "2011-12-31": "$0.12", "2011-09-30": "$2.32", "2011-06-30": "$0.79", "2011-03-31": "$-0.14", "2010-12-31": "$0.12", "2010-09-30": "$2.14", "2010-06-30": "$1.07", "2010-03-31": "$-0.06", "2009-12-31": "$-0.30", "2009-09-30": "$1.84", "2009-06-30": "$0.68", "2009-03-31": "$-1.55", "2008-12-31": "$-0.39", "2008-09-30": "$1.50", "2008-06-30": "$1.33", "2008-03-31": "$-0.04", "2007-12-31": "$0.04", "2007-09-30": "$2.07", "2007-06-30": "$0.78", "2007-03-31": "$0.16", "2006-12-31": "$0.17", "2006-09-30": "$1.84", "2006-06-30": "$1.13", "2006-03-31": "$0.13", "2005-12-31": "$0.22", "2005-09-30": "$1.05", "2005-06-30": "$0.28", "2005-03-31": "$0.27"}}, "shares-outstanding": {"Pinnacle West Capital Annual Shares Outstanding (Millions of Shares)": {"2019": "113", "2018": "113", "2017": "112", "2016": "112", "2015": "112", "2014": "111", "2013": "111", "2012": "111", "2011": "110", "2010": "107", "2009": "101", "2008": "101", "2007": "101", "2006": "100", "2005": "97"}, "Pinnacle West Capital Quarterly Shares Outstanding (Millions of Shares)": {"2020-09-30": "113", "2020-06-30": "113", "2020-03-31": "113", "2019-12-31": "113", "2019-09-30": "113", "2019-06-30": "113", "2019-03-31": "113", "2018-12-31": "113", "2018-09-30": "113", "2018-06-30": "112", "2018-03-31": "112", "2017-12-31": "112", "2017-09-30": "112", "2017-06-30": "112", "2017-03-31": "112", "2016-12-31": "112", "2016-09-30": "112", "2016-06-30": "112", "2016-03-31": "112", "2015-12-31": "112", "2015-09-30": "112", "2015-06-30": "111", "2015-03-31": "111", "2014-12-31": "111", "2014-09-30": "111", "2014-06-30": "111", "2014-03-31": "111", "2013-12-31": "111", "2013-09-30": "111", "2013-06-30": "111", "2013-03-31": "111", "2012-12-31": "111", "2012-09-30": "111", "2012-06-30": "110", "2012-03-31": "109", "2011-12-31": "110", "2011-09-30": "110", "2011-06-30": "110", "2011-03-31": "109", "2010-12-31": "107", "2010-09-30": "109", "2010-06-30": "108", "2010-03-31": "101", "2009-12-31": "101", "2009-09-30": "101", "2009-06-30": "101", "2009-03-31": "101", "2008-12-31": "101", "2008-09-30": "101", "2008-06-30": "101", "2008-03-31": "101", "2007-12-31": "101", "2007-09-30": "101", "2007-06-30": "101", "2007-03-31": "101", "2006-12-31": "100", "2006-09-30": "100", "2006-06-30": "100", "2006-03-31": "99", "2005-12-31": "97", "2005-09-30": "99", "2005-06-30": "96", "2005-03-31": "92"}}, "total-assets": {"Pinnacle West Capital Annual Total Assets (Millions of US $)": {"2019": "$18,479", "2018": "$17,664", "2017": "$17,019", "2016": "$16,004", "2015": "$15,028", "2014": "$14,289", "2013": "$13,509", "2012": "$13,380", "2011": "$13,111", "2010": "$12,393", "2009": "$11,986", "2008": "$11,620", "2007": "$11,162", "2006": "$11,456", "2005": "$11,323"}, "Pinnacle West Capital Quarterly Total Assets (Millions of US $)": {"2020-09-30": "$19,751", "2020-06-30": "$19,307", "2020-03-31": "$18,562", "2019-12-31": "$18,479", "2019-09-30": "$18,378", "2019-06-30": "$18,166", "2019-03-31": "$17,854", "2018-12-31": "$17,664", "2018-09-30": "$17,672", "2018-06-30": "$17,492", "2018-03-31": "$17,148", "2017-12-31": "$17,019", "2017-09-30": "$16,978", "2017-06-30": "$16,670", "2017-03-31": "$16,193", "2016-12-31": "$16,004", "2016-09-30": "$15,806", "2016-06-30": "$15,539", "2016-03-31": "$15,185", "2015-12-31": "$15,028", "2015-09-30": "$14,875", "2015-06-30": "$14,701", "2015-03-31": "$14,436", "2014-12-31": "$14,289", "2014-09-30": "$13,980", "2014-06-30": "$13,690", "2014-03-31": "$13,451", "2013-12-31": "$13,509", "2013-09-30": "$13,823", "2013-06-30": "$13,563", "2013-03-31": "$13,301", "2012-12-31": "$13,380", "2012-09-30": "$13,460", "2012-06-30": "$13,214", "2012-03-31": "$13,184", "2011-12-31": "$13,111", "2011-09-30": "$13,150", "2011-06-30": "$12,474", "2011-03-31": "$12,303", "2010-12-31": "$12,393", "2010-09-30": "$12,435", "2010-06-30": "$12,158", "2010-03-31": "$11,935", "2009-12-31": "$11,986", "2009-09-30": "$11,831", "2009-06-30": "$11,863", "2009-03-31": "$11,418", "2008-12-31": "$11,620", "2008-09-30": "$11,453", "2008-06-30": "$11,578", "2008-03-31": "$11,198", "2007-12-31": "$11,162", "2007-09-30": "$11,396", "2007-06-30": "$11,182", "2007-03-31": "$11,009", "2006-12-31": "$11,456", "2006-09-30": "$11,257", "2006-06-30": "$10,650", "2006-03-31": "$10,756", "2005-12-31": "$11,323", "2005-09-30": "$12,068", "2005-06-30": "$10,733", "2005-03-31": "$10,017"}}, "cash-on-hand": {"Pinnacle West Capital Annual Cash on Hand (Millions of US $)": {"2019": "$10", "2018": "$6", "2017": "$14", "2016": "$9", "2015": "$39", "2014": "$8", "2013": "$10", "2012": "$26", "2011": "$34", "2010": "$110", "2009": "$145", "2008": "$105", "2007": "$56", "2006": "$120", "2005": "$154"}, "Pinnacle West Capital Quarterly Cash on Hand (Millions of US $)": {"2020-09-30": "$182", "2020-06-30": "$7", "2020-03-31": "$63", "2019-12-31": "$10", "2019-09-30": "$30", "2019-06-30": "$2", "2019-03-31": "$6", "2018-12-31": "$6", "2018-09-30": "$65", "2018-06-30": "$4", "2018-03-31": "$15", "2017-12-31": "$14", "2017-09-30": "$11", "2017-06-30": "$5", "2017-03-31": "$3", "2016-12-31": "$9", "2016-09-30": "$48", "2016-06-30": "$43", "2016-03-31": "$14", "2015-12-31": "$39", "2015-09-30": "$13", "2015-06-30": "$14", "2015-03-31": "$12", "2014-12-31": "$8", "2014-09-30": "$10", "2014-06-30": "$9", "2014-03-31": "$103", "2013-12-31": "$10", "2013-09-30": "$135", "2013-06-30": "$28", "2013-03-31": "$25", "2012-12-31": "$26", "2012-09-30": "$79", "2012-06-30": "$11", "2012-03-31": "$21", "2011-12-31": "$34", "2011-09-30": "$565", "2011-06-30": "$92", "2011-03-31": "$114", "2010-12-31": "$110", "2010-09-30": "$196", "2010-06-30": "$51", "2010-03-31": "$4", "2009-12-31": "$145", "2009-09-30": "$101", "2009-06-30": "$182", "2009-03-31": "$33", "2008-12-31": "$105", "2008-09-30": "$105", "2008-06-30": "$97", "2008-03-31": "$18", "2007-12-31": "$56", "2007-09-30": "$44", "2007-06-30": "$23", "2007-03-31": "$121", "2006-12-31": "$120", "2006-09-30": "$332", "2006-06-30": "$16", "2006-03-31": "$315", "2005-12-31": "$154", "2005-09-30": "$940", "2005-06-30": "$630", "2005-03-31": "$272"}}, "long-term-debt": {"Pinnacle West Capital Annual Long Term Debt (Millions of US $)": {"2019": "$4,833", "2018": "$4,638", "2017": "$4,790", "2016": "$4,022", "2015": "$3,462", "2014": "$3,007", "2013": "$2,796", "2012": "$3,199", "2011": "$3,019", "2010": "$3,046", "2009": "$3,497", "2008": "$3,032", "2007": "$3,127", "2006": "$3,233", "2005": "$2,608"}, "Pinnacle West Capital Quarterly Long Term Debt (Millions of US $)": {"2020-09-30": "$6,316", "2020-06-30": "$5,922", "2020-03-31": "$4,833", "2019-12-31": "$4,833", "2019-09-30": "$4,985", "2019-06-30": "$4,887", "2019-03-31": "$4,886", "2018-12-31": "$4,638", "2018-09-30": "$4,487", "2018-06-30": "$4,192", "2018-03-31": "$4,291", "2017-12-31": "$4,790", "2017-09-30": "$4,491", "2017-06-30": "$4,193", "2017-03-31": "$4,274", "2016-12-31": "$4,022", "2016-09-30": "$4,145", "2016-06-30": "$3,898", "2016-03-31": "$3,463", "2015-12-31": "$3,462", "2015-09-30": "$3,257", "2015-06-30": "$3,566", "2015-03-31": "$3,281", "2014-12-31": "$3,007", "2014-09-30": "$3,038", "2014-06-30": "$3,000", "2014-03-31": "$3,046", "2013-12-31": "$2,796", "2013-09-30": "$2,820", "2013-06-30": "$2,820", "2013-03-31": "$3,304", "2012-12-31": "$3,199", "2012-09-30": "$3,339", "2012-06-30": "$3,371", "2012-03-31": "$3,341", "2011-12-31": "$3,019", "2011-09-30": "$3,047", "2011-06-30": "$2,762", "2011-03-31": "$2,845", "2010-12-31": "$3,046", "2010-09-30": "$3,463", "2010-06-30": "$3,327", "2010-03-31": "$3,306", "2009-12-31": "$3,497", "2009-09-30": "$3,520", "2009-06-30": "$3,529", "2009-03-31": "$3,529", "2008-12-31": "$3,032", "2008-09-30": "$3,047", "2008-06-30": "$3,086", "2008-03-31": "$3,115", "2007-12-31": "$3,127", "2007-09-30": "$3,229", "2007-06-30": "$3,233", "2007-03-31": "$3,187", "2006-12-31": "$3,233", "2006-09-30": "$3,237", "2006-06-30": "$2,816", "2006-03-31": "$2,782", "2005-12-31": "$2,608", "2005-09-30": "$2,569", "2005-06-30": "$2,772", "2005-03-31": "$2,576"}}, "total-liabilities": {"Pinnacle West Capital Annual Total Liabilities (Millions of US $)": {"2019": "$12,926", "2018": "$12,316", "2017": "$11,883", "2016": "$11,068", "2015": "$10,309", "2014": "$9,770", "2013": "$9,168", "2012": "$9,277", "2011": "$9,180", "2010": "$8,618", "2009": "$8,558", "2008": "$8,127", "2007": "$7,631", "2006": "$8,010", "2005": "$7,898"}, "Pinnacle West Capital Quarterly Total Liabilities (Millions of US $)": {"2020-09-30": "$13,784", "2020-06-30": "$13,697", "2020-03-31": "$12,965", "2019-12-31": "$12,926", "2019-09-30": "$12,696", "2019-06-30": "$12,808", "2019-03-31": "$12,472", "2018-12-31": "$12,316", "2018-09-30": "$12,186", "2018-06-30": "$12,333", "2018-03-31": "$11,995", "2017-12-31": "$11,883", "2017-09-30": "$11,700", "2017-06-30": "$11,680", "2017-03-31": "$11,227", "2016-12-31": "$11,068", "2016-09-30": "$10,814", "2016-06-30": "$10,819", "2016-03-31": "$10,445", "2015-12-31": "$10,309", "2015-09-30": "$10,084", "2015-06-30": "$10,176", "2015-03-31": "$9,883", "2014-12-31": "$9,770", "2014-09-30": "$9,336", "2014-06-30": "$9,308", "2014-03-31": "$9,073", "2013-12-31": "$9,168", "2013-09-30": "$9,401", "2013-06-30": "$9,393", "2013-03-31": "$9,149", "2012-12-31": "$9,277", "2012-09-30": "$9,275", "2012-06-30": "$9,315", "2012-03-31": "$9,322", "2011-12-31": "$9,180", "2011-09-30": "$9,147", "2011-06-30": "$8,758", "2011-03-31": "$8,574", "2010-12-31": "$8,618", "2010-09-30": "$8,607", "2010-06-30": "$8,565", "2010-03-31": "$8,605", "2009-12-31": "$8,558", "2009-09-30": "$8,406", "2009-06-30": "$8,627", "2009-03-31": "$8,220", "2008-12-31": "$8,127", "2008-09-30": "$7,840", "2008-06-30": "$7,830", "2008-03-31": "$7,653", "2007-12-31": "$7,631", "2007-09-30": "$7,827", "2007-06-30": "$7,759", "2007-03-31": "$7,560", "2006-12-31": "$8,010", "2006-09-30": "$7,862", "2006-06-30": "$7,365", "2006-03-31": "$7,545", "2005-12-31": "$7,898", "2005-09-30": "$8,528", "2005-06-30": "$7,481", "2005-03-31": "$7,024"}}, "total-share-holder-equity": {"Pinnacle West Capital Annual Share Holder Equity (Millions of US $)": {"2019": "$5,553", "2018": "$5,349", "2017": "$5,136", "2016": "$4,936", "2015": "$4,719", "2014": "$4,519", "2013": "$4,340", "2012": "$4,102", "2011": "$3,931", "2010": "$3,775", "2009": "$3,428", "2008": "$3,493", "2007": "$3,532", "2006": "$3,446", "2005": "$3,425"}, "Pinnacle West Capital Quarterly Share Holder Equity (Millions of US $)": {"2020-09-30": "$5,967", "2020-06-30": "$5,610", "2020-03-31": "$5,597", "2019-12-31": "$5,553", "2019-09-30": "$5,682", "2019-06-30": "$5,357", "2019-03-31": "$5,382", "2018-12-31": "$5,349", "2018-09-30": "$5,486", "2018-06-30": "$5,159", "2018-03-31": "$5,154", "2017-12-31": "$5,136", "2017-09-30": "$5,278", "2017-06-30": "$4,990", "2017-03-31": "$4,966", "2016-12-31": "$4,936", "2016-09-30": "$4,992", "2016-06-30": "$4,719", "2016-03-31": "$4,740", "2015-12-31": "$4,719", "2015-09-30": "$4,791", "2015-06-30": "$4,526", "2015-03-31": "$4,553", "2014-12-31": "$4,519", "2014-09-30": "$4,644", "2014-06-30": "$4,382", "2014-03-31": "$4,378", "2013-12-31": "$4,340", "2013-09-30": "$4,421", "2013-06-30": "$4,169", "2013-03-31": "$4,152", "2012-12-31": "$4,102", "2012-09-30": "$4,186", "2012-06-30": "$3,899", "2012-03-31": "$3,861", "2011-12-31": "$3,931", "2011-09-30": "$4,003", "2011-06-30": "$3,716", "2011-03-31": "$3,729", "2010-12-31": "$3,775", "2010-09-30": "$3,828", "2010-06-30": "$3,593", "2010-03-31": "$3,330", "2009-12-31": "$3,428", "2009-09-30": "$3,425", "2009-06-30": "$3,236", "2009-03-31": "$3,197", "2008-12-31": "$3,493", "2008-09-30": "$3,613", "2008-06-30": "$3,748", "2008-03-31": "$3,544", "2007-12-31": "$3,532", "2007-09-30": "$3,569", "2007-06-30": "$3,423", "2007-03-31": "$3,449", "2006-12-31": "$3,446", "2006-09-30": "$3,395", "2006-06-30": "$3,285", "2006-03-31": "$3,211", "2005-12-31": "$3,425", "2005-09-30": "$3,541", "2005-06-30": "$3,252", "2005-03-31": "$2,993"}}, "profit-margins": {"current": "18.03%"}, "gross margin": {"2020-09-30": "71.40%", "2020-06-30": "71.13%", "2020-03-31": "70.50%", "2019-12-31": "69.96%", "2019-09-30": "70.46%", "2019-06-30": "69.85%", "2019-03-31": "70.31%", "2018-12-31": "70.85%", "2018-09-30": "71.64%", "2018-06-30": "73.19%", "2018-03-31": "73.02%", "2017-12-31": "72.46%", "2017-09-30": "71.20%", "2017-06-30": "70.33%", "2017-03-31": "69.53%", "2016-12-31": "69.30%", "2016-09-30": "69.57%", "2016-06-30": "69.05%", "2016-03-31": "68.61%", "2015-12-31": "68.50%", "2015-09-30": "67.74%", "2015-06-30": "66.95%", "2015-03-31": "66.83%", "2014-12-31": "66.20%", "2014-09-30": "66.49%", "2014-06-30": "67.22%", "2014-03-31": "67.69%", "2013-12-31": "68.25%", "2013-09-30": "68.94%", "2013-06-30": "69.99%", "2013-03-31": "70.04%", "2012-12-31": "69.87%", "2012-09-30": "69.48%", "2012-06-30": "68.54%", "2012-03-31": "68.42%", "2011-12-31": "68.85%", "2011-09-30": "68.38%", "2011-06-30": "67.81%", "2011-03-31": "67.59%", "2010-12-31": "67.20%", "2010-09-30": "65.85%", "2010-06-30": "64.66%", "2010-03-31": "63.56%", "2009-12-31": "62.59%", "2009-09-30": "61.72%", "2009-06-30": "60.22%", "2009-03-31": "59.31%", "2008-12-31": "58.70%", "2008-09-30": "62.35%", "2008-06-30": "61.47%", "2008-03-31": "61.27%", "2007-12-31": "62.33%", "2007-09-30": "63.32%", "2007-06-30": "65.17%", "2007-03-31": "66.09%", "2006-12-31": "66.76%", "2006-09-30": "64.50%", "2006-06-30": "66.39%", "2006-03-31": "68.40%", "2005-12-31": "70.25%"}, "operating margin": {"2020-09-30": "21.87%", "2020-06-30": "20.76%", "2020-03-31": "19.22%", "2019-12-31": "19.35%", "2019-09-30": "20.43%", "2019-06-30": "20.83%", "2019-03-31": "21.45%", "2018-12-31": "20.94%", "2018-09-30": "21.43%", "2018-06-30": "22.69%", "2018-03-31": "24.41%", "2017-12-31": "25.52%", "2017-09-30": "26.12%", "2017-06-30": "25.98%", "2017-03-31": "24.35%", "2016-12-31": "23.87%", "2016-09-30": "24.13%", "2016-06-30": "23.74%", "2016-03-31": "23.91%", "2015-12-31": "24.46%", "2015-09-30": "23.09%", "2015-06-30": "22.59%", "2015-03-31": "23.13%", "2014-12-31": "23.23%", "2014-09-30": "24.10%", "2014-06-30": "24.07%", "2014-03-31": "24.17%", "2013-12-31": "24.52%", "2013-09-30": "25.06%", "2013-06-30": "26.31%", "2013-03-31": "26.43%", "2012-12-31": "25.77%", "2012-09-30": "25.30%", "2012-06-30": "24.78%", "2012-03-31": "23.62%", "2011-12-31": "23.04%", "2011-09-30": "22.46%", "2011-06-30": "21.43%", "2011-03-31": "21.54%", "2010-12-31": "22.42%", "2010-09-30": "29.53%", "2010-06-30": "28.74%", "2010-03-31": "27.67%", "2009-12-31": "19.53%", "2009-09-30": "14.01%", "2009-06-30": "11.16%", "2009-03-31": "11.05%", "2008-12-31": "18.07%", "2008-09-30": "16.98%", "2008-06-30": "18.19%", "2008-03-31": "17.80%", "2007-12-31": "18.73%", "2007-09-30": "18.95%", "2007-06-30": "18.80%", "2007-03-31": "19.43%", "2006-12-31": "19.24%", "2006-09-30": "19.06%", "2006-06-30": "15.20%", "2006-03-31": "15.65%", "2005-12-31": "17.27%"}, "ebitda margin": {"2020-09-30": "41.23%", "2020-06-30": "40.95%", "2020-03-31": "39.96%", "2019-12-31": "39.89%", "2019-09-30": "40.78%", "2019-06-30": "41.35%", "2019-03-31": "41.91%", "2018-12-31": "41.75%", "2018-09-30": "41.76%", "2018-06-30": "41.91%", "2018-03-31": "42.14%", "2017-12-31": "42.20%", "2017-09-30": "42.45%", "2017-06-30": "42.56%", "2017-03-31": "41.61%", "2016-12-31": "41.11%", "2016-09-30": "40.65%", "2016-06-30": "40.09%", "2016-03-31": "40.19%", "2015-12-31": "40.89%", "2015-09-30": "39.78%", "2015-06-30": "38.95%", "2015-03-31": "39.04%", "2014-12-31": "38.61%", "2014-09-30": "39.25%", "2014-06-30": "39.37%", "2014-03-31": "39.46%", "2013-12-31": "39.62%", "2013-09-30": "39.44%", "2013-06-30": "39.21%", "2013-03-31": "38.18%", "2012-12-31": "36.83%", "2012-09-30": "36.22%", "2012-06-30": "35.32%", "2012-03-31": "34.19%", "2011-12-31": "33.47%", "2011-09-30": "33.14%", "2011-06-30": "32.41%", "2011-03-31": "32.57%", "2010-12-31": "33.43%", "2010-09-30": "42.18%", "2010-06-30": "44.19%", "2010-03-31": "44.98%", "2009-12-31": "38.49%", "2009-09-30": "33.11%", "2009-06-30": "29.95%", "2009-03-31": "30.11%", "2008-12-31": "37.20%", "2008-09-30": "36.23%", "2008-06-30": "36.93%", "2008-03-31": "36.75%", "2007-12-31": "38.01%", "2007-09-30": "39.19%", "2007-06-30": "41.17%", "2007-03-31": "41.27%", "2006-12-31": "39.57%", "2006-09-30": "36.10%", "2006-06-30": "29.91%", "2006-03-31": "28.47%", "2005-12-31": "29.99%"}, "pre tax profit margin": {"2020-09-30": "18.85%", "2020-06-30": "17.52%", "2020-03-31": "15.65%", "2019-12-31": "15.58%", "2019-09-30": "16.84%", "2019-06-30": "17.41%", "2019-03-31": "18.27%", "2018-12-31": "18.02%", "2018-09-30": "18.24%", "2018-06-30": "19.25%", "2018-03-31": "20.66%", "2017-12-31": "21.45%", "2017-09-30": "22.65%", "2017-06-30": "22.30%", "2017-03-31": "20.52%", "2016-12-31": "19.93%", "2016-09-30": "19.50%", "2016-06-30": "19.12%", "2016-03-31": "19.34%", "2015-12-31": "19.89%", "2015-09-30": "18.38%", "2015-06-30": "17.97%", "2015-03-31": "18.50%", "2014-12-31": "18.48%", "2014-09-30": "19.39%", "2014-06-30": "19.05%", "2014-03-31": "19.02%", "2013-12-31": "19.42%", "2013-09-30": "19.78%", "2013-06-30": "21.00%", "2013-03-31": "20.96%", "2012-12-31": "19.90%", "2012-09-30": "19.26%", "2012-06-30": "18.71%", "2012-03-31": "17.17%", "2011-12-31": "16.66%", "2011-09-30": "16.04%", "2011-06-30": "15.05%", "2011-03-31": "15.07%", "2010-12-31": "15.87%", "2010-09-30": "22.72%", "2010-06-30": "21.68%", "2010-03-31": "20.84%", "2009-12-31": "12.52%", "2009-09-30": "6.56%", "2009-06-30": "3.85%", "2009-03-31": "3.99%", "2008-12-31": "11.61%", "2008-09-30": "11.41%", "2008-06-30": "12.93%", "2008-03-31": "12.75%", "2007-12-31": "13.75%", "2007-09-30": "13.67%", "2007-06-30": "13.88%", "2007-03-31": "14.85%", "2006-12-31": "14.72%", "2006-09-30": "14.81%", "2006-06-30": "10.48%", "2006-03-31": "10.41%", "2005-12-31": "11.71%"}, "net profit margin": {"2020-09-30": "18.03%", "2020-06-30": "17.38%", "2020-03-31": "16.21%", "2019-12-31": "15.50%", "2019-09-30": "14.05%", "2019-06-30": "13.84%", "2019-03-31": "14.07%", "2018-12-31": "13.84%", "2018-09-30": "13.72%", "2018-06-30": "12.96%", "2018-03-31": "13.07%", "2017-12-31": "13.68%", "2017-09-30": "14.64%", "2017-06-30": "14.34%", "2017-03-31": "13.15%", "2016-12-31": "12.61%", "2016-09-30": "12.28%", "2016-06-30": "12.00%", "2016-03-31": "12.14%", "2015-12-31": "12.50%", "2015-09-30": "11.50%", "2015-06-30": "11.21%", "2015-03-31": "11.42%", "2014-12-31": "11.37%", "2014-09-30": "12.01%", "2014-06-30": "11.56%", "2014-03-31": "11.49%", "2013-12-31": "11.72%", "2013-09-30": "11.72%", "2013-06-30": "12.42%", "2013-03-31": "12.29%", "2012-12-31": "11.57%", "2012-09-30": "11.35%", "2012-06-30": "11.60%", "2012-03-31": "10.80%", "2011-12-31": "10.49%", "2011-09-30": "10.36%", "2011-06-30": "9.74%", "2011-03-31": "10.60%", "2010-12-31": "10.98%", "2010-09-30": "9.91%", "2010-06-30": "8.49%", "2010-03-31": "6.96%", "2009-12-31": "2.16%", "2009-09-30": "1.90%", "2009-06-30": "0.78%", "2009-03-31": "2.85%", "2008-12-31": "7.55%", "2008-09-30": "8.98%", "2008-06-30": "10.34%", "2008-03-31": "8.73%", "2007-12-31": "9.35%", "2007-09-30": "9.79%", "2007-06-30": "9.40%", "2007-03-31": "10.24%", "2006-12-31": "10.17%", "2006-09-30": "9.78%", "2006-06-30": "7.68%", "2006-03-31": "5.34%", "2005-12-31": "5.89%"}, "pe ratio": {"current": "13.64", "2021-02-11": "13.64", "2020-09-30": "12.99", "2020-06-30": "13.36", "2020-03-31": "14.88", "2019-12-31": "17.92", "2019-09-30": "20.65", "2019-06-30": "19.72", "2019-03-31": "19.03", "2018-12-31": "17.30", "2018-09-30": "16.08", "2018-06-30": "17.54", "2018-03-31": "17.19", "2017-12-31": "17.43", "2017-09-30": "16.13", "2017-06-30": "16.52", "2017-03-31": "17.65", "2016-12-31": "17.08", "2016-09-30": "16.92", "2016-06-30": "18.15", "2016-03-31": "16.57", "2015-12-31": "13.74", "2015-09-30": "14.74", "2015-06-30": "13.32", "2015-03-31": "14.41", "2014-12-31": "15.31", "2014-09-30": "11.58", "2014-06-30": "12.67", "2014-03-31": "11.89", "2013-12-31": "11.14", "2013-09-30": "11.47", "2013-06-30": "11.00", "2013-03-31": "11.59", "2012-12-31": "10.98", "2012-09-30": "11.56", "2012-06-30": "10.86", "2012-03-31": "10.96", "2011-12-31": "11.12", "2011-09-30": "9.93", "2011-06-30": "10.82", "2011-03-31": "9.35", "2010-12-31": "8.72", "2010-09-30": "9.68", "2010-06-30": "9.41", "2010-03-31": "11.36", "2009-12-31": "35.01", "2009-09-30": "35.70", "2009-06-30": "77.99", "2009-03-31": "18.18", "2008-12-31": "8.03", "2008-09-30": "7.20", "2008-06-30": "5.27", "2008-03-31": "7.07", "2007-12-31": "7.87", "2007-09-30": "6.90", "2007-06-30": "7.40", "2007-03-31": "7.92", "2006-12-31": "8.31"}, "price sales": {"2021-02-11": "2.46", "2020-09-30": "2.34", "2020-06-30": "2.32", "2020-03-31": "2.42", "2019-12-31": "2.78", "2019-09-30": "2.90", "2019-06-30": "2.73", "2019-03-31": "2.67", "2018-12-31": "2.39", "2018-09-30": "2.20", "2018-06-30": "2.27", "2018-03-31": "2.25", "2017-12-31": "2.39", "2017-09-30": "2.37", "2017-06-30": "2.37", "2017-03-31": "2.32", "2016-12-31": "2.16", "2016-09-30": "2.08", "2016-06-30": "2.18", "2016-03-31": "2.01", "2015-12-31": "1.71", "2015-09-30": "1.69", "2015-06-30": "1.49", "2015-03-31": "1.65", "2014-12-31": "1.74", "2014-09-30": "1.39", "2014-06-30": "1.47", "2014-03-31": "1.37", "2013-12-31": "1.31", "2013-09-30": "1.34", "2013-06-30": "1.36", "2013-03-31": "1.42", "2012-12-31": "1.26", "2012-09-30": "1.30", "2012-06-30": "1.25", "2012-03-31": "1.18", "2011-12-31": "1.16", "2011-09-30": "1.02", "2011-06-30": "1.05", "2011-03-31": "0.99", "2010-12-31": "0.94", "2010-09-30": "0.92", "2010-06-30": "0.79", "2010-03-31": "0.79", "2009-12-31": "0.75", "2009-09-30": "0.67", "2009-06-30": "0.61", "2009-03-31": "0.52", "2008-12-31": "0.60", "2008-09-30": "0.65", "2008-06-30": "0.54", "2008-03-31": "0.61", "2007-12-31": "0.73", "2007-09-30": "0.67", "2007-06-30": "0.69", "2007-03-31": "0.81", "2006-12-31": "0.85"}, "price book": {"current": "1.45", "2021-02-11": "1.45", "2020-09-30": "1.38", "2020-06-30": "1.43", "2020-03-31": "1.46", "2019-12-31": "1.73", "2019-09-30": "1.81", "2019-06-30": "1.85", "2019-03-31": "1.85", "2018-12-31": "1.65", "2018-09-30": "1.48", "2018-06-30": "1.58", "2018-03-31": "1.56", "2017-12-31": "1.65", "2017-09-30": "1.58", "2017-06-30": "1.67", "2017-03-31": "1.63", "2016-12-31": "1.52", "2016-09-30": "1.45", "2016-06-30": "1.62", "2016-03-31": "1.48", "2015-12-31": "1.26", "2015-09-30": "1.22", "2015-06-30": "1.14", "2015-03-31": "1.25", "2014-12-31": "1.34", "2014-09-30": "1.03", "2014-06-30": "1.15", "2014-03-31": "1.07", "2013-12-31": "1.03", "2013-09-30": "1.04", "2013-06-30": "1.11", "2013-03-31": "1.15", "2012-12-31": "1.01", "2012-09-30": "1.02", "2012-06-30": "1.06", "2012-03-31": "0.98", "2011-12-31": "0.95", "2011-09-30": "0.82", "2011-06-30": "0.91", "2011-03-31": "0.86", "2010-12-31": "0.81", "2010-09-30": "0.78", "2010-06-30": "0.73", "2010-03-31": "0.80", "2009-12-31": "0.69", "2009-09-30": "0.61", "2009-06-30": "0.59", "2009-03-31": "0.51", "2008-12-31": "0.56", "2008-09-30": "0.57", "2008-06-30": "0.48", "2008-03-31": "0.57", "2007-12-31": "0.68", "2007-09-30": "0.62", "2007-06-30": "0.64", "2007-03-31": "0.76", "2006-12-31": "0.79", "2006-09-30": "0.70", "2006-06-30": "0.64", "2006-03-31": "0.63"}, "price fcf": {"2021-02-11": "", "2020-09-30": "$-2.95", "2020-06-30": "$-2.34", "2020-03-31": "$-2.12", "2019-12-31": "$-1.45", "2019-09-30": "$0.48", "2019-06-30": "$1.91", "2019-03-31": "$2.08", "2018-12-31": "$1.13", "2018-09-30": "$0.42", "2018-06-30": "$-1.30", "2018-03-31": "$-2.22", "2017-12-31": "$-2.38", "2017-09-30": "$-1.85", "2017-06-30": "$-2.60", "2017-03-31": "$-1.50", "2016-12-31": "$-1.68", "2016-09-30": "$-1.98", "2016-06-30": "$-1.06", "2016-03-31": "$-0.69", "2015-12-31": "$0.58", "2015-09-30": "$0.08", "2015-06-30": "$0.22", "2015-03-31": "$0.72", "2014-12-31": "$1.88", "2014-09-30": "$1.08", "2014-06-30": "$1.52", "2014-03-31": "$1.65", "2013-12-31": "$1.61", "2013-09-30": "$3.31", "2013-06-30": "$3.35", "2013-03-31": "$4.42", "2012-12-31": "$3.00", "2012-09-30": "$2.40", "2012-06-30": "$2.44", "2012-03-31": "$0.96", "2011-12-31": "$2.54", "2011-09-30": "$2.79", "2011-06-30": "$2.47", "2011-03-31": "$2.99", "2010-12-31": "$0.33", "2010-09-30": "$1.64", "2010-06-30": "$3.57", "2010-03-31": "$3.70", "2009-12-31": "$3.52", "2009-09-30": "$0.84", "2009-06-30": "$-4.05", "2009-03-31": "$-2.63", "2008-12-31": "$-0.27", "2008-09-30": "$0.89", "2008-06-30": "$1.10", "2008-03-31": "$-2.59", "2007-12-31": "$-2.58", "2007-09-30": "$-3.24", "2007-06-30": "$-1.82", "2007-03-31": "$-1.71", "2006-12-31": "$-3.44"}, "net worth": {"value": "$8.63B"}, "current ratio": {"current": "1.17", "2020-09-30": "1.17", "2020-06-30": "0.77", "2020-03-31": "0.47", "2019-12-31": "0.50", "2019-09-30": "0.71", "2019-06-30": "0.54", "2019-03-31": "0.55", "2018-12-31": "0.56", "2018-09-30": "0.70", "2018-06-30": "0.50", "2018-03-31": "0.51", "2017-12-31": "0.85", "2017-09-30": "0.90", "2017-06-30": "0.65", "2017-03-31": "0.67", "2016-12-31": "0.64", "2016-09-30": "0.88", "2016-06-30": "0.65", "2016-03-31": "0.52", "2015-12-31": "0.62", "2015-09-30": "0.70", "2015-06-30": "0.77", "2015-03-31": "0.68", "2014-12-31": "0.62", "2014-09-30": "0.72", "2014-06-30": "0.64", "2014-03-31": "0.64", "2013-12-31": "0.65", "2013-09-30": "0.93", "2013-06-30": "0.69", "2013-03-31": "0.98", "2012-12-31": "0.93", "2012-09-30": "1.16", "2012-06-30": "0.86", "2012-03-31": "0.78", "2011-12-31": "0.71", "2011-09-30": "0.89", "2011-06-30": "0.57", "2011-03-31": "0.57", "2010-12-31": "0.71", "2010-09-30": "1.29", "2010-06-30": "0.89", "2010-03-31": "0.52", "2009-12-31": "0.84", "2009-09-30": "1.21", "2009-06-30": "0.91", "2009-03-31": "0.78", "2008-12-31": "0.59", "2008-09-30": "0.73", "2008-06-30": "0.88", "2008-03-31": "0.68", "2007-12-31": "0.68", "2007-09-30": "0.82", "2007-06-30": "0.78", "2007-03-31": "0.89", "2006-12-31": "1.01", "2006-09-30": "1.05", "2006-06-30": "0.79", "2006-03-31": "0.79", "2005-12-31": "0.83", "2005-09-30": "1.00", "2005-06-30": "0.96", "2005-03-31": "0.72"}, "quick ratio": {"2020-09-30": "0.90", "2020-06-30": "0.54", "2020-03-31": "0.32", "2019-12-31": "0.33", "2019-09-30": "0.52", "2019-06-30": "0.38", "2019-03-31": "0.36", "2018-12-31": "0.38", "2018-09-30": "0.52", "2018-06-30": "0.36", "2018-03-31": "0.35", "2017-12-31": "0.61", "2017-09-30": "0.68", "2017-06-30": "0.48", "2017-03-31": "0.43", "2016-12-31": "0.42", "2016-09-30": "0.62", "2016-06-30": "0.46", "2016-03-31": "0.35", "2015-12-31": "0.42", "2015-09-30": "0.51", "2015-06-30": "0.57", "2015-03-31": "0.49", "2014-12-31": "0.46", "2014-09-30": "0.54", "2014-06-30": "0.47", "2014-03-31": "0.46", "2013-12-31": "0.48", "2013-09-30": "0.76", "2013-06-30": "0.53", "2013-03-31": "0.69", "2012-12-31": "0.70", "2012-09-30": "0.89", "2012-06-30": "0.63", "2012-03-31": "0.57", "2011-12-31": "0.54", "2011-09-30": "0.76", "2011-06-30": "0.45", "2011-03-31": "0.46", "2010-12-31": "0.57", "2010-09-30": "1.08", "2010-06-30": "0.72", "2010-03-31": "0.37", "2009-12-31": "0.64", "2009-09-30": "0.97", "2009-06-30": "0.73", "2009-03-31": "0.55", "2008-12-31": "0.42", "2008-09-30": "0.53", "2008-06-30": "0.65", "2008-03-31": "0.46", "2007-12-31": "0.47", "2007-09-30": "0.68", "2007-06-30": "0.65", "2007-03-31": "0.74", "2006-12-31": "0.88", "2006-09-30": "0.97", "2006-06-30": "0.70", "2006-03-31": "0.71", "2005-12-31": "0.77", "2005-09-30": "0.96", "2005-06-30": "0.90", "2005-03-31": "0.63"}, "debt equity ratio": {"current": "1.06", "2020-09-30": "2.31", "2020-06-30": "2.44", "2020-03-31": "2.32", "2019-12-31": "2.33", "2019-09-30": "2.24", "2019-06-30": "2.39", "2019-03-31": "2.32", "2018-12-31": "2.30", "2018-09-30": "2.22", "2018-06-30": "2.39", "2018-03-31": "2.33", "2017-12-31": "2.31", "2017-09-30": "2.22", "2017-06-30": "2.34", "2017-03-31": "2.26", "2016-12-31": "2.24", "2016-09-30": "2.17", "2016-06-30": "2.29", "2016-03-31": "2.20", "2015-12-31": "2.18", "2015-09-30": "2.11", "2015-06-30": "2.25", "2015-03-31": "2.17", "2014-12-31": "2.16", "2014-09-30": "2.01", "2014-06-30": "2.12", "2014-03-31": "2.07", "2013-12-31": "2.11", "2013-09-30": "2.13", "2013-06-30": "2.25", "2013-03-31": "2.20", "2012-12-31": "2.26", "2012-09-30": "2.22", "2012-06-30": "2.39", "2012-03-31": "2.41", "2011-12-31": "2.34", "2011-09-30": "2.29", "2011-06-30": "2.36", "2011-03-31": "2.30", "2010-12-31": "2.28", "2010-09-30": "2.25", "2010-06-30": "2.38", "2010-03-31": "2.58", "2009-12-31": "2.50", "2009-09-30": "2.45", "2009-06-30": "2.67", "2009-03-31": "2.57", "2008-12-31": "2.33", "2008-09-30": "2.17", "2008-06-30": "2.09", "2008-03-31": "2.16", "2007-12-31": "2.16", "2007-09-30": "2.19", "2007-06-30": "2.27", "2007-03-31": "2.19", "2006-12-31": "2.32", "2006-09-30": "2.32", "2006-06-30": "2.24", "2006-03-31": "2.35", "2005-12-31": "2.31", "2005-09-30": "2.41", "2005-06-30": "2.30", "2005-03-31": "2.35"}, "return on equity": {"2020-09-30": "11.16%", "2020-06-30": "10.69%", "2020-03-31": "9.91%", "2019-12-31": "9.79%", "2019-09-30": "9.19%", "2019-06-30": "9.33%", "2019-03-31": "9.84%", "2018-12-31": "9.67%", "2018-09-30": "9.69%", "2018-06-30": "9.03%", "2018-03-31": "9.11%", "2017-12-31": "9.58%", "2017-09-30": "10.29%", "2017-06-30": "10.18%", "2017-03-31": "9.38%", "2016-12-31": "9.10%", "2016-09-30": "8.95%", "2016-06-30": "8.92%", "2016-03-31": "9.05%", "2015-12-31": "9.40%", "2015-09-30": "8.72%", "2015-06-30": "8.51%", "2015-03-31": "8.77%", "2014-12-31": "8.86%", "2014-09-30": "9.38%", "2014-06-30": "9.09%", "2014-03-31": "9.17%", "2013-12-31": "9.48%", "2013-09-30": "9.59%", "2013-06-30": "10.19%", "2013-03-31": "10.14%", "2012-12-31": "9.52%", "2012-09-30": "9.37%", "2012-06-30": "9.74%", "2012-03-31": "8.95%", "2011-12-31": "8.84%", "2011-09-30": "8.78%", "2011-06-30": "8.32%", "2011-03-31": "9.14%", "2010-12-31": "9.64%", "2010-09-30": "8.83%", "2010-06-30": "7.72%", "2010-03-31": "6.53%", "2009-12-31": "2.05%", "2009-09-30": "1.77%", "2009-06-30": "0.71%", "2009-03-31": "2.56%", "2008-12-31": "6.75%", "2008-09-30": "7.90%", "2008-06-30": "9.50%", "2008-03-31": "8.16%", "2007-12-31": "8.82%", "2007-09-30": "9.30%", "2007-06-30": "8.69%", "2007-03-31": "9.75%", "2006-12-31": "9.78%", "2006-09-30": "9.88%", "2006-06-30": "7.40%", "2006-03-31": "4.88%", "2005-12-31": "5.33%"}, "return on assets": {"2020-09-30": "3.33%", "2020-06-30": "3.21%", "2020-03-31": "2.99%", "2019-12-31": "2.95%", "2019-09-30": "2.78%", "2019-06-30": "2.82%", "2019-03-31": "2.98%", "2018-12-31": "2.92%", "2018-09-30": "2.93%", "2018-06-30": "2.73%", "2018-03-31": "2.76%", "2017-12-31": "2.92%", "2017-09-30": "3.15%", "2017-06-30": "3.13%", "2017-03-31": "2.90%", "2016-12-31": "2.82%", "2016-09-30": "2.79%", "2016-06-30": "2.79%", "2016-03-31": "2.84%", "2015-12-31": "2.96%", "2015-09-30": "2.75%", "2015-06-30": "2.70%", "2015-03-31": "2.82%", "2014-12-31": "2.87%", "2014-09-30": "3.05%", "2014-06-30": "2.92%", "2014-03-31": "2.92%", "2013-12-31": "2.99%", "2013-09-30": "2.99%", "2013-06-30": "3.15%", "2013-03-31": "3.10%", "2012-12-31": "2.87%", "2012-09-30": "2.81%", "2012-06-30": "2.90%", "2012-03-31": "2.67%", "2011-12-31": "2.66%", "2011-09-30": "2.66%", "2011-06-30": "2.52%", "2011-03-31": "2.77%", "2010-12-31": "2.86%", "2010-09-30": "2.58%", "2010-06-30": "2.22%", "2010-03-31": "1.84%", "2009-12-31": "0.58%", "2009-09-30": "0.51%", "2009-06-30": "0.21%", "2009-03-31": "0.78%", "2008-12-31": "2.12%", "2008-09-30": "2.51%", "2008-06-30": "3.02%", "2008-03-31": "2.55%", "2007-12-31": "2.75%", "2007-09-30": "2.87%", "2007-06-30": "2.65%", "2007-03-31": "2.98%", "2006-12-31": "2.96%", "2006-09-30": "2.99%", "2006-06-30": "2.22%", "2006-03-31": "1.46%", "2005-12-31": "1.59%"}, "return on investments": {"2020-09-30": "6.89%", "2020-06-30": "6.67%", "2020-03-31": "6.25%", "2019-12-31": "6.47%", "2019-09-30": "7.06%", "2019-06-30": "7.48%", "2019-03-31": "8.11%", "2018-12-31": "7.98%", "2018-09-30": "8.19%", "2018-06-30": "8.51%", "2018-03-31": "9.12%", "2017-12-31": "9.55%", "2017-09-30": "9.97%", "2017-06-30": "10.04%", "2017-03-31": "9.48%", "2016-12-31": "9.57%", "2016-09-30": "9.88%", "2016-06-30": "10.13%", "2016-03-31": "10.29%", "2015-12-31": "10.64%", "2015-09-30": "10.22%", "2015-06-30": "10.05%", "2015-03-31": "10.57%", "2014-12-31": "10.81%", "2014-09-30": "11.28%", "2014-06-30": "11.36%", "2014-03-31": "11.60%", "2013-12-31": "11.75%", "2013-09-30": "11.92%", "2013-06-30": "12.24%", "2013-03-31": "12.05%", "2012-12-31": "11.62%", "2012-09-30": "11.45%", "2012-06-30": "11.46%", "2012-03-31": "10.97%", "2011-12-31": "11.05%", "2011-09-30": "10.76%", "2011-06-30": "10.15%", "2011-03-31": "10.04%", "2010-12-31": "10.34%", "2010-09-30": "13.44%", "2010-06-30": "13.13%", "2010-03-31": "12.78%", "2009-12-31": "9.01%", "2009-09-30": "6.47%", "2009-06-30": "5.17%", "2009-03-31": "5.22%", "2008-12-31": "8.73%", "2008-09-30": "8.04%", "2008-06-30": "8.94%", "2008-03-31": "8.74%", "2007-12-31": "9.23%", "2007-09-30": "9.34%", "2007-06-30": "8.96%", "2007-03-31": "9.64%", "2006-12-31": "9.71%", "2006-09-30": "10.36%", "2006-06-30": "8.14%", "2006-03-31": "7.96%", "2005-12-31": "8.70%"}, "return on tangible equity": {"2020-09-30": "11.16%", "2020-06-30": "10.69%", "2020-03-31": "9.91%", "2019-12-31": "9.79%", "2019-09-30": "9.19%", "2019-06-30": "9.33%", "2019-03-31": "9.84%", "2018-12-31": "9.67%", "2018-09-30": "9.69%", "2018-06-30": "9.03%", "2018-03-31": "9.11%", "2017-12-31": "9.58%", "2017-09-30": "10.29%", "2017-06-30": "10.18%", "2017-03-31": "9.38%", "2016-12-31": "9.10%", "2016-09-30": "8.95%", "2016-06-30": "8.92%", "2016-03-31": "9.05%", "2015-12-31": "9.40%", "2015-09-30": "8.72%", "2015-06-30": "8.51%", "2015-03-31": "8.77%", "2014-12-31": "8.86%", "2014-09-30": "9.38%", "2014-06-30": "9.09%", "2014-03-31": "9.17%", "2013-12-31": "9.48%", "2013-09-30": "9.59%", "2013-06-30": "10.19%", "2013-03-31": "10.14%", "2012-12-31": "9.52%", "2012-09-30": "9.37%", "2012-06-30": "9.74%", "2012-03-31": "8.95%", "2011-12-31": "8.84%", "2011-09-30": "8.78%", "2011-06-30": "8.32%", "2011-03-31": "9.14%", "2010-12-31": "9.64%", "2010-09-30": "8.83%", "2010-06-30": "7.72%", "2010-03-31": "6.53%", "2009-12-31": "2.05%", "2009-09-30": "1.77%", "2009-06-30": "0.71%", "2009-03-31": "2.56%", "2008-12-31": "6.75%", "2008-09-30": "7.90%", "2008-06-30": "9.50%", "2008-03-31": "8.16%", "2007-12-31": "8.82%", "2007-09-30": "9.30%", "2007-06-30": "8.69%", "2007-03-31": "9.75%", "2006-12-31": "9.78%", "2006-09-30": "9.88%", "2006-06-30": "7.40%", "2006-03-31": "4.88%", "2005-12-31": "5.33%"}, "dividend yield history": {"last payout": "$3.32", "last yield": "4.33%"}}