{"ticker": "PII", "price": {"title": "Polaris Historical Annual Stock Price Data", "value": 118.57, "historical": {"2021": {"Average Stock Price": "112.3638", "Year Open": "95.7100", "Year High": "123.6800", "Year Low": "95.7100", "Year Close": "118.5700", "Annual % Change": "24.44%"}, "2020": {"Average Stock Price": "88.1938", "Year Open": "103.0300", "Year High": "107.6200", "Year Low": "39.0000", "Year Close": "95.2800", "Annual % Change": "-6.31%"}, "2019": {"Average Stock Price": "89.9720", "Year Open": "78.0700", "Year High": "103.4400", "Year Low": "74.7300", "Year Close": "101.7000", "Annual % Change": "32.63%"}, "2018": {"Average Stock Price": "109.6509", "Year Open": "126.2400", "Year High": "135.3400", "Year Low": "72.3400", "Year Close": "76.6800", "Annual % Change": "-38.16%"}, "2017": {"Average Stock Price": "96.3516", "Year Open": "82.6100", "Year High": "133.7000", "Year Low": "78.8200", "Year Close": "123.9900", "Annual % Change": "50.49%"}, "2016": {"Average Stock Price": "85.9563", "Year Open": "88.3600", "Year High": "101.0300", "Year Low": "69.6100", "Year Close": "82.3900", "Annual % Change": "-4.14%"}, "2015": {"Average Stock Price": "133.0319", "Year Open": "148.8300", "Year High": "157.6200", "Year Low": "83.3000", "Year Close": "85.9500", "Annual % Change": "-43.17%"}, "2014": {"Average Stock Price": "140.5640", "Year Open": "145.0000", "Year High": "158.4300", "Year Low": "119.9800", "Year Close": "151.2400", "Annual % Change": "3.85%"}, "2013": {"Average Stock Price": "106.4074", "Year Open": "86.2200", "Year High": "145.7800", "Year Low": "83.2400", "Year Close": "145.6400", "Annual % Change": "73.07%"}, "2012": {"Average Stock Price": "75.0749", "Year Open": "54.6700", "Year High": "88.3500", "Year Low": "54.6700", "Year Close": "84.1500", "Annual % Change": "50.32%"}, "2011": {"Average Stock Price": "50.6949", "Year Open": "38.7950", "Year High": "65.5300", "Year Low": "35.7500", "Year Close": "55.9800", "Annual % Change": "43.50%"}, "2010": {"Average Stock Price": "29.6376", "Year Open": "22.1150", "Year High": "40.3500", "Year Low": "21.2900", "Year Close": "39.0100", "Annual % Change": "78.82%"}, "2009": {"Average Stock Price": "16.7231", "Year Open": "14.9950", "Year High": "24.3700", "Year Low": "7.2950", "Year Close": "21.8150", "Annual % Change": "52.29%"}, "2008": {"Average Stock Price": "20.0302", "Year Open": "23.4600", "Year High": "26.2450", "Year Low": "10.1000", "Year Close": "14.3250", "Annual % Change": "-40.03%"}, "2007": {"Average Stock Price": "24.6349", "Year Open": "23.6300", "Year High": "28.8700", "Year Low": "21.3500", "Year Close": "23.8850", "Annual % Change": "2.01%"}, "2006": {"Average Stock Price": "22.6060", "Year Open": "25.7250", "Year High": "27.2800", "Year Low": "18.1000", "Year Close": "23.4150", "Annual % Change": "-6.71%"}, "2005": {"Average Stock Price": "28.3805", "Year Open": "33.3450", "Year High": "36.9250", "Year Low": "22.2150", "Year Close": "25.1000", "Annual % Change": "-26.20%"}, "2004": {"Average Stock Price": "24.9390", "Year Open": "21.6875", "Year High": "34.4650", "Year Low": "20.0000", "Year Close": "34.0100", "Annual % Change": "53.58%"}, "2003": {"Average Stock Price": "16.7669", "Year Open": "14.9875", "Year High": "22.6975", "Year Low": "11.0925", "Year Close": "22.1450", "Annual % Change": "51.16%"}, "2002": {"Average Stock Price": "16.2109", "Year Open": "14.2950", "Year High": "19.0000", "Year Low": "13.4700", "Year Close": "14.6500", "Annual % Change": "1.47%"}, "2001": {"Average Stock Price": "11.5720", "Year Open": "9.6725", "Year High": "14.5225", "Year Low": "9.2475", "Year Close": "14.4375", "Annual % Change": "45.28%"}, "2000": {"Average Stock Price": "8.1557", "Year Open": "8.7200", "Year High": "10.2650", "Year Low": "6.4850", "Year Close": "9.9375", "Annual % Change": "9.66%"}, "1999": {"Average Stock Price": "9.1329", "Year Open": "9.8600", "Year High": "11.4050", "Year Low": "6.7500", "Year Close": "9.0625", "Annual % Change": "-7.50%"}, "1998": {"Average Stock Price": "8.4479", "Year Open": "7.6250", "Year High": "9.7975", "Year Low": "6.1875", "Year Close": "9.7975", "Annual % Change": "28.24%"}, "1997": {"Average Stock Price": "7.0894", "Year Open": "5.9050", "Year High": "8.3125", "Year Low": "5.5625", "Year Close": "7.6400", "Annual % Change": "28.67%"}, "1996": {"Average Stock Price": "7.0530", "Year Open": "7.3450", "Year High": "8.9375", "Year Low": "4.7800", "Year Close": "5.9375", "Annual % Change": "-19.16%"}, "1995": {"Average Stock Price": "7.3354", "Year Open": "8.3133", "Year High": "8.3133", "Year Low": "6.2700", "Year Close": "7.3450", "Annual % Change": "-14.64%"}, "1994": {"Average Stock Price": "6.1271", "Year Open": "5.5417", "Year High": "8.6250", "Year Low": "5.1050", "Year Close": "8.6050", "Annual % Change": "52.98%"}, "1993": {"Average Stock Price": "4.9881", "Year Open": "3.8017", "Year High": "6.3133", "Year Low": "3.6667", "Year Close": "5.6250", "Annual % Change": "47.96%"}, "1992": {"Average Stock Price": "3.5937", "Year Open": "3.1667", "Year High": "4.0733", "Year Low": "3.0317", "Year Close": "3.8017", "Annual % Change": "19.27%"}, "1991": {"Average Stock Price": "2.7521", "Year Open": "2.3233", "Year High": "3.3333", "Year Low": "2.1042", "Year Close": "3.1875", "Annual % Change": "39.70%"}, "1990": {"Average Stock Price": "2.5285", "Year Open": "2.0108", "Year High": "3.1458", "Year Low": "2.0000", "Year Close": "2.2817", "Annual % Change": "11.75%"}, "1989": {"Average Stock Price": "1.7386", "Year Open": "1.2608", "Year High": "2.2392", "Year Low": "1.2608", "Year Close": "2.0417", "Annual % Change": "59.30%"}, "1988": {"Average Stock Price": "1.3344", "Year Open": "1.4167", "Year High": "1.5208", "Year Low": "1.2500", "Year Close": "1.2817", "Annual % Change": "-3.87%"}}}, "market cap": {"value": "$7.32B"}, "income statement": {"Revenue": {"2020-12-31": "7027.90000", "2019-12-31": "6782.51800", "2018-12-31": "6078.54000", "2017-12-31": "5428.47700", "2016-12-31": "4516.62900", "2015-12-31": "4719.29000", "2014-12-31": "4479.64800", "2013-12-31": "3777.06800", "2012-12-31": "3209.78200", "2011-12-31": "2656.94900", "2010-12-31": "1991.13900", "2009-12-31": "1565.88700", "2008-12-31": "1948.25400", "2007-12-31": "1780.00900", "2006-12-31": "1656.51800", "2005-12-31": "1869.81900"}, "Cost Of Goods Sold": {"2020-12-31": "5317.70000", "2019-12-31": "5133.73600", "2018-12-31": "4577.34000", "2017-12-31": "4103.82600", "2016-12-31": "3411.00600", "2015-12-31": "3380.24800", "2014-12-31": "3160.47000", "2013-12-31": "2656.18900", "2012-12-31": "2284.48500", "2011-12-31": "1916.36600", "2010-12-31": "1460.92600", "2009-12-31": "1172.66800", "2008-12-31": "1502.54600", "2007-12-31": "1386.98900", "2006-12-31": "1297.15900", "2005-12-31": "1458.78700"}, "Gross Profit": {"2020-12-31": "1710.20000", "2019-12-31": "1648.78200", "2018-12-31": "1501.20000", "2017-12-31": "1324.65100", "2016-12-31": "1105.62300", "2015-12-31": "1339.04200", "2014-12-31": "1319.17800", "2013-12-31": "1120.87900", "2012-12-31": "925.29690", "2011-12-31": "740.58300", "2010-12-31": "530.21300", "2009-12-31": "393.21900", "2008-12-31": "445.70800", "2007-12-31": "393.02000", "2006-12-31": "359.35890", "2005-12-31": "411.03200"}, "Research And Development Expenses": {"2020-12-31": "295.60000", "2019-12-31": "292.93500", "2018-12-31": "259.68200", "2017-12-31": "238.29900", "2016-12-31": "185.12600", "2015-12-31": "166.46000", "2014-12-31": "148.45800", "2013-12-31": "139.19300", "2012-12-31": "127.36100", "2011-12-31": "105.63100", "2010-12-31": "84.94000", "2009-12-31": "62.99900", "2008-12-31": "77.47200", "2007-12-31": "73.58700", "2006-12-31": "73.88900", "2005-12-31": "70.98300"}, "SG&A Expenses": {"2020-12-31": "903.50000", "2019-12-31": "953.03700", "2018-12-31": "841.53600", "2017-12-31": "803.00100", "2016-12-31": "648.67700", "2015-12-31": "525.74600", "2014-12-31": "517.69700", "2013-12-31": "449.67300", "2012-12-31": "353.43100", "2011-12-31": "309.12000", "2010-12-31": "241.40800", "2009-12-31": "182.32100", "2008-12-31": "206.64200", "2007-12-31": "188.68200", "2006-12-31": "164.47400", "2005-12-31": "173.67700"}, "Other Operating Income Or Expenses": {"2020-12-31": "80.40000", "2019-12-31": "80.86100", "2018-12-31": "87.43000", "2017-12-31": "76.30600", "2016-12-31": "78.45800", "2015-12-31": "69.30300", "2014-12-31": "61.66700", "2013-12-31": "45.90100", "2012-12-31": "33.92000", "2011-12-31": "24.09200", "2010-12-31": "16.85600", "2009-12-31": "17.07100", "2008-12-31": "21.20500", "2007-12-31": "45.28500", "2006-12-31": "47.06100", "2005-12-31": "38.64000"}, "Operating Expenses": {"2020-12-31": "6815.60100", "2019-12-31": "6298.84700", "2018-12-31": "5591.12800", "2017-12-31": "5068.82000", "2016-12-31": "4166.35100", "2015-12-31": "4003.15100", "2014-12-31": "3764.95800", "2013-12-31": "3199.15400", "2012-12-31": "2731.35700", "2011-12-31": "2307.02500", "2010-12-31": "1770.41800", "2009-12-31": "1400.91700", "2008-12-31": "1765.45500", "2007-12-31": "1603.97300", "2006-12-31": "1488.46100", "2005-12-31": "1664.80700"}, "Operating Income": {"2020-12-31": "212.29930", "2019-12-31": "483.67090", "2018-12-31": "487.41210", "2017-12-31": "359.65720", "2016-12-31": "350.27780", "2015-12-31": "716.13890", "2014-12-31": "714.68990", "2013-12-31": "577.91430", "2012-12-31": "478.42480", "2011-12-31": "349.92410", "2010-12-31": "220.72110", "2009-12-31": "164.97000", "2008-12-31": "182.79900", "2007-12-31": "176.03600", "2006-12-31": "168.05690", "2005-12-31": "205.01200"}, "Total Non-Operating Income/Expense": {"2020-12-31": "-70.90000", "2019-12-31": "-75.87100", "2018-12-31": "-58.16300", "2017-12-31": "-40.86600", "2016-12-31": "-37.02700", "2015-12-31": "-30.40200", "2014-12-31": "-15.37300", "2013-12-31": "-3.48500", "2012-12-31": "1.41800", "2011-12-31": "-3.29800", "2010-12-31": "-2.18000", "2009-12-31": "-13.79600", "2008-12-31": "-5.73700", "2007-12-31": "-5.70000", "2006-12-31": "-4.27800", "2005-12-31": "-6.15300"}, "Pre-Tax Income": {"2020-12-31": "141.40000", "2019-12-31": "407.80000", "2018-12-31": "429.24900", "2017-12-31": "318.79100", "2016-12-31": "313.25100", "2015-12-31": "685.73700", "2014-12-31": "699.31700", "2013-12-31": "574.42900", "2012-12-31": "479.84300", "2011-12-31": "346.62600", "2010-12-31": "218.54100", "2009-12-31": "151.17400", "2008-12-31": "177.06200", "2007-12-31": "170.33600", "2006-12-31": "163.77900", "2005-12-31": "198.85900"}, "Income Taxes": {"2020-12-31": "16.50000", "2019-12-31": "83.91600", "2018-12-31": "93.99200", "2017-12-31": "146.29900", "2016-12-31": "100.30300", "2015-12-31": "230.37600", "2014-12-31": "245.28800", "2013-12-31": "193.36000", "2012-12-31": "167.53300", "2011-12-31": "119.05100", "2010-12-31": "71.40300", "2009-12-31": "50.15700", "2008-12-31": "59.66700", "2007-12-31": "57.73800", "2006-12-31": "50.98800", "2005-12-31": "61.13800"}, "Income After Taxes": {"2020-12-31": "124.90000", "2019-12-31": "323.88400", "2018-12-31": "335.25700", "2017-12-31": "172.49200", "2016-12-31": "212.94800", "2015-12-31": "455.36100", "2014-12-31": "454.02900", "2013-12-31": "381.06900", "2012-12-31": "312.31000", "2011-12-31": "227.57500", "2010-12-31": "147.13800", "2009-12-31": "101.01700", "2008-12-31": "117.39500", "2007-12-31": "112.59800", "2006-12-31": "112.79100", "2005-12-31": "137.72100"}, "Other Income": {"2020-12-31": "", "2019-12-31": "", "2018-12-31": "", "2017-12-31": "", "2016-12-31": "", "2015-12-31": "", "2014-12-31": "", "2013-12-31": "", "2012-12-31": "", "2011-12-31": "", "2010-12-31": "", "2009-12-31": "", "2008-12-31": "", "2007-12-31": "", "2006-12-31": "", "2005-12-31": ""}, "Income From Continuous Operations": {"2020-12-31": "124.90000", "2019-12-31": "323.88400", "2018-12-31": "335.25700", "2017-12-31": "172.49200", "2016-12-31": "212.94800", "2015-12-31": "455.36100", "2014-12-31": "454.02900", "2013-12-31": "381.06900", "2012-12-31": "312.31000", "2011-12-31": "227.57500", "2010-12-31": "147.13800", "2009-12-31": "101.01700", "2008-12-31": "117.39500", "2007-12-31": "112.59800", "2006-12-31": "112.79100", "2005-12-31": "137.72100"}, "Income From Discontinued Operations": {"2020-12-31": "", "2019-12-31": "", "2018-12-31": "", "2017-12-31": "", "2016-12-31": "", "2015-12-31": "", "2014-12-31": "", "2013-12-31": "-3.77700", "2012-12-31": "", "2011-12-31": "", "2010-12-31": "", "2009-12-31": "", "2008-12-31": "", "2007-12-31": "-0.94800", "2006-12-31": "-6.21300", "2005-12-31": "-1.00700"}, "Net Income": {"2020-12-31": "124.80000", "2019-12-31": "323.96000", "2018-12-31": "335.25700", "2017-12-31": "172.49200", "2016-12-31": "212.94800", "2015-12-31": "455.36100", "2014-12-31": "454.02900", "2013-12-31": "377.29200", "2012-12-31": "312.31000", "2011-12-31": "227.57500", "2010-12-31": "147.13800", "2009-12-31": "101.01700", "2008-12-31": "117.39500", "2007-12-31": "111.65000", "2006-12-31": "106.98500", "2005-12-31": "136.71400"}, "EBITDA": {"2020-12-31": "852.19930", "2019-12-31": "718.18390", "2018-12-31": "698.44810", "2017-12-31": "550.76530", "2016-12-31": "517.78980", "2015-12-31": "868.27690", "2014-12-31": "842.19700", "2013-12-31": "670.01430", "2012-12-31": "549.00480", "2011-12-31": "416.31410", "2010-12-31": "287.24010", "2009-12-31": "229.56300", "2008-12-31": "248.91090", "2007-12-31": "238.12900", "2006-12-31": "239.22090", "2005-12-31": "272.94800"}, "EBIT": {"2020-12-31": "212.29930", "2019-12-31": "483.67090", "2018-12-31": "487.41210", "2017-12-31": "359.65720", "2016-12-31": "350.27780", "2015-12-31": "716.13890", "2014-12-31": "714.68990", "2013-12-31": "577.91430", "2012-12-31": "478.42480", "2011-12-31": "349.92410", "2010-12-31": "220.72110", "2009-12-31": "164.97000", "2008-12-31": "182.79900", "2007-12-31": "176.03600", "2006-12-31": "168.05690", "2005-12-31": "205.01200"}, "Basic Shares Outstanding": {"2020-12-31": "61.90000", "2019-12-31": "61.43700", "2018-12-31": "62.51300", "2017-12-31": "62.91600", "2016-12-31": "64.29600", "2015-12-31": "66.02000", "2014-12-31": "66.17500", "2013-12-31": "68.53500", "2012-12-31": "68.84900", "2011-12-31": "68.79200", "2010-12-31": "66.90000", "2009-12-31": "64.79800", "2008-12-31": "65.54000", "2007-12-31": "70.47200", "2006-12-31": "80.64800", "2005-12-31": "84.26200"}, "Shares Outstanding": {"2020-12-31": "62.60000", "2019-12-31": "62.29200", "2018-12-31": "63.94900", "2017-12-31": "64.18000", "2016-12-31": "65.15800", "2015-12-31": "67.48400", "2014-12-31": "68.22900", "2013-12-31": "70.54600", "2012-12-31": "71.00500", "2011-12-31": "71.05700", "2010-12-31": "68.76500", "2009-12-31": "66.14800", "2008-12-31": "67.12800", "2007-12-31": "72.64800", "2006-12-31": "82.90200", "2005-12-31": "87.57400"}, "Basic EPS": {"2020-12-31": "2.02000", "2019-12-31": "5.27000", "2018-12-31": "5.36000", "2017-12-31": "2.74000", "2016-12-31": "3.31000", "2015-12-31": "6.90000", "2014-12-31": "6.86000", "2013-12-31": "5.51000", "2012-12-31": "4.54000", "2011-12-31": "3.31000", "2010-12-31": "2.20000", "2009-12-31": "1.56000", "2008-12-31": "1.79000", "2007-12-31": "1.58500", "2006-12-31": "1.32500", "2005-12-31": "1.62000"}, "EPS - Earnings Per Share": {"2020-12-31": "1.99000", "2019-12-31": "5.20000", "2018-12-31": "5.24000", "2017-12-31": "2.69000", "2016-12-31": "3.27000", "2015-12-31": "6.75000", "2014-12-31": "6.65000", "2013-12-31": "5.35000", "2012-12-31": "4.40000", "2011-12-31": "3.20000", "2010-12-31": "2.14000", "2009-12-31": "1.53000", "2008-12-31": "1.75000", "2007-12-31": "1.53500", "2006-12-31": "1.29000", "2005-12-31": "1.56000"}}, "income statement, quarterly": {"Revenue": {"2020-12-31": "2156.30000", "2020-09-30": "1954.60000", "2020-06-30": "1511.80000", "2020-03-31": "1405.20000", "2019-12-31": "1735.91800", "2019-09-30": "1771.60000", "2019-06-30": "1779.30000", "2019-03-31": "1495.70000", "2018-12-31": "1627.12000", "2018-09-30": "1651.41500", "2018-06-30": "1502.53200", "2018-03-31": "1297.47300", "2017-12-31": "1431.04900", "2017-09-30": "1478.72600", "2017-06-30": "1364.92000", "2017-03-31": "1153.78200", "2016-12-31": "1217.78900", "2016-09-30": "1185.06700", "2016-06-30": "1130.77700", "2016-03-31": "982.99600", "2015-12-31": "1105.61800", "2015-09-30": "1456.00000", "2015-06-30": "1124.32700", "2015-03-31": "1033.34500", "2014-12-31": "1275.00000", "2014-09-30": "1302.34300", "2014-06-30": "1013.95900", "2014-03-31": "888.34600", "2013-12-31": "1083.71000", "2013-09-30": "1102.64900", "2013-06-30": "844.80000", "2013-03-31": "745.90900", "2012-12-31": "900.64700", "2012-09-30": "879.93900", "2012-06-30": "755.44600", "2012-03-31": "673.75000", "2011-12-31": "781.96890", "2011-09-30": "729.86100", "2011-06-30": "607.92100", "2011-03-31": "537.19800", "2010-12-31": "618.44210", "2010-09-30": "580.08200", "2010-06-30": "430.90700", "2010-03-31": "361.70800", "2009-12-31": "471.77000", "2009-09-30": "436.19700", "2009-06-30": "345.89600", "2009-03-31": "312.02400", "2008-12-31": "523.60300", "2008-09-30": "580.28100", "2008-06-30": "455.68600", "2008-03-31": "388.68400", "2007-12-31": "541.41500", "2007-09-30": "543.97900", "2007-06-30": "376.90200", "2007-03-31": "317.71300", "2006-12-31": "448.58400", "2006-09-30": "490.09000", "2006-06-30": "384.33500", "2006-03-31": "333.50900", "2005-12-31": "526.08690", "2005-09-30": "543.12400", "2005-06-30": "442.29600", "2005-03-31": "358.31200"}, "Cost Of Goods Sold": {"2020-12-31": "1606.30000", "2020-09-30": "1420.00000", "2020-06-30": "1179.10000", "2020-03-31": "1112.30000", "2019-12-31": "1312.53600", "2019-09-30": "1335.10000", "2019-06-30": "1342.90000", "2019-03-31": "1143.20000", "2018-12-31": "1235.84700", "2018-09-30": "1250.14500", "2018-06-30": "1117.35600", "2018-03-31": "973.99200", "2017-12-31": "1063.23700", "2017-09-30": "1114.76400", "2017-06-30": "1014.53400", "2017-03-31": "911.29100", "2016-12-31": "905.01700", "2016-09-30": "924.29700", "2016-06-30": "846.27400", "2016-03-31": "735.41800", "2015-12-31": "795.34400", "2015-09-30": "1040.37700", "2015-06-30": "804.91300", "2015-03-31": "739.61400", "2014-12-31": "907.42690", "2014-09-30": "914.06900", "2014-06-30": "709.04500", "2014-03-31": "629.92900", "2013-12-31": "766.60210", "2013-09-30": "767.86400", "2013-06-30": "592.46200", "2013-03-31": "529.26100", "2012-12-31": "646.84700", "2012-09-30": "620.15400", "2012-06-30": "538.69700", "2012-03-31": "478.78700", "2011-12-31": "577.66090", "2011-09-30": "523.02500", "2011-06-30": "430.31700", "2011-03-31": "385.36300", "2010-12-31": "446.92600", "2010-09-30": "429.38300", "2010-06-30": "317.82300", "2010-03-31": "266.79400", "2009-12-31": "343.16000", "2009-09-30": "331.28600", "2009-06-30": "262.63200", "2009-03-31": "235.59000", "2008-12-31": "404.35810", "2008-09-30": "449.95600", "2008-06-30": "347.64300", "2008-03-31": "300.58900", "2007-12-31": "422.45790", "2007-09-30": "421.43200", "2007-06-30": "290.32100", "2007-03-31": "252.77800", "2006-12-31": "342.69710", "2006-09-30": "387.43900", "2006-06-30": "300.90600", "2006-03-31": "266.11700", "2005-12-31": "417.36590", "2005-09-30": "418.22200", "2005-06-30": "347.46200", "2005-03-31": "275.73700"}, "Gross Profit": {"2020-12-31": "550.00000", "2020-09-30": "534.60000", "2020-06-30": "332.70010", "2020-03-31": "292.89990", "2019-12-31": "423.38210", "2019-09-30": "436.50000", "2019-06-30": "436.40000", "2019-03-31": "352.50000", "2018-12-31": "391.27310", "2018-09-30": "401.27000", "2018-06-30": "385.17600", "2018-03-31": "323.48100", "2017-12-31": "367.81200", "2017-09-30": "363.96190", "2017-06-30": "350.38600", "2017-03-31": "242.49100", "2016-12-31": "312.77220", "2016-09-30": "260.77000", "2016-06-30": "284.50300", "2016-03-31": "247.57790", "2015-12-31": "310.27390", "2015-09-30": "415.62300", "2015-06-30": "319.41400", "2015-03-31": "293.73100", "2014-12-31": "367.57310", "2014-09-30": "388.27400", "2014-06-30": "304.91400", "2014-03-31": "258.41700", "2013-12-31": "317.10790", "2013-09-30": "334.78500", "2013-06-30": "252.33800", "2013-03-31": "216.64800", "2012-12-31": "253.79990", "2012-09-30": "259.78500", "2012-06-30": "216.74900", "2012-03-31": "194.96300", "2011-12-31": "204.30800", "2011-09-30": "206.83600", "2011-06-30": "177.60400", "2011-03-31": "151.83500", "2010-12-31": "171.51620", "2010-09-30": "150.69900", "2010-06-30": "113.08400", "2010-03-31": "94.91400", "2009-12-31": "128.61000", "2009-09-30": "104.91100", "2009-06-30": "83.26400", "2009-03-31": "76.43400", "2008-12-31": "119.24490", "2008-09-30": "130.32500", "2008-06-30": "108.04300", "2008-03-31": "88.09500", "2007-12-31": "118.95710", "2007-09-30": "122.54700", "2007-06-30": "86.58100", "2007-03-31": "64.93500", "2006-12-31": "105.88690", "2006-09-30": "102.65100", "2006-06-30": "83.42900", "2006-03-31": "67.39200", "2005-12-31": "108.72100", "2005-09-30": "124.90200", "2005-06-30": "94.83400", "2005-03-31": "82.57500"}, "Research And Development Expenses": {"2020-12-31": "73.20000", "2020-09-30": "77.20000", "2020-06-30": "66.80000", "2020-03-31": "78.40000", "2019-12-31": "72.13500", "2019-09-30": "77.30000", "2019-06-30": "76.40000", "2019-03-31": "67.10000", "2018-12-31": "61.94100", "2018-09-30": "64.18100", "2018-06-30": "68.33000", "2018-03-31": "65.23000", "2017-12-31": "62.41200", "2017-09-30": "63.12900", "2017-06-30": "60.75300", "2017-03-31": "52.00500", "2016-12-31": "48.87000", "2016-09-30": "47.56800", "2016-06-30": "45.57900", "2016-03-31": "43.10900", "2015-12-31": "41.73400", "2015-09-30": "44.43200", "2015-06-30": "41.43100", "2015-03-31": "38.86300", "2014-12-31": "37.37500", "2014-09-30": "38.58600", "2014-06-30": "36.98400", "2014-03-31": "35.51300", "2013-12-31": "36.12900", "2013-09-30": "37.01000", "2013-06-30": "34.60400", "2013-03-31": "31.45000", "2012-12-31": "33.32700", "2012-09-30": "32.35200", "2012-06-30": "31.21600", "2012-03-31": "30.46600", "2011-12-31": "31.38300", "2011-09-30": "25.75000", "2011-06-30": "25.49900", "2011-03-31": "22.99900", "2010-12-31": "25.43300", "2010-09-30": "22.25700", "2010-06-30": "18.51200", "2010-03-31": "18.73800", "2009-12-31": "15.87200", "2009-09-30": "15.30500", "2009-06-30": "15.22200", "2009-03-31": "16.60000", "2008-12-31": "18.34100", "2008-09-30": "19.63800", "2008-06-30": "20.23600", "2008-03-31": "19.25700", "2007-12-31": "18.82900", "2007-09-30": "18.50000", "2007-06-30": "17.70700", "2007-03-31": "18.55100", "2006-12-31": "20.33900", "2006-09-30": "16.34300", "2006-06-30": "20.71000", "2006-03-31": "16.49700", "2005-12-31": "17.19000", "2005-09-30": "18.55000", "2005-06-30": "18.08600", "2005-03-31": "17.15700"}, "SG&A Expenses": {"2020-12-31": "231.20000", "2020-09-30": "236.10000", "2020-06-30": "207.50000", "2020-03-31": "228.70000", "2019-12-31": "235.53700", "2019-09-30": "250.60000", "2019-06-30": "244.70000", "2019-03-31": "222.20000", "2018-12-31": "209.83500", "2018-09-30": "219.56800", "2018-06-30": "215.73300", "2018-03-31": "196.40000", "2017-12-31": "201.51710", "2017-09-30": "202.06300", "2017-06-30": "209.59400", "2017-03-31": "189.82700", "2016-12-31": "184.46200", "2016-09-30": "175.00800", "2016-06-30": "142.38600", "2016-03-31": "146.82100", "2015-12-31": "127.33800", "2015-09-30": "147.58000", "2015-06-30": "131.60400", "2015-03-31": "119.22400", "2014-12-31": "139.55200", "2014-09-30": "144.16300", "2014-06-30": "127.12000", "2014-03-31": "106.86200", "2013-12-31": "124.53500", "2013-09-30": "128.15300", "2013-06-30": "103.68200", "2013-03-31": "93.30300", "2012-12-31": "95.89100", "2012-09-30": "94.09300", "2012-06-30": "83.31400", "2012-03-31": "80.13300", "2011-12-31": "86.74800", "2011-09-30": "77.12300", "2011-06-30": "80.71000", "2011-03-31": "64.53900", "2010-12-31": "72.15600", "2010-09-30": "64.88200", "2010-06-30": "55.87400", "2010-03-31": "48.49600", "2009-12-31": "48.05400", "2009-09-30": "47.88300", "2009-06-30": "44.93700", "2009-03-31": "41.44700", "2008-12-31": "49.88700", "2008-09-30": "59.36600", "2008-06-30": "52.29600", "2008-03-31": "45.09300", "2007-12-31": "46.99700", "2007-09-30": "52.65500", "2007-06-30": "46.06400", "2007-03-31": "42.96600", "2006-12-31": "44.74000", "2006-09-30": "38.74600", "2006-06-30": "36.84400", "2006-03-31": "44.14400", "2005-12-31": "41.51400", "2005-09-30": "46.04700", "2005-06-30": "39.75600", "2005-03-31": "46.36000"}, "Other Operating Income Or Expenses": {"2020-12-31": "17.20000", "2020-09-30": "18.10000", "2020-06-30": "25.40000", "2020-03-31": "19.70000", "2019-12-31": "20.66100", "2019-09-30": "21.70000", "2019-06-30": "19.80000", "2019-03-31": "18.70000", "2018-12-31": "23.31300", "2018-09-30": "21.34800", "2018-06-30": "21.34400", "2018-03-31": "21.42500", "2017-12-31": "18.59500", "2017-09-30": "18.13800", "2017-06-30": "19.14300", "2017-03-31": "20.43000", "2016-12-31": "19.30300", "2016-09-30": "19.19500", "2016-06-30": "20.46400", "2016-03-31": "19.49600", "2015-12-31": "17.95800", "2015-09-30": "19.06500", "2015-06-30": "17.63800", "2015-03-31": "14.64200", "2014-12-31": "19.35400", "2014-09-30": "17.04800", "2014-06-30": "14.62500", "2014-03-31": "10.64000", "2013-12-31": "12.65400", "2013-09-30": "11.67100", "2013-06-30": "11.50200", "2013-03-31": "10.07400", "2012-12-31": "10.29500", "2012-09-30": "8.22700", "2012-06-30": "8.21500", "2012-03-31": "7.18300", "2011-12-31": "6.95300", "2011-09-30": "6.32700", "2011-06-30": "5.52600", "2011-03-31": "5.28600", "2010-12-31": "4.21900", "2010-09-30": "4.13600", "2010-06-30": "4.24500", "2010-03-31": "4.25600", "2009-12-31": "4.77900", "2009-09-30": "3.92200", "2009-06-30": "3.96600", "2009-03-31": "4.40400", "2008-12-31": "3.99600", "2008-09-30": "4.47600", "2008-06-30": "5.24300", "2008-03-31": "7.49000", "2007-12-31": "9.65000", "2007-09-30": "9.10800", "2007-06-30": "13.90100", "2007-03-31": "12.62600", "2006-12-31": "13.49300", "2006-09-30": "12.69600", "2006-06-30": "11.54600", "2006-03-31": "9.32600", "2005-12-31": "11.68900", "2005-09-30": "10.20300", "2005-06-30": "8.20600", "2005-03-31": "8.54200"}, "Operating Expenses": {"2020-12-31": "1893.50000", "2020-09-30": "1715.20000", "2020-06-30": "1807.20000", "2020-03-31": "1399.70000", "2019-12-31": "1599.54700", "2019-09-30": "1641.30000", "2019-06-30": "1644.20000", "2019-03-31": "1413.80000", "2018-12-31": "1484.31000", "2018-09-30": "1512.54600", "2018-06-30": "1380.07500", "2018-03-31": "1214.19700", "2017-12-31": "1308.57100", "2017-09-30": "1361.81800", "2017-06-30": "1265.73800", "2017-03-31": "1132.69300", "2016-12-31": "1119.04600", "2016-09-30": "1127.67800", "2016-06-30": "1013.77500", "2016-03-31": "905.85210", "2015-12-31": "946.45810", "2015-09-30": "1213.32400", "2015-06-30": "960.31000", "2015-03-31": "883.05900", "2014-12-31": "1065.00000", "2014-09-30": "1079.77000", "2014-06-30": "858.52400", "2014-03-31": "761.66400", "2013-12-31": "914.61190", "2013-09-30": "921.35600", "2013-06-30": "719.24600", "2013-03-31": "643.94000", "2012-12-31": "765.77010", "2012-09-30": "738.37200", "2012-06-30": "645.01200", "2012-03-31": "582.20300", "2011-12-31": "688.83890", "2011-09-30": "619.57100", "2011-06-30": "531.00000", "2011-03-31": "467.61500", "2010-12-31": "540.29600", "2010-09-30": "512.38600", "2010-06-30": "387.96400", "2010-03-31": "329.77200", "2009-12-31": "402.30700", "2009-09-30": "390.55200", "2009-06-30": "318.82500", "2009-03-31": "289.23300", "2008-12-31": "468.59010", "2008-09-30": "524.48400", "2008-06-30": "414.93200", "2008-03-31": "357.44900", "2007-12-31": "478.63400", "2007-09-30": "483.47900", "2007-06-30": "340.19100", "2007-03-31": "301.66900", "2006-12-31": "394.28310", "2006-09-30": "429.83200", "2006-06-30": "346.91400", "2006-03-31": "317.43200", "2005-12-31": "464.38100", "2005-09-30": "472.61600", "2005-06-30": "397.09800", "2005-03-31": "330.71200"}, "Operating Income": {"2020-12-31": "262.80000", "2020-09-30": "239.40000", "2020-06-30": "-295.40000", "2020-03-31": "5.49990", "2019-12-31": "136.37100", "2019-09-30": "130.29990", "2019-06-30": "135.10010", "2019-03-31": "81.90000", "2018-12-31": "142.80990", "2018-09-30": "138.86900", "2018-06-30": "122.45700", "2018-03-31": "83.27600", "2017-12-31": "122.47840", "2017-09-30": "116.90780", "2017-06-30": "99.18200", "2017-03-31": "21.08900", "2016-12-31": "98.74340", "2016-09-30": "57.38890", "2016-06-30": "117.00200", "2016-03-31": "77.14390", "2015-12-31": "159.15980", "2015-09-30": "242.67600", "2015-06-30": "164.01700", "2015-03-31": "150.28600", "2014-12-31": "210.00000", "2014-09-30": "222.57300", "2014-06-30": "155.43500", "2014-03-31": "126.68200", "2013-12-31": "169.09810", "2013-09-30": "181.29300", "2013-06-30": "125.55400", "2013-03-31": "101.96900", "2012-12-31": "134.87680", "2012-09-30": "141.56700", "2012-06-30": "110.43400", "2012-03-31": "91.54700", "2011-12-31": "93.13000", "2011-09-30": "110.29000", "2011-06-30": "76.92100", "2011-03-31": "69.58300", "2010-12-31": "78.14610", "2010-09-30": "67.69600", "2010-06-30": "42.94300", "2010-03-31": "31.93600", "2009-12-31": "69.46300", "2009-09-30": "45.64500", "2009-06-30": "27.07100", "2009-03-31": "22.79100", "2008-12-31": "55.01290", "2008-09-30": "55.79700", "2008-06-30": "40.75400", "2008-03-31": "31.23500", "2007-12-31": "62.78110", "2007-09-30": "60.50000", "2007-06-30": "36.71100", "2007-03-31": "16.04400", "2006-12-31": "54.30090", "2006-09-30": "60.25800", "2006-06-30": "37.42100", "2006-03-31": "16.07700", "2005-12-31": "61.70590", "2005-09-30": "70.50810", "2005-06-30": "45.19800", "2005-03-31": "27.60000"}, "Total Non-Operating Income/Expense": {"2020-12-31": "-14.60000", "2020-09-30": "-20.50000", "2020-06-30": "-18.70000", "2020-03-31": "-17.10000", "2019-12-31": "-15.47100", "2019-09-30": "-22.10000", "2019-06-30": "-20.80000", "2019-03-31": "-17.50000", "2018-12-31": "-23.16000", "2018-09-30": "-15.81000", "2018-06-30": "-9.60900", "2018-03-31": "-9.58400", "2017-12-31": "-4.50100", "2017-09-30": "-7.72700", "2017-06-30": "-7.21600", "2017-03-31": "-21.42200", "2016-12-31": "-13.28400", "2016-09-30": "-11.54900", "2016-06-30": "-7.19000", "2016-03-31": "-5.00400", "2015-12-31": "-8.06200", "2015-09-30": "-2.96600", "2015-06-30": "-7.40100", "2015-03-31": "-11.97300", "2014-12-31": "-7.52400", "2014-09-30": "-4.12300", "2014-06-30": "-2.12300", "2014-03-31": "-1.60300", "2013-12-31": "-3.76600", "2013-09-30": "0.42500", "2013-06-30": "-0.72700", "2013-03-31": "0.58300", "2012-12-31": "-0.49500", "2012-09-30": "2.52400", "2012-06-30": "-1.67600", "2012-03-31": "1.06500", "2011-12-31": "3.38900", "2011-09-30": "-6.75000", "2011-06-30": "-2.62700", "2011-03-31": "2.69000", "2010-12-31": "0.16000", "2010-09-30": "2.35500", "2010-06-30": "-3.81600", "2010-03-31": "-0.87900", "2009-12-31": "-3.64100", "2009-09-30": "0.26300", "2009-06-30": "-0.41800", "2009-03-31": "-10.00000", "2008-12-31": "1.02800", "2008-09-30": "-2.46700", "2008-06-30": "-2.63600", "2008-03-31": "-1.66200", "2007-12-31": "-3.59900", "2007-09-30": "-4.00100", "2007-06-30": "-0.87000", "2007-03-31": "2.77000", "2006-12-31": "-1.01200", "2006-09-30": "-0.58000", "2006-06-30": "-3.07300", "2006-03-31": "0.38700", "2005-12-31": "-1.38500", "2005-09-30": "-1.76600", "2005-06-30": "-2.25600", "2005-03-31": "-0.74600"}, "Pre-Tax Income": {"2020-12-31": "248.20000", "2020-09-30": "218.90000", "2020-06-30": "-314.10000", "2020-03-31": "-11.60000", "2019-12-31": "120.90000", "2019-09-30": "108.20000", "2019-06-30": "114.30000", "2019-03-31": "64.40000", "2018-12-31": "119.65000", "2018-09-30": "123.05900", "2018-06-30": "112.84800", "2018-03-31": "73.69200", "2017-12-31": "117.97700", "2017-09-30": "109.18100", "2017-06-30": "91.96600", "2017-03-31": "-0.33300", "2016-12-31": "85.45900", "2016-09-30": "45.84000", "2016-06-30": "109.81200", "2016-03-31": "72.14000", "2015-12-31": "151.09800", "2015-09-30": "239.71000", "2015-06-30": "156.61600", "2015-03-31": "138.31300", "2014-12-31": "202.47600", "2014-09-30": "218.45000", "2014-06-30": "153.31200", "2014-03-31": "125.07900", "2013-12-31": "165.33200", "2013-09-30": "181.71800", "2013-06-30": "124.82700", "2013-03-31": "102.55200", "2012-12-31": "134.38200", "2012-09-30": "144.09100", "2012-06-30": "108.75800", "2012-03-31": "92.61200", "2011-12-31": "96.51900", "2011-09-30": "103.54000", "2011-06-30": "74.29400", "2011-03-31": "72.27300", "2010-12-31": "78.30600", "2010-09-30": "70.05100", "2010-06-30": "39.12700", "2010-03-31": "31.05700", "2009-12-31": "65.82200", "2009-09-30": "45.90800", "2009-06-30": "26.65300", "2009-03-31": "12.79100", "2008-12-31": "56.04100", "2008-09-30": "53.33000", "2008-06-30": "38.11800", "2008-03-31": "29.57300", "2007-12-31": "59.18200", "2007-09-30": "56.49900", "2007-06-30": "35.84100", "2007-03-31": "18.81400", "2006-12-31": "53.28900", "2006-09-30": "59.67800", "2006-06-30": "34.34800", "2006-03-31": "16.46400", "2005-12-31": "60.32100", "2005-09-30": "68.74200", "2005-06-30": "42.94200", "2005-03-31": "26.85400"}, "Income Taxes": {"2020-12-31": "49.40000", "2020-09-30": "52.00000", "2020-06-30": "-78.70000", "2020-03-31": "-6.20000", "2019-12-31": "21.91600", "2019-09-30": "19.80000", "2019-06-30": "26.20000", "2019-03-31": "16.00000", "2018-12-31": "28.17600", "2018-09-30": "27.53000", "2018-06-30": "20.30800", "2018-03-31": "17.97800", "2017-12-31": "86.50300", "2017-09-30": "27.29300", "2017-06-30": "29.92500", "2017-03-31": "2.57800", "2016-12-31": "22.87800", "2016-09-30": "13.52800", "2016-06-30": "38.64600", "2016-03-31": "25.25100", "2015-12-31": "40.41600", "2015-09-30": "84.53700", "2015-06-30": "55.67300", "2015-03-31": "49.75000", "2014-12-31": "67.07900", "2014-09-30": "77.62400", "2014-06-30": "56.40700", "2014-03-31": "44.17800", "2013-12-31": "56.65200", "2013-09-30": "64.79700", "2013-06-30": "44.82300", "2013-03-31": "27.08800", "2012-12-31": "46.31800", "2012-09-30": "49.74600", "2012-06-30": "38.93500", "2012-03-31": "32.53400", "2011-12-31": "32.62000", "2011-09-30": "35.90300", "2011-06-30": "25.56500", "2011-03-31": "24.96300", "2010-12-31": "23.78400", "2010-09-30": "22.83000", "2010-06-30": "13.50300", "2010-03-31": "11.28600", "2009-12-31": "21.91200", "2009-09-30": "14.73700", "2009-06-30": "9.17500", "2009-03-31": "4.33300", "2008-12-31": "19.80100", "2008-09-30": "15.63800", "2008-06-30": "13.73800", "2008-03-31": "10.49000", "2007-12-31": "21.18100", "2007-09-30": "17.37900", "2007-06-30": "12.91500", "2007-03-31": "6.26300", "2006-12-31": "17.16300", "2006-09-30": "16.93500", "2006-06-30": "11.61900", "2006-03-31": "5.27100", "2005-12-31": "18.20600", "2005-09-30": "20.13300", "2005-06-30": "13.80900", "2005-03-31": "8.99000"}, "Income After Taxes": {"2020-12-31": "198.80000", "2020-09-30": "166.90000", "2020-06-30": "-235.40000", "2020-03-31": "-5.40000", "2019-12-31": "98.98400", "2019-09-30": "88.40000", "2019-06-30": "88.10000", "2019-03-31": "48.40000", "2018-12-31": "91.47400", "2018-09-30": "95.52900", "2018-06-30": "92.54000", "2018-03-31": "55.71400", "2017-12-31": "31.47400", "2017-09-30": "81.88800", "2017-06-30": "62.04100", "2017-03-31": "-2.91100", "2016-12-31": "62.58100", "2016-09-30": "32.31200", "2016-06-30": "71.16600", "2016-03-31": "46.88900", "2015-12-31": "110.68200", "2015-09-30": "155.17300", "2015-06-30": "100.94300", "2015-03-31": "88.56300", "2014-12-31": "135.39700", "2014-09-30": "140.82600", "2014-06-30": "96.90500", "2014-03-31": "80.90100", "2013-12-31": "108.68000", "2013-09-30": "116.92100", "2013-06-30": "80.00400", "2013-03-31": "75.46400", "2012-12-31": "88.06400", "2012-09-30": "94.34500", "2012-06-30": "69.82300", "2012-03-31": "60.07800", "2011-12-31": "63.89900", "2011-09-30": "67.63700", "2011-06-30": "48.72900", "2011-03-31": "47.31000", "2010-12-31": "54.52200", "2010-09-30": "47.22100", "2010-06-30": "25.62400", "2010-03-31": "19.77100", "2009-12-31": "43.91000", "2009-09-30": "31.17100", "2009-06-30": "17.47800", "2009-03-31": "8.45800", "2008-12-31": "36.24000", "2008-09-30": "37.69200", "2008-06-30": "24.38000", "2008-03-31": "19.08300", "2007-12-31": "38.00100", "2007-09-30": "39.12000", "2007-06-30": "22.92600", "2007-03-31": "12.55100", "2006-12-31": "36.12600", "2006-09-30": "42.74300", "2006-06-30": "22.72900", "2006-03-31": "11.19300", "2005-12-31": "42.11500", "2005-09-30": "48.60900", "2005-06-30": "29.13300", "2005-03-31": "17.86400"}, "Other Income": {"2020-12-31": "", "2020-09-30": "", "2020-06-30": "", "2020-03-31": "", "2019-12-31": "", "2019-09-30": "", "2019-06-30": "", "2019-03-31": "", "2018-12-31": "", "2018-09-30": "", "2018-06-30": "", "2018-03-31": "", "2017-12-31": "", "2017-09-30": "", "2017-06-30": "", "2017-03-31": "", "2016-12-31": "", "2016-09-30": "", "2016-06-30": "", "2016-03-31": "", "2015-12-31": "", "2015-09-30": "", "2015-06-30": "", "2015-03-31": "", "2014-12-31": "", "2014-09-30": "", "2014-06-30": "", "2014-03-31": "", "2013-12-31": "", "2013-09-30": "", "2013-06-30": "", "2013-03-31": "", "2012-12-31": "", "2012-09-30": "", "2012-06-30": "", "2012-03-31": "", "2011-12-31": "", "2011-09-30": "", "2011-06-30": "", "2011-03-31": "", "2010-12-31": "", "2010-09-30": "", "2010-06-30": "", "2010-03-31": "", "2009-12-31": "", "2009-09-30": "", "2009-06-30": "", "2009-03-31": "", "2008-12-31": "", "2008-09-30": "", "2008-06-30": "", "2008-03-31": "", "2007-12-31": "", "2007-09-30": "", "2007-06-30": "", "2007-03-31": "", "2006-12-31": "", "2006-09-30": "", "2006-06-30": "", "2006-03-31": "", "2005-12-31": "", "2005-09-30": "", "2005-06-30": "", "2005-03-31": ""}, "Income From Continuous Operations": {"2020-12-31": "198.80000", "2020-09-30": "166.90000", "2020-06-30": "-235.40000", "2020-03-31": "-5.40000", "2019-12-31": "98.98400", "2019-09-30": "88.40000", "2019-06-30": "88.10000", "2019-03-31": "48.40000", "2018-12-31": "91.47400", "2018-09-30": "95.52900", "2018-06-30": "92.54000", "2018-03-31": "55.71400", "2017-12-31": "31.47400", "2017-09-30": "81.88800", "2017-06-30": "62.04100", "2017-03-31": "-2.91100", "2016-12-31": "62.58100", "2016-09-30": "32.31200", "2016-06-30": "71.16600", "2016-03-31": "46.88900", "2015-12-31": "110.68200", "2015-09-30": "155.17300", "2015-06-30": "100.94300", "2015-03-31": "88.56300", "2014-12-31": "135.39700", "2014-09-30": "140.82600", "2014-06-30": "96.90500", "2014-03-31": "80.90100", "2013-12-31": "108.68000", "2013-09-30": "116.92100", "2013-06-30": "80.00400", "2013-03-31": "75.46400", "2012-12-31": "88.06400", "2012-09-30": "94.34500", "2012-06-30": "69.82300", "2012-03-31": "60.07800", "2011-12-31": "63.89900", "2011-09-30": "67.63700", "2011-06-30": "48.72900", "2011-03-31": "47.31000", "2010-12-31": "54.52200", "2010-09-30": "47.22100", "2010-06-30": "25.62400", "2010-03-31": "19.77100", "2009-12-31": "43.91000", "2009-09-30": "31.17100", "2009-06-30": "17.47800", "2009-03-31": "8.45800", "2008-12-31": "36.24000", "2008-09-30": "37.69200", "2008-06-30": "24.38000", "2008-03-31": "19.08300", "2007-12-31": "38.00100", "2007-09-30": "39.12000", "2007-06-30": "22.92600", "2007-03-31": "12.55100", "2006-12-31": "36.12600", "2006-09-30": "42.74300", "2006-06-30": "22.72900", "2006-03-31": "11.19300", "2005-12-31": "42.11500", "2005-09-30": "48.60900", "2005-06-30": "29.13300", "2005-03-31": "17.86400"}, "Income From Discontinued Operations": {"2020-12-31": "", "2020-09-30": "", "2020-06-30": "", "2020-03-31": "", "2019-12-31": "", "2019-09-30": "", "2019-06-30": "", "2019-03-31": "", "2018-12-31": "", "2018-09-30": "", "2018-06-30": "", "2018-03-31": "", "2017-12-31": "", "2017-09-30": "", "2017-06-30": "", "2017-03-31": "", "2016-12-31": "", "2016-09-30": "", "2016-06-30": "", "2016-03-31": "", "2015-12-31": "", "2015-09-30": "", "2015-06-30": "", "2015-03-31": "", "2014-12-31": "", "2014-09-30": "", "2014-06-30": "", "2014-03-31": "", "2013-12-31": "", "2013-09-30": "-3.77700", "2013-06-30": "", "2013-03-31": "", "2012-12-31": "", "2012-09-30": "", "2012-06-30": "", "2012-03-31": "", "2011-12-31": "", "2011-09-30": "", "2011-06-30": "", "2011-03-31": "", "2010-12-31": "", "2010-09-30": "", "2010-06-30": "", "2010-03-31": "", "2009-12-31": "", "2009-09-30": "", "2009-06-30": "", "2009-03-31": "", "2008-12-31": "", "2008-09-30": "", "2008-06-30": "", "2008-03-31": "", "2007-12-31": "-0.29000", "2007-09-30": "-0.29400", "2007-06-30": "-0.20600", "2007-03-31": "-0.15800", "2006-12-31": "-3.72600", "2006-09-30": "-0.25900", "2006-06-30": "-2.15800", "2006-03-31": "-0.07000", "2005-12-31": "-0.32200", "2005-09-30": "-0.26500", "2005-06-30": "-0.14500", "2005-03-31": "-0.27500"}, "Net Income": {"2020-12-31": "198.80000", "2020-09-30": "166.80000", "2020-06-30": "-235.40000", "2020-03-31": "-5.40000", "2019-12-31": "98.96000", "2019-09-30": "88.40000", "2019-06-30": "88.20000", "2019-03-31": "48.40000", "2018-12-31": "91.47400", "2018-09-30": "95.52900", "2018-06-30": "92.54000", "2018-03-31": "55.71400", "2017-12-31": "31.47400", "2017-09-30": "81.88800", "2017-06-30": "62.04100", "2017-03-31": "-2.91100", "2016-12-31": "62.58100", "2016-09-30": "32.31200", "2016-06-30": "71.16600", "2016-03-31": "46.88900", "2015-12-31": "110.68200", "2015-09-30": "155.17300", "2015-06-30": "100.94300", "2015-03-31": "88.56300", "2014-12-31": "135.39700", "2014-09-30": "140.82600", "2014-06-30": "96.90500", "2014-03-31": "80.90100", "2013-12-31": "108.68000", "2013-09-30": "113.14400", "2013-06-30": "80.00400", "2013-03-31": "75.46400", "2012-12-31": "88.06400", "2012-09-30": "94.34500", "2012-06-30": "69.82300", "2012-03-31": "60.07800", "2011-12-31": "63.89900", "2011-09-30": "67.63700", "2011-06-30": "48.72900", "2011-03-31": "47.31000", "2010-12-31": "54.52200", "2010-09-30": "47.22100", "2010-06-30": "25.62400", "2010-03-31": "19.77100", "2009-12-31": "43.91000", "2009-09-30": "31.17100", "2009-06-30": "17.47800", "2009-03-31": "8.45800", "2008-12-31": "36.24000", "2008-09-30": "37.69200", "2008-06-30": "24.38000", "2008-03-31": "19.08300", "2007-12-31": "37.71100", "2007-09-30": "38.82600", "2007-06-30": "22.72000", "2007-03-31": "12.39300", "2006-12-31": "32.40000", "2006-09-30": "42.48400", "2006-06-30": "20.57100", "2006-03-31": "11.53000", "2005-12-31": "41.79300", "2005-09-30": "48.34400", "2005-06-30": "28.98800", "2005-03-31": "17.58900"}, "EBITDA": {"2020-12-31": "", "2020-09-30": "302.80000", "2020-06-30": "148.50000", "2020-03-31": "67.89990", "2019-12-31": "197.88400", "2019-09-30": "191.39990", "2019-06-30": "192.60010", "2019-03-31": "136.30000", "2018-12-31": "197.93590", "2018-09-30": "196.19500", "2018-06-30": "168.32100", "2018-03-31": "135.99600", "2017-12-31": "175.48140", "2017-09-30": "163.88880", "2017-06-30": "145.76800", "2017-03-31": "65.62700", "2016-12-31": "144.35240", "2016-09-30": "101.18290", "2016-06-30": "157.21690", "2016-03-31": "115.03790", "2015-12-31": "198.39580", "2015-09-30": "283.20600", "2015-06-30": "199.30800", "2015-03-31": "187.36700", "2014-12-31": "246.46600", "2014-09-30": "256.83300", "2014-06-30": "184.14700", "2014-03-31": "154.75100", "2013-12-31": "196.83410", "2013-09-30": "206.37800", "2013-06-30": "144.92700", "2013-03-31": "121.87500", "2012-12-31": "153.96780", "2012-09-30": "160.37900", "2012-06-30": "126.30400", "2012-03-31": "108.35400", "2011-12-31": "108.82800", "2011-09-30": "125.98700", "2011-06-30": "93.13400", "2011-03-31": "88.36500", "2010-12-31": "95.04910", "2010-09-30": "85.75000", "2010-06-30": "58.46800", "2010-03-31": "47.97300", "2009-12-31": "87.40600", "2009-09-30": "63.63700", "2009-06-30": "40.64000", "2009-03-31": "37.88000", "2008-12-31": "75.74190", "2008-09-30": "74.08200", "2008-06-30": "54.30600", "2008-03-31": "44.78100", "2007-12-31": "80.67710", "2007-09-30": "78.63000", "2007-06-30": "49.98600", "2007-03-31": "28.83600", "2006-12-31": "73.18490", "2006-09-30": "81.75600", "2006-06-30": "54.08600", "2006-03-31": "30.19400", "2005-12-31": "82.17590", "2005-09-30": "89.55810", "2005-06-30": "60.82700", "2005-03-31": "40.38700"}, "EBIT": {"2020-12-31": "262.80000", "2020-09-30": "239.40000", "2020-06-30": "-295.40000", "2020-03-31": "5.49990", "2019-12-31": "136.37080", "2019-09-30": "130.29990", "2019-06-30": "135.10010", "2019-03-31": "81.90000", "2018-12-31": "142.81010", "2018-09-30": "138.86900", "2018-06-30": "122.45700", "2018-03-31": "83.27600", "2017-12-31": "122.47840", "2017-09-30": "116.90780", "2017-06-30": "99.18200", "2017-03-31": "21.08900", "2016-12-31": "98.74300", "2016-09-30": "57.38890", "2016-06-30": "117.00200", "2016-03-31": "77.14390", "2015-12-31": "159.15990", "2015-09-30": "242.67600", "2015-06-30": "164.01700", "2015-03-31": "150.28600", "2014-12-31": "209.99990", "2014-09-30": "222.57300", "2014-06-30": "155.43500", "2014-03-31": "126.68200", "2013-12-31": "169.09830", "2013-09-30": "181.29300", "2013-06-30": "125.55400", "2013-03-31": "101.96900", "2012-12-31": "134.87680", "2012-09-30": "141.56700", "2012-06-30": "110.43400", "2012-03-31": "91.54700", "2011-12-31": "93.13000", "2011-09-30": "110.29000", "2011-06-30": "76.92100", "2011-03-31": "69.58300", "2010-12-31": "78.14610", "2010-09-30": "67.69600", "2010-06-30": "42.94300", "2010-03-31": "31.93600", "2009-12-31": "69.46300", "2009-09-30": "45.64500", "2009-06-30": "27.07100", "2009-03-31": "22.79100", "2008-12-31": "55.01290", "2008-09-30": "55.79700", "2008-06-30": "40.75400", "2008-03-31": "31.23500", "2007-12-31": "62.78100", "2007-09-30": "60.50000", "2007-06-30": "36.71100", "2007-03-31": "16.04400", "2006-12-31": "54.30090", "2006-09-30": "60.25800", "2006-06-30": "37.42100", "2006-03-31": "16.07700", "2005-12-31": "61.70600", "2005-09-30": "70.50810", "2005-06-30": "45.19800", "2005-03-31": "27.60000"}, "Basic Shares Outstanding": {"2020-12-31": "62.10000", "2020-09-30": "61.90000", "2020-06-30": "61.60000", "2020-03-31": "61.90000", "2019-12-31": "61.43700", "2019-09-30": "61.50000", "2019-06-30": "61.40000", "2019-03-31": "61.30000", "2018-12-31": "62.51300", "2018-09-30": "62.20700", "2018-06-30": "63.17200", "2018-03-31": "63.30300", "2017-12-31": "62.91600", "2017-09-30": "62.64600", "2017-06-30": "62.89500", "2017-03-31": "63.12800", "2016-12-31": "64.29600", "2016-09-30": "64.15100", "2016-06-30": "64.40600", "2016-03-31": "65.04600", "2015-12-31": "66.02000", "2015-09-30": "65.91200", "2015-06-30": "66.32400", "2015-03-31": "66.42900", "2014-12-31": "66.17500", "2014-09-30": "66.26100", "2014-06-30": "66.06000", "2014-03-31": "65.83300", "2013-12-31": "68.53500", "2013-09-30": "69.17900", "2013-06-30": "68.86700", "2013-03-31": "68.79300", "2012-12-31": "68.84900", "2012-09-30": "68.69200", "2012-06-30": "68.95400", "2012-03-31": "68.63700", "2011-12-31": "68.79200", "2011-09-30": "68.93700", "2011-06-30": "68.81100", "2011-03-31": "68.53700", "2010-12-31": "66.90000", "2010-09-30": "66.81100", "2010-06-30": "66.51000", "2010-03-31": "66.13800", "2009-12-31": "64.79800", "2009-09-30": "64.84600", "2009-06-30": "64.76200", "2009-03-31": "64.53200", "2008-12-31": "65.54000", "2008-09-30": "64.76800", "2008-06-30": "65.76400", "2008-03-31": "67.40400", "2007-12-31": "70.47200", "2007-09-30": "71.00200", "2007-06-30": "71.18600", "2007-03-31": "70.98400", "2006-12-31": "80.64800", "2006-09-30": "80.55400", "2006-06-30": "82.78800", "2006-03-31": "83.58200", "2005-12-31": "84.26200", "2005-09-30": "83.92400", "2005-06-30": "84.54000", "2005-03-31": "85.63400"}, "Shares Outstanding": {"2020-12-31": "63.10000", "2020-09-30": "62.80000", "2020-06-30": "61.60000", "2020-03-31": "61.90000", "2019-12-31": "62.29200", "2019-09-30": "62.30000", "2019-06-30": "62.20000", "2019-03-31": "62.00000", "2018-12-31": "63.94900", "2018-09-30": "63.54600", "2018-06-30": "64.88600", "2018-03-31": "65.21900", "2017-12-31": "64.18000", "2017-09-30": "63.88500", "2017-06-30": "63.80700", "2017-03-31": "64.13300", "2016-12-31": "65.15800", "2016-09-30": "65.02700", "2016-06-30": "65.29700", "2016-03-31": "65.98200", "2015-12-31": "67.48400", "2015-09-30": "67.36800", "2015-06-30": "67.82900", "2015-03-31": "68.14600", "2014-12-31": "68.22900", "2014-09-30": "68.32800", "2014-06-30": "68.08800", "2014-03-31": "67.95800", "2013-12-31": "70.54600", "2013-09-30": "71.18600", "2013-06-30": "70.75500", "2013-03-31": "70.76200", "2012-12-31": "71.00500", "2012-09-30": "70.88300", "2012-06-30": "71.16100", "2012-03-31": "70.82500", "2011-12-31": "71.05700", "2011-09-30": "71.28900", "2011-06-30": "71.21500", "2011-03-31": "70.66300", "2010-12-31": "68.76500", "2010-09-30": "68.75300", "2010-06-30": "68.49600", "2010-03-31": "67.50000", "2009-12-31": "66.14800", "2009-09-30": "66.48800", "2009-06-30": "65.98000", "2009-03-31": "65.11800", "2008-12-31": "67.12800", "2008-09-30": "66.55000", "2008-06-30": "67.57000", "2008-03-31": "69.06800", "2007-12-31": "72.64800", "2007-09-30": "73.14400", "2007-06-30": "73.50800", "2007-03-31": "73.10400", "2006-12-31": "82.90200", "2006-09-30": "82.51400", "2006-06-30": "85.15000", "2006-03-31": "86.24800", "2005-12-31": "87.57400", "2005-09-30": "87.20000", "2005-06-30": "87.74000", "2005-03-31": "90.17000"}, "Basic EPS": {"2020-12-31": "3.20000", "2020-09-30": "2.70000", "2020-06-30": "-3.82000", "2020-03-31": "-0.09000", "2019-12-31": "1.60000", "2019-09-30": "1.44000", "2019-06-30": "1.44000", "2019-03-31": "0.79000", "2018-12-31": "1.48000", "2018-09-30": "1.54000", "2018-06-30": "1.46000", "2018-03-31": "0.88000", "2017-12-31": "0.49000", "2017-09-30": "1.31000", "2017-06-30": "0.99000", "2017-03-31": "-0.05000", "2016-12-31": "0.99000", "2016-09-30": "0.50000", "2016-06-30": "1.10000", "2016-03-31": "0.72000", "2015-12-31": "1.70000", "2015-09-30": "2.35000", "2015-06-30": "1.52000", "2015-03-31": "1.33000", "2014-12-31": "2.03000", "2014-09-30": "2.13000", "2014-06-30": "1.47000", "2014-03-31": "1.23000", "2013-12-31": "1.61000", "2013-09-30": "1.64000", "2013-06-30": "1.16000", "2013-03-31": "1.10000", "2012-12-31": "1.28000", "2012-09-30": "1.37000", "2012-06-30": "1.01000", "2012-03-31": "0.88000", "2011-12-31": "0.93000", "2011-09-30": "0.98000", "2011-06-30": "0.71000", "2011-03-31": "0.69000", "2010-12-31": "0.80500", "2010-09-30": "0.71000", "2010-06-30": "0.38500", "2010-03-31": "0.30000", "2009-12-31": "0.68000", "2009-09-30": "0.48000", "2009-06-30": "0.27000", "2009-03-31": "0.13000", "2008-12-31": "0.55500", "2008-09-30": "0.58000", "2008-06-30": "0.37000", "2008-03-31": "0.28500", "2007-12-31": "0.54500", "2007-09-30": "0.54500", "2007-06-30": "0.32000", "2007-03-31": "0.17500", "2006-12-31": "0.41000", "2006-09-30": "0.52500", "2006-06-30": "0.25000", "2006-03-31": "0.14000", "2005-12-31": "0.49500", "2005-09-30": "0.57500", "2005-06-30": "0.34500", "2005-03-31": "0.20500"}, "EPS - Earnings Per Share": {"2020-12-31": "3.15000", "2020-09-30": "2.66000", "2020-06-30": "-3.82000", "2020-03-31": "-0.09000", "2019-12-31": "1.58000", "2019-09-30": "1.42000", "2019-06-30": "1.42000", "2019-03-31": "0.78000", "2018-12-31": "1.46000", "2018-09-30": "1.50000", "2018-06-30": "1.43000", "2018-03-31": "0.85000", "2017-12-31": "0.49000", "2017-09-30": "1.28000", "2017-06-30": "0.97000", "2017-03-31": "-0.05000", "2016-12-31": "0.97000", "2016-09-30": "0.50000", "2016-06-30": "1.09000", "2016-03-31": "0.71000", "2015-12-31": "1.66000", "2015-09-30": "2.30000", "2015-06-30": "1.49000", "2015-03-31": "1.30000", "2014-12-31": "1.98000", "2014-09-30": "2.06000", "2014-06-30": "1.42000", "2014-03-31": "1.19000", "2013-12-31": "1.56000", "2013-09-30": "1.59000", "2013-06-30": "1.13000", "2013-03-31": "1.07000", "2012-12-31": "1.24000", "2012-09-30": "1.33000", "2012-06-30": "0.98000", "2012-03-31": "0.85000", "2011-12-31": "0.90000", "2011-09-30": "0.95000", "2011-06-30": "0.68000", "2011-03-31": "0.67000", "2010-12-31": "0.78000", "2010-09-30": "0.69000", "2010-06-30": "0.37500", "2010-03-31": "0.29500", "2009-12-31": "0.66500", "2009-09-30": "0.47000", "2009-06-30": "0.26500", "2009-03-31": "0.13000", "2008-12-31": "0.55000", "2008-09-30": "0.56500", "2008-06-30": "0.36000", "2008-03-31": "0.27500", "2007-12-31": "0.52500", "2007-09-30": "0.53000", "2007-06-30": "0.31000", "2007-03-31": "0.17000", "2006-12-31": "0.40000", "2006-09-30": "0.51500", "2006-06-30": "0.24000", "2006-03-31": "0.13500", "2005-12-31": "0.48000", "2005-09-30": "0.55500", "2005-06-30": "0.33000", "2005-03-31": "0.19500"}}, "balance sheet": {"Cash On Hand": {"2020-12-31": "634.70000", "2019-12-31": "157.06400", "2018-12-31": "161.16400", "2017-12-31": "138.34500", "2016-12-31": "127.32500", "2015-12-31": "155.34900", "2014-12-31": "137.60000", "2013-12-31": "92.24800", "2012-12-31": "417.01500", "2011-12-31": "325.33600", "2010-12-31": "393.92700", "2009-12-31": "140.24000", "2008-12-31": "27.12700", "2007-12-31": "63.28100", "2006-12-31": "19.56600", "2005-12-31": "19.67500"}, "Receivables": {"2020-12-31": "261.10000", "2019-12-31": "222.87700", "2018-12-31": "233.55600", "2017-12-31": "229.74500", "2016-12-31": "225.49400", "2015-12-31": "196.95300", "2014-12-31": "207.56700", "2013-12-31": "198.43000", "2012-12-31": "135.49900", "2011-12-31": "140.02500", "2010-12-31": "89.29400", "2009-12-31": "90.40500", "2008-12-31": "103.11900", "2007-12-31": "82.88400", "2006-12-31": "63.81500", "2005-12-31": "78.35000"}, "Inventory": {"2020-12-31": "1177.60000", "2019-12-31": "1121.11100", "2018-12-31": "969.51100", "2017-12-31": "783.96100", "2016-12-31": "746.53400", "2015-12-31": "710.00100", "2014-12-31": "565.68500", "2013-12-31": "417.94800", "2012-12-31": "344.99600", "2011-12-31": "298.04200", "2010-12-31": "235.92700", "2009-12-31": "179.31500", "2008-12-31": "222.31200", "2007-12-31": "218.34200", "2006-12-31": "230.53300", "2005-12-31": "202.02200"}, "Pre-Paid Expenses": {"2020-12-31": "134.10000", "2019-12-31": "125.90800", "2018-12-31": "121.47200", "2017-12-31": "101.45300", "2016-12-31": "91.63600", "2015-12-31": "90.61900", "2014-12-31": "71.52600", "2013-12-31": "63.71600", "2012-12-31": "34.03900", "2011-12-31": "33.96900", "2010-12-31": "21.62800", "2009-12-31": "20.63800", "2008-12-31": "14.92400", "2007-12-31": "17.64300", "2006-12-31": "19.94000", "2005-12-31": "13.33000"}, "Other Current Assets": {"2020-12-31": "", "2019-12-31": "", "2018-12-31": "", "2017-12-31": "", "2016-12-31": "", "2015-12-31": "", "2014-12-31": "", "2013-12-31": "", "2012-12-31": "", "2011-12-31": "", "2010-12-31": "", "2009-12-31": "", "2008-12-31": "", "2007-12-31": "", "2006-12-31": "", "2005-12-31": ""}, "Total Current Assets": {"2020-12-31": "2207.50000", "2019-12-31": "1626.96000", "2018-12-31": "1485.70300", "2017-12-31": "1253.50400", "2016-12-31": "1190.98900", "2015-12-31": "1152.92200", "2014-12-31": "1096.55500", "2013-12-31": "865.69800", "2012-12-31": "1017.84100", "2011-12-31": "875.03700", "2010-12-31": "808.14500", "2009-12-31": "491.50000", "2008-12-31": "443.61200", "2007-12-31": "447.55600", "2006-12-31": "392.96100", "2005-12-31": "373.98800"}, "Property, Plant, And Equipment": {"2020-12-31": "888.80000", "2019-12-31": "899.80900", "2018-12-31": "843.12200", "2017-12-31": "747.18900", "2016-12-31": "727.59600", "2015-12-31": "650.67800", "2014-12-31": "555.42800", "2013-12-31": "455.16700", "2012-12-31": "253.36900", "2011-12-31": "213.77800", "2010-12-31": "184.01100", "2009-12-31": "194.41600", "2008-12-31": "215.63700", "2007-12-31": "204.35100", "2006-12-31": "204.00100", "2005-12-31": "222.33600"}, "Long-Term Investments": {"2020-12-31": "59.40000", "2019-12-31": "110.64100", "2018-12-31": "92.05900", "2017-12-31": "88.76400", "2016-12-31": "94.00900", "2015-12-31": "99.07300", "2014-12-31": "89.10700", "2013-12-31": "69.21700", "2012-12-31": "69.80500", "2011-12-31": "47.25100", "2010-12-31": "38.17800", "2009-12-31": "51.86800", "2008-12-31": "67.20600", "2007-12-31": "85.91100", "2006-12-31": "155.06200", "2005-12-31": "147.37300"}, "Goodwill And Intangible Assets": {"2020-12-31": "1083.70000", "2019-12-31": "1490.23500", "2018-12-31": "1517.59400", "2017-12-31": "780.58600", "2016-12-31": "792.97900", "2015-12-31": "236.11700", "2014-12-31": "223.96600", "2013-12-31": "229.70800", "2012-12-31": "107.21600", "2011-12-31": "77.71800", "2010-12-31": "31.31300", "2009-12-31": "25.86900", "2008-12-31": "24.69300", "2007-12-31": "26.49100", "2006-12-31": "25.17200", "2005-12-31": "25.25900"}, "Other Long-Term Assets": {"2020-12-31": "90.20000", "2019-12-31": "99.44900", "2018-12-31": "98.96300", "2017-12-31": "104.03900", "2016-12-31": "105.55300", "2015-12-31": "80.33100", "2014-12-31": "68.67800", "2013-12-31": "47.08200", "2012-12-31": "15.87200", "2011-12-31": "3.63900", "2010-12-31": "", "2009-12-31": "", "2008-12-31": "", "2007-12-31": "", "2006-12-31": "", "2005-12-31": ""}, "Total Long-Term Assets": {"2020-12-31": "2425.20000", "2019-12-31": "2803.56900", "2018-12-31": "2639.21200", "2017-12-31": "1836.08900", "2016-12-31": "1908.60800", "2015-12-31": "1232.73700", "2014-12-31": "978.37990", "2013-12-31": "819.79000", "2012-12-31": "470.68600", "2011-12-31": "352.98700", "2010-12-31": "253.50200", "2009-12-31": "272.15300", "2008-12-31": "307.53600", "2007-12-31": "322.32500", "2006-12-31": "385.83000", "2005-12-31": "396.64500"}, "Total Assets": {"2020-12-31": "4632.70000", "2019-12-31": "4430.52900", "2018-12-31": "4124.91500", "2017-12-31": "3089.59300", "2016-12-31": "3099.59700", "2015-12-31": "2385.65900", "2014-12-31": "2074.93500", "2013-12-31": "1685.48800", "2012-12-31": "1488.52700", "2011-12-31": "1228.02400", "2010-12-31": "1061.64700", "2009-12-31": "763.65300", "2008-12-31": "751.14800", "2007-12-31": "769.88100", "2006-12-31": "778.79100", "2005-12-31": "770.63300"}, "Total Current Liabilities": {"2020-12-31": "1889.40000", "2019-12-31": "1527.99000", "2018-12-31": "1197.37400", "2017-12-31": "1130.31100", "2016-12-31": "959.75100", "2015-12-31": "826.78300", "2014-12-31": "850.81000", "2013-12-31": "748.07000", "2012-12-31": "631.02900", "2011-12-31": "586.33300", "2010-12-31": "584.21000", "2009-12-31": "343.07400", "2008-12-31": "404.83300", "2007-12-31": "388.24600", "2006-12-31": "361.42000", "2005-12-31": "375.61400"}, "Long Term Debt": {"2020-12-31": "1308.60000", "2019-12-31": "1526.81400", "2018-12-31": "1896.02700", "2017-12-31": "865.26600", "2016-12-31": "1138.06300", "2015-12-31": "456.41700", "2014-12-31": "223.62000", "2013-12-31": "284.34200", "2012-12-31": "104.29200", "2011-12-31": "104.60000", "2010-12-31": "100.00000", "2009-12-31": "200.00000", "2008-12-31": "200.00000", "2007-12-31": "200.00000", "2006-12-31": "250.00000", "2005-12-31": "18.00000"}, "Other Non-Current Liabilities": {"2020-12-31": "193.20000", "2019-12-31": "185.64500", "2018-12-31": "158.00900", "2017-12-31": "152.22900", "2016-12-31": "125.61600", "2015-12-31": "107.24900", "2014-12-31": "121.04700", "2013-12-31": "92.44300", "2012-12-31": "60.64100", "2011-12-31": "37.03500", "2010-12-31": "5.50900", "2009-12-31": "4.98800", "2008-12-31": "5.10300", "2007-12-31": "8.65300", "2006-12-31": "", "2005-12-31": ""}, "Total Long Term Liabilities": {"2020-12-31": "1598.50000", "2019-12-31": "1794.33700", "2018-12-31": "2060.52600", "2017-12-31": "1027.62300", "2016-12-31": "1272.80600", "2015-12-31": "577.39900", "2014-12-31": "362.85800", "2013-12-31": "401.81300", "2012-12-31": "166.96800", "2011-12-31": "141.63500", "2010-12-31": "106.44600", "2009-12-31": "216.03800", "2008-12-31": "209.28800", "2007-12-31": "208.65300", "2006-12-31": "250.00000", "2005-12-31": "18.00000"}, "Total Liabilities": {"2020-12-31": "3487.90000", "2019-12-31": "3322.32700", "2018-12-31": "3257.90000", "2017-12-31": "2157.93400", "2016-12-31": "2232.55700", "2015-12-31": "1404.18200", "2014-12-31": "1213.66800", "2013-12-31": "1149.88300", "2012-12-31": "797.99700", "2011-12-31": "727.96800", "2010-12-31": "690.65600", "2009-12-31": "559.11200", "2008-12-31": "614.12100", "2007-12-31": "596.89900", "2006-12-31": "611.42000", "2005-12-31": "393.61400"}, "Common Stock Net": {"2020-12-31": "", "2019-12-31": "0.61400", "2018-12-31": "0.60900", "2017-12-31": "0.63100", "2016-12-31": "0.63100", "2015-12-31": "0.65300", "2014-12-31": "0.66300", "2013-12-31": "0.65600", "2012-12-31": "0.68600", "2011-12-31": "0.68400", "2010-12-31": "0.68500", "2009-12-31": "0.32600", "2008-12-31": "0.32500", "2007-12-31": "0.34200", "2006-12-31": "0.35500", "2005-12-31": "0.41700"}, "Retained Earnings (Accumulated Deficit)": {"2020-12-31": "", "2019-12-31": "287.25600", "2018-12-31": "121.11400", "2017-12-31": "242.76300", "2016-12-31": "300.08400", "2015-12-31": "447.17300", "2014-12-31": "401.84000", "2013-12-31": "155.57200", "2012-12-31": "409.09100", "2011-12-31": "321.83100", "2010-12-31": "285.16900", "2009-12-31": "191.39900", "2008-12-31": "140.55900", "2007-12-31": "146.76300", "2006-12-31": "152.21900", "2005-12-31": "379.03200"}, "Comprehensive Income": {"2020-12-31": "", "2019-12-31": "-72.72000", "2018-12-31": "-62.97300", "2017-12-31": "-45.62900", "2016-12-31": "-83.83700", "2015-12-31": "-62.49200", "2014-12-31": "-27.24100", "2013-12-31": "18.76100", "2012-12-31": "12.23800", "2011-12-31": "12.02300", "2010-12-31": "5.89800", "2009-12-31": "2.82400", "2008-12-31": "-3.85700", "2007-12-31": "25.87700", "2006-12-31": "14.79700", "2005-12-31": "-2.43000"}, "Other Share Holders Equity": {"2020-12-31": "", "2019-12-31": "", "2018-12-31": "", "2017-12-31": "", "2016-12-31": "", "2015-12-31": "", "2014-12-31": "", "2013-12-31": "", "2012-12-31": "", "2011-12-31": "", "2010-12-31": "", "2009-12-31": "", "2008-12-31": "", "2007-12-31": "", "2006-12-31": "", "2005-12-31": ""}, "Share Holder Equity": {"2020-12-31": "1144.80000", "2019-12-31": "1108.20200", "2018-12-31": "867.01500", "2017-12-31": "931.65900", "2016-12-31": "867.04000", "2015-12-31": "981.47700", "2014-12-31": "861.26700", "2013-12-31": "535.60500", "2012-12-31": "690.53000", "2011-12-31": "500.05600", "2010-12-31": "370.99100", "2009-12-31": "204.54100", "2008-12-31": "137.02700", "2007-12-31": "172.98200", "2006-12-31": "167.37100", "2005-12-31": "377.01900"}, "Total Liabilities And Share Holders Equity": {"2020-12-31": "4632.70000", "2019-12-31": "4430.52900", "2018-12-31": "4124.91500", "2017-12-31": "3089.59300", "2016-12-31": "3099.59700", "2015-12-31": "2385.65900", "2014-12-31": "2074.93500", "2013-12-31": "1685.48800", "2012-12-31": "1488.52700", "2011-12-31": "1228.02400", "2010-12-31": "1061.64700", "2009-12-31": "763.65300", "2008-12-31": "751.14800", "2007-12-31": "769.88100", "2006-12-31": "778.79100", "2005-12-31": "770.63300"}}, "balance sheet, quarterly": {"Cash On Hand": {"2020-12-31": "634.70000", "2020-09-30": "820.60000", "2020-06-30": "544.40000", "2020-03-31": "424.40000", "2019-12-31": "157.10000", "2019-09-30": "122.21600", "2019-06-30": "96.08100", "2019-03-31": "151.43900", "2018-12-31": "161.16400", "2018-09-30": "183.41100", "2018-06-30": "181.75300", "2018-03-31": "166.35700", "2017-12-31": "138.34500", "2017-09-30": "132.26000", "2017-06-30": "127.37800", "2017-03-31": "137.49400", "2016-12-31": "127.32500", "2016-09-30": "122.69600", "2016-06-30": "146.63300", "2016-03-31": "145.76300", "2015-12-31": "155.34900", "2015-09-30": "225.26400", "2015-06-30": "118.81900", "2015-03-31": "111.00500", "2014-12-31": "137.60000", "2014-09-30": "169.01800", "2014-06-30": "119.04000", "2014-03-31": "101.78900", "2013-12-31": "92.24800", "2013-09-30": "387.80400", "2013-06-30": "217.67400", "2013-03-31": "380.75000", "2012-12-31": "417.01500", "2012-09-30": "412.89800", "2012-06-30": "289.29400", "2012-03-31": "285.88900", "2011-12-31": "325.33600", "2011-09-30": "335.74700", "2011-06-30": "262.17400", "2011-03-31": "345.92100", "2010-12-31": "393.92700", "2010-09-30": "264.51100", "2010-06-30": "166.27200", "2010-03-31": "124.39500", "2009-12-31": "140.24000", "2009-09-30": "72.76300", "2009-06-30": "30.03600", "2009-03-31": "17.89500", "2008-12-31": "27.12700", "2008-09-30": "43.16200", "2008-06-30": "21.90900", "2008-03-31": "17.57800", "2007-12-31": "63.28100", "2007-09-30": "86.96700", "2007-06-30": "33.84900", "2007-03-31": "45.11500", "2006-12-31": "19.56600", "2006-09-30": "9.08600", "2006-06-30": "10.56300", "2006-03-31": "10.91300", "2005-12-31": "19.67500", "2005-09-30": "13.41000", "2005-06-30": "14.32000", "2005-03-31": "41.25700"}, "Receivables": {"2020-12-31": "261.10000", "2020-09-30": "247.00000", "2020-06-30": "209.40000", "2020-03-31": "213.80000", "2019-12-31": "222.90000", "2019-09-30": "232.18900", "2019-06-30": "231.53800", "2019-03-31": "232.36200", "2018-12-31": "233.55600", "2018-09-30": "223.55900", "2018-06-30": "200.61200", "2018-03-31": "199.05700", "2017-12-31": "229.74500", "2017-09-30": "193.60900", "2017-06-30": "188.29000", "2017-03-31": "231.17900", "2016-12-31": "225.49400", "2016-09-30": "207.43800", "2016-06-30": "162.44700", "2016-03-31": "152.67900", "2015-12-31": "196.95300", "2015-09-30": "186.27300", "2015-06-30": "166.67800", "2015-03-31": "178.50700", "2014-12-31": "207.56700", "2014-09-30": "174.26200", "2014-06-30": "160.30100", "2014-03-31": "153.49400", "2013-12-31": "198.43000", "2013-09-30": "172.67200", "2013-06-30": "162.24500", "2013-03-31": "138.52600", "2012-12-31": "135.49900", "2012-09-30": "144.28200", "2012-06-30": "144.04000", "2012-03-31": "139.62600", "2011-12-31": "140.02500", "2011-09-30": "117.92600", "2011-06-30": "150.30300", "2011-03-31": "121.69600", "2010-12-31": "89.29400", "2010-09-30": "98.15100", "2010-06-30": "96.63800", "2010-03-31": "91.33500", "2009-12-31": "90.40500", "2009-09-30": "88.07300", "2009-06-30": "54.02700", "2009-03-31": "61.85900", "2008-12-31": "103.11900", "2008-09-30": "77.27500", "2008-06-30": "73.01400", "2008-03-31": "67.11200", "2007-12-31": "82.88400", "2007-09-30": "69.93400", "2007-06-30": "53.36800", "2007-03-31": "51.95700", "2006-12-31": "63.81500", "2006-09-30": "79.00600", "2006-06-30": "55.55500", "2006-03-31": "60.71200", "2005-12-31": "78.35000", "2005-09-30": "68.52700", "2005-06-30": "57.34400", "2005-03-31": "61.62500"}, "Inventory": {"2020-12-31": "1177.60000", "2020-09-30": "1213.50000", "2020-06-30": "1026.40000", "2020-03-31": "1234.80000", "2019-12-31": "1121.10000", "2019-09-30": "1270.11000", "2019-06-30": "1130.26400", "2019-03-31": "1148.63700", "2018-12-31": "969.51100", "2018-09-30": "1019.51700", "2018-06-30": "925.24300", "2018-03-31": "922.92500", "2017-12-31": "783.96100", "2017-09-30": "841.92200", "2017-06-30": "815.99000", "2017-03-31": "800.61100", "2016-12-31": "746.53400", "2016-09-30": "755.94300", "2016-06-30": "692.27200", "2016-03-31": "710.00400", "2015-12-31": "710.00100", "2015-09-30": "674.61200", "2015-06-30": "708.26900", "2015-03-31": "629.28500", "2014-12-31": "565.68500", "2014-09-30": "582.19300", "2014-06-30": "559.87600", "2014-03-31": "482.87400", "2013-12-31": "417.94800", "2013-09-30": "460.59200", "2013-06-30": "428.63400", "2013-03-31": "370.85600", "2012-12-31": "344.99600", "2012-09-30": "410.03400", "2012-06-30": "357.96000", "2012-03-31": "314.04200", "2011-12-31": "298.04200", "2011-09-30": "338.28500", "2011-06-30": "286.13700", "2011-03-31": "244.43600", "2010-12-31": "235.92700", "2010-09-30": "279.77800", "2010-06-30": "222.60800", "2010-03-31": "180.31600", "2009-12-31": "179.31500", "2009-09-30": "220.83600", "2009-06-30": "219.64500", "2009-03-31": "245.60000", "2008-12-31": "222.31200", "2008-09-30": "268.31900", "2008-06-30": "278.39600", "2008-03-31": "279.26200", "2007-12-31": "218.34200", "2007-09-30": "257.77600", "2007-06-30": "267.85800", "2007-03-31": "236.73900", "2006-12-31": "230.53300", "2006-09-30": "243.93600", "2006-06-30": "241.30200", "2006-03-31": "220.00500", "2005-12-31": "202.02200", "2005-09-30": "249.89000", "2005-06-30": "236.81800", "2005-03-31": "229.25700"}, "Pre-Paid Expenses": {"2020-12-31": "134.10000", "2020-09-30": "98.60000", "2020-06-30": "103.50000", "2020-03-31": "112.20000", "2019-12-31": "125.90000", "2019-09-30": "118.62300", "2019-06-30": "112.92100", "2019-03-31": "106.51200", "2018-12-31": "121.47200", "2018-09-30": "105.06600", "2018-06-30": "106.58600", "2018-03-31": "96.24700", "2017-12-31": "101.45300", "2017-09-30": "80.85900", "2017-06-30": "85.22100", "2017-03-31": "81.19300", "2016-12-31": "91.63600", "2016-09-30": "63.59400", "2016-06-30": "64.20100", "2016-03-31": "68.22400", "2015-12-31": "90.61900", "2015-09-30": "74.16600", "2015-06-30": "66.49700", "2015-03-31": "70.96400", "2014-12-31": "71.52600", "2014-09-30": "61.78000", "2014-06-30": "60.00200", "2014-03-31": "59.32600", "2013-12-31": "63.71600", "2013-09-30": "56.45000", "2013-06-30": "47.16900", "2013-03-31": "30.74000", "2012-12-31": "34.03900", "2012-09-30": "43.57600", "2012-06-30": "46.70600", "2012-03-31": "45.71400", "2011-12-31": "33.96900", "2011-09-30": "37.76200", "2011-06-30": "28.62200", "2011-03-31": "20.55600", "2010-12-31": "21.62800", "2010-09-30": "17.44300", "2010-06-30": "22.48300", "2010-03-31": "18.68200", "2009-12-31": "20.63800", "2009-09-30": "18.49800", "2009-06-30": "20.27200", "2009-03-31": "12.50300", "2008-12-31": "14.92400", "2008-09-30": "18.07300", "2008-06-30": "18.14900", "2008-03-31": "19.24000", "2007-12-31": "17.64300", "2007-09-30": "18.12300", "2007-06-30": "19.42100", "2007-03-31": "17.19200", "2006-12-31": "19.94000", "2006-09-30": "13.71700", "2006-06-30": "9.32400", "2006-03-31": "13.16300", "2005-12-31": "13.33000", "2005-09-30": "13.71800", "2005-06-30": "11.29700", "2005-03-31": "10.00800"}, "Other Current Assets": {"2020-12-31": "", "2020-09-30": "", "2020-06-30": "", "2020-03-31": "", "2019-12-31": "", "2019-09-30": "", "2019-06-30": "", "2019-03-31": "", "2018-12-31": "", "2018-09-30": "", "2018-06-30": "", "2018-03-31": "", "2017-12-31": "", "2017-09-30": "", "2017-06-30": "", "2017-03-31": "", "2016-12-31": "", "2016-09-30": "", "2016-06-30": "", "2016-03-31": "", "2015-12-31": "", "2015-09-30": "", "2015-06-30": "", "2015-03-31": "", "2014-12-31": "", "2014-09-30": "", "2014-06-30": "", "2014-03-31": "", "2013-12-31": "", "2013-09-30": "", "2013-06-30": "", "2013-03-31": "", "2012-12-31": "", "2012-09-30": "", "2012-06-30": "", "2012-03-31": "", "2011-12-31": "", "2011-09-30": "", "2011-06-30": "", "2011-03-31": "", "2010-12-31": "", "2010-09-30": "", "2010-06-30": "", "2010-03-31": "", "2009-12-31": "", "2009-09-30": "", "2009-06-30": "", "2009-03-31": "", "2008-12-31": "", "2008-09-30": "", "2008-06-30": "", "2008-03-31": "", "2007-12-31": "", "2007-09-30": "", "2007-06-30": "", "2007-03-31": "", "2006-12-31": "", "2006-09-30": "", "2006-06-30": "", "2006-03-31": "", "2005-12-31": "", "2005-09-30": "", "2005-06-30": "", "2005-03-31": ""}, "Total Current Assets": {"2020-12-31": "2207.50000", "2020-09-30": "2379.70000", "2020-06-30": "1883.70000", "2020-03-31": "1985.20000", "2019-12-31": "1627.00000", "2019-09-30": "1743.13800", "2019-06-30": "1570.80400", "2019-03-31": "1638.95000", "2018-12-31": "1485.70300", "2018-09-30": "1531.55300", "2018-06-30": "1414.19400", "2018-03-31": "1384.58600", "2017-12-31": "1253.50400", "2017-09-30": "1248.65000", "2017-06-30": "1216.87900", "2017-03-31": "1250.47700", "2016-12-31": "1190.98900", "2016-09-30": "1149.67100", "2016-06-30": "1065.55300", "2016-03-31": "1076.67000", "2015-12-31": "1152.92200", "2015-09-30": "1271.56600", "2015-06-30": "1173.91900", "2015-03-31": "1102.25500", "2014-12-31": "1096.55500", "2014-09-30": "1080.56500", "2014-06-30": "993.44700", "2014-03-31": "890.50700", "2013-12-31": "865.69800", "2013-09-30": "1162.50400", "2013-06-30": "939.93700", "2013-03-31": "1006.36000", "2012-12-31": "1017.84100", "2012-09-30": "1090.83000", "2012-06-30": "916.76500", "2012-03-31": "864.93700", "2011-12-31": "875.03700", "2011-09-30": "891.98900", "2011-06-30": "797.29600", "2011-03-31": "801.47200", "2010-12-31": "808.14500", "2010-09-30": "728.57900", "2010-06-30": "567.83900", "2010-03-31": "476.39500", "2009-12-31": "491.50000", "2009-09-30": "478.36900", "2009-06-30": "400.02200", "2009-03-31": "413.75100", "2008-12-31": "443.61200", "2008-09-30": "477.28600", "2008-06-30": "460.23700", "2008-03-31": "443.41700", "2007-12-31": "447.55600", "2007-09-30": "498.74000", "2007-06-30": "432.82000", "2007-03-31": "406.93000", "2006-12-31": "392.96100", "2006-09-30": "401.00400", "2006-06-30": "372.32800", "2006-03-31": "360.22600", "2005-12-31": "373.98800", "2005-09-30": "406.54300", "2005-06-30": "377.00500", "2005-03-31": "404.85700"}, "Property, Plant, And Equipment": {"2020-12-31": "888.80000", "2020-09-30": "865.30000", "2020-06-30": "873.70000", "2020-03-31": "886.10000", "2019-12-31": "899.80000", "2019-09-30": "887.64400", "2019-06-30": "889.82500", "2019-03-31": "868.12800", "2018-12-31": "843.12200", "2018-09-30": "807.51100", "2018-06-30": "762.26800", "2018-03-31": "759.95700", "2017-12-31": "747.18900", "2017-09-30": "735.44100", "2017-06-30": "736.86600", "2017-03-31": "729.06300", "2016-12-31": "727.59600", "2016-09-30": "687.69700", "2016-06-30": "696.24100", "2016-03-31": "675.16400", "2015-12-31": "650.67800", "2015-09-30": "587.93500", "2015-06-30": "569.12600", "2015-03-31": "558.75300", "2014-12-31": "555.42800", "2014-09-30": "538.03100", "2014-06-30": "532.42500", "2014-03-31": "495.05300", "2013-12-31": "455.16700", "2013-09-30": "420.32800", "2013-06-30": "342.71300", "2013-03-31": "274.73700", "2012-12-31": "253.36900", "2012-09-30": "230.60500", "2012-06-30": "223.77700", "2012-03-31": "219.77900", "2011-12-31": "213.77800", "2011-09-30": "198.01800", "2011-06-30": "193.07100", "2011-03-31": "184.55300", "2010-12-31": "184.01100", "2010-09-30": "180.93600", "2010-06-30": "184.57200", "2010-03-31": "189.43300", "2009-12-31": "194.41600", "2009-09-30": "203.90100", "2009-06-30": "212.10300", "2009-03-31": "214.29800", "2008-12-31": "215.63700", "2008-09-30": "217.91000", "2008-06-30": "215.27400", "2008-03-31": "211.13200", "2007-12-31": "204.35100", "2007-09-30": "203.47900", "2007-06-30": "205.59800", "2007-03-31": "205.51100", "2006-12-31": "204.00100", "2006-09-30": "207.90900", "2006-06-30": "219.07100", "2006-03-31": "222.27500", "2005-12-31": "222.33600", "2005-09-30": "222.71500", "2005-06-30": "219.84500", "2005-03-31": "214.27300"}, "Long-Term Investments": {"2020-12-31": "59.40000", "2020-09-30": "44.90000", "2020-06-30": "72.00000", "2020-03-31": "112.40000", "2019-12-31": "110.60000", "2019-09-30": "104.06000", "2019-06-30": "97.30300", "2019-03-31": "99.50100", "2018-12-31": "92.05900", "2018-09-30": "88.79000", "2018-06-30": "92.95400", "2018-03-31": "95.51100", "2017-12-31": "88.76400", "2017-09-30": "70.91000", "2017-06-30": "86.55200", "2017-03-31": "87.39800", "2016-12-31": "94.00900", "2016-09-30": "92.20300", "2016-06-30": "93.87000", "2016-03-31": "99.91000", "2015-12-31": "99.07300", "2015-09-30": "88.69000", "2015-06-30": "87.62500", "2015-03-31": "96.24700", "2014-12-31": "89.10700", "2014-09-30": "93.01700", "2014-06-30": "86.21900", "2014-03-31": "86.54100", "2013-12-31": "69.21700", "2013-09-30": "75.11300", "2013-06-30": "73.24700", "2013-03-31": "68.85300", "2012-12-31": "69.80500", "2012-09-30": "59.52100", "2012-06-30": "46.69200", "2012-03-31": "49.22100", "2011-12-31": "47.25100", "2011-09-30": "38.15500", "2011-06-30": "36.54200", "2011-03-31": "39.50700", "2010-12-31": "38.17800", "2010-09-30": "34.66200", "2010-06-30": "41.31800", "2010-03-31": "47.21400", "2009-12-31": "51.86800", "2009-09-30": "52.10900", "2009-06-30": "54.00800", "2009-03-31": "59.20700", "2008-12-31": "67.20600", "2008-09-30": "73.77600", "2008-06-30": "78.31700", "2008-03-31": "82.38200", "2007-12-31": "85.91100", "2007-09-30": "74.15400", "2007-06-30": "73.45000", "2007-03-31": "90.97600", "2006-12-31": "155.06200", "2006-09-30": "150.45400", "2006-06-30": "143.61300", "2006-03-31": "142.94200", "2005-12-31": "147.37300", "2005-09-30": "137.23700", "2005-06-30": "92.35700", "2005-03-31": "89.74700"}, "Goodwill And Intangible Assets": {"2020-12-31": "1083.70000", "2020-09-30": "1087.30000", "2020-06-30": "1092.00000", "2020-03-31": "1478.40000", "2019-12-31": "1490.20000", "2019-09-30": "1494.64600", "2019-06-30": "1508.72200", "2019-03-31": "1506.41400", "2018-12-31": "1517.59400", "2018-09-30": "1515.43100", "2018-06-30": "765.05000", "2018-03-31": "777.84400", "2017-12-31": "780.58600", "2017-09-30": "784.61600", "2017-06-30": "786.93500", "2017-03-31": "786.57400", "2016-12-31": "792.97900", "2016-09-30": "271.41900", "2016-06-30": "273.89600", "2016-03-31": "278.48300", "2015-12-31": "236.11700", "2015-09-30": "232.14200", "2015-06-30": "235.03000", "2015-03-31": "210.45100", "2014-12-31": "223.96600", "2014-09-30": "224.44300", "2014-06-30": "238.11800", "2014-03-31": "226.46100", "2013-12-31": "229.70800", "2013-09-30": "227.88900", "2013-06-30": "223.53700", "2013-03-31": "105.09600", "2012-12-31": "107.21600", "2012-09-30": "76.70400", "2012-06-30": "76.37900", "2012-03-31": "78.18700", "2011-12-31": "77.71800", "2011-09-30": "59.65800", "2011-06-30": "60.87800", "2011-03-31": "31.55100", "2010-12-31": "31.31300", "2010-09-30": "27.88000", "2010-06-30": "27.57900", "2010-03-31": "27.89000", "2009-12-31": "25.86900", "2009-09-30": "25.58900", "2009-06-30": "25.10500", "2009-03-31": "24.54000", "2008-12-31": "24.69300", "2008-09-30": "25.96000", "2008-06-30": "26.19000", "2008-03-31": "26.11000", "2007-12-31": "26.49100", "2007-09-30": "26.32100", "2007-06-30": "25.82500", "2007-03-31": "25.19200", "2006-12-31": "25.17200", "2006-09-30": "25.54100", "2006-06-30": "25.52000", "2006-03-31": "25.22700", "2005-12-31": "25.25900", "2005-09-30": "25.24700", "2005-06-30": "27.79600", "2005-03-31": "27.89100"}, "Other Long-Term Assets": {"2020-12-31": "90.20000", "2020-09-30": "114.20000", "2020-06-30": "101.20000", "2020-03-31": "100.90000", "2019-12-31": "99.40000", "2019-09-30": "94.83900", "2019-06-30": "96.90400", "2019-03-31": "94.94900", "2018-12-31": "98.96300", "2018-09-30": "88.29900", "2018-06-30": "89.61300", "2018-03-31": "86.82800", "2017-12-31": "104.03900", "2017-09-30": "102.16200", "2017-06-30": "95.57300", "2017-03-31": "96.60000", "2016-12-31": "105.55300", "2016-09-30": "95.59400", "2016-06-30": "95.12900", "2016-03-31": "83.68400", "2015-12-31": "80.33100", "2015-09-30": "83.46700", "2015-06-30": "75.32600", "2015-03-31": "77.42100", "2014-12-31": "68.67800", "2014-09-30": "47.68000", "2014-06-30": "47.03700", "2014-03-31": "45.83900", "2013-12-31": "47.08200", "2013-09-30": "29.83200", "2013-06-30": "26.28200", "2013-03-31": "21.60300", "2012-12-31": "15.87200", "2012-09-30": "", "2012-06-30": "", "2012-03-31": "", "2011-12-31": "3.63900", "2011-09-30": "", "2011-06-30": "", "2011-03-31": "", "2010-12-31": "", "2010-09-30": "", "2010-06-30": "", "2010-03-31": "", "2009-12-31": "", "2009-09-30": "", "2009-06-30": "", "2009-03-31": "", "2008-12-31": "", "2008-09-30": "", "2008-06-30": "", "2008-03-31": "", "2007-12-31": "", "2007-09-30": "", "2007-06-30": "", "2007-03-31": "", "2006-12-31": "", "2006-09-30": "", "2006-06-30": "", "2006-03-31": "", "2005-12-31": "", "2005-09-30": "", "2005-06-30": "", "2005-03-31": ""}, "Total Long-Term Assets": {"2020-12-31": "2425.20000", "2020-09-30": "2403.90000", "2020-06-30": "2429.00000", "2020-03-31": "2778.70000", "2019-12-31": "2803.50000", "2019-09-30": "2784.28400", "2019-06-30": "2793.40800", "2019-03-31": "2769.76700", "2018-12-31": "2639.21200", "2018-09-30": "2616.47800", "2018-06-30": "1825.28400", "2018-03-31": "1835.02100", "2017-12-31": "1836.08900", "2017-09-30": "1884.41600", "2017-06-30": "1898.09300", "2017-03-31": "1885.52200", "2016-12-31": "1908.60800", "2016-09-30": "1320.65400", "2016-06-30": "1330.09100", "2016-03-31": "1303.10300", "2015-12-31": "1232.73700", "2015-09-30": "1038.50500", "2015-06-30": "1007.63500", "2015-03-31": "978.52800", "2014-12-31": "978.37990", "2014-09-30": "928.26700", "2014-06-30": "925.60190", "2014-03-31": "873.94200", "2013-12-31": "819.79000", "2013-09-30": "760.71500", "2013-06-30": "670.46500", "2013-03-31": "494.52900", "2012-12-31": "470.68600", "2012-09-30": "380.59800", "2012-06-30": "359.58600", "2012-03-31": "357.89600", "2011-12-31": "352.98700", "2011-09-30": "306.07100", "2011-06-30": "293.96600", "2011-03-31": "255.61100", "2010-12-31": "253.50200", "2010-09-30": "243.47800", "2010-06-30": "253.46900", "2010-03-31": "264.53700", "2009-12-31": "272.15300", "2009-09-30": "281.59900", "2009-06-30": "291.21600", "2009-03-31": "298.04500", "2008-12-31": "307.53600", "2008-09-30": "325.80900", "2008-06-30": "326.14400", "2008-03-31": "325.78500", "2007-12-31": "322.32500", "2007-09-30": "309.37000", "2007-06-30": "308.15500", "2007-03-31": "324.89100", "2006-12-31": "385.83000", "2006-09-30": "385.07600", "2006-06-30": "389.89700", "2006-03-31": "392.60400", "2005-12-31": "396.64500", "2005-09-30": "385.19900", "2005-06-30": "339.99800", "2005-03-31": "331.91100"}, "Total Assets": {"2020-12-31": "4632.70000", "2020-09-30": "4783.60000", "2020-06-30": "4312.70000", "2020-03-31": "4763.90000", "2019-12-31": "4430.50000", "2019-09-30": "4527.42200", "2019-06-30": "4364.21200", "2019-03-31": "4408.71700", "2018-12-31": "4124.91500", "2018-09-30": "4148.03100", "2018-06-30": "3239.47800", "2018-03-31": "3219.60700", "2017-12-31": "3089.59300", "2017-09-30": "3133.06600", "2017-06-30": "3114.97200", "2017-03-31": "3135.99900", "2016-12-31": "3099.59700", "2016-09-30": "2470.32500", "2016-06-30": "2395.64400", "2016-03-31": "2379.77300", "2015-12-31": "2385.65900", "2015-09-30": "2310.07100", "2015-06-30": "2181.55400", "2015-03-31": "2080.78300", "2014-12-31": "2074.93500", "2014-09-30": "2008.83200", "2014-06-30": "1919.04900", "2014-03-31": "1764.44900", "2013-12-31": "1685.48800", "2013-09-30": "1923.21900", "2013-06-30": "1610.40200", "2013-03-31": "1500.88900", "2012-12-31": "1488.52700", "2012-09-30": "1471.42800", "2012-06-30": "1276.35100", "2012-03-31": "1222.83300", "2011-12-31": "1228.02400", "2011-09-30": "1198.06000", "2011-06-30": "1091.26200", "2011-03-31": "1057.08300", "2010-12-31": "1061.64700", "2010-09-30": "972.05700", "2010-06-30": "821.30800", "2010-03-31": "740.93200", "2009-12-31": "763.65300", "2009-09-30": "759.96800", "2009-06-30": "691.23800", "2009-03-31": "711.79600", "2008-12-31": "751.14800", "2008-09-30": "803.09500", "2008-06-30": "786.38100", "2008-03-31": "769.20200", "2007-12-31": "769.88100", "2007-09-30": "808.11000", "2007-06-30": "740.97500", "2007-03-31": "731.82100", "2006-12-31": "778.79100", "2006-09-30": "786.08000", "2006-06-30": "762.22500", "2006-03-31": "752.83000", "2005-12-31": "770.63300", "2005-09-30": "791.74200", "2005-06-30": "717.00300", "2005-03-31": "736.76800"}, "Total Current Liabilities": {"2020-12-31": "1889.40000", "2020-09-30": "2239.00000", "2020-06-30": "1907.60000", "2020-03-31": "1513.00000", "2019-12-31": "1528.00000", "2019-09-30": "1546.12500", "2019-06-30": "1332.37800", "2019-03-31": "1248.10800", "2018-12-31": "1197.37400", "2018-09-30": "1285.84000", "2018-06-30": "1115.17000", "2018-03-31": "1114.49500", "2017-12-31": "1130.31100", "2017-09-30": "1195.03800", "2017-06-30": "1048.10600", "2017-03-31": "986.38500", "2016-12-31": "959.75100", "2016-09-30": "986.07800", "2016-06-30": "881.86900", "2016-03-31": "794.25300", "2015-12-31": "826.78300", "2015-09-30": "909.62000", "2015-06-30": "751.65900", "2015-03-31": "750.05700", "2014-12-31": "850.81000", "2014-09-30": "825.30200", "2014-06-30": "725.37200", "2014-03-31": "687.01400", "2013-12-31": "748.07000", "2013-09-30": "816.73600", "2013-06-30": "639.16900", "2013-03-31": "599.62800", "2012-12-31": "631.02900", "2012-09-30": "700.90600", "2012-06-30": "592.61600", "2012-03-31": "560.14000", "2011-12-31": "586.33300", "2011-09-30": "595.68500", "2011-06-30": "533.63700", "2011-03-31": "561.26100", "2010-12-31": "584.21000", "2010-09-30": "455.34900", "2010-06-30": "362.15300", "2010-03-31": "309.34100", "2009-12-31": "343.07400", "2009-09-30": "378.22600", "2009-06-30": "283.58900", "2009-03-31": "323.22500", "2008-12-31": "404.83300", "2008-09-30": "439.62000", "2008-06-30": "379.80700", "2008-03-31": "355.36300", "2007-12-31": "388.24600", "2007-09-30": "419.75700", "2007-06-30": "340.58400", "2007-03-31": "305.96500", "2006-12-31": "361.42000", "2006-09-30": "374.90800", "2006-06-30": "321.82400", "2006-03-31": "299.89900", "2005-12-31": "375.61400", "2005-09-30": "420.20700", "2005-06-30": "354.80300", "2005-03-31": "336.60000"}, "Long Term Debt": {"2020-12-31": "1308.60000", "2020-09-30": "1322.30000", "2020-06-30": "1391.50000", "2020-03-31": "1996.80000", "2019-12-31": "1526.80000", "2019-09-30": "1716.95900", "2019-06-30": "1831.56300", "2019-03-31": "2034.77000", "2018-12-31": "1896.02700", "2018-09-30": "1797.73200", "2018-06-30": "1072.50200", "2018-03-31": "964.23400", "2017-12-31": "865.26600", "2017-09-30": "892.14900", "2017-06-30": "1064.96600", "2017-03-31": "1174.85300", "2016-12-31": "1138.06300", "2016-09-30": "431.96600", "2016-06-30": "463.30400", "2016-03-31": "527.50900", "2015-12-31": "456.41700", "2015-09-30": "311.77400", "2015-06-30": "398.53400", "2015-03-31": "326.86200", "2014-12-31": "223.62000", "2014-09-30": "225.21400", "2014-06-30": "364.50600", "2014-03-31": "328.72300", "2013-12-31": "284.34200", "2013-09-30": "103.90400", "2013-06-30": "104.30400", "2013-03-31": "103.72700", "2012-12-31": "104.29200", "2012-09-30": "104.69200", "2012-06-30": "104.95900", "2012-03-31": "105.31400", "2011-12-31": "104.60000", "2011-09-30": "100.00000", "2011-06-30": "100.00000", "2011-03-31": "100.00000", "2010-12-31": "100.00000", "2010-09-30": "200.00000", "2010-06-30": "200.00000", "2010-03-31": "200.00000", "2009-12-31": "200.00000", "2009-09-30": "200.00000", "2009-06-30": "250.00000", "2009-03-31": "244.00000", "2008-12-31": "200.00000", "2008-09-30": "220.00000", "2008-06-30": "261.00000", "2008-03-31": "260.00000", "2007-12-31": "200.00000", "2007-09-30": "200.00000", "2007-06-30": "200.00000", "2007-03-31": "243.00000", "2006-12-31": "250.00000", "2006-09-30": "78.00000", "2006-06-30": "91.00000", "2006-03-31": "80.00000", "2005-12-31": "18.00000", "2005-09-30": "18.00000", "2005-06-30": "30.00000", "2005-03-31": "18.00000"}, "Other Non-Current Liabilities": {"2020-12-31": "193.20000", "2020-09-30": "196.80000", "2020-06-30": "184.70000", "2020-03-31": "173.30000", "2019-12-31": "185.60000", "2019-09-30": "169.98500", "2019-06-30": "167.34700", "2019-03-31": "160.75700", "2018-12-31": "158.00900", "2018-09-30": "159.15300", "2018-06-30": "165.62900", "2018-03-31": "157.41000", "2017-12-31": "152.22900", "2017-09-30": "140.54900", "2017-06-30": "139.11400", "2017-03-31": "129.82900", "2016-12-31": "125.61600", "2016-09-30": "111.37600", "2016-06-30": "113.40200", "2016-03-31": "113.41600", "2015-12-31": "107.24900", "2015-09-30": "135.40400", "2015-06-30": "130.16900", "2015-03-31": "125.86700", "2014-12-31": "121.04700", "2014-09-30": "114.51400", "2014-06-30": "111.76900", "2014-03-31": "108.79600", "2013-12-31": "92.44300", "2013-09-30": "70.89700", "2013-06-30": "59.46600", "2013-03-31": "65.69600", "2012-12-31": "60.64100", "2012-09-30": "6.74900", "2012-06-30": "8.43700", "2012-03-31": "8.12000", "2011-12-31": "37.03500", "2011-09-30": "7.15600", "2011-06-30": "6.18400", "2011-03-31": "5.83500", "2010-12-31": "5.50900", "2010-09-30": "4.04500", "2010-06-30": "5.65900", "2010-03-31": "5.08700", "2009-12-31": "4.98800", "2009-09-30": "4.48100", "2009-06-30": "5.10600", "2009-03-31": "4.93800", "2008-12-31": "5.10300", "2008-09-30": "", "2008-06-30": "", "2008-03-31": "", "2007-12-31": "8.65300", "2007-09-30": "", "2007-06-30": "", "2007-03-31": "", "2006-12-31": "", "2006-09-30": "", "2006-06-30": "", "2006-03-31": "", "2005-12-31": "", "2005-09-30": "", "2005-06-30": "", "2005-03-31": ""}, "Total Long Term Liabilities": {"2020-12-31": "1598.50000", "2020-09-30": "1596.80000", "2020-06-30": "1651.90000", "2020-03-31": "2249.10000", "2019-12-31": "1794.30000", "2019-09-30": "1968.07500", "2019-06-30": "2079.74600", "2019-03-31": "2281.11000", "2018-12-31": "2060.52600", "2018-09-30": "1963.93900", "2018-06-30": "1246.79800", "2018-03-31": "1131.65000", "2017-12-31": "1027.62300", "2017-09-30": "1042.06400", "2017-06-30": "1213.08900", "2017-03-31": "1313.76800", "2016-12-31": "1272.80600", "2016-09-30": "555.91600", "2016-06-30": "589.59300", "2016-03-31": "654.65300", "2015-12-31": "577.39900", "2015-09-30": "463.09100", "2015-06-30": "545.14900", "2015-03-31": "468.44800", "2014-12-31": "362.85800", "2014-09-30": "360.82800", "2014-06-30": "499.25700", "2014-03-31": "461.58600", "2013-12-31": "401.81300", "2013-09-30": "174.80100", "2013-06-30": "163.77000", "2013-03-31": "169.42300", "2012-12-31": "166.96800", "2012-09-30": "111.44100", "2012-06-30": "113.39600", "2012-03-31": "113.43400", "2011-12-31": "141.63500", "2011-09-30": "107.15600", "2011-06-30": "106.18400", "2011-03-31": "106.64600", "2010-12-31": "106.44600", "2010-09-30": "218.79300", "2010-06-30": "219.35700", "2010-03-31": "219.23000", "2009-12-31": "216.03800", "2009-09-30": "204.52400", "2009-06-30": "258.20800", "2009-03-31": "250.90400", "2008-12-31": "209.28800", "2008-09-30": "224.58100", "2008-06-30": "268.61500", "2008-03-31": "268.82700", "2007-12-31": "208.65300", "2007-09-30": "205.09500", "2007-06-30": "205.55900", "2007-03-31": "248.44000", "2006-12-31": "250.00000", "2006-09-30": "78.00000", "2006-06-30": "91.00000", "2006-03-31": "80.00000", "2005-12-31": "18.00000", "2005-09-30": "19.80000", "2005-06-30": "34.00000", "2005-03-31": "24.00000"}, "Total Liabilities": {"2020-12-31": "3487.90000", "2020-09-30": "3835.80000", "2020-06-30": "3559.50000", "2020-03-31": "3762.10000", "2019-12-31": "3322.30000", "2019-09-30": "3514.20000", "2019-06-30": "3412.12400", "2019-03-31": "3529.21800", "2018-12-31": "3257.90000", "2018-09-30": "3249.77900", "2018-06-30": "2361.96800", "2018-03-31": "2246.14500", "2017-12-31": "2157.93400", "2017-09-30": "2237.10200", "2017-06-30": "2261.19500", "2017-03-31": "2300.15300", "2016-12-31": "2232.55700", "2016-09-30": "1541.99400", "2016-06-30": "1471.46200", "2016-03-31": "1448.90600", "2015-12-31": "1404.18200", "2015-09-30": "1372.71100", "2015-06-30": "1296.80800", "2015-03-31": "1218.50500", "2014-12-31": "1213.66800", "2014-09-30": "1186.13000", "2014-06-30": "1224.62900", "2014-03-31": "1148.60000", "2013-12-31": "1149.88300", "2013-09-30": "991.53700", "2013-06-30": "802.93900", "2013-03-31": "769.05100", "2012-12-31": "797.99700", "2012-09-30": "812.34700", "2012-06-30": "706.01200", "2012-03-31": "673.57400", "2011-12-31": "727.96800", "2011-09-30": "702.84100", "2011-06-30": "639.82100", "2011-03-31": "667.90700", "2010-12-31": "690.65600", "2010-09-30": "674.14200", "2010-06-30": "581.51000", "2010-03-31": "528.57100", "2009-12-31": "559.11200", "2009-09-30": "582.75000", "2009-06-30": "541.79700", "2009-03-31": "574.12900", "2008-12-31": "614.12100", "2008-09-30": "664.20100", "2008-06-30": "648.42200", "2008-03-31": "624.19000", "2007-12-31": "596.89900", "2007-09-30": "624.85200", "2007-06-30": "546.14300", "2007-03-31": "554.40500", "2006-12-31": "611.42000", "2006-09-30": "452.90800", "2006-06-30": "412.82400", "2006-03-31": "379.89900", "2005-12-31": "393.61400", "2005-09-30": "440.00700", "2005-06-30": "388.80300", "2005-03-31": "360.60000"}, "Common Stock Net": {"2020-12-31": "", "2020-09-30": "0.60000", "2020-06-30": "0.60000", "2020-03-31": "0.60000", "2019-12-31": "0.60000", "2019-09-30": "0.61200", "2019-06-30": "0.61100", "2019-03-31": "0.61100", "2018-12-31": "0.60900", "2018-09-30": "0.61800", "2018-06-30": "0.62200", "2018-03-31": "0.63100", "2017-12-31": "0.63100", "2017-09-30": "0.62500", "2017-06-30": "0.62600", "2017-03-31": "0.63000", "2016-12-31": "0.63100", "2016-09-30": "0.64100", "2016-06-30": "0.64100", "2016-03-31": "0.64600", "2015-12-31": "0.65300", "2015-09-30": "0.65600", "2015-06-30": "0.66100", "2015-03-31": "0.66500", "2014-12-31": "0.66300", "2014-09-30": "0.66400", "2014-06-30": "0.66000", "2014-03-31": "0.65900", "2013-12-31": "0.65600", "2013-09-30": "0.69300", "2013-06-30": "0.68900", "2013-03-31": "0.68500", "2012-12-31": "0.68600", "2012-09-30": "0.68700", "2012-06-30": "0.68400", "2012-03-31": "0.68600", "2011-12-31": "0.68400", "2011-09-30": "0.68700", "2011-06-30": "0.34500", "2011-03-31": "0.34100", "2010-12-31": "0.68500", "2010-09-30": "0.33600", "2010-06-30": "0.33200", "2010-03-31": "0.32900", "2009-12-31": "0.32600", "2009-09-30": "0.32700", "2009-06-30": "0.32600", "2009-03-31": "0.32600", "2008-12-31": "0.32500", "2008-09-30": "0.32400", "2008-06-30": "0.32700", "2008-03-31": "0.33100", "2007-12-31": "0.34200", "2007-09-30": "0.35000", "2007-06-30": "0.35700", "2007-03-31": "0.35600", "2006-12-31": "0.35500", "2006-09-30": "0.39400", "2006-06-30": "0.40500", "2006-03-31": "0.41500", "2005-12-31": "0.41700", "2005-09-30": "0.41800", "2005-06-30": "0.42100", "2005-03-31": "0.43200"}, "Retained Earnings (Accumulated Deficit)": {"2020-12-31": "", "2020-09-30": "59.00000", "2020-06-30": "-69.30000", "2020-03-31": "210.60000", "2019-12-31": "287.30000", "2019-09-30": "228.83700", "2019-06-30": "177.54000", "2019-03-31": "127.51300", "2018-12-31": "121.11400", "2018-09-30": "152.56100", "2018-06-30": "140.03300", "2018-03-31": "246.98000", "2017-12-31": "242.76300", "2017-09-30": "250.54400", "2017-06-30": "227.90400", "2017-03-31": "241.23700", "2016-12-31": "300.08400", "2016-09-30": "354.98800", "2016-06-30": "367.47600", "2016-03-31": "381.99300", "2015-12-31": "447.17300", "2015-09-30": "409.70700", "2015-06-30": "371.49200", "2015-03-31": "373.61000", "2014-12-31": "401.84000", "2014-09-30": "372.12800", "2014-06-30": "265.66700", "2014-03-31": "204.15700", "2013-12-31": "155.57200", "2013-09-30": "560.77300", "2013-06-30": "476.66100", "2013-03-31": "431.37900", "2012-12-31": "409.09100", "2012-09-30": "413.07000", "2012-06-30": "342.24300", "2012-03-31": "350.91700", "2011-12-31": "321.83100", "2011-09-30": "403.02000", "2011-06-30": "350.85700", "2011-03-31": "317.48900", "2010-12-31": "285.16900", "2010-09-30": "241.45900", "2010-06-30": "211.94900", "2010-03-31": "197.89600", "2009-12-31": "191.39900", "2009-09-30": "169.75500", "2009-06-30": "147.75100", "2009-03-31": "139.94100", "2008-12-31": "140.55900", "2008-09-30": "117.28100", "2008-06-30": "103.45900", "2008-03-31": "110.53400", "2007-12-31": "146.76300", "2007-09-30": "164.00800", "2007-06-30": "179.55600", "2007-03-31": "160.97900", "2006-12-31": "152.21900", "2006-09-30": "324.32200", "2006-06-30": "342.34500", "2006-03-31": "371.53700", "2005-12-31": "379.03200", "2005-09-30": "355.84700", "2005-06-30": "333.11300", "2005-03-31": "382.39500"}, "Comprehensive Income": {"2020-12-31": "", "2020-09-30": "-84.90000", "2020-06-30": "-99.60000", "2020-03-31": "-108.00000", "2019-12-31": "-72.70000", "2019-09-30": "-83.59100", "2019-06-30": "-70.82000", "2019-03-31": "-69.71000", "2018-12-31": "-62.97300", "2018-09-30": "-54.53400", "2018-06-30": "-54.29300", "2018-03-31": "-30.03700", "2017-12-31": "-45.62900", "2017-09-30": "-44.00300", "2017-06-30": "-54.44200", "2017-03-31": "-70.06500", "2016-12-31": "-83.83700", "2016-09-30": "-66.62300", "2016-06-30": "-70.78900", "2016-03-31": "-59.81100", "2015-12-31": "-62.49200", "2015-09-30": "-56.44100", "2015-06-30": "-54.70100", "2015-03-31": "-55.82500", "2014-12-31": "-27.24100", "2014-09-30": "-2.22700", "2014-06-30": "17.59400", "2014-03-31": "20.63400", "2013-12-31": "18.76100", "2013-09-30": "16.78200", "2013-06-30": "8.93100", "2013-03-31": "11.70600", "2012-12-31": "12.23800", "2012-09-30": "11.55400", "2012-06-30": "8.30700", "2012-03-31": "12.26600", "2011-12-31": "12.02300", "2011-09-30": "18.87600", "2011-06-30": "11.18800", "2011-03-31": "7.00400", "2010-12-31": "5.89800", "2010-09-30": "5.98800", "2010-06-30": "2.65600", "2010-03-31": "1.45200", "2009-12-31": "2.82400", "2009-09-30": "7.13600", "2009-06-30": "1.36400", "2009-03-31": "-2.60000", "2008-12-31": "-3.85700", "2008-09-30": "21.28900", "2008-06-30": "34.17300", "2008-03-31": "34.14700", "2007-12-31": "25.87700", "2007-09-30": "18.90000", "2007-06-30": "14.91900", "2007-03-31": "16.08100", "2006-12-31": "14.79700", "2006-09-30": "8.45600", "2006-06-30": "6.65100", "2006-03-31": "0.97900", "2005-12-31": "-2.43000", "2005-09-30": "-0.45300", "2005-06-30": "0.54000", "2005-03-31": "2.62300"}, "Other Share Holders Equity": {"2020-12-31": "", "2020-09-30": "", "2020-06-30": "", "2020-03-31": "", "2019-12-31": "", "2019-09-30": "", "2019-06-30": "", "2019-03-31": "", "2018-12-31": "", "2018-09-30": "", "2018-06-30": "", "2018-03-31": "", "2017-12-31": "", "2017-09-30": "", "2017-06-30": "", "2017-03-31": "", "2016-12-31": "", "2016-09-30": "", "2016-06-30": "", "2016-03-31": "", "2015-12-31": "", "2015-09-30": "", "2015-06-30": "", "2015-03-31": "", "2014-12-31": "", "2014-09-30": "", "2014-06-30": "", "2014-03-31": "", "2013-12-31": "", "2013-09-30": "", "2013-06-30": "", "2013-03-31": "", "2012-12-31": "", "2012-09-30": "", "2012-06-30": "", "2012-03-31": "", "2011-12-31": "", "2011-09-30": "", "2011-06-30": "", "2011-03-31": "", "2010-12-31": "", "2010-09-30": "", "2010-06-30": "", "2010-03-31": "", "2009-12-31": "", "2009-09-30": "", "2009-06-30": "", "2009-03-31": "", "2008-12-31": "", "2008-09-30": "", "2008-06-30": "", "2008-03-31": "", "2007-12-31": "", "2007-09-30": "", "2007-06-30": "", "2007-03-31": "", "2006-12-31": "", "2006-09-30": "", "2006-06-30": "", "2006-03-31": "", "2005-12-31": "", "2005-09-30": "", "2005-06-30": "", "2005-03-31": ""}, "Share Holder Equity": {"2020-12-31": "1144.80000", "2020-09-30": "947.80000", "2020-06-30": "753.20000", "2020-03-31": "1001.80000", "2019-12-31": "1108.20000", "2019-09-30": "1013.22200", "2019-06-30": "952.08800", "2019-03-31": "879.49900", "2018-12-31": "867.01500", "2018-09-30": "898.25200", "2018-06-30": "877.51000", "2018-03-31": "973.46200", "2017-12-31": "931.65900", "2017-09-30": "895.96400", "2017-06-30": "853.77700", "2017-03-31": "835.84600", "2016-12-31": "867.04000", "2016-09-30": "928.33100", "2016-06-30": "924.18200", "2016-03-31": "930.86700", "2015-12-31": "981.47700", "2015-09-30": "937.36000", "2015-06-30": "884.74600", "2015-03-31": "862.27800", "2014-12-31": "861.26700", "2014-09-30": "822.70200", "2014-06-30": "694.42000", "2014-03-31": "615.84900", "2013-12-31": "535.60500", "2013-09-30": "931.68200", "2013-06-30": "807.46300", "2013-03-31": "731.83800", "2012-12-31": "690.53000", "2012-09-30": "659.08100", "2012-06-30": "570.33900", "2012-03-31": "549.25900", "2011-12-31": "500.05600", "2011-09-30": "495.21900", "2011-06-30": "451.44100", "2011-03-31": "389.17600", "2010-12-31": "370.99100", "2010-09-30": "297.91500", "2010-06-30": "239.79800", "2010-03-31": "212.36100", "2009-12-31": "204.54100", "2009-09-30": "177.21800", "2009-06-30": "149.44100", "2009-03-31": "137.66700", "2008-12-31": "137.02700", "2008-09-30": "138.89400", "2008-06-30": "137.95900", "2008-03-31": "145.01200", "2007-12-31": "172.98200", "2007-09-30": "183.25800", "2007-06-30": "194.83200", "2007-03-31": "177.41600", "2006-12-31": "167.37100", "2006-09-30": "333.17200", "2006-06-30": "349.40100", "2006-03-31": "372.93100", "2005-12-31": "377.01900", "2005-09-30": "351.73500", "2005-06-30": "328.20000", "2005-03-31": "376.16800"}, "Total Liabilities And Share Holders Equity": {"2020-12-31": "4632.70000", "2020-09-30": "4783.60000", "2020-06-30": "4312.70000", "2020-03-31": "4763.90000", "2019-12-31": "4430.50000", "2019-09-30": "4527.42200", "2019-06-30": "4364.21200", "2019-03-31": "4408.71700", "2018-12-31": "4124.91500", "2018-09-30": "4148.03100", "2018-06-30": "3239.47800", "2018-03-31": "3219.60700", "2017-12-31": "3089.59300", "2017-09-30": "3133.06600", "2017-06-30": "3114.97200", "2017-03-31": "3135.99900", "2016-12-31": "3099.59700", "2016-09-30": "2470.32500", "2016-06-30": "2395.64400", "2016-03-31": "2379.77300", "2015-12-31": "2385.65900", "2015-09-30": "2310.07100", "2015-06-30": "2181.55400", "2015-03-31": "2080.78300", "2014-12-31": "2074.93500", "2014-09-30": "2008.83200", "2014-06-30": "1919.04900", "2014-03-31": "1764.44900", "2013-12-31": "1685.48800", "2013-09-30": "1923.21900", "2013-06-30": "1610.40200", "2013-03-31": "1500.88900", "2012-12-31": "1488.52700", "2012-09-30": "1471.42800", "2012-06-30": "1276.35100", "2012-03-31": "1222.83300", "2011-12-31": "1228.02400", "2011-09-30": "1198.06000", "2011-06-30": "1091.26200", "2011-03-31": "1057.08300", "2010-12-31": "1061.64700", "2010-09-30": "972.05700", "2010-06-30": "821.30800", "2010-03-31": "740.93200", "2009-12-31": "763.65300", "2009-09-30": "759.96800", "2009-06-30": "691.23800", "2009-03-31": "711.79600", "2008-12-31": "751.14800", "2008-09-30": "803.09500", "2008-06-30": "786.38100", "2008-03-31": "769.20200", "2007-12-31": "769.88100", "2007-09-30": "808.11000", "2007-06-30": "740.97500", "2007-03-31": "731.82100", "2006-12-31": "778.79100", "2006-09-30": "786.08000", "2006-06-30": "762.22500", "2006-03-31": "752.83000", "2005-12-31": "770.63300", "2005-09-30": "791.74200", "2005-06-30": "717.00300", "2005-03-31": "736.76800"}}, "cash flow statement": {"Net Income/Loss": {"2020-12-31": "124.90000", "2019-12-31": "323.88400", "2018-12-31": "335.25700", "2017-12-31": "172.49200", "2016-12-31": "212.94800", "2015-12-31": "455.36100", "2014-12-31": "454.02900", "2013-12-31": "377.29200", "2012-12-31": "312.31000", "2011-12-31": "227.57500", "2010-12-31": "147.13800", "2009-12-31": "101.01700", "2008-12-31": "117.39500", "2007-12-31": "111.65000", "2006-12-31": "106.57700", "2005-12-31": "136.71400"}, "Total Depreciation And Amortization - Cash Flow": {"2020-12-31": "639.90000", "2019-12-31": "234.51300", "2018-12-31": "211.03600", "2017-12-31": "191.10800", "2016-12-31": "167.51200", "2015-12-31": "152.13800", "2014-12-31": "127.50700", "2013-12-31": "92.10000", "2012-12-31": "70.58000", "2011-12-31": "66.39000", "2010-12-31": "66.51900", "2009-12-31": "64.59300", "2008-12-31": "66.11200", "2007-12-31": "62.09300", "2006-12-31": "71.16400", "2005-12-31": "67.93600"}, "Other Non-Cash Items": {"2020-12-31": "-35.00000", "2019-12-31": "38.14200", "2018-12-31": "73.05000", "2017-12-31": "125.43700", "2016-12-31": "11.63900", "2015-12-31": "-18.47300", "2014-12-31": "-42.81600", "2013-12-31": "15.26200", "2012-12-31": "-27.27200", "2011-12-31": "-23.82900", "2010-12-31": "-13.46900", "2009-12-31": "29.52200", "2008-12-31": "10.96200", "2007-12-31": "2.10900", "2006-12-31": "-5.76600", "2005-12-31": "-7.75800"}, "Total Non-Cash Items": {"2020-12-31": "604.90000", "2019-12-31": "272.65500", "2018-12-31": "284.08600", "2017-12-31": "316.54500", "2016-12-31": "179.15100", "2015-12-31": "133.66500", "2014-12-31": "84.69100", "2013-12-31": "107.36200", "2012-12-31": "43.30800", "2011-12-31": "42.56100", "2010-12-31": "53.05000", "2009-12-31": "94.11500", "2008-12-31": "77.07400", "2007-12-31": "64.20200", "2006-12-31": "65.39800", "2005-12-31": "60.17800"}, "Change In Accounts Receivable": {"2020-12-31": "-56.20000", "2019-12-31": "6.81200", "2018-12-31": "20.68600", "2017-12-31": "-17.06400", "2016-12-31": "2.03000", "2015-12-31": "48.79800", "2014-12-31": "-24.17400", "2013-12-31": "-54.05500", "2012-12-31": "2.41300", "2011-12-31": "-23.11500", "2010-12-31": "1.11100", "2009-12-31": "8.19200", "2008-12-31": "-15.71400", "2007-12-31": "-19.06900", "2006-12-31": "14.53400", "2005-12-31": "-7.17800"}, "Change In Inventories": {"2020-12-31": "-44.90000", "2019-12-31": "-149.87200", "2018-12-31": "-149.70100", "2017-12-31": "-26.95800", "2016-12-31": "111.99900", "2015-12-31": "-148.72500", "2014-12-31": "-158.47600", "2013-12-31": "-52.04900", "2012-12-31": "-36.02900", "2011-12-31": "-49.97300", "2010-12-31": "-56.61200", "2009-12-31": "42.99700", "2008-12-31": "-3.97000", "2007-12-31": "12.19100", "2006-12-31": "-28.51300", "2005-12-31": "-28.39600"}, "Change In Accounts Payable": {"2020-12-31": "326.60000", "2019-12-31": "103.76600", "2018-12-31": "-0.98400", "2017-12-31": "39.51600", "2016-12-31": "-62.69300", "2015-12-31": "-46.09500", "2014-12-31": "105.78300", "2013-12-31": "51.51900", "2012-12-31": "21.37100", "2011-12-31": "27.23200", "2010-12-31": "37.58000", "2009-12-31": "-40.32900", "2008-12-31": "25.94100", "2007-12-31": "-10.62700", "2006-12-31": "3.60800", "2005-12-31": "0.76200"}, "Change In Assets/Liabilities": {"2020-12-31": "-21.20000", "2019-12-31": "-6.03400", "2018-12-31": "-14.91200", "2017-12-31": "-17.09000", "2016-12-31": "2.92900", "2015-12-31": "-11.70800", "2014-12-31": "-8.57100", "2013-12-31": "-24.50500", "2012-12-31": "-17.65200", "2011-12-31": "-1.07500", "2010-12-31": "0.95600", "2009-12-31": "4.64300", "2008-12-31": "-9.73000", "2007-12-31": "3.64400", "2006-12-31": "0.79000", "2005-12-31": "-5.16900"}, "Total Change In Assets/Liabilities": {"2020-12-31": "288.80000", "2019-12-31": "58.49700", "2018-12-31": "-142.23100", "2017-12-31": "96.37100", "2016-12-31": "197.52900", "2015-12-31": "-148.79500", "2014-12-31": "-9.45000", "2013-12-31": "7.58600", "2012-12-31": "60.49200", "2011-12-31": "32.39400", "2010-12-31": "97.43100", "2009-12-31": "-1.93100", "2008-12-31": "-18.71500", "2007-12-31": "34.30600", "2006-12-31": "-26.35200", "2005-12-31": "-50.53000"}, "Cash Flow From Operating Activities": {"2020-12-31": "1018.60000", "2019-12-31": "655.03600", "2018-12-31": "477.11200", "2017-12-31": "585.40800", "2016-12-31": "589.62800", "2015-12-31": "440.23100", "2014-12-31": "529.27000", "2013-12-31": "492.24000", "2012-12-31": "416.11000", "2011-12-31": "302.53000", "2010-12-31": "297.61900", "2009-12-31": "193.20100", "2008-12-31": "175.75400", "2007-12-31": "210.15800", "2006-12-31": "145.62300", "2005-12-31": "146.36200"}, "Net Change In Property, Plant, And Equipment": {"2020-12-31": "-213.90000", "2019-12-31": "-251.37400", "2018-12-31": "-225.41400", "2017-12-31": "-184.38800", "2016-12-31": "-209.13700", "2015-12-31": "-249.48500", "2014-12-31": "-205.07900", "2013-12-31": "-251.40100", "2012-12-31": "-103.08300", "2011-12-31": "-84.48400", "2010-12-31": "-55.71800", "2009-12-31": "-43.93200", "2008-12-31": "-76.57500", "2007-12-31": "-63.74700", "2006-12-31": "-52.63600", "2005-12-31": "-89.77000"}, "Net Change In Intangible Assets": {"2020-12-31": "", "2019-12-31": "", "2018-12-31": "", "2017-12-31": "", "2016-12-31": "", "2015-12-31": "", "2014-12-31": "", "2013-12-31": "", "2012-12-31": "", "2011-12-31": "", "2010-12-31": "", "2009-12-31": "", "2008-12-31": "", "2007-12-31": "", "2006-12-31": "", "2005-12-31": ""}, "Net Acquisitions/Divestitures": {"2020-12-31": "", "2019-12-31": "-1.80000", "2018-12-31": "-759.80100", "2017-12-31": "1.64500", "2016-12-31": "-723.70500", "2015-12-31": "-41.19500", "2014-12-31": "-28.01300", "2013-12-31": "-137.10400", "2012-12-31": "-41.13500", "2011-12-31": "-51.89900", "2010-12-31": "-4.73800", "2009-12-31": "", "2008-12-31": "", "2007-12-31": "", "2006-12-31": "", "2005-12-31": ""}, "Net Change In Short-term Investments": {"2020-12-31": "", "2019-12-31": "", "2018-12-31": "", "2017-12-31": "", "2016-12-31": "", "2015-12-31": "", "2014-12-31": "", "2013-12-31": "", "2012-12-31": "", "2011-12-31": "", "2010-12-31": "", "2009-12-31": "", "2008-12-31": "", "2007-12-31": "", "2006-12-31": "", "2005-12-31": ""}, "Net Change In Long-Term Investments": {"2020-12-31": "63.20000", "2019-12-31": "13.88700", "2018-12-31": "25.72300", "2017-12-31": "31.64700", "2016-12-31": "23.58400", "2015-12-31": "1.59200", "2014-12-31": "-13.69000", "2013-12-31": "-18.18000", "2012-12-31": "-18.83400", "2011-12-31": "-4.76200", "2010-12-31": "18.33800", "2009-12-31": "14.25400", "2008-12-31": "6.84000", "2007-12-31": "84.18200", "2006-12-31": "21.58400", "2005-12-31": "-31.36100"}, "Net Change In Investments - Total": {"2020-12-31": "63.20000", "2019-12-31": "13.88700", "2018-12-31": "25.72300", "2017-12-31": "31.64700", "2016-12-31": "23.58400", "2015-12-31": "1.59200", "2014-12-31": "-13.69000", "2013-12-31": "-18.18000", "2012-12-31": "-18.83400", "2011-12-31": "-4.76200", "2010-12-31": "18.33800", "2009-12-31": "14.25400", "2008-12-31": "6.84000", "2007-12-31": "84.18200", "2006-12-31": "21.58400", "2005-12-31": "-31.36100"}, "Investing Activities - Other": {"2020-12-31": "", "2019-12-31": "", "2018-12-31": "", "2017-12-31": "", "2016-12-31": "", "2015-12-31": "", "2014-12-31": "", "2013-12-31": "", "2012-12-31": "", "2011-12-31": "", "2010-12-31": "", "2009-12-31": "", "2008-12-31": "", "2007-12-31": "", "2006-12-31": "", "2005-12-31": ""}, "Cash Flow From Investing Activities": {"2020-12-31": "-150.70000", "2019-12-31": "-239.28700", "2018-12-31": "-959.49200", "2017-12-31": "-151.09600", "2016-12-31": "-909.25800", "2015-12-31": "-289.08800", "2014-12-31": "-246.78200", "2013-12-31": "-406.68500", "2012-12-31": "-163.05200", "2011-12-31": "-141.14500", "2010-12-31": "-42.11800", "2009-12-31": "-29.67800", "2008-12-31": "-69.73500", "2007-12-31": "20.43500", "2006-12-31": "-31.05200", "2005-12-31": "-121.13100"}, "Net Long-Term Debt": {"2020-12-31": "-246.20000", "2019-12-31": "-270.01100", "2018-12-31": "973.74190", "2017-12-31": "-234.53390", "2016-12-31": "679.37700", "2015-12-31": "", "2014-12-31": "", "2013-12-31": "", "2012-12-31": "", "2011-12-31": "", "2010-12-31": "", "2009-12-31": "", "2008-12-31": "", "2007-12-31": "", "2006-12-31": "", "2005-12-31": ""}, "Net Current Debt": {"2020-12-31": "", "2019-12-31": "", "2018-12-31": "", "2017-12-31": "", "2016-12-31": "", "2015-12-31": "245.58690", "2014-12-31": "-82.12990", "2013-12-31": "179.17700", "2012-12-31": "-5.04100", "2011-12-31": "-102.33300", "2010-12-31": "", "2009-12-31": "", "2008-12-31": "", "2007-12-31": "-50.00000", "2006-12-31": "232.00000", "2005-12-31": ""}, "Debt Issuance/Retirement Net - Total": {"2020-12-31": "-246.20000", "2019-12-31": "-270.01100", "2018-12-31": "973.74190", "2017-12-31": "-234.53390", "2016-12-31": "679.37700", "2015-12-31": "245.58690", "2014-12-31": "-82.12990", "2013-12-31": "179.17700", "2012-12-31": "-5.04100", "2011-12-31": "-102.33300", "2010-12-31": "", "2009-12-31": "", "2008-12-31": "", "2007-12-31": "-50.00000", "2006-12-31": "232.00000", "2005-12-31": ""}, "Net Common Equity Issued/Repurchased": {"2020-12-31": "-16.70000", "2019-12-31": "7.28200", "2018-12-31": "-301.29200", "2017-12-31": "-47.72300", "2016-12-31": "-228.12600", "2015-12-31": "-261.08100", "2014-12-31": "-50.49900", "2013-12-31": "-503.11100", "2012-12-31": "-85.82900", "2011-12-31": "-86.71800", "2010-12-31": "40.61900", "2009-12-31": "0.17700", "2008-12-31": "-94.30200", "2007-12-31": "-91.37100", "2006-12-31": "-298.44900", "2005-12-31": "-112.23500"}, "Net Total Equity Issued/Repurchased": {"2020-12-31": "-16.70000", "2019-12-31": "7.28200", "2018-12-31": "-301.29200", "2017-12-31": "-47.72300", "2016-12-31": "-228.12600", "2015-12-31": "-261.08100", "2014-12-31": "-50.49900", "2013-12-31": "-503.11100", "2012-12-31": "-85.82900", "2011-12-31": "-86.71800", "2010-12-31": "40.61900", "2009-12-31": "0.17700", "2008-12-31": "-94.30200", "2007-12-31": "-91.37100", "2006-12-31": "-298.44900", "2005-12-31": "-112.23500"}, "Total Common And Preferred Stock Dividends Paid": {"2020-12-31": "-152.50000", "2019-12-31": "-149.10100", "2018-12-31": "-149.03200", "2017-12-31": "-145.42300", "2016-12-31": "-140.33600", "2015-12-31": "-139.28500", "2014-12-31": "-126.90800", "2013-12-31": "-113.72200", "2012-12-31": "-101.53400", "2011-12-31": "-61.58500", "2010-12-31": "-53.04300", "2009-12-31": "-50.17700", "2008-12-31": "-49.60200", "2007-12-31": "-47.73900", "2006-12-31": "-50.23400", "2005-12-31": "-46.95600"}, "Financial Activities - Other": {"2020-12-31": "", "2019-12-31": "", "2018-12-31": "", "2017-12-31": "", "2016-12-31": "3.57800", "2015-12-31": "34.65400", "2014-12-31": "36.96600", "2013-12-31": "28.62100", "2012-12-31": "29.89200", "2011-12-31": "23.12000", "2010-12-31": "10.61000", "2009-12-31": "-0.41000", "2008-12-31": "1.73100", "2007-12-31": "2.23200", "2006-12-31": "2.00300", "2005-12-31": "15.16600"}, "Cash Flow From Financial Activities": {"2020-12-31": "-415.40000", "2019-12-31": "-411.83000", "2018-12-31": "523.41800", "2017-12-31": "-427.68000", "2016-12-31": "314.49300", "2015-12-31": "-120.12500", "2014-12-31": "-222.57100", "2013-12-31": "-409.03500", "2012-12-31": "-162.51200", "2011-12-31": "-227.51600", "2010-12-31": "-1.81400", "2009-12-31": "-50.41000", "2008-12-31": "-142.17300", "2007-12-31": "-186.87800", "2006-12-31": "-114.68000", "2005-12-31": "-144.02500"}, "Net Cash Flow": {"2020-12-31": "461.20000", "2019-12-31": "3.16000", "2018-12-31": "31.50800", "2017-12-31": "16.44800", "2016-12-31": "-10.17900", "2015-12-31": "17.74900", "2014-12-31": "45.35200", "2013-12-31": "-324.76700", "2012-12-31": "91.67900", "2011-12-31": "-68.59100", "2010-12-31": "253.68700", "2009-12-31": "113.11300", "2008-12-31": "-36.15400", "2007-12-31": "43.71500", "2006-12-31": "-0.10900", "2005-12-31": "-118.79400"}, "Stock-Based Compensation": {"2020-12-31": "65.30000", "2019-12-31": "74.96200", "2018-12-31": "63.96600", "2017-12-31": "50.05400", "2016-12-31": "57.92700", "2015-12-31": "61.92900", "2014-12-31": "63.18300", "2013-12-31": "57.89300", "2012-12-31": "35.42000", "2011-12-31": "20.54800", "2010-12-31": "18.05200", "2009-12-31": "10.22600", "2008-12-31": "18.55800", "2007-12-31": "19.75900", "2006-12-31": "13.40200", "2005-12-31": "22.17800"}, "Common Stock Dividends Paid": {"2020-12-31": "-152.50000", "2019-12-31": "-149.10100", "2018-12-31": "-149.03200", "2017-12-31": "-145.42300", "2016-12-31": "-140.33600", "2015-12-31": "-139.28500", "2014-12-31": "-126.90800", "2013-12-31": "-113.72200", "2012-12-31": "-101.53400", "2011-12-31": "-61.58500", "2010-12-31": "-53.04300", "2009-12-31": "-50.17700", "2008-12-31": "-49.60200", "2007-12-31": "-47.73900", "2006-12-31": "-50.23400", "2005-12-31": "-46.95600"}}, "cash flow statement, quarterly": {"Net Income/Loss": {"2020-12-31": 198.8, "2020-09-30": 166.9, "2020-06-30": -235.4, "2020-03-31": "-5.40000", "2019-12-31": 98.984, "2019-09-30": 88.4, "2019-06-30": 88.1, "2019-03-31": "48.40000", "2018-12-31": 91.474, "2018-09-30": 95.529, "2018-06-30": 92.54, "2018-03-31": "55.71400", "2017-12-31": 31.474, "2017-09-30": 81.888, "2017-06-30": 62.041, "2017-03-31": "-2.91100", "2016-12-31": 62.581, "2016-09-30": 32.312, "2016-06-30": 71.166, "2016-03-31": "46.88900", "2015-12-31": 110.682, "2015-09-30": 155.173, "2015-06-30": 100.943, "2015-03-31": "88.56300", "2014-12-31": 135.397, "2014-09-30": 140.826, "2014-06-30": 96.905, "2014-03-31": "80.90100", "2013-12-31": 108.68, "2013-09-30": 113.144, "2013-06-30": 80.004, "2013-03-31": "75.46400", "2012-12-31": 88.064, "2012-09-30": 94.345, "2012-06-30": 69.823, "2012-03-31": "60.07800", "2011-12-31": 63.899, "2011-09-30": 67.637, "2011-06-30": 48.729, "2011-03-31": "47.31000", "2010-12-31": 54.522, "2010-09-30": 47.221, "2010-06-30": 25.624, "2010-03-31": "19.77100", "2009-12-31": 43.91, "2009-09-30": 31.171, "2009-06-30": 17.478, "2009-03-31": "8.45800", "2008-12-31": 36.24, "2008-09-30": 37.692, "2008-06-30": 24.38, "2008-03-31": "19.08300", "2007-12-31": 37.711, "2007-09-30": 38.826, "2007-06-30": 22.72, "2007-03-31": "12.39300", "2006-12-31": 32.399, "2006-09-30": 42.484, "2006-06-30": 20.571, "2006-03-31": "11.12300", "2005-12-31": 41.793, "2005-09-30": 48.344, "2005-06-30": 28.988, "2005-03-31": "17.58900"}, "Total Depreciation And Amortization - Cash Flow": {"2020-12-31": 70.2, "2020-09-30": 63.4, "2020-06-30": 443.9, "2020-03-31": "62.40000", "2019-12-31": 61.513, "2019-09-30": 61.1, "2019-06-30": 57.5, "2019-03-31": "54.40000", "2018-12-31": 55.126, "2018-09-30": 57.326, "2018-06-30": 45.864, "2018-03-31": "52.72000", "2017-12-31": 53.003, "2017-09-30": 46.981, "2017-06-30": 46.586, "2017-03-31": "44.53800", "2016-12-31": 45.609, "2016-09-30": 43.794, "2016-06-30": 40.215, "2016-03-31": "37.89400", "2015-12-31": 39.236, "2015-09-30": 40.53, "2015-06-30": 35.291, "2015-03-31": "37.08100", "2014-12-31": 36.466, "2014-09-30": 34.26, "2014-06-30": 28.712, "2014-03-31": "28.06900", "2013-12-31": 27.736, "2013-09-30": 25.085, "2013-06-30": 19.373, "2013-03-31": "19.90600", "2012-12-31": 19.091, "2012-09-30": 18.812, "2012-06-30": 15.87, "2012-03-31": "16.80700", "2011-12-31": 15.698, "2011-09-30": 15.697, "2011-06-30": 16.213, "2011-03-31": "18.78200", "2010-12-31": 16.903, "2010-09-30": 18.054, "2010-06-30": 15.525, "2010-03-31": "16.03700", "2009-12-31": 17.943, "2009-09-30": 17.992, "2009-06-30": 13.569, "2009-03-31": "15.08900", "2008-12-31": 20.729, "2008-09-30": 18.285, "2008-06-30": 13.552, "2008-03-31": "13.54600", "2007-12-31": 17.896, "2007-09-30": 18.13, "2007-06-30": 13.275, "2007-03-31": "12.79200", "2006-12-31": 18.884, "2006-09-30": 21.498, "2006-06-30": 16.665, "2006-03-31": "14.11700", "2005-12-31": 20.47, "2005-09-30": 19.05, "2005-06-30": 15.629, "2005-03-31": "12.78700"}, "Other Non-Cash Items": {"2020-12-31": 14.7, "2020-09-30": 23.1, "2020-06-30": -77.7, "2020-03-31": "4.90000", "2019-12-31": 14.342, "2019-09-30": 11, "2019-06-30": 9.1, "2019-03-31": "3.70000", "2018-12-31": 44.136, "2018-09-30": 0.256, "2018-06-30": 15.483, "2018-03-31": "13.17500", "2017-12-31": 88.627, "2017-09-30": 0.809, "2017-06-30": 9.428, "2017-03-31": "26.57300", "2016-12-31": -11.629, "2016-09-30": 4.59, "2016-06-30": 7.602, "2016-03-31": "11.07600", "2015-12-31": -15.44, "2015-09-30": 9.642, "2015-06-30": -1.367, "2015-03-31": "-11.30800", "2014-12-31": -42.161, "2014-09-30": -4.696, "2014-06-30": 3.945, "2014-03-31": "0.09600", "2013-12-31": 0.662, "2013-09-30": -1.833, "2013-06-30": 13.271, "2013-03-31": "3.16200", "2012-12-31": -28.67, "2012-09-30": -1.663, "2012-06-30": 5.228, "2012-03-31": "-2.16700", "2011-12-31": -15.481, "2011-09-30": 1.171, "2011-06-30": -9.077, "2011-03-31": "-0.44200", "2010-12-31": -19.571, "2010-09-30": -1.975, "2010-06-30": 6.611, "2010-03-31": "1.46600", "2009-12-31": 22.064, "2009-09-30": -3.375, "2009-06-30": 2.603, "2009-03-31": "8.23000", "2008-12-31": 7.499, "2008-09-30": 0.132, "2008-06-30": -4.761, "2008-03-31": "8.09200", "2007-12-31": 0.917, "2007-09-30": -5.886, "2007-06-30": 1.576, "2007-03-31": "5.50200", "2006-12-31": -1.438, "2006-09-30": -5.401, "2006-06-30": -3.343, "2006-03-31": "4.41600", "2005-12-31": 1.438, "2005-09-30": -13.294, "2005-06-30": -0.061, "2005-03-31": "4.15900"}, "Total Non-Cash Items": {"2020-12-31": 84.8999, "2020-09-30": 86.5001, "2020-06-30": 366.2, "2020-03-31": "67.30000", "2019-12-31": 75.855, "2019-09-30": 72.1, "2019-06-30": 66.6, "2019-03-31": "58.10000", "2018-12-31": 99.262, "2018-09-30": 57.582, "2018-06-30": 61.347, "2018-03-31": "65.89500", "2017-12-31": 141.63, "2017-09-30": 47.79, "2017-06-30": 56.014, "2017-03-31": "71.11100", "2016-12-31": 33.98, "2016-09-30": 48.384, "2016-06-30": 47.817, "2016-03-31": "48.97000", "2015-12-31": 23.796, "2015-09-30": 50.172, "2015-06-30": 33.924, "2015-03-31": "25.77300", "2014-12-31": -5.695, "2014-09-30": 29.564, "2014-06-30": 32.657, "2014-03-31": "28.16500", "2013-12-31": 28.398, "2013-09-30": 23.252, "2013-06-30": 32.644, "2013-03-31": "23.06800", "2012-12-31": -9.579, "2012-09-30": 17.149, "2012-06-30": 21.098, "2012-03-31": "14.64000", "2011-12-31": 0.217, "2011-09-30": 16.868, "2011-06-30": 7.136, "2011-03-31": "18.34000", "2010-12-31": -2.668, "2010-09-30": 16.079, "2010-06-30": 22.136, "2010-03-31": "17.50300", "2009-12-31": 40.007, "2009-09-30": 14.617, "2009-06-30": 16.172, "2009-03-31": "23.31900", "2008-12-31": 28.228, "2008-09-30": 18.417, "2008-06-30": 8.791, "2008-03-31": "21.63800", "2007-12-31": 18.813, "2007-09-30": 12.244, "2007-06-30": 14.851, "2007-03-31": "18.29400", "2006-12-31": 17.446, "2006-09-30": 16.097, "2006-06-30": 13.322, "2006-03-31": "18.53300", "2005-12-31": 21.908, "2005-09-30": 5.756, "2005-06-30": 15.568, "2005-03-31": "16.94600"}, "Change In Accounts Receivable": {"2020-12-31": -7.6, "2020-09-30": -42.4, "2020-06-30": -24.2, "2020-03-31": "18.00000", "2019-12-31": 30.412, "2019-09-30": 3.3, "2019-06-30": -15.7, "2019-03-31": "-11.20000", "2018-12-31": 21.677, "2018-09-30": -6.317, "2018-06-30": -10.261, "2018-03-31": "15.58700", "2017-12-31": -16.617, "2017-09-30": -12.817, "2017-06-30": 10.998, "2017-03-31": "1.37200", "2016-12-31": -3.656, "2016-09-30": -9.058, "2016-06-30": -19.453, "2016-03-31": "34.19700", "2015-12-31": 26.098, "2015-09-30": -27.821, "2015-06-30": 23.772, "2015-03-31": "26.74900", "2014-12-31": -54.653, "2014-09-30": -22.42, "2014-06-30": 16.862, "2014-03-31": "36.03700", "2013-12-31": -29.344, "2013-09-30": -6.414, "2013-06-30": -7.904, "2013-03-31": "-10.39300", "2012-12-31": 22.685, "2012-09-30": -0.258, "2012-06-30": 3.096, "2012-03-31": "-23.11000", "2011-12-31": -5.552, "2011-09-30": 26.331, "2011-06-30": -13.618, "2011-03-31": "-30.27600", "2010-12-31": 8.856, "2010-09-30": -1.512, "2010-06-30": -5.303, "2010-03-31": "-0.93000", "2009-12-31": -2.332, "2009-09-30": -34.047, "2009-06-30": 3.554, "2009-03-31": "41.01700", "2008-12-31": -21.323, "2008-09-30": -4.261, "2008-06-30": -5.902, "2008-03-31": "15.77200", "2007-12-31": -12.951, "2007-09-30": -16.565, "2007-06-30": -1.411, "2007-03-31": "11.85800", "2006-12-31": 15.191, "2006-09-30": -23.452, "2006-06-30": 5.157, "2006-03-31": "17.63800", "2005-12-31": -9.823, "2005-09-30": -11.183, "2005-06-30": 4.281, "2005-03-31": "9.54700"}, "Change In Inventories": {"2020-12-31": 45.5, "2020-09-30": -182.2, "2020-06-30": 213.3, "2020-03-31": "-121.50000", "2019-12-31": 154.428, "2019-09-30": -145.2, "2019-06-30": 20.9, "2019-03-31": "-180.00000", "2018-12-31": 51.528, "2018-09-30": -54.568, "2018-06-30": -10.811, "2018-03-31": "-135.85000", "2017-12-31": 56.663, "2017-09-30": -24.2, "2017-06-30": -10.472, "2017-03-31": "-48.94900", "2016-12-31": 145.803, "2016-09-30": -61.409, "2016-06-30": 13.234, "2016-03-31": "14.37100", "2015-12-31": -35.949, "2015-09-30": 24.586, "2015-06-30": -71.299, "2015-03-31": "-66.06300", "2014-12-31": 10.251, "2014-09-30": -32.404, "2014-06-30": -73.113, "2014-03-31": "-63.21000", "2013-12-31": 42.061, "2013-09-30": -28.349, "2013-06-30": -38.864, "2013-03-31": "-26.89700", "2012-12-31": 73.883, "2012-09-30": -49.244, "2012-06-30": -47.419, "2012-03-31": "-13.24900", "2011-12-31": 46.501, "2011-09-30": -57.555, "2011-06-30": -33.524, "2011-03-31": "-5.39500", "2010-12-31": 43.851, "2010-09-30": -57.17, "2010-06-30": -42.292, "2010-03-31": "-1.00100", "2009-12-31": 41.521, "2009-09-30": -1.191, "2009-06-30": 25.955, "2009-03-31": "-23.28800", "2008-12-31": 46.007, "2008-09-30": 10.077, "2008-06-30": 0.866, "2008-03-31": "-60.92000", "2007-12-31": 39.434, "2007-09-30": 10.082, "2007-06-30": -31.12, "2007-03-31": "-6.20500", "2006-12-31": 13.403, "2006-09-30": -2.635, "2006-06-30": -21.297, "2006-03-31": "-17.98400", "2005-12-31": 47.868, "2005-09-30": -13.071, "2005-06-30": -7.561, "2005-03-31": "-55.63200"}, "Change In Accounts Payable": {"2020-12-31": -11.9, "2020-09-30": 243.2, "2020-06-30": -11, "2020-03-31": "106.30000", "2019-12-31": -135.434, "2019-09-30": 167.2, "2019-06-30": -19.2, "2019-03-31": "91.20000", "2018-12-31": -91.826, "2018-09-30": 45.007, "2018-06-30": -2.303, "2018-03-31": "48.13800", "2017-12-31": -68.682, "2017-09-30": 32.622, "2017-06-30": 2.485, "2017-03-31": "73.09100", "2016-12-31": -68.395, "2016-09-30": -39.896, "2016-06-30": 55.534, "2016-03-31": "-9.93600", "2015-12-31": -81.097, "2015-09-30": 81.768, "2015-06-30": -6.333, "2015-03-31": "-40.43300", "2014-12-31": 3.567, "2014-09-30": 53.55, "2014-06-30": 28.939, "2014-03-31": "19.72700", "2013-12-31": -42.578, "2013-09-30": 42.885, "2013-06-30": 4.87, "2013-03-31": "46.34200", "2012-12-31": -60.118, "2012-09-30": 35.867, "2012-06-30": 10.17, "2012-03-31": "35.45200", "2011-12-31": -45.975, "2011-09-30": 40.253, "2011-06-30": 14.378, "2011-03-31": "18.57600", "2010-12-31": -24.807, "2010-09-30": 36.007, "2010-06-30": 12.315, "2010-03-31": "14.06500", "2009-12-31": -34.139, "2009-09-30": 52.483, "2009-06-30": -47.51, "2009-03-31": "-11.16300", "2008-12-31": -35.519, "2008-09-30": 49.206, "2008-06-30": -19.897, "2008-03-31": "32.15100", "2007-12-31": -43.897, "2007-09-30": 28.56, "2007-06-30": -0.414, "2007-03-31": "5.12400", "2006-12-31": -32.775, "2006-09-30": 39.633, "2006-06-30": -4.145, "2006-03-31": "0.89500", "2005-12-31": -49.252, "2005-09-30": 39.686, "2005-06-30": -12.361, "2005-03-31": "22.68900"}, "Change In Assets/Liabilities": {"2020-12-31": -19.1, "2020-09-30": -4, "2020-06-30": 3, "2020-03-31": "-1.10000", "2019-12-31": -14.134, "2019-09-30": 2.2, "2019-06-30": -12.8, "2019-03-31": "18.70000", "2018-12-31": -21.486, "2018-09-30": 5.556, "2018-06-30": -7.284, "2018-03-31": "8.30200", "2017-12-31": -30.837, "2017-09-30": 12.617, "2017-06-30": -3.17, "2017-03-31": "4.30000", "2016-12-31": -5.264, "2016-09-30": -3.864, "2016-06-30": -2.99, "2016-03-31": "15.04700", "2015-12-31": -8.226, "2015-09-30": -4.743, "2015-06-30": 5.035, "2015-03-31": "-3.77400", "2014-12-31": -4.771, "2014-09-30": 9.298, "2014-06-30": -2.855, "2014-03-31": "-10.24300", "2013-12-31": 0.185, "2013-09-30": -13.617, "2013-06-30": -10.623, "2013-03-31": "-0.45000", "2012-12-31": -7.968, "2012-09-30": 0.883, "2012-06-30": 2.733, "2012-03-31": "-13.30000", "2011-12-31": -1.902, "2011-09-30": 9.392, "2011-06-30": -5.47, "2011-03-31": "-3.09500", "2010-12-31": -4.499, "2010-09-30": 8.138, "2010-06-30": -0.782, "2010-03-31": "-1.90100", "2009-12-31": 2.697, "2009-09-30": 6.588, "2009-06-30": -3.549, "2009-03-31": "-1.09300", "2008-12-31": -8.984, "2008-09-30": -8.2, "2008-06-30": 1.782, "2008-03-31": "5.67200", "2007-12-31": 4.495, "2007-09-30": 4.146, "2007-06-30": -3.592, "2007-03-31": "-1.40500", "2006-12-31": -3.688, "2006-09-30": -3.584, "2006-06-30": 6.114, "2006-03-31": "1.94800", "2005-12-31": 0.086, "2005-09-30": -3.112, "2005-06-30": -3.371, "2005-03-31": "1.22800"}, "Total Change In Assets/Liabilities": {"2020-12-31": 59.2, "2020-09-30": 112.6, "2020-06-30": 250.3, "2020-03-31": "-133.30000", "2019-12-31": 44.097, "2019-09-30": 72.7, "2019-06-30": 86.4, "2019-03-31": "-144.70000", "2018-12-31": -67.762, "2018-09-30": 35.878, "2018-06-30": 14.451, "2018-03-31": "-124.79800", "2017-12-31": -84.791, "2017-09-30": 104.374, "2017-06-30": 97.959, "2017-03-31": "-21.17100", "2016-12-31": 66.823, "2016-09-30": -2.735, "2016-06-30": 90.292, "2016-03-31": "43.14900", "2015-12-31": -158.249, "2015-09-30": 168.748, "2015-06-30": -49.183, "2015-03-31": "-110.11100", "2014-12-31": 19.133, "2014-09-30": 79.132, "2014-06-30": -43.396, "2014-03-31": "-64.31900", "2013-12-31": -26.003, "2013-09-30": 141.255, "2013-06-30": -56.908, "2013-03-31": "-50.75800", "2012-12-31": 83.137, "2012-09-30": 64.621, "2012-06-30": -11.886, "2012-03-31": "-75.38000", "2011-12-31": 40.335, "2011-09-30": 51.802, "2011-06-30": 1.123, "2011-03-31": "-60.86600", "2010-12-31": 88.852, "2010-09-30": 36.631, "2010-06-30": 5.416, "2010-03-31": "-33.46800", "2009-12-31": 6.831, "2009-09-30": 65.362, "2009-06-30": -9.23, "2009-03-31": "-64.89400", "2008-12-31": -20.962, "2008-09-30": 54.395, "2008-06-30": 20.038, "2008-03-31": "-72.18600", "2007-12-31": 5.006, "2007-09-30": 76.376, "2007-06-30": -1.382, "2007-03-31": "-45.69400", "2006-12-31": 9.07, "2006-09-30": 24.022, "2006-06-30": 13.964, "2006-03-31": "-73.40800", "2005-12-31": -4.758, "2005-09-30": 46.535, "2005-06-30": 16.092, "2005-03-31": "-108.39900"}, "Cash Flow From Operating Activities": {"2020-12-31": 342.9, "2020-09-30": 366, "2020-06-30": 381.1, "2020-03-31": "-71.40000", "2019-12-31": 218.936, "2019-09-30": 233.2, "2019-06-30": 241.1, "2019-03-31": "-38.20000", "2018-12-31": 122.974, "2018-09-30": 188.989, "2018-06-30": 168.338, "2018-03-31": "-3.18900", "2017-12-31": 88.313, "2017-09-30": 234.052, "2017-06-30": 216.014, "2017-03-31": "47.02900", "2016-12-31": 163.384, "2016-09-30": 77.961, "2016-06-30": 209.275, "2016-03-31": "139.00800", "2015-12-31": -23.771, "2015-09-30": 374.093, "2015-06-30": 85.684, "2015-03-31": "4.22500", "2014-12-31": 148.835, "2014-09-30": 249.522, "2014-06-30": 86.166, "2014-03-31": "44.74700", "2013-12-31": 111.075, "2013-09-30": 277.651, "2013-06-30": 55.74, "2013-03-31": "47.77400", "2012-12-31": 161.622, "2012-09-30": 176.115, "2012-06-30": 79.035, "2012-03-31": "-0.66200", "2011-12-31": 104.451, "2011-09-30": 136.307, "2011-06-30": 56.988, "2011-03-31": "4.78400", "2010-12-31": 140.706, "2010-09-30": 99.931, "2010-06-30": 53.176, "2010-03-31": "3.80600", "2009-12-31": 90.748, "2009-09-30": 111.15, "2009-06-30": 24.42, "2009-03-31": "-33.11700", "2008-12-31": 43.506, "2008-09-30": 110.504, "2008-06-30": 53.209, "2008-03-31": "-31.46500", "2007-12-31": 61.53, "2007-09-30": 127.446, "2007-06-30": 36.189, "2007-03-31": "-15.00700", "2006-12-31": 58.915, "2006-09-30": 82.603, "2006-06-30": 47.857, "2006-03-31": "-43.75200", "2005-12-31": 58.943, "2005-09-30": 100.635, "2005-06-30": 60.648, "2005-03-31": "-73.86400"}, "Net Change In Property, Plant, And Equipment": {"2020-12-31": -82.1, "2020-09-30": -43.7, "2020-06-30": -41.3, "2020-03-31": "-46.80000", "2019-12-31": -62.074, "2019-09-30": -52.1, "2019-06-30": -67, "2019-03-31": "-70.20000", "2018-12-31": -67.651, "2018-09-30": -53.194, "2018-06-30": -49.011, "2018-03-31": "-55.55800", "2017-12-31": -57.741, "2017-09-30": -44.844, "2017-06-30": -43.412, "2017-03-31": "-38.39100", "2016-12-31": -53.777, "2016-09-30": -37.732, "2016-06-30": -62.795, "2016-03-31": "-54.83300", "2015-12-31": -100.487, "2015-09-30": -60.335, "2015-06-30": -57.879, "2015-03-31": "-30.78400", "2014-12-31": -58.606, "2014-09-30": -44.866, "2014-06-30": -61.904, "2014-03-31": "-39.70300", "2013-12-31": -59.051, "2013-09-30": -98.63, "2013-06-30": -53.607, "2013-03-31": "-40.11300", "2012-12-31": -37.279, "2012-09-30": -24.213, "2012-06-30": -20.634, "2012-03-31": "-20.95700", "2011-12-31": -22.01, "2011-09-30": -21.873, "2011-06-30": -21.633, "2011-03-31": "-18.96800", "2010-12-31": -20.678, "2010-09-30": -14.115, "2010-06-30": -12.799, "2010-03-31": "-8.12600", "2009-12-31": -8.718, "2009-09-30": -10.031, "2009-06-30": -11.517, "2009-03-31": "-13.66600", "2008-12-31": -17.683, "2008-09-30": -21.322, "2008-06-30": -17.756, "2008-03-31": "-19.81400", "2007-12-31": -19.087, "2007-09-30": -16.4, "2007-06-30": -13.953, "2007-03-31": "-14.30700", "2006-12-31": -14.563, "2006-09-30": -10.311, "2006-06-30": -13.739, "2006-03-31": "-14.02300", "2005-12-31": -20.347, "2005-09-30": -22.248, "2005-06-30": -21.112, "2005-03-31": "-26.06300"}, "Net Change In Intangible Assets": {"2020-12-31": 0, "2020-09-30": 0, "2020-06-30": 0, "2020-03-31": "", "2019-12-31": 0, "2019-09-30": 0, "2019-06-30": 0, "2019-03-31": "", "2018-12-31": 0, "2018-09-30": 0, "2018-06-30": 0, "2018-03-31": "", "2017-12-31": 0, "2017-09-30": 0, "2017-06-30": 0, "2017-03-31": "", "2016-12-31": 0, "2016-09-30": 0, "2016-06-30": 0, "2016-03-31": "", "2015-12-31": 0, "2015-09-30": 0, "2015-06-30": 0, "2015-03-31": "", "2014-12-31": 0, "2014-09-30": 0, "2014-06-30": 0, "2014-03-31": "", "2013-12-31": 0, "2013-09-30": 0, "2013-06-30": 0, "2013-03-31": "", "2012-12-31": 0, "2012-09-30": 0, "2012-06-30": 0, "2012-03-31": "", "2011-12-31": 0, "2011-09-30": 0, "2011-06-30": 0, "2011-03-31": "", "2010-12-31": 0, "2010-09-30": 0, "2010-06-30": 0, "2010-03-31": "", "2009-12-31": 0, "2009-09-30": 0, "2009-06-30": 0, "2009-03-31": "", "2008-12-31": 0, "2008-09-30": 0, "2008-06-30": 0, "2008-03-31": "", "2007-12-31": 0, "2007-09-30": 0, "2007-06-30": 0, "2007-03-31": "", "2006-12-31": 0, "2006-09-30": 0, "2006-06-30": 0, "2006-03-31": "", "2005-12-31": 0, "2005-09-30": 0, "2005-06-30": 0, "2005-03-31": ""}, "Net Acquisitions/Divestitures": {"2020-12-31": 0, "2020-09-30": 0, "2020-06-30": 0, "2020-03-31": "", "2019-12-31": 0, "2019-09-30": 0, "2019-06-30": -1.8, "2019-03-31": "", "2018-12-31": -29.876, "2018-09-30": -729.925, "2018-06-30": 0, "2018-03-31": "", "2017-12-31": 0, "2017-09-30": 0, "2017-06-30": 0.001, "2017-03-31": "1.64400", "2016-12-31": -668.875, "2016-09-30": 0, "2016-06-30": 0, "2016-03-31": "-54.83000", "2015-12-31": -14.176, "2015-09-30": 0, "2015-06-30": -27.019, "2015-03-31": "", "2014-12-31": -10.814, "2014-09-30": 0, "2014-06-30": -17.199, "2014-03-31": "", "2013-12-31": -2.287, "2013-09-30": 0, "2013-06-30": -134.817, "2013-03-31": "", "2012-12-31": -40.752, "2012-09-30": 0, "2012-06-30": -0.383, "2012-03-31": "", "2011-12-31": -23.939, "2011-09-30": 0, "2011-06-30": -27.96, "2011-03-31": "", "2010-12-31": -2.238, "2010-09-30": 0, "2010-06-30": 0, "2010-03-31": "-2.50000", "2009-12-31": 0, "2009-09-30": 0, "2009-06-30": 0, "2009-03-31": "", "2008-12-31": 0, "2008-09-30": 0, "2008-06-30": 0, "2008-03-31": "", "2007-12-31": 0, "2007-09-30": 0, "2007-06-30": 0, "2007-03-31": "", "2006-12-31": 0, "2006-09-30": 0, "2006-06-30": 0, "2006-03-31": "", "2005-12-31": 0, "2005-09-30": 0, "2005-06-30": 0, "2005-03-31": ""}, "Net Change In Short-term Investments": {"2020-12-31": 0, "2020-09-30": 0, "2020-06-30": 0, "2020-03-31": "", "2019-12-31": 0, "2019-09-30": 0, "2019-06-30": 0, "2019-03-31": "", "2018-12-31": 0, "2018-09-30": 0, "2018-06-30": 0, "2018-03-31": "", "2017-12-31": 0, "2017-09-30": 0, "2017-06-30": 0, "2017-03-31": "", "2016-12-31": 0, "2016-09-30": 0, "2016-06-30": 0, "2016-03-31": "", "2015-12-31": 0, "2015-09-30": 0, "2015-06-30": 0, "2015-03-31": "", "2014-12-31": 0, "2014-09-30": 0, "2014-06-30": 0, "2014-03-31": "", "2013-12-31": 0, "2013-09-30": 0, "2013-06-30": 0, "2013-03-31": "", "2012-12-31": 0, "2012-09-30": 0, "2012-06-30": 0, "2012-03-31": "", "2011-12-31": 0, "2011-09-30": 0, "2011-06-30": 0, "2011-03-31": "", "2010-12-31": 0, "2010-09-30": 0, "2010-06-30": 0, "2010-03-31": "", "2009-12-31": 0, "2009-09-30": 0, "2009-06-30": 0, "2009-03-31": "", "2008-12-31": 0, "2008-09-30": 0, "2008-06-30": 0, "2008-03-31": "", "2007-12-31": 0, "2007-09-30": 0, "2007-06-30": 0, "2007-03-31": "", "2006-12-31": 0, "2006-09-30": 0, "2006-06-30": 0, "2006-03-31": "", "2005-12-31": 0, "2005-09-30": 0, "2005-06-30": 0, "2005-03-31": ""}, "Net Change In Long-Term Investments": {"2020-12-31": -14.9, "2020-09-30": 27.5, "2020-06-30": 44.6, "2020-03-31": "6.00000", "2019-12-31": 2.187, "2019-09-30": 1.5, "2019-06-30": 10, "2019-03-31": "0.20000", "2018-12-31": -3.85, "2018-09-30": 11.771, "2018-06-30": 6.363, "2018-03-31": "11.43900", "2017-12-31": -4.473, "2017-09-30": 17.149, "2017-06-30": 6.966, "2017-03-31": "12.00500", "2016-12-31": 1.222, "2016-09-30": 9.193, "2016-06-30": 11.011, "2016-03-31": "2.15800", "2015-12-31": -5.298, "2015-09-30": 1.701, "2015-06-30": 15.584, "2015-03-31": "-10.39500", "2014-12-31": -13.854, "2014-09-30": -1.802, "2014-06-30": 2.644, "2014-03-31": "-0.67800", "2013-12-31": -14.208, "2013-09-30": -1.935, "2013-06-30": -3.644, "2013-03-31": "1.60700", "2012-12-31": -9.044, "2012-09-30": -11.948, "2012-06-30": 3.385, "2012-03-31": "-1.22700", "2011-12-31": -8.056, "2011-09-30": -0.579, "2011-06-30": 4.043, "2011-03-31": "-0.17000", "2010-12-31": -2.429, "2010-09-30": 8.999, "2010-06-30": 6.654, "2010-03-31": "5.11400", "2009-12-31": 0.56, "2009-09-30": 3.41, "2009-06-30": 5.324, "2009-03-31": "4.96000", "2008-12-31": -4.775, "2008-09-30": 1.499, "2008-06-30": 4.395, "2008-03-31": "5.72100", "2007-12-31": -7.204, "2007-09-30": 1.678, "2007-06-30": 19.005, "2007-03-31": "70.70300", "2006-12-31": 2.381, "2006-09-30": 1.907, "2006-06-30": 6.209, "2006-03-31": "11.08700", "2005-12-31": -5.699, "2005-09-30": -37.95, "2005-06-30": 0.484, "2005-03-31": "11.80400"}, "Net Change In Investments - Total": {"2020-12-31": -14.9, "2020-09-30": 27.5, "2020-06-30": 44.6, "2020-03-31": "6.00000", "2019-12-31": 2.187, "2019-09-30": 1.5, "2019-06-30": 10, "2019-03-31": "0.20000", "2018-12-31": -3.85, "2018-09-30": 11.771, "2018-06-30": 6.363, "2018-03-31": "11.43900", "2017-12-31": -4.473, "2017-09-30": 17.149, "2017-06-30": 6.966, "2017-03-31": "12.00500", "2016-12-31": 1.222, "2016-09-30": 9.193, "2016-06-30": 11.011, "2016-03-31": "2.15800", "2015-12-31": -5.298, "2015-09-30": 1.701, "2015-06-30": 15.584, "2015-03-31": "-10.39500", "2014-12-31": -13.854, "2014-09-30": -1.802, "2014-06-30": 2.644, "2014-03-31": "-0.67800", "2013-12-31": -14.208, "2013-09-30": -1.935, "2013-06-30": -3.644, "2013-03-31": "1.60700", "2012-12-31": -9.044, "2012-09-30": -11.948, "2012-06-30": 3.385, "2012-03-31": "-1.22700", "2011-12-31": -8.056, "2011-09-30": -0.579, "2011-06-30": 4.043, "2011-03-31": "-0.17000", "2010-12-31": -2.429, "2010-09-30": 8.999, "2010-06-30": 6.654, "2010-03-31": "5.11400", "2009-12-31": 0.56, "2009-09-30": 3.41, "2009-06-30": 5.324, "2009-03-31": "4.96000", "2008-12-31": -4.775, "2008-09-30": 1.499, "2008-06-30": 4.395, "2008-03-31": "5.72100", "2007-12-31": -7.204, "2007-09-30": 1.678, "2007-06-30": 19.005, "2007-03-31": "70.70300", "2006-12-31": 2.381, "2006-09-30": 1.907, "2006-06-30": 6.209, "2006-03-31": "11.08700", "2005-12-31": -5.699, "2005-09-30": -37.95, "2005-06-30": 0.484, "2005-03-31": "11.80400"}, "Investing Activities - Other": {"2020-12-31": 0, "2020-09-30": 0, "2020-06-30": 0, "2020-03-31": "", "2019-12-31": 0, "2019-09-30": 0, "2019-06-30": 0, "2019-03-31": "", "2018-12-31": 0, "2018-09-30": 0, "2018-06-30": 0, "2018-03-31": "", "2017-12-31": 0, "2017-09-30": 0, "2017-06-30": 0, "2017-03-31": "", "2016-12-31": 0, "2016-09-30": 0, "2016-06-30": 0, "2016-03-31": "", "2015-12-31": 0, "2015-09-30": 0, "2015-06-30": 0, "2015-03-31": "", "2014-12-31": 0, "2014-09-30": 0, "2014-06-30": 0, "2014-03-31": "", "2013-12-31": 0, "2013-09-30": 0, "2013-06-30": 0, "2013-03-31": "", "2012-12-31": 0, "2012-09-30": 0, "2012-06-30": 0, "2012-03-31": "", "2011-12-31": 0, "2011-09-30": 0, "2011-06-30": 0, "2011-03-31": "", "2010-12-31": 0, "2010-09-30": 0, "2010-06-30": 0, "2010-03-31": "", "2009-12-31": 0, "2009-09-30": 0, "2009-06-30": 0, "2009-03-31": "", "2008-12-31": 0, "2008-09-30": 0, "2008-06-30": 0, "2008-03-31": "", "2007-12-31": 0, "2007-09-30": 0, "2007-06-30": 0, "2007-03-31": "", "2006-12-31": 0, "2006-09-30": 0, "2006-06-30": 0, "2006-03-31": "", "2005-12-31": 0, "2005-09-30": 0, "2005-06-30": 0, "2005-03-31": ""}, "Cash Flow From Investing Activities": {"2020-12-31": -97, "2020-09-30": -16.2, "2020-06-30": 3.3, "2020-03-31": "-40.80000", "2019-12-31": -59.887, "2019-09-30": -50.6, "2019-06-30": -58.8, "2019-03-31": "-70.00000", "2018-12-31": -101.377, "2018-09-30": -771.348, "2018-06-30": -42.648, "2018-03-31": "-44.11900", "2017-12-31": -62.214, "2017-09-30": -27.695, "2017-06-30": -36.445, "2017-03-31": "-24.74200", "2016-12-31": -721.43, "2016-09-30": -28.539, "2016-06-30": -51.784, "2016-03-31": "-107.50500", "2015-12-31": -119.961, "2015-09-30": -58.634, "2015-06-30": -69.314, "2015-03-31": "-41.17900", "2014-12-31": -83.274, "2014-09-30": -46.668, "2014-06-30": -76.459, "2014-03-31": "-40.38100", "2013-12-31": -75.546, "2013-09-30": -100.565, "2013-06-30": -192.068, "2013-03-31": "-38.50600", "2012-12-31": -87.075, "2012-09-30": -36.161, "2012-06-30": -17.632, "2012-03-31": "-22.18400", "2011-12-31": -54.005, "2011-09-30": -22.452, "2011-06-30": -45.55, "2011-03-31": "-19.13800", "2010-12-31": -25.345, "2010-09-30": -5.116, "2010-06-30": -6.145, "2010-03-31": "-5.51200", "2009-12-31": -8.158, "2009-09-30": -6.621, "2009-06-30": -6.193, "2009-03-31": "-8.70600", "2008-12-31": -22.458, "2008-09-30": -19.823, "2008-06-30": -13.361, "2008-03-31": "-14.09300", "2007-12-31": -26.291, "2007-09-30": -14.722, "2007-06-30": 5.052, "2007-03-31": "56.39600", "2006-12-31": -12.182, "2006-09-30": -8.404, "2006-06-30": -7.53, "2006-03-31": "-2.93600", "2005-12-31": -26.046, "2005-09-30": -60.198, "2005-06-30": -20.628, "2005-03-31": "-14.25900"}, "Net Long-Term Debt": {"2020-12-31": -246.2, "2020-09-30": -233.7999, "2020-06-30": -236.4001, "2020-03-31": "470.20000", "2019-12-31": -270.011, "2019-09-30": 64.9, "2019-06-30": -204.6, "2019-03-31": "139.70000", "2018-12-31": 98.755, "2018-09-30": 674.0399, "2018-06-30": 84.888, "2018-03-31": "116.05900", "2017-12-31": -7.864, "2017-09-30": -148.1169, "2017-06-30": -112.415, "2017-03-31": "33.86200", "2016-12-31": 707.4211, "2016-09-30": -32.359, "2016-06-30": -62.0671, "2016-03-31": "66.38200", "2015-12-31": -95.5991, "2015-09-30": -82.9579, "2015-06-30": 84.5391, "2015-03-31": "94.01790", "2014-12-31": 82.036, "2014-09-30": -137.27, "2014-06-30": 36.283, "2014-03-31": "18.95100", "2013-12-31": 1.098, "2013-09-30": -0.657, "2013-06-30": 0.19, "2013-03-31": "-0.63100", "2012-12-31": -0.095, "2012-09-30": -0.451, "2012-06-30": -0.007, "2012-03-31": "0.55300", "2011-12-31": 100, "2011-09-30": 0, "2011-06-30": -100, "2011-03-31": "", "2010-12-31": 0, "2010-09-30": 0, "2010-06-30": 0, "2010-03-31": "", "2009-12-31": 0, "2009-09-30": 0, "2009-06-30": 0, "2009-03-31": "", "2008-12-31": 0, "2008-09-30": 0, "2008-06-30": 0, "2008-03-31": "", "2007-12-31": 0, "2007-09-30": 0, "2007-06-30": 0, "2007-03-31": "", "2006-12-31": 0, "2006-09-30": 0, "2006-06-30": 0, "2006-03-31": "", "2005-12-31": 0, "2005-09-30": 0, "2005-06-30": 0, "2005-03-31": ""}, "Net Current Debt": {"2020-12-31": -168.3, "2020-09-30": 168.3, "2020-06-30": 0, "2020-03-31": "", "2019-12-31": 177.5, "2019-09-30": -177.5, "2019-06-30": 0, "2019-03-31": "", "2018-12-31": 0, "2018-09-30": 0, "2018-06-30": 0, "2018-03-31": "", "2017-12-31": 0, "2017-09-30": 0, "2017-06-30": 0, "2017-03-31": "", "2016-12-31": 0, "2016-09-30": 0, "2016-06-30": 0, "2016-03-31": "", "2015-12-31": 245.5869, "2015-09-30": 0, "2015-06-30": 0, "2015-03-31": "", "2014-12-31": -82.1299, "2014-09-30": 0, "2014-06-30": 0, "2014-03-31": "", "2013-12-31": 179.177, "2013-09-30": 0, "2013-06-30": 0, "2013-03-31": "", "2012-12-31": -5.041, "2012-09-30": 0, "2012-06-30": 0, "2012-03-31": "", "2011-12-31": -102.333, "2011-09-30": 0, "2011-06-30": 0, "2011-03-31": "", "2010-12-31": 0, "2010-09-30": 0, "2010-06-30": 0, "2010-03-31": "", "2009-12-31": 0, "2009-09-30": -50, "2009-06-30": 6, "2009-03-31": "44.00000", "2008-12-31": -20, "2008-09-30": -41, "2008-06-30": 1, "2008-03-31": "60.00000", "2007-12-31": 0, "2007-09-30": 0, "2007-06-30": -43, "2007-03-31": "-7.00000", "2006-12-31": 172, "2006-09-30": -13, "2006-06-30": 11, "2006-03-31": "62.00000", "2005-12-31": 0, "2005-09-30": -12, "2005-06-30": 12, "2005-03-31": ""}, "Debt Issuance/Retirement Net - Total": {"2020-12-31": -414.5, "2020-09-30": -65.4999, "2020-06-30": -236.4001, "2020-03-31": "470.20000", "2019-12-31": -92.511, "2019-09-30": -112.6, "2019-06-30": -204.6, "2019-03-31": "139.70000", "2018-12-31": 98.755, "2018-09-30": 674.0399, "2018-06-30": 84.888, "2018-03-31": "116.05900", "2017-12-31": -7.864, "2017-09-30": -148.1169, "2017-06-30": -112.415, "2017-03-31": "33.86200", "2016-12-31": 707.4211, "2016-09-30": -32.359, "2016-06-30": -62.0671, "2016-03-31": "66.38200", "2015-12-31": 149.9878, "2015-09-30": -82.9579, "2015-06-30": 84.5391, "2015-03-31": "94.01790", "2014-12-31": -0.0939, "2014-09-30": -137.27, "2014-06-30": 36.283, "2014-03-31": "18.95100", "2013-12-31": 180.275, "2013-09-30": -0.657, "2013-06-30": 0.19, "2013-03-31": "-0.63100", "2012-12-31": -5.136, "2012-09-30": -0.451, "2012-06-30": -0.007, "2012-03-31": "0.55300", "2011-12-31": -2.333, "2011-09-30": 0, "2011-06-30": -100, "2011-03-31": "", "2010-12-31": 0, "2010-09-30": 0, "2010-06-30": 0, "2010-03-31": "", "2009-12-31": 0, "2009-09-30": -50, "2009-06-30": 6, "2009-03-31": "44.00000", "2008-12-31": -20, "2008-09-30": -41, "2008-06-30": 1, "2008-03-31": "60.00000", "2007-12-31": 0, "2007-09-30": 0, "2007-06-30": -43, "2007-03-31": "-7.00000", "2006-12-31": 172, "2006-09-30": -13, "2006-06-30": 11, "2006-03-31": "62.00000", "2005-12-31": 0, "2005-09-30": -12, "2005-06-30": 12, "2005-03-31": ""}, "Net Common Equity Issued/Repurchased": {"2020-12-31": 0.2, "2020-09-30": 25.5, "2020-06-30": 4.1, "2020-03-31": "-46.50000", "2019-12-31": 6.082, "2019-09-30": 1.5, "2019-06-30": 2.7, "2019-03-31": "-3.00000", "2018-12-31": -101.519, "2018-09-30": -50.854, "2018-06-30": -145.837, "2018-03-31": "-3.08200", "2017-12-31": 26.928, "2017-09-30": -16.056, "2017-06-30": -41.109, "2017-03-31": "-17.48600", "2016-12-31": -89.396, "2016-09-30": -6.612, "2016-06-30": -56.156, "2016-03-31": "-75.96200", "2015-12-31": -39.958, "2015-09-30": -88.517, "2015-06-30": -65.349, "2015-03-31": "-67.25700", "2014-12-31": -69.499, "2014-09-30": 9.951, "2014-06-30": -0.072, "2014-03-31": "9.12100", "2013-12-31": -489.038, "2013-09-30": 7.577, "2013-06-30": -0.958, "2013-03-31": "-20.69200", "2012-12-31": -52.309, "2012-09-30": 0.424, "2012-06-30": -34.602, "2012-03-31": "0.65800", "2011-12-31": -52.261, "2011-09-30": -24.684, "2011-06-30": 12.186, "2011-03-31": "-21.95900", "2010-12-31": 24.452, "2010-09-30": 13.578, "2010-06-30": 7.63, "2010-03-31": "-5.04100", "2009-12-31": -2.436, "2009-09-30": 0.688, "2009-06-30": 0.516, "2009-03-31": "1.40900", "2008-12-31": -3.778, "2008-09-30": -16.307, "2008-06-30": -26.822, "2008-03-31": "-47.39500", "2007-12-31": -48.073, "2007-09-30": -47.882, "2007-06-30": 1.953, "2007-03-31": "2.63100", "2006-12-31": -190.813, "2006-09-30": -55.817, "2006-06-30": -36.527, "2006-03-31": "-15.29200", "2005-12-31": -17.757, "2005-09-30": -17.609, "2005-06-30": -68.038, "2005-03-31": "-8.83100"}, "Net Total Equity Issued/Repurchased": {"2020-12-31": 0.2, "2020-09-30": 25.5, "2020-06-30": 4.1, "2020-03-31": "-46.50000", "2019-12-31": 6.082, "2019-09-30": 1.5, "2019-06-30": 2.7, "2019-03-31": "-3.00000", "2018-12-31": -101.519, "2018-09-30": -50.854, "2018-06-30": -145.837, "2018-03-31": "-3.08200", "2017-12-31": 26.928, "2017-09-30": -16.056, "2017-06-30": -41.109, "2017-03-31": "-17.48600", "2016-12-31": -89.396, "2016-09-30": -6.612, "2016-06-30": -56.156, "2016-03-31": "-75.96200", "2015-12-31": -39.958, "2015-09-30": -88.517, "2015-06-30": -65.349, "2015-03-31": "-67.25700", "2014-12-31": -69.499, "2014-09-30": 9.951, "2014-06-30": -0.072, "2014-03-31": "9.12100", "2013-12-31": -489.038, "2013-09-30": 7.577, "2013-06-30": -0.958, "2013-03-31": "-20.69200", "2012-12-31": -52.309, "2012-09-30": 0.424, "2012-06-30": -34.602, "2012-03-31": "0.65800", "2011-12-31": -52.261, "2011-09-30": -24.684, "2011-06-30": 12.186, "2011-03-31": "-21.95900", "2010-12-31": 24.452, "2010-09-30": 13.578, "2010-06-30": 7.63, "2010-03-31": "-5.04100", "2009-12-31": -2.436, "2009-09-30": 0.688, "2009-06-30": 0.516, "2009-03-31": "1.40900", "2008-12-31": -3.778, "2008-09-30": -16.307, "2008-06-30": -26.822, "2008-03-31": "-47.39500", "2007-12-31": -48.073, "2007-09-30": -47.882, "2007-06-30": 1.953, "2007-03-31": "2.63100", "2006-12-31": -190.813, "2006-09-30": -55.817, "2006-06-30": -36.527, "2006-03-31": "-15.29200", "2005-12-31": -17.757, "2005-09-30": -17.609, "2005-06-30": -68.038, "2005-03-31": "-8.83100"}, "Total Common And Preferred Stock Dividends Paid": {"2020-12-31": -38.3, "2020-09-30": -38.2, "2020-06-30": -38, "2020-03-31": "-38.00000", "2019-12-31": -37.401, "2019-09-30": -37.3, "2019-06-30": -37.3, "2019-03-31": "-37.10000", "2018-12-31": -36.284, "2018-09-30": -37.054, "2018-06-30": -37.898, "2018-03-31": "-37.79600", "2017-12-31": -36.5, "2017-09-30": -36.311, "2017-06-30": -36.228, "2017-03-31": "-36.38400", "2016-12-31": -34.604, "2016-09-30": -35.149, "2016-06-30": -35.153, "2016-03-31": "-35.43000", "2015-12-31": -34.477, "2015-09-30": -34.747, "2015-06-30": -34.947, "2015-03-31": "-35.11400", "2014-12-31": -31.904, "2014-09-30": -31.589, "2014-06-30": -31.696, "2014-03-31": "-31.71900", "2013-12-31": -27.24, "2013-09-30": -28.995, "2013-06-30": -28.825, "2013-03-31": "-28.66200", "2012-12-31": -25.525, "2012-09-30": -25.26, "2012-06-30": -25.421, "2012-03-31": "-25.32800", "2011-12-31": -15.438, "2011-09-30": -15.472, "2011-06-30": -15.36, "2011-03-31": "-15.31500", "2010-12-31": -13.505, "2010-09-30": -13.249, "2010-06-30": -13.193, "2010-03-31": "-13.09600", "2009-12-31": -12.603, "2009-09-30": -12.581, "2009-06-30": -12.569, "2009-03-31": "-12.42400", "2008-12-31": -12.153, "2008-09-30": -12.228, "2008-06-30": -12.406, "2008-03-31": "-12.81500", "2007-12-31": -11.75, "2007-09-30": -12.049, "2007-06-30": -12.018, "2007-03-31": "-11.92200", "2006-12-31": -12.047, "2006-09-30": -12.557, "2006-06-30": -12.823, "2006-03-31": "-12.80700", "2005-12-31": -11.627, "2005-09-30": -11.683, "2005-06-30": -11.812, "2005-03-31": "-11.83400"}, "Financial Activities - Other": {"2020-12-31": 0, "2020-09-30": 0, "2020-06-30": 0, "2020-03-31": "", "2019-12-31": 0, "2019-09-30": 0, "2019-06-30": 0, "2019-03-31": "", "2018-12-31": 0, "2018-09-30": 0, "2018-06-30": 0, "2018-03-31": "", "2017-12-31": 0, "2017-09-30": 0, "2017-06-30": 0, "2017-03-31": "", "2016-12-31": 2.17, "2016-09-30": 1.408, "2016-06-30": 0, "2016-03-31": "", "2015-12-31": 0.353, "2015-09-30": 1.438, "2015-06-30": 5.387, "2015-03-31": "27.47600", "2014-12-31": 10.797, "2014-09-30": 14.23, "2014-06-30": 3.055, "2014-03-31": "8.88400", "2013-12-31": 6.374, "2013-09-30": 12.379, "2013-06-30": 4.489, "2013-03-31": "5.37900", "2012-12-31": 12.082, "2012-09-30": 7.36, "2012-06-30": 3.966, "2012-03-31": "6.48400", "2011-12-31": 9.759, "2011-09-30": 3.467, "2011-06-30": 7.442, "2011-03-31": "2.45200", "2010-12-31": 3.108, "2010-09-30": 3.095, "2010-06-30": 0.409, "2010-03-31": "3.99800", "2009-12-31": -0.074, "2009-09-30": 0.091, "2009-06-30": -0.033, "2009-03-31": "-0.39400", "2008-12-31": -1.152, "2008-09-30": 0.107, "2008-06-30": 2.711, "2008-03-31": "0.06500", "2007-12-31": 0.898, "2007-09-30": 0.325, "2007-06-30": 0.558, "2007-03-31": "0.45100", "2006-12-31": -5.393, "2006-09-30": 5.698, "2006-06-30": -2.327, "2006-03-31": "4.02500", "2005-12-31": 2.752, "2005-09-30": -0.055, "2005-06-30": 0.893, "2005-03-31": "11.57600"}, "Cash Flow From Financial Activities": {"2020-12-31": -452.6, "2020-09-30": -78.2, "2020-06-30": -270.3, "2020-03-31": "385.70000", "2019-12-31": -123.83, "2019-09-30": -148.4, "2019-06-30": -239.2, "2019-03-31": "99.60000", "2018-12-31": -39.048, "2018-09-30": 586.132, "2018-06-30": -98.847, "2018-03-31": "75.18100", "2017-12-31": -17.436, "2017-09-30": -200.484, "2017-06-30": -189.752, "2017-03-31": "-20.00800", "2016-12-31": 585.591, "2016-09-30": -72.712, "2016-06-30": -153.376, "2016-03-31": "-45.01000", "2015-12-31": 75.906, "2015-09-30": -204.784, "2015-06-30": -10.37, "2015-03-31": "19.12300", "2014-12-31": -90.7, "2014-09-30": -144.678, "2014-06-30": 7.57, "2014-03-31": "5.23700", "2013-12-31": -329.629, "2013-09-30": -9.696, "2013-06-30": -25.104, "2013-03-31": "-44.60600", "2012-12-31": -70.888, "2012-09-30": -17.927, "2012-06-30": -56.064, "2012-03-31": "-17.63300", "2011-12-31": -60.273, "2011-09-30": -36.689, "2011-06-30": -95.732, "2011-03-31": "-34.82200", "2010-12-31": 14.055, "2010-09-30": 3.424, "2010-06-30": -5.154, "2010-03-31": "-14.13900", "2009-12-31": -15.113, "2009-09-30": -61.802, "2009-06-30": -6.086, "2009-03-31": "32.59100", "2008-12-31": -37.083, "2008-09-30": -69.428, "2008-06-30": -35.517, "2008-03-31": "-0.14500", "2007-12-31": -58.925, "2007-09-30": -59.606, "2007-06-30": -52.507, "2007-03-31": "-15.84000", "2006-12-31": -36.253, "2006-09-30": -75.676, "2006-06-30": -40.677, "2006-03-31": "37.92600", "2005-12-31": -26.632, "2005-09-30": -41.347, "2005-06-30": -66.957, "2005-03-31": "-9.08900"}, "Net Cash Flow": {"2020-12-31": -199.4, "2020-09-30": 276.1, "2020-06-30": 115.9, "2020-03-31": "268.60000", "2019-12-31": 37.56, "2019-09-30": 31.2, "2019-06-30": -56, "2019-03-31": "-9.60000", "2018-12-31": -21.077, "2018-09-30": 4.239, "2018-06-30": 18.617, "2018-03-31": "29.72900", "2017-12-31": 8.882, "2017-09-30": 8.519, "2017-06-30": -7.235, "2017-03-31": "6.28200", "2016-12-31": 22.474, "2016-09-30": -23.937, "2016-06-30": 0.87, "2016-03-31": "-9.58600", "2015-12-31": -69.915, "2015-09-30": 106.445, "2015-06-30": 7.814, "2015-03-31": "-26.59500", "2014-12-31": -31.418, "2014-09-30": 49.978, "2014-06-30": 17.251, "2014-03-31": "9.54100", "2013-12-31": -295.556, "2013-09-30": 170.13, "2013-06-30": -163.076, "2013-03-31": "-36.26500", "2012-12-31": 4.117, "2012-09-30": 123.604, "2012-06-30": 3.405, "2012-03-31": "-39.44700", "2011-12-31": -10.411, "2011-09-30": 73.573, "2011-06-30": -83.747, "2011-03-31": "-48.00600", "2010-12-31": 129.416, "2010-09-30": 98.239, "2010-06-30": 41.877, "2010-03-31": "-15.84500", "2009-12-31": 67.477, "2009-09-30": 42.727, "2009-06-30": 12.141, "2009-03-31": "-9.23200", "2008-12-31": -16.035, "2008-09-30": 21.253, "2008-06-30": 4.331, "2008-03-31": "-45.70300", "2007-12-31": -23.686, "2007-09-30": 53.118, "2007-06-30": -11.266, "2007-03-31": "25.54900", "2006-12-31": 10.48, "2006-09-30": -1.477, "2006-06-30": -0.35, "2006-03-31": "-8.76200", "2005-12-31": 6.265, "2005-09-30": -0.91, "2005-06-30": -26.937, "2005-03-31": "-97.21200"}, "Stock-Based Compensation": {"2020-12-31": 5.9, "2020-09-30": 27.7, "2020-06-30": 19.8, "2020-03-31": "11.90000", "2019-12-31": 18.362, "2019-09-30": 22.4, "2019-06-30": 22.1, "2019-03-31": "12.10000", "2018-12-31": 20.747, "2018-09-30": 10.218, "2018-06-30": 20.969, "2018-03-31": "12.03200", "2017-12-31": 15.805, "2017-09-30": 2.833, "2017-06-30": 19.08, "2017-03-31": "12.33600", "2016-12-31": 14.79, "2016-09-30": 4.755, "2016-06-30": 22.876, "2016-03-31": "15.50600", "2015-12-31": 8.287, "2015-09-30": 19.19, "2015-06-30": 17.358, "2015-03-31": "17.09400", "2014-12-31": 15.976, "2014-09-30": 18.934, "2014-06-30": 15.488, "2014-03-31": "12.78500", "2013-12-31": 11.589, "2013-09-30": 12.261, "2013-06-30": 23.692, "2013-03-31": "10.35100", "2012-12-31": 8.456, "2012-09-30": 8.626, "2012-06-30": 11.272, "2012-03-31": "7.06600", "2011-12-31": 5.733, "2011-09-30": 5.142, "2011-06-30": 5.083, "2011-03-31": "4.59000", "2010-12-31": 4.592, "2010-09-30": 4.139, "2010-06-30": 5.762, "2010-03-31": "3.55900", "2009-12-31": 2.838, "2009-09-30": 2.635, "2009-06-30": 2.419, "2009-03-31": "2.33400", "2008-12-31": 4.121, "2008-09-30": 4.557, "2008-06-30": 5.058, "2008-03-31": "4.82200", "2007-12-31": 3.961, "2007-09-30": 5.225, "2007-06-30": 5.365, "2007-03-31": "5.20800", "2006-12-31": 3.712, "2006-09-30": 2.156, "2006-06-30": 1.906, "2006-03-31": "5.62800", "2005-12-31": 5.546, "2005-09-30": 6.185, "2005-06-30": 4.76, "2005-03-31": "5.68700"}, "Common Stock Dividends Paid": {"2020-12-31": -38.3, "2020-09-30": -38.2, "2020-06-30": -38, "2020-03-31": "-38.00000", "2019-12-31": -37.401, "2019-09-30": -37.3, "2019-06-30": -37.3, "2019-03-31": "-37.10000", "2018-12-31": -36.284, "2018-09-30": -37.054, "2018-06-30": -37.898, "2018-03-31": "-37.79600", "2017-12-31": -36.5, "2017-09-30": -36.311, "2017-06-30": -36.228, "2017-03-31": "-36.38400", "2016-12-31": -34.604, "2016-09-30": -35.149, "2016-06-30": -35.153, "2016-03-31": "-35.43000", "2015-12-31": -34.477, "2015-09-30": -34.747, "2015-06-30": -34.947, "2015-03-31": "-35.11400", "2014-12-31": -31.904, "2014-09-30": -31.589, "2014-06-30": -31.696, "2014-03-31": "-31.71900", "2013-12-31": -27.24, "2013-09-30": -28.995, "2013-06-30": -28.825, "2013-03-31": "-28.66200", "2012-12-31": -25.525, "2012-09-30": -25.26, "2012-06-30": -25.421, "2012-03-31": "-25.32800", "2011-12-31": -15.438, "2011-09-30": -15.472, "2011-06-30": -15.36, "2011-03-31": "-15.31500", "2010-12-31": -13.505, "2010-09-30": -13.249, "2010-06-30": -13.193, "2010-03-31": "-13.09600", "2009-12-31": -12.603, "2009-09-30": -12.581, "2009-06-30": -12.569, "2009-03-31": "-12.42400", "2008-12-31": -12.153, "2008-09-30": -12.228, "2008-06-30": -12.406, "2008-03-31": "-12.81500", "2007-12-31": -11.75, "2007-09-30": -12.049, "2007-06-30": -12.018, "2007-03-31": "-11.92200", "2006-12-31": -12.047, "2006-09-30": -12.557, "2006-06-30": -12.823, "2006-03-31": "-12.80700", "2005-12-31": -11.627, "2005-09-30": -11.683, "2005-06-30": -11.812, "2005-03-31": "-11.83400"}}, "financial ratios": {"Current Ratio": {"2019-12-31": "1.06480", "2018-12-31": "1.24080", "2017-12-31": "1.10900", "2016-12-31": "1.24090", "2015-12-31": "1.39450", "2014-12-31": "1.28880", "2013-12-31": "1.15720", "2012-12-31": "1.61300", "2011-12-31": "1.49240", "2010-12-31": "1.38330", "2009-12-31": "1.43260", "2008-12-31": "1.09580", "2007-12-31": "1.15280", "2006-12-31": "1.08730", "2005-12-31": "0.99570"}, "Long-term Debt / Capital": {"2019-12-31": "0.57940", "2018-12-31": "0.68620", "2017-12-31": "0.48150", "2016-12-31": "0.56760", "2015-12-31": "0.31740", "2014-12-31": "0.20610", "2013-12-31": "0.34680", "2012-12-31": "0.13120", "2011-12-31": "0.17300", "2010-12-31": "0.21230", "2009-12-31": "0.49440", "2008-12-31": "0.59340", "2007-12-31": "0.53620", "2006-12-31": "0.59900", "2005-12-31": "0.04560"}, "Debt/Equity Ratio": {"2019-12-31": "1.52820", "2018-12-31": "2.26360", "2017-12-31": "0.98000", "2016-12-31": "1.31700", "2015-12-31": "0.47020", "2014-12-31": "0.26260", "2013-12-31": "0.53700", "2012-12-31": "0.15520", "2011-12-31": "0.21450", "2010-12-31": "0.53910", "2009-12-31": "0.97780", "2008-12-31": "1.45960", "2007-12-31": "1.15620", "2006-12-31": "1.49370", "2005-12-31": "0.04770"}, "Gross Margin": {"2019-12-31": "24.30930", "2018-12-31": "24.69670", "2017-12-31": "24.40190", "2016-12-31": "24.47890", "2015-12-31": "28.37380", "2014-12-31": "29.44830", "2013-12-31": "29.67590", "2012-12-31": "28.82740", "2011-12-31": "27.87340", "2010-12-31": "26.62860", "2009-12-31": "25.11160", "2008-12-31": "22.87730", "2007-12-31": "22.07970", "2006-12-31": "21.69360", "2005-12-31": "21.98250"}, "Operating Margin": {"2019-12-31": "7.13110", "2018-12-31": "8.01860", "2017-12-31": "6.62540", "2016-12-31": "7.75530", "2015-12-31": "15.17470", "2014-12-31": "15.95420", "2013-12-31": "15.30060", "2012-12-31": "14.90520", "2011-12-31": "13.17020", "2010-12-31": "11.08520", "2009-12-31": "10.53520", "2008-12-31": "9.38270", "2007-12-31": "9.88960", "2006-12-31": "10.14520", "2005-12-31": "10.96430"}, "EBIT Margin": {"2019-12-31": "7.13110", "2018-12-31": "8.01860", "2017-12-31": "6.62540", "2016-12-31": "7.75530", "2015-12-31": "15.17470", "2014-12-31": "15.95420", "2013-12-31": "15.30060", "2012-12-31": "14.90520", "2011-12-31": "13.17020", "2010-12-31": "11.08520", "2009-12-31": "10.53520", "2008-12-31": "9.38270", "2007-12-31": "9.88960", "2006-12-31": "10.14520", "2005-12-31": "10.96430"}, "EBITDA Margin": {"2019-12-31": "10.58880", "2018-12-31": "11.49040", "2017-12-31": "10.14590", "2016-12-31": "11.46410", "2015-12-31": "18.39850", "2014-12-31": "18.80050", "2013-12-31": "17.73900", "2012-12-31": "17.10410", "2011-12-31": "15.66890", "2010-12-31": "14.42590", "2009-12-31": "14.66030", "2008-12-31": "12.77610", "2007-12-31": "13.37800", "2006-12-31": "14.44120", "2005-12-31": "14.59760"}, "Pre-Tax Profit Margin": {"2019-12-31": "6.01250", "2018-12-31": "7.06170", "2017-12-31": "5.87260", "2016-12-31": "6.93550", "2015-12-31": "14.53050", "2014-12-31": "15.61100", "2013-12-31": "15.20830", "2012-12-31": "14.94940", "2011-12-31": "13.04600", "2010-12-31": "10.97570", "2009-12-31": "9.65420", "2008-12-31": "9.08820", "2007-12-31": "9.56940", "2006-12-31": "9.88690", "2005-12-31": "10.63520"}, "Net Profit Margin": {"2019-12-31": "4.77640", "2018-12-31": "5.51540", "2017-12-31": "3.17750", "2016-12-31": "4.71480", "2015-12-31": "9.64890", "2014-12-31": "10.13540", "2013-12-31": "9.98900", "2012-12-31": "9.72990", "2011-12-31": "8.56530", "2010-12-31": "7.38960", "2009-12-31": "6.45110", "2008-12-31": "6.02570", "2007-12-31": "6.27240", "2006-12-31": "6.45840", "2005-12-31": "7.31160"}, "Asset Turnover": {"2019-12-31": "1.53090", "2018-12-31": "1.47360", "2017-12-31": "1.75700", "2016-12-31": "1.45720", "2015-12-31": "1.97820", "2014-12-31": "2.15890", "2013-12-31": "2.24090", "2012-12-31": "2.15630", "2011-12-31": "2.16360", "2010-12-31": "1.87550", "2009-12-31": "2.05050", "2008-12-31": "2.59370", "2007-12-31": "2.31210", "2006-12-31": "2.12700", "2005-12-31": "2.42630"}, "Inventory Turnover Ratio": {"2019-12-31": "4.57920", "2018-12-31": "4.72130", "2017-12-31": "5.23470", "2016-12-31": "4.56910", "2015-12-31": "4.76090", "2014-12-31": "5.58700", "2013-12-31": "6.35530", "2012-12-31": "6.62180", "2011-12-31": "6.42990", "2010-12-31": "6.19230", "2009-12-31": "6.53970", "2008-12-31": "6.75870", "2007-12-31": "6.35240", "2006-12-31": "5.62680", "2005-12-31": "7.22090"}, "Receiveable Turnover": {"2019-12-31": "30.43170", "2018-12-31": "26.02610", "2017-12-31": "23.62830", "2016-12-31": "20.02990", "2015-12-31": "23.96150", "2014-12-31": "21.58170", "2013-12-31": "19.03480", "2012-12-31": "23.68860", "2011-12-31": "18.97480", "2010-12-31": "22.29870", "2009-12-31": "17.32080", "2008-12-31": "18.89330", "2007-12-31": "21.47590", "2006-12-31": "25.95810", "2005-12-31": "23.86500"}, "Days Sales In Receivables": {"2019-12-31": "11.99410", "2018-12-31": "14.02440", "2017-12-31": "15.44760", "2016-12-31": "18.22270", "2015-12-31": "15.23280", "2014-12-31": "16.91250", "2013-12-31": "19.17540", "2012-12-31": "15.40830", "2011-12-31": "19.23600", "2010-12-31": "16.36870", "2009-12-31": "21.07290", "2008-12-31": "19.31910", "2007-12-31": "16.99580", "2006-12-31": "14.06110", "2005-12-31": "15.29440"}, "ROE - Return On Equity": {"2019-12-31": "29.22610", "2018-12-31": "38.66800", "2017-12-31": "18.51450", "2016-12-31": "24.56030", "2015-12-31": "46.39550", "2014-12-31": "52.71640", "2013-12-31": "71.14740", "2012-12-31": "45.22760", "2011-12-31": "45.50990", "2010-12-31": "39.66080", "2009-12-31": "49.38720", "2008-12-31": "85.67290", "2007-12-31": "65.09230", "2006-12-31": "67.38980", "2005-12-31": "36.52890"}, "Return On Tangible Equity": {"2019-12-31": "-84.77900", "2018-12-31": "-51.53210", "2017-12-31": "114.17800", "2016-12-31": "287.53040", "2015-12-31": "61.09280", "2014-12-31": "71.24250", "2013-12-31": "124.57430", "2012-12-31": "53.54060", "2011-12-31": "53.88460", "2010-12-31": "43.31690", "2009-12-31": "56.53770", "2008-12-31": "104.50530", "2007-12-31": "76.86340", "2006-12-31": "79.31910", "2005-12-31": "39.15200"}, "ROA - Return On Assets": {"2019-12-31": "7.31030", "2018-12-31": "8.12760", "2017-12-31": "5.58300", "2016-12-31": "6.87020", "2015-12-31": "19.08740", "2014-12-31": "21.88160", "2013-12-31": "22.60880", "2012-12-31": "20.98110", "2011-12-31": "18.53180", "2010-12-31": "13.85940", "2009-12-31": "13.22810", "2008-12-31": "15.62870", "2007-12-31": "14.62540", "2006-12-31": "14.48280", "2005-12-31": "17.87120"}, "ROI - Return On Investment": {"2019-12-31": "12.29150", "2018-12-31": "12.13360", "2017-12-31": "9.59930", "2016-12-31": "10.62030", "2015-12-31": "31.66860", "2014-12-31": "41.85040", "2013-12-31": "46.47480", "2012-12-31": "39.29310", "2011-12-31": "37.63710", "2010-12-31": "31.24010", "2009-12-31": "24.97080", "2008-12-31": "34.83250", "2007-12-31": "30.18860", "2006-12-31": "27.02420", "2005-12-31": "34.86440"}, "Book Value Per Share": {"2019-12-31": "18.04540", "2018-12-31": "14.23900", "2017-12-31": "14.77070", "2016-12-31": "13.73880", "2015-12-31": "15.02820", "2014-12-31": "12.98910", "2013-12-31": "8.16180", "2012-12-31": "10.05910", "2011-12-31": "7.30760", "2010-12-31": "5.41850", "2009-12-31": "3.13250", "2008-12-31": "2.10860", "2007-12-31": "2.52810", "2006-12-31": "2.36030", "2005-12-31": "4.52200"}, "Operating Cash Flow Per Share": {"2019-12-31": 3.0548, "2018-12-31": -1.6605, "2017-12-31": 0.0721, "2016-12-31": 2.5257, "2015-12-31": -1.2338, "2014-12-31": 0.7797, "2013-12-31": 1.1173, "2012-12-31": 1.6027, "2011-12-31": -0.0705, "2010-12-31": 1.4074, "2009-12-31": 0.3025, "2008-12-31": -0.2746, "2007-12-31": 1.1362, "2006-12-31": 0.0853, "2005-12-31": 1.6713}, "Free Cash Flow Per Share": {"2019-12-31": 2.5443, "2018-12-31": -2.3125, "2017-12-31": 0.4089, "2016-12-31": 3.013, "2015-12-31": -1.925, "2014-12-31": 1.3376, "2013-12-31": -0.9946, "2012-12-31": 1.3399, "2011-12-31": -0.4492, "2010-12-31": 1.2612, "2009-12-31": 0.7791, "2008-12-31": -0.5378, "2007-12-31": 0.8936, "2006-12-31": 0.4755, "2005-12-31": 0.6462}}, "financial ratios, quarterly": {"Current Ratio": {"2020-09-30": "1.06280", "2020-06-30": "0.98750", "2020-03-31": "1.31210", "2019-12-31": "1.06480", "2019-09-30": "1.12740", "2019-06-30": "1.17890", "2019-03-31": "1.31310", "2018-12-31": "1.24080", "2018-09-30": "1.19110", "2018-06-30": "1.26810", "2018-03-31": "1.24230", "2017-12-31": "1.10900", "2017-09-30": "1.04490", "2017-06-30": "1.16100", "2017-03-31": "1.26770", "2016-12-31": "1.24090", "2016-09-30": "1.16590", "2016-06-30": "1.20830", "2016-03-31": "1.35560", "2015-12-31": "1.39450", "2015-09-30": "1.39790", "2015-06-30": "1.56180", "2015-03-31": "1.46960", "2014-12-31": "1.28880", "2014-09-30": "1.30930", "2014-06-30": "1.36960", "2014-03-31": "1.29620", "2013-12-31": "1.15720", "2013-09-30": "1.42340", "2013-06-30": "1.47060", "2013-03-31": "1.67830", "2012-12-31": "1.61300", "2012-09-30": "1.55630", "2012-06-30": "1.54700", "2012-03-31": "1.54410", "2011-12-31": "1.49240", "2011-09-30": "1.49740", "2011-06-30": "1.49410", "2011-03-31": "1.42800", "2010-12-31": "1.38330", "2010-09-30": "1.60000", "2010-06-30": "1.56800", "2010-03-31": "1.54000", "2009-12-31": "1.43260", "2009-09-30": "1.26480", "2009-06-30": "1.41060", "2009-03-31": "1.28010", "2008-12-31": "1.09580", "2008-09-30": "1.08570", "2008-06-30": "1.21180", "2008-03-31": "1.24780", "2007-12-31": "1.15280", "2007-09-30": "1.18820", "2007-06-30": "1.27080", "2007-03-31": "1.33000", "2006-12-31": "1.08730", "2006-09-30": "1.06960", "2006-06-30": "1.15690", "2006-03-31": "1.20120", "2005-12-31": "0.99570", "2005-09-30": "0.96750", "2005-06-30": "1.06260", "2005-03-31": "1.20280"}, "Long-term Debt / Capital": {"2020-09-30": "0.58250", "2020-06-30": "0.64880", "2020-03-31": "0.66590", "2019-12-31": "0.57940", "2019-09-30": "0.62890", "2019-06-30": "0.65800", "2019-03-31": "0.69820", "2018-12-31": "0.68620", "2018-09-30": "0.66680", "2018-06-30": "0.55000", "2018-03-31": "0.49760", "2017-12-31": "0.48150", "2017-09-30": "0.49890", "2017-06-30": "0.55500", "2017-03-31": "0.58430", "2016-12-31": "0.56760", "2016-09-30": "0.31760", "2016-06-30": "0.33390", "2016-03-31": "0.36170", "2015-12-31": "0.31740", "2015-09-30": "0.24960", "2015-06-30": "0.31060", "2015-03-31": "0.27490", "2014-12-31": "0.20610", "2014-09-30": "0.21490", "2014-06-30": "0.34420", "2014-03-31": "0.34800", "2013-12-31": "0.34680", "2013-09-30": "0.10030", "2013-06-30": "0.11440", "2013-03-31": "0.12410", "2012-12-31": "0.13120", "2012-09-30": "0.13710", "2012-06-30": "0.15540", "2012-03-31": "0.16090", "2011-12-31": "0.17300", "2011-09-30": "0.16800", "2011-06-30": "0.18130", "2011-03-31": "0.20440", "2010-12-31": "0.21230", "2010-09-30": "0.40170", "2010-06-30": "0.45480", "2010-03-31": "0.48500", "2009-12-31": "0.49440", "2009-09-30": "0.53020", "2009-06-30": "0.62590", "2009-03-31": "0.63930", "2008-12-31": "0.59340", "2008-09-30": "0.61300", "2008-06-30": "0.65420", "2008-03-31": "0.64200", "2007-12-31": "0.53620", "2007-09-30": "0.52180", "2007-06-30": "0.50650", "2007-03-31": "0.57800", "2006-12-31": "0.59900", "2006-09-30": "0.18970", "2006-06-30": "0.20660", "2006-03-31": "0.17660", "2005-12-31": "0.04560", "2005-09-30": "0.04870", "2005-06-30": "0.08380", "2005-03-31": "0.04570"}, "Debt/Equity Ratio": {"2020-09-30": "1.96710", "2020-06-30": "2.55970", "2020-03-31": "2.15960", "2019-12-31": "1.52820", "2019-09-30": "1.76030", "2019-06-30": "1.99360", "2019-03-31": "2.38920", "2018-12-31": "2.26360", "2018-09-30": "2.07550", "2018-06-30": "1.26790", "2018-03-31": "1.05750", "2017-12-31": "0.98000", "2017-09-30": "1.02680", "2017-06-30": "1.25070", "2017-03-31": "1.40900", "2016-12-31": "1.31700", "2016-09-30": "0.47040", "2016-06-30": "0.50650", "2016-03-31": "0.57190", "2015-12-31": "0.47020", "2015-09-30": "0.33780", "2015-06-30": "0.45600", "2015-03-31": "0.38160", "2014-12-31": "0.26260", "2014-09-30": "0.27720", "2014-06-30": "0.52940", "2014-03-31": "0.53880", "2013-12-31": "0.53700", "2013-09-30": "0.11510", "2013-06-30": "0.13330", "2013-03-31": "0.14530", "2012-12-31": "0.15520", "2012-09-30": "0.16280", "2012-06-30": "0.18860", "2012-03-31": "0.19670", "2011-12-31": "0.21450", "2011-09-30": "0.20190", "2011-06-30": "0.22150", "2011-03-31": "0.51390", "2010-12-31": "0.53910", "2010-09-30": "0.67130", "2010-06-30": "0.83400", "2010-03-31": "0.94180", "2009-12-31": "0.97780", "2009-09-30": "1.12860", "2009-06-30": "1.67290", "2009-03-31": "1.77240", "2008-12-31": "1.45960", "2008-09-30": "1.58390", "2008-06-30": "1.89190", "2008-03-31": "1.79300", "2007-12-31": "1.15620", "2007-09-30": "1.09140", "2007-06-30": "1.02650", "2007-03-31": "1.36970", "2006-12-31": "1.49370", "2006-09-30": "0.23410", "2006-06-30": "0.26040", "2006-03-31": "0.21450", "2005-12-31": "0.04770", "2005-09-30": "0.05120", "2005-06-30": "0.09140", "2005-03-31": "0.04790"}, "Gross Margin": {"2020-09-30": "27.35090", "2020-06-30": "22.00690", "2020-03-31": "20.84400", "2019-12-31": "24.38950", "2019-09-30": "24.63870", "2019-06-30": "24.52650", "2019-03-31": "23.56760", "2018-12-31": "24.04700", "2018-09-30": "24.29860", "2018-06-30": "25.63510", "2018-03-31": "24.93160", "2017-12-31": "25.70230", "2017-09-30": "24.61320", "2017-06-30": "25.67080", "2017-03-31": "21.01710", "2016-12-31": "25.68360", "2016-09-30": "22.00470", "2016-06-30": "25.16000", "2016-03-31": "25.18610", "2015-12-31": "28.06340", "2015-09-30": "28.54550", "2015-06-30": "28.40940", "2015-03-31": "28.42530", "2014-12-31": "28.82930", "2014-09-30": "29.81350", "2014-06-30": "30.07160", "2014-03-31": "29.08970", "2013-12-31": "29.26130", "2013-09-30": "30.36190", "2013-06-30": "29.86960", "2013-03-31": "29.04480", "2012-12-31": "28.17970", "2012-09-30": "29.52310", "2012-06-30": "28.69150", "2012-03-31": "28.93700", "2011-12-31": "26.12740", "2011-09-30": "28.33910", "2011-06-30": "29.21500", "2011-03-31": "28.26430", "2010-12-31": "27.73360", "2010-09-30": "25.97890", "2010-06-30": "26.24330", "2010-03-31": "26.24050", "2009-12-31": "27.26120", "2009-09-30": "24.05130", "2009-06-30": "24.07200", "2009-03-31": "24.49620", "2008-12-31": "22.77390", "2008-09-30": "22.45890", "2008-06-30": "23.71000", "2008-03-31": "22.66490", "2007-12-31": "21.97150", "2007-09-30": "22.52790", "2007-06-30": "22.97180", "2007-03-31": "20.43830", "2006-12-31": "23.60470", "2006-09-30": "20.94530", "2006-06-30": "21.70740", "2006-03-31": "20.20700", "2005-12-31": "20.66600", "2005-09-30": "22.99700", "2005-06-30": "21.44130", "2005-03-31": "23.04560"}, "Operating Margin": {"2020-09-30": "12.24800", "2020-06-30": "-19.53960", "2020-03-31": "0.39140", "2019-12-31": "7.85580", "2019-09-30": "7.35490", "2019-06-30": "7.59290", "2019-03-31": "5.47570", "2018-12-31": "8.77690", "2018-09-30": "8.40910", "2018-06-30": "8.15000", "2018-03-31": "6.41830", "2017-12-31": "8.55860", "2017-09-30": "7.90600", "2017-06-30": "7.26650", "2017-03-31": "1.82780", "2016-12-31": "8.10840", "2016-09-30": "4.84270", "2016-06-30": "10.34700", "2016-03-31": "7.84780", "2015-12-31": "14.39560", "2015-09-30": "16.66730", "2015-06-30": "14.58800", "2015-03-31": "14.54360", "2014-12-31": "16.47060", "2014-09-30": "17.09020", "2014-06-30": "15.32950", "2014-03-31": "14.26040", "2013-12-31": "15.60360", "2013-09-30": "16.44160", "2013-06-30": "14.86200", "2013-03-31": "13.67040", "2012-12-31": "14.97560", "2012-09-30": "16.08830", "2012-06-30": "14.61840", "2012-03-31": "13.58770", "2011-12-31": "11.90970", "2011-09-30": "15.11110", "2011-06-30": "12.65310", "2011-03-31": "12.95300", "2010-12-31": "12.63600", "2010-09-30": "11.67010", "2010-06-30": "9.96570", "2010-03-31": "8.82920", "2009-12-31": "14.72390", "2009-09-30": "10.46430", "2009-06-30": "7.82630", "2009-03-31": "7.30420", "2008-12-31": "10.50660", "2008-09-30": "9.61550", "2008-06-30": "8.94340", "2008-03-31": "8.03610", "2007-12-31": "11.59570", "2007-09-30": "11.12180", "2007-06-30": "9.74020", "2007-03-31": "5.04980", "2006-12-31": "12.10500", "2006-09-30": "12.29530", "2006-06-30": "9.73660", "2006-03-31": "4.82050", "2005-12-31": "11.72920", "2005-09-30": "12.98190", "2005-06-30": "10.21890", "2005-03-31": "7.70280"}, "EBIT Margin": {"2020-09-30": "12.24800", "2020-06-30": "-19.53960", "2020-03-31": "0.39140", "2019-12-31": "7.85580", "2019-09-30": "7.35490", "2019-06-30": "7.59290", "2019-03-31": "5.47570", "2018-12-31": "8.77690", "2018-09-30": "8.40910", "2018-06-30": "8.15000", "2018-03-31": "6.41830", "2017-12-31": "8.55860", "2017-09-30": "7.90600", "2017-06-30": "7.26650", "2017-03-31": "1.82780", "2016-12-31": "8.10840", "2016-09-30": "4.84270", "2016-06-30": "10.34700", "2016-03-31": "7.84780", "2015-12-31": "14.39560", "2015-09-30": "16.66730", "2015-06-30": "14.58800", "2015-03-31": "14.54360", "2014-12-31": "16.47060", "2014-09-30": "17.09020", "2014-06-30": "15.32950", "2014-03-31": "14.26040", "2013-12-31": "15.60370", "2013-09-30": "16.44160", "2013-06-30": "14.86200", "2013-03-31": "13.67040", "2012-12-31": "14.97560", "2012-09-30": "16.08830", "2012-06-30": "14.61840", "2012-03-31": "13.58770", "2011-12-31": "11.90970", "2011-09-30": "15.11110", "2011-06-30": "12.65310", "2011-03-31": "12.95300", "2010-12-31": "12.63600", "2010-09-30": "11.67010", "2010-06-30": "9.96570", "2010-03-31": "8.82920", "2009-12-31": "14.72390", "2009-09-30": "10.46430", "2009-06-30": "7.82630", "2009-03-31": "7.30420", "2008-12-31": "10.50660", "2008-09-30": "9.61550", "2008-06-30": "8.94340", "2008-03-31": "8.03610", "2007-12-31": "11.59570", "2007-09-30": "11.12180", "2007-06-30": "9.74020", "2007-03-31": "5.04980", "2006-12-31": "12.10500", "2006-09-30": "12.29530", "2006-06-30": "9.73660", "2006-03-31": "4.82050", "2005-12-31": "11.72920", "2005-09-30": "12.98190", "2005-06-30": "10.21890", "2005-03-31": "7.70280"}, "EBITDA Margin": {"2020-09-30": "", "2020-06-30": "", "2020-03-31": "", "2019-12-31": "", "2019-09-30": "", "2019-06-30": "", "2019-03-31": "", "2018-12-31": "", "2018-09-30": "", "2018-06-30": "", "2018-03-31": "", "2017-12-31": "", "2017-09-30": "", "2017-06-30": "", "2017-03-31": "", "2016-12-31": "", "2016-09-30": "", "2016-06-30": "", "2016-03-31": "", "2015-12-31": "", "2015-09-30": "", "2015-06-30": "", "2015-03-31": "", "2014-12-31": "", "2014-09-30": "", "2014-06-30": "", "2014-03-31": "", "2013-12-31": "", "2013-09-30": "", "2013-06-30": "", "2013-03-31": "", "2012-12-31": "", "2012-09-30": "", "2012-06-30": "", "2012-03-31": "", "2011-12-31": "", "2011-09-30": "", "2011-06-30": "", "2011-03-31": "", "2010-12-31": "", "2010-09-30": "", "2010-06-30": "", "2010-03-31": "", "2009-12-31": "", "2009-09-30": "", "2009-06-30": "", "2009-03-31": "", "2008-12-31": "", "2008-09-30": "", "2008-06-30": "", "2008-03-31": "", "2007-12-31": "", "2007-09-30": "", "2007-06-30": "", "2007-03-31": "", "2006-12-31": "", "2006-09-30": "", "2006-06-30": "", "2006-03-31": "", "2005-12-31": "", "2005-09-30": "", "2005-06-30": "", "2005-03-31": ""}, "Pre-Tax Profit Margin": {"2020-09-30": "11.19920", "2020-06-30": "-20.77660", "2020-03-31": "-0.82550", "2019-12-31": "6.96460", "2019-09-30": "6.10750", "2019-06-30": "6.42390", "2019-03-31": "4.30570", "2018-12-31": "7.35350", "2018-09-30": "7.45170", "2018-06-30": "7.51050", "2018-03-31": "5.67970", "2017-12-31": "8.24410", "2017-09-30": "7.38350", "2017-06-30": "6.73780", "2017-03-31": "-0.02890", "2016-12-31": "7.01760", "2016-09-30": "3.86810", "2016-06-30": "9.71120", "2016-03-31": "7.33880", "2015-12-31": "13.66640", "2015-09-30": "16.46360", "2015-06-30": "13.92980", "2015-03-31": "13.38500", "2014-12-31": "15.88050", "2014-09-30": "16.77360", "2014-06-30": "15.12010", "2014-03-31": "14.08000", "2013-12-31": "15.25610", "2013-09-30": "16.48010", "2013-06-30": "14.77590", "2013-03-31": "13.74860", "2012-12-31": "14.92060", "2012-09-30": "16.37510", "2012-06-30": "14.39650", "2012-03-31": "13.74580", "2011-12-31": "12.34310", "2011-09-30": "14.18630", "2011-06-30": "12.22100", "2011-03-31": "13.45370", "2010-12-31": "12.66180", "2010-09-30": "12.07610", "2010-06-30": "9.08020", "2010-03-31": "8.58620", "2009-12-31": "13.95210", "2009-09-30": "10.52460", "2009-06-30": "7.70550", "2009-03-31": "4.09940", "2008-12-31": "10.70300", "2008-09-30": "9.19040", "2008-06-30": "8.36500", "2008-03-31": "7.60850", "2007-12-31": "10.93100", "2007-09-30": "10.38630", "2007-06-30": "9.50940", "2007-03-31": "5.92170", "2006-12-31": "11.87940", "2006-09-30": "12.17700", "2006-06-30": "8.93700", "2006-03-31": "4.93660", "2005-12-31": "11.46600", "2005-09-30": "12.65680", "2005-06-30": "9.70890", "2005-03-31": "7.49460"}, "Net Profit Margin": {"2020-09-30": "8.53370", "2020-06-30": "-15.57080", "2020-03-31": "-0.38430", "2019-12-31": "5.70070", "2019-09-30": "4.98980", "2019-06-30": "4.95700", "2019-03-31": "3.23590", "2018-12-31": "5.62180", "2018-09-30": "5.78470", "2018-06-30": "6.15890", "2018-03-31": "4.29400", "2017-12-31": "2.19940", "2017-09-30": "5.53770", "2017-06-30": "4.54540", "2017-03-31": "-0.25230", "2016-12-31": "5.13890", "2016-09-30": "2.72660", "2016-06-30": "6.29350", "2016-03-31": "4.77000", "2015-12-31": "10.01090", "2015-09-30": "10.65750", "2015-06-30": "8.97810", "2015-03-31": "8.57050", "2014-12-31": "10.61940", "2014-09-30": "10.81330", "2014-06-30": "9.55710", "2014-03-31": "9.10690", "2013-12-31": "10.02850", "2013-09-30": "10.26110", "2013-06-30": "9.47020", "2013-03-31": "10.11710", "2012-12-31": "9.77790", "2012-09-30": "10.72180", "2012-06-30": "9.24260", "2012-03-31": "8.91700", "2011-12-31": "8.17160", "2011-09-30": "9.26710", "2011-06-30": "8.01570", "2011-03-31": "8.80680", "2010-12-31": "8.81600", "2010-09-30": "8.14040", "2010-06-30": "5.94650", "2010-03-31": "5.46600", "2009-12-31": "9.30750", "2009-09-30": "7.14610", "2009-06-30": "5.05300", "2009-03-31": "2.71070", "2008-12-31": "6.92130", "2008-09-30": "6.49550", "2008-06-30": "5.35020", "2008-03-31": "4.90960", "2007-12-31": "6.96530", "2007-09-30": "7.13740", "2007-06-30": "6.02810", "2007-03-31": "3.90070", "2006-12-31": "7.22270", "2006-09-30": "8.66860", "2006-06-30": "5.35240", "2006-03-31": "3.45720", "2005-12-31": "7.94410", "2005-09-30": "8.90110", "2005-06-30": "6.55400", "2005-03-31": "4.90890"}, "Asset Turnover": {"2020-09-30": "0.40860", "2020-06-30": "0.35050", "2020-03-31": "0.29500", "2019-12-31": "0.39180", "2019-09-30": "0.39130", "2019-06-30": "0.40770", "2019-03-31": "0.33930", "2018-12-31": "0.39450", "2018-09-30": "0.39810", "2018-06-30": "0.46380", "2018-03-31": "0.40300", "2017-12-31": "0.46320", "2017-09-30": "0.47200", "2017-06-30": "0.43820", "2017-03-31": "0.36790", "2016-12-31": "0.39290", "2016-09-30": "0.47970", "2016-06-30": "0.47200", "2016-03-31": "0.41310", "2015-12-31": "0.46340", "2015-09-30": "0.63030", "2015-06-30": "0.51540", "2015-03-31": "0.49660", "2014-12-31": "0.61450", "2014-09-30": "0.64830", "2014-06-30": "0.52840", "2014-03-31": "0.50350", "2013-12-31": "0.64300", "2013-09-30": "0.57330", "2013-06-30": "0.52460", "2013-03-31": "0.49700", "2012-12-31": "0.60510", "2012-09-30": "0.59800", "2012-06-30": "0.59190", "2012-03-31": "0.55100", "2011-12-31": "0.63680", "2011-09-30": "0.60920", "2011-06-30": "0.55710", "2011-03-31": "0.50820", "2010-12-31": "0.58250", "2010-09-30": "0.59680", "2010-06-30": "0.52470", "2010-03-31": "0.48820", "2009-12-31": "0.61780", "2009-09-30": "0.57400", "2009-06-30": "0.50040", "2009-03-31": "0.43840", "2008-12-31": "0.69710", "2008-09-30": "0.72260", "2008-06-30": "0.57950", "2008-03-31": "0.50530", "2007-12-31": "0.70320", "2007-09-30": "0.67310", "2007-06-30": "0.50870", "2007-03-31": "0.43410", "2006-12-31": "0.57600", "2006-09-30": "0.62350", "2006-06-30": "0.50420", "2006-03-31": "0.44300", "2005-12-31": "0.68270", "2005-09-30": "0.68600", "2005-06-30": "0.61690", "2005-03-31": "0.48630"}, "Inventory Turnover Ratio": {"2020-09-30": "1.17020", "2020-06-30": "1.14880", "2020-03-31": "0.90080", "2019-12-31": "1.17080", "2019-09-30": "1.05120", "2019-06-30": "1.18810", "2019-03-31": "0.99530", "2018-12-31": "1.27470", "2018-09-30": "1.22620", "2018-06-30": "1.20760", "2018-03-31": "1.05530", "2017-12-31": "1.35620", "2017-09-30": "1.32410", "2017-06-30": "1.24330", "2017-03-31": "1.13820", "2016-12-31": "1.21230", "2016-09-30": "1.22270", "2016-06-30": "1.22250", "2016-03-31": "1.03580", "2015-12-31": "1.12020", "2015-09-30": "1.54220", "2015-06-30": "1.13650", "2015-03-31": "1.17530", "2014-12-31": "1.60410", "2014-09-30": "1.57000", "2014-06-30": "1.26640", "2014-03-31": "1.30450", "2013-12-31": "1.83420", "2013-09-30": "1.66710", "2013-06-30": "1.38220", "2013-03-31": "1.42710", "2012-12-31": "1.87490", "2012-09-30": "1.51240", "2012-06-30": "1.50490", "2012-03-31": "1.52460", "2011-12-31": "1.93820", "2011-09-30": "1.54610", "2011-06-30": "1.50390", "2011-03-31": "1.57650", "2010-12-31": "1.89430", "2010-09-30": "1.53470", "2010-06-30": "1.42770", "2010-03-31": "1.47960", "2009-12-31": "1.91370", "2009-09-30": "1.50010", "2009-06-30": "1.19570", "2009-03-31": "0.95920", "2008-12-31": "1.81890", "2008-09-30": "1.67690", "2008-06-30": "1.24870", "2008-03-31": "1.07640", "2007-12-31": "1.93480", "2007-09-30": "1.63490", "2007-06-30": "1.08390", "2007-03-31": "1.06780", "2006-12-31": "1.48650", "2006-09-30": "1.58830", "2006-06-30": "1.24700", "2006-03-31": "1.20960", "2005-12-31": "2.06590", "2005-09-30": "1.67360", "2005-06-30": "1.46720", "2005-03-31": "1.20270"}, "Receiveable Turnover": {"2020-09-30": "7.91340", "2020-06-30": "7.21970", "2020-03-31": "6.57250", "2019-12-31": "7.78790", "2019-09-30": "7.63000", "2019-06-30": "7.68470", "2019-03-31": "6.43690", "2018-12-31": "6.96670", "2018-09-30": "7.38690", "2018-06-30": "7.48970", "2018-03-31": "6.51810", "2017-12-31": "6.22890", "2017-09-30": "7.63770", "2017-06-30": "7.24900", "2017-03-31": "4.99090", "2016-12-31": "5.40050", "2016-09-30": "5.71290", "2016-06-30": "6.96090", "2016-03-31": "6.43830", "2015-12-31": "5.61360", "2015-09-30": "7.81650", "2015-06-30": "6.74550", "2015-03-31": "5.78880", "2014-12-31": "6.14260", "2014-09-30": "7.47350", "2014-06-30": "6.32530", "2014-03-31": "5.78750", "2013-12-31": "5.46140", "2013-09-30": "6.38580", "2013-06-30": "5.20690", "2013-03-31": "5.38460", "2012-12-31": "6.64690", "2012-09-30": "6.09870", "2012-06-30": "5.24470", "2012-03-31": "4.82540", "2011-12-31": "5.58450", "2011-09-30": "6.18910", "2011-06-30": "4.04460", "2011-03-31": "4.41430", "2010-12-31": "6.92590", "2010-09-30": "5.91010", "2010-06-30": "4.45900", "2010-03-31": "3.96020", "2009-12-31": "5.21840", "2009-09-30": "4.95270", "2009-06-30": "6.40230", "2009-03-31": "5.04410", "2008-12-31": "5.07770", "2008-09-30": "7.50930", "2008-06-30": "6.24110", "2008-03-31": "5.79160", "2007-12-31": "6.53220", "2007-09-30": "7.77850", "2007-06-30": "7.06230", "2007-03-31": "6.11490", "2006-12-31": "7.02940", "2006-09-30": "6.20320", "2006-06-30": "6.91810", "2006-03-31": "5.49330", "2005-12-31": "6.71460", "2005-09-30": "7.92570", "2005-06-30": "7.71300", "2005-03-31": "5.81440"}, "Days Sales In Receivables": {"2020-09-30": "11.37320", "2020-06-30": "12.46590", "2020-03-31": "13.69340", "2019-12-31": "11.55640", "2019-09-30": "11.79560", "2019-06-30": "11.71160", "2019-03-31": "13.98180", "2018-12-31": "12.91860", "2018-09-30": "12.18370", "2018-06-30": "12.01640", "2018-03-31": "13.80770", "2017-12-31": "14.44890", "2017-09-30": "11.78370", "2017-06-30": "12.41550", "2017-03-31": "18.03300", "2016-12-31": "16.66500", "2016-09-30": "15.75390", "2016-06-30": "12.92940", "2016-03-31": "13.97880", "2015-12-31": "16.03250", "2015-09-30": "11.51410", "2015-06-30": "13.34220", "2015-03-31": "15.54720", "2014-12-31": "14.65180", "2014-09-30": "12.04260", "2014-06-30": "14.22850", "2014-03-31": "15.55080", "2013-12-31": "16.47920", "2013-09-30": "14.09380", "2013-06-30": "17.28460", "2013-03-31": "16.71430", "2012-12-31": "13.54020", "2012-09-30": "14.75710", "2012-06-30": "17.16020", "2012-03-31": "18.65130", "2011-12-31": "16.11610", "2011-09-30": "14.54160", "2011-06-30": "22.25170", "2011-03-31": "20.38850", "2010-12-31": "12.99470", "2010-09-30": "15.22820", "2010-06-30": "20.18400", "2010-03-31": "22.72590", "2009-12-31": "17.24670", "2009-09-30": "18.17200", "2009-06-30": "14.05750", "2009-03-31": "17.84260", "2008-12-31": "17.72470", "2008-09-30": "11.98510", "2008-06-30": "14.42060", "2008-03-31": "15.53980", "2007-12-31": "13.77790", "2007-09-30": "11.57040", "2007-06-30": "12.74370", "2007-03-31": "14.71810", "2006-12-31": "12.80330", "2006-09-30": "14.50860", "2006-06-30": "13.00940", "2006-03-31": "16.38360", "2005-12-31": "13.40370", "2005-09-30": "11.35550", "2005-06-30": "11.66860", "2005-03-31": "15.47880"}, "ROE - Return On Equity": {"2020-09-30": "17.60920", "2020-06-30": "-31.25330", "2020-03-31": "-0.53900", "2019-12-31": "8.93200", "2019-09-30": "8.72460", "2019-06-30": "9.25330", "2019-03-31": "5.50310", "2018-12-31": "10.55050", "2018-09-30": "10.63500", "2018-06-30": "10.54580", "2018-03-31": "5.72330", "2017-12-31": "3.37830", "2017-09-30": "9.13970", "2017-06-30": "7.26670", "2017-03-31": "-0.34830", "2016-12-31": "7.21780", "2016-09-30": "3.48070", "2016-06-30": "7.70040", "2016-03-31": "5.03710", "2015-12-31": "11.27710", "2015-09-30": "16.55430", "2015-06-30": "11.40930", "2015-03-31": "10.27080", "2014-12-31": "15.72070", "2014-09-30": "17.11750", "2014-06-30": "13.95480", "2014-03-31": "13.13650", "2013-12-31": "20.29110", "2013-09-30": "12.54950", "2013-06-30": "9.90810", "2013-03-31": "10.31160", "2012-12-31": "12.75310", "2012-09-30": "14.31460", "2012-06-30": "12.24240", "2012-03-31": "10.93800", "2011-12-31": "12.77840", "2011-09-30": "13.65800", "2011-06-30": "10.79410", "2011-03-31": "12.15650", "2010-12-31": "14.69630", "2010-09-30": "15.85050", "2010-06-30": "10.68570", "2010-03-31": "9.31010", "2009-12-31": "21.46760", "2009-09-30": "17.58910", "2009-06-30": "11.69560", "2009-03-31": "6.14380", "2008-12-31": "26.44730", "2008-09-30": "27.13720", "2008-06-30": "17.67190", "2008-03-31": "13.15960", "2007-12-31": "21.96820", "2007-09-30": "21.34700", "2007-06-30": "11.76710", "2007-03-31": "7.07430", "2006-12-31": "21.58440", "2006-09-30": "12.82910", "2006-06-30": "6.50510", "2006-03-31": "3.00140", "2005-12-31": "11.17050", "2005-09-30": "13.81980", "2005-06-30": "8.87660", "2005-03-31": "4.74890"}, "Return On Tangible Equity": {"2020-09-30": "-119.64160", "2020-06-30": "69.48060", "2020-03-31": "1.13300", "2019-12-31": "-25.91200", "2019-09-30": "-18.36220", "2019-06-30": "-15.82730", "2019-03-31": "-7.72030", "2018-12-31": "-14.06040", "2018-09-30": "-15.47830", "2018-06-30": "82.28700", "2018-03-31": "28.48100", "2017-12-31": "20.83360", "2017-09-30": "73.54250", "2017-06-30": "92.81760", "2017-03-31": "-5.90800", "2016-12-31": "84.49920", "2016-09-30": "4.91880", "2016-06-30": "10.94380", "2016-03-31": "7.18730", "2015-12-31": "14.84950", "2015-09-30": "22.00360", "2015-06-30": "15.53650", "2015-03-31": "13.58690", "2014-12-31": "21.24540", "2014-09-30": "23.53930", "2014-06-30": "21.23700", "2014-03-31": "20.77650", "2013-12-31": "35.52830", "2013-09-30": "16.61300", "2013-06-30": "13.70110", "2013-03-31": "12.04070", "2012-12-31": "15.09720", "2012-09-30": "16.20000", "2012-06-30": "14.13540", "2012-03-31": "12.75350", "2011-12-31": "15.12980", "2011-09-30": "15.52870", "2011-06-30": "12.47660", "2011-03-31": "13.22890", "2010-12-31": "16.05110", "2010-09-30": "17.48700", "2010-06-30": "12.07430", "2010-03-31": "10.71770", "2009-12-31": "24.57580", "2009-09-30": "20.55740", "2009-06-30": "14.05710", "2009-03-31": "7.47660", "2008-12-31": "32.26090", "2008-09-30": "33.37530", "2008-06-30": "21.81290", "2008-03-31": "16.04940", "2007-12-31": "25.94080", "2007-09-30": "24.92720", "2007-06-30": "13.56510", "2007-03-31": "8.24510", "2006-12-31": "25.40520", "2006-09-30": "13.89420", "2006-06-30": "7.01770", "2006-03-31": "3.21910", "2005-12-31": "11.97270", "2005-09-30": "14.88850", "2005-06-30": "9.69790", "2005-03-31": "5.12930"}, "ROA - Return On Assets": {"2020-09-30": "3.48900", "2020-06-30": "-5.45830", "2020-03-31": "-0.11340", "2019-12-31": "2.23410", "2019-09-30": "1.95250", "2019-06-30": "2.01870", "2019-03-31": "1.09780", "2018-12-31": "2.21760", "2018-09-30": "2.30300", "2018-06-30": "2.85660", "2018-03-31": "1.73050", "2017-12-31": "1.01870", "2017-09-30": "2.61370", "2017-06-30": "1.99170", "2017-03-31": "-0.09280", "2016-12-31": "2.01900", "2016-09-30": "1.30800", "2016-06-30": "2.97060", "2016-03-31": "1.97030", "2015-12-31": "4.63950", "2015-09-30": "6.71720", "2015-06-30": "4.62710", "2015-03-31": "4.25620", "2014-12-31": "6.52540", "2014-09-30": "7.01030", "2014-06-30": "5.04960", "2014-03-31": "4.58510", "2013-12-31": "6.44800", "2013-09-30": "6.07940", "2013-06-30": "4.96800", "2013-03-31": "5.02800", "2012-12-31": "5.91620", "2012-09-30": "6.41180", "2012-06-30": "5.47050", "2012-03-31": "4.91300", "2011-12-31": "5.20340", "2011-09-30": "5.64550", "2011-06-30": "4.46540", "2011-03-31": "4.47550", "2010-12-31": "5.13560", "2010-09-30": "4.85780", "2010-06-30": "3.11990", "2010-03-31": "2.66840", "2009-12-31": "5.75000", "2009-09-30": "4.10160", "2009-06-30": "2.52850", "2009-03-31": "1.18830", "2008-12-31": "4.82460", "2008-09-30": "4.69330", "2008-06-30": "3.10030", "2008-03-31": "2.48090", "2007-12-31": "4.93600", "2007-09-30": "4.84090", "2007-06-30": "3.09400", "2007-03-31": "1.71500", "2006-12-31": "4.63870", "2006-09-30": "5.43750", "2006-06-30": "2.98190", "2006-03-31": "1.48680", "2005-12-31": "5.46500", "2005-09-30": "6.13950", "2005-06-30": "4.06320", "2005-03-31": "2.42460"}, "ROI - Return On Investment": {"2020-09-30": "7.35210", "2020-06-30": "-10.97590", "2020-03-31": "-0.18010", "2019-12-31": "3.75650", "2019-09-30": "3.23790", "2019-06-30": "3.16490", "2019-03-31": "1.66080", "2018-12-31": "3.31060", "2018-09-30": "3.54340", "2018-06-30": "4.74560", "2018-03-31": "2.87530", "2017-12-31": "1.75150", "2017-09-30": "4.57960", "2017-06-30": "3.23340", "2017-03-31": "-0.14480", "2016-12-31": "3.12110", "2016-09-30": "2.37540", "2016-06-30": "5.12910", "2016-03-31": "3.21520", "2015-12-31": "7.69750", "2015-09-30": "12.42250", "2015-06-30": "7.86600", "2015-03-31": "7.44770", "2014-12-31": "12.48030", "2014-09-30": "13.43870", "2014-06-30": "9.15130", "2014-03-31": "8.56480", "2013-12-31": "13.25450", "2013-09-30": "11.29030", "2013-06-30": "8.77460", "2013-03-31": "9.03150", "2012-12-31": "11.07970", "2012-09-30": "12.35250", "2012-06-30": "10.33960", "2012-03-31": "9.17820", "2011-12-31": "10.56780", "2011-09-30": "11.36340", "2011-06-30": "8.83670", "2011-03-31": "9.67140", "2010-12-31": "11.57600", "2010-09-30": "9.48370", "2010-06-30": "5.82630", "2010-03-31": "4.79460", "2009-12-31": "10.85430", "2009-09-30": "8.26340", "2009-06-30": "4.37560", "2009-03-31": "2.21610", "2008-12-31": "10.75290", "2008-09-30": "10.50230", "2008-06-30": "6.11090", "2008-03-31": "4.71170", "2007-12-31": "10.18840", "2007-09-30": "10.20720", "2007-06-30": "5.80650", "2007-03-31": "2.98540", "2006-12-31": "8.65560", "2006-09-30": "10.39540", "2006-06-30": "5.16100", "2006-03-31": "2.47120", "2005-12-31": "10.66150", "2005-09-30": "13.14700", "2005-06-30": "8.13320", "2005-03-31": "4.53210"}, "Book Value Per Share": {"2020-09-30": "15.36140", "2020-06-30": "12.28710", "2020-03-31": "16.36930", "2019-12-31": "18.04890", "2019-09-30": "16.56430", "2019-06-30": "15.57760", "2019-03-31": "14.40600", "2018-12-31": "14.23900", "2018-09-30": "14.54120", "2018-06-30": "14.10470", "2018-03-31": "15.42780", "2017-12-31": "14.77070", "2017-09-30": "14.32630", "2017-06-30": "13.64800", "2017-03-31": "13.26970", "2016-12-31": "13.73880", "2016-09-30": "14.49000", "2016-06-30": "14.41980", "2016-03-31": "14.40530", "2015-12-31": "15.02820", "2015-09-30": "14.29800", "2015-06-30": "13.37610", "2015-03-31": "12.97520", "2014-12-31": "12.98910", "2014-09-30": "12.39100", "2014-06-30": "10.52790", "2014-03-31": "9.34510", "2013-12-31": "8.16180", "2013-09-30": "13.45330", "2013-06-30": "11.72740", "2013-03-31": "10.67550", "2012-12-31": "10.05910", "2012-09-30": "9.59380", "2012-06-30": "8.34040", "2012-03-31": "8.00130", "2011-12-31": "7.30760", "2011-09-30": "7.21060", "2011-06-30": "6.54660", "2011-03-31": "5.70490", "2010-12-31": "5.41850", "2010-09-30": "4.43800", "2010-06-30": "3.61570", "2010-03-31": "3.22330", "2009-12-31": "3.13250", "2009-09-30": "2.71280", "2009-06-30": "2.29080", "2009-03-31": "2.11280", "2008-12-31": "2.10860", "2008-09-30": "2.14620", "2008-06-30": "2.11160", "2008-03-31": "2.19360", "2007-12-31": "2.52810", "2007-09-30": "2.61900", "2007-06-30": "2.72760", "2007-03-31": "2.49050", "2006-12-31": "2.36030", "2006-09-30": "4.23320", "2006-06-30": "4.30880", "2006-03-31": "4.49170", "2005-12-31": "4.52200", "2005-09-30": "4.20580", "2005-06-30": "3.89320", "2005-03-31": "4.35020"}, "Operating Cash Flow Per Share": {"2020-09-30": 5.732, "2020-06-30": 6.1811, "2020-03-31": "-1.15350", "2019-12-31": 3.5156, "2019-09-30": 3.7379, "2019-06-30": 3.8782, "2019-03-31": "-0.61610", "2018-12-31": 1.8879, "2018-09-30": 3.0277, "2018-06-30": 2.5941, "2018-03-31": "-0.04890", "2017-12-31": 1.3402, "2017-09-30": 3.6586, "2017-06-30": 3.3892, "2017-03-31": "0.73330", "2016-12-31": 2.4943, "2016-09-30": 1.2211, "2016-06-30": 3.227, "2016-03-31": "2.10680", "2015-12-31": -0.3641, "2015-09-30": 5.5621, "2015-06-30": 1.2635, "2015-03-31": "0.06200", "2014-12-31": 2.1895, "2014-09-30": 3.6451, "2014-06-30": 1.2642, "2014-03-31": "0.65850", "2013-12-31": 1.6231, "2013-09-30": 3.8915, "2013-06-30": 0.7879, "2013-03-31": "0.67510", "2012-12-31": 2.27, "2012-09-30": 2.489, "2012-06-30": 1.1106, "2012-03-31": "-0.00930", "2011-12-31": 1.4791, "2011-09-30": 1.9111, "2011-06-30": 0.7997, "2011-03-31": "0.06770", "2010-12-31": 2.0458, "2010-09-30": 1.4504, "2010-06-30": 0.7755, "2010-03-31": "0.05640", "2009-12-31": 1.3798, "2009-09-30": 1.6727, "2009-06-30": 0.3768, "2009-03-31": "-0.50860", "2008-12-31": 0.631, "2008-09-30": 1.6654, "2008-06-30": 0.7774, "2008-03-31": "-0.45560", "2007-12-31": 0.8608, "2007-09-30": 1.7438, "2007-06-30": 0.4935, "2007-03-31": "-0.20530", "2006-12-31": 0.7058, "2006-09-30": 1.0026, "2006-06-30": 0.5555, "2006-03-31": "-0.50730", "2005-12-31": 0.6688, "2005-09-30": 1.1531, "2005-06-30": 0.6686, "2005-03-31": "-0.81920"}, "Free Cash Flow Per Share": {"2020-09-30": 5.0634, "2020-06-30": 5.5069, "2020-03-31": "-1.90950", "2019-12-31": 2.5187, "2019-09-30": 2.9052, "2019-06-30": 2.8047, "2019-03-31": "-1.74840", "2018-12-31": 0.8456, "2018-09-30": 2.1567, "2018-06-30": 1.8344, "2018-03-31": "-0.90080", "2017-12-31": 0.4497, "2017-09-30": 2.9583, "2017-06-30": 2.7057, "2017-03-31": "0.13470", "2016-12-31": 1.6738, "2016-09-30": 0.6333, "2016-06-30": 2.2567, "2016-03-31": "1.27570", "2015-12-31": -1.8494, "2015-09-30": 4.6575, "2015-06-30": 0.4081, "2015-03-31": "-0.38970", "2014-12-31": 1.3274, "2014-09-30": 2.9937, "2014-06-30": 0.3562, "2014-03-31": "0.07420", "2013-12-31": 0.7615, "2013-09-30": 2.514, "2013-06-30": 0.0301, "2013-03-31": "0.10830", "2012-12-31": 1.7466, "2012-09-30": 2.145, "2012-06-30": 0.8221, "2012-03-31": "-0.30520", "2011-12-31": 1.1664, "2011-09-30": 1.6049, "2011-06-30": 0.498, "2011-03-31": "-0.20070", "2010-12-31": 1.7452, "2010-09-30": 1.2462, "2010-06-30": 0.5904, "2010-03-31": "-0.06400", "2009-12-31": 1.2453, "2009-09-30": 1.5248, "2009-06-30": 0.2049, "2009-03-31": "-0.71840", "2008-12-31": 0.3752, "2008-09-30": 1.3365, "2008-06-30": 0.5082, "2008-03-31": "-0.74240", "2007-12-31": 0.5939, "2007-09-30": 1.5177, "2007-06-30": 0.3047, "2007-03-31": "-0.40100", "2006-12-31": 0.5323, "2006-09-30": 0.8672, "2006-06-30": 0.3921, "2006-03-31": "-0.66990", "2005-12-31": 0.4398, "2005-09-30": 0.8947, "2005-06-30": 0.4199, "2005-03-31": "-1.10820"}}, "revenue": {"Polaris Annual Revenue (Millions of US $)": {"2020": "$7,028", "2019": "$6,783", "2018": "$6,079", "2017": "$5,428", "2016": "$4,517", "2015": "$4,719", "2014": "$4,480", "2013": "$3,777", "2012": "$3,210", "2011": "$2,657", "2010": "$1,991", "2009": "$1,566", "2008": "$1,948", "2007": "$1,780", "2006": "$1,657", "2005": "$1,870"}, "Polaris Quarterly Revenue (Millions of US $)": {"2020-12-31": "$2,156", "2020-09-30": "$1,955", "2020-06-30": "$1,512", "2020-03-31": "$1,405", "2019-12-31": "$1,736", "2019-09-30": "$1,772", "2019-06-30": "$1,779", "2019-03-31": "$1,496", "2018-12-31": "$1,627", "2018-09-30": "$1,651", "2018-06-30": "$1,503", "2018-03-31": "$1,297", "2017-12-31": "$1,431", "2017-09-30": "$1,479", "2017-06-30": "$1,365", "2017-03-31": "$1,154", "2016-12-31": "$1,218", "2016-09-30": "$1,185", "2016-06-30": "$1,131", "2016-03-31": "$983", "2015-12-31": "$1,106", "2015-09-30": "$1,456", "2015-06-30": "$1,124", "2015-03-31": "$1,033", "2014-12-31": "$1,275", "2014-09-30": "$1,302", "2014-06-30": "$1,014", "2014-03-31": "$888", "2013-12-31": "$1,084", "2013-09-30": "$1,103", "2013-06-30": "$845", "2013-03-31": "$746", "2012-12-31": "$901", "2012-09-30": "$880", "2012-06-30": "$755", "2012-03-31": "$674", "2011-12-31": "$782", "2011-09-30": "$730", "2011-06-30": "$608", "2011-03-31": "$537", "2010-12-31": "$618", "2010-09-30": "$580", "2010-06-30": "$431", "2010-03-31": "$362", "2009-12-31": "$472", "2009-09-30": "$436", "2009-06-30": "$346", "2009-03-31": "$312", "2008-12-31": "$524", "2008-09-30": "$580", "2008-06-30": "$456", "2008-03-31": "$389", "2007-12-31": "$541", "2007-09-30": "$544", "2007-06-30": "$377", "2007-03-31": "$318", "2006-12-31": "$449", "2006-09-30": "$490", "2006-06-30": "$384", "2006-03-31": "$334", "2005-12-31": "$526", "2005-09-30": "$543", "2005-06-30": "$442", "2005-03-31": "$358"}}, "gross-profit": {"Polaris Annual Gross Profit (Millions of US $)": {"2020": "$1,710", "2019": "$1,649", "2018": "$1,501", "2017": "$1,325", "2016": "$1,106", "2015": "$1,339", "2014": "$1,319", "2013": "$1,121", "2012": "$925", "2011": "$741", "2010": "$530", "2009": "$393", "2008": "$446", "2007": "$393", "2006": "$359", "2005": "$411"}, "Polaris Quarterly Gross Profit (Millions of US $)": {"2020-12-31": "$550", "2020-09-30": "$535", "2020-06-30": "$333", "2020-03-31": "$293", "2019-12-31": "$423", "2019-09-30": "$437", "2019-06-30": "$436", "2019-03-31": "$353", "2018-12-31": "$391", "2018-09-30": "$401", "2018-06-30": "$385", "2018-03-31": "$323", "2017-12-31": "$368", "2017-09-30": "$364", "2017-06-30": "$350", "2017-03-31": "$242", "2016-12-31": "$313", "2016-09-30": "$261", "2016-06-30": "$285", "2016-03-31": "$248", "2015-12-31": "$310", "2015-09-30": "$416", "2015-06-30": "$319", "2015-03-31": "$294", "2014-12-31": "$368", "2014-09-30": "$388", "2014-06-30": "$305", "2014-03-31": "$258", "2013-12-31": "$317", "2013-09-30": "$335", "2013-06-30": "$252", "2013-03-31": "$217", "2012-12-31": "$254", "2012-09-30": "$260", "2012-06-30": "$217", "2012-03-31": "$195", "2011-12-31": "$204", "2011-09-30": "$207", "2011-06-30": "$178", "2011-03-31": "$152", "2010-12-31": "$172", "2010-09-30": "$151", "2010-06-30": "$113", "2010-03-31": "$95", "2009-12-31": "$129", "2009-09-30": "$105", "2009-06-30": "$83", "2009-03-31": "$76", "2008-12-31": "$119", "2008-09-30": "$130", "2008-06-30": "$108", "2008-03-31": "$88", "2007-12-31": "$119", "2007-09-30": "$123", "2007-06-30": "$87", "2007-03-31": "$65", "2006-12-31": "$106", "2006-09-30": "$103", "2006-06-30": "$83", "2006-03-31": "$67", "2005-12-31": "$109", "2005-09-30": "$125", "2005-06-30": "$95", "2005-03-31": "$83"}}, "operating-income": {"Polaris Annual Operating Income (Millions of US $)": {"2020": "$212", "2019": "$484", "2018": "$487", "2017": "$360", "2016": "$350", "2015": "$716", "2014": "$715", "2013": "$578", "2012": "$478", "2011": "$350", "2010": "$221", "2009": "$165", "2008": "$183", "2007": "$176", "2006": "$168", "2005": "$205"}, "Polaris Quarterly Operating Income (Millions of US $)": {"2020-12-31": "$263", "2020-09-30": "$239", "2020-06-30": "$-295", "2020-03-31": "$6", "2019-12-31": "$136", "2019-09-30": "$130", "2019-06-30": "$135", "2019-03-31": "$82", "2018-12-31": "$143", "2018-09-30": "$139", "2018-06-30": "$122", "2018-03-31": "$83", "2017-12-31": "$122", "2017-09-30": "$117", "2017-06-30": "$99", "2017-03-31": "$21", "2016-12-31": "$99", "2016-09-30": "$57", "2016-06-30": "$117", "2016-03-31": "$77", "2015-12-31": "$159", "2015-09-30": "$243", "2015-06-30": "$164", "2015-03-31": "$150", "2014-12-31": "$210", "2014-09-30": "$223", "2014-06-30": "$155", "2014-03-31": "$127", "2013-12-31": "$169", "2013-09-30": "$181", "2013-06-30": "$126", "2013-03-31": "$102", "2012-12-31": "$135", "2012-09-30": "$142", "2012-06-30": "$110", "2012-03-31": "$92", "2011-12-31": "$93", "2011-09-30": "$110", "2011-06-30": "$77", "2011-03-31": "$70", "2010-12-31": "$78", "2010-09-30": "$68", "2010-06-30": "$43", "2010-03-31": "$32", "2009-12-31": "$69", "2009-09-30": "$46", "2009-06-30": "$27", "2009-03-31": "$23", "2008-12-31": "$55", "2008-09-30": "$56", "2008-06-30": "$41", "2008-03-31": "$31", "2007-12-31": "$63", "2007-09-30": "$61", "2007-06-30": "$37", "2007-03-31": "$16", "2006-12-31": "$54", "2006-09-30": "$60", "2006-06-30": "$37", "2006-03-31": "$16", "2005-12-31": "$62", "2005-09-30": "$71", "2005-06-30": "$45", "2005-03-31": "$28"}}, "ebitda": {"Polaris Annual EBITDA (Millions of US $)": {"2019": "$718", "2018": "$698", "2017": "$551", "2016": "$518", "2015": "$868", "2014": "$842", "2013": "$670", "2012": "$549", "2011": "$416", "2010": "$287", "2009": "$230", "2008": "$249", "2007": "$238", "2006": "$239", "2005": "$273"}, "Polaris Quarterly EBITDA (Millions of US $)": {"2020-09-30": "$303", "2020-06-30": "$149", "2020-03-31": "$68", "2019-12-31": "$198", "2019-09-30": "$191", "2019-06-30": "$193", "2019-03-31": "$136", "2018-12-31": "$198", "2018-09-30": "$196", "2018-06-30": "$168", "2018-03-31": "$136", "2017-12-31": "$175", "2017-09-30": "$164", "2017-06-30": "$146", "2017-03-31": "$66", "2016-12-31": "$144", "2016-09-30": "$101", "2016-06-30": "$157", "2016-03-31": "$115", "2015-12-31": "$198", "2015-09-30": "$283", "2015-06-30": "$199", "2015-03-31": "$187", "2014-12-31": "$246", "2014-09-30": "$257", "2014-06-30": "$184", "2014-03-31": "$155", "2013-12-31": "$197", "2013-09-30": "$206", "2013-06-30": "$145", "2013-03-31": "$122", "2012-12-31": "$154", "2012-09-30": "$160", "2012-06-30": "$126", "2012-03-31": "$108", "2011-12-31": "$109", "2011-09-30": "$126", "2011-06-30": "$93", "2011-03-31": "$88", "2010-12-31": "$95", "2010-09-30": "$86", "2010-06-30": "$58", "2010-03-31": "$48", "2009-12-31": "$87", "2009-09-30": "$64", "2009-06-30": "$41", "2009-03-31": "$38", "2008-12-31": "$76", "2008-09-30": "$74", "2008-06-30": "$54", "2008-03-31": "$45", "2007-12-31": "$81", "2007-09-30": "$79", "2007-06-30": "$50", "2007-03-31": "$29", "2006-12-31": "$73", "2006-09-30": "$82", "2006-06-30": "$54", "2006-03-31": "$30", "2005-12-31": "$82", "2005-09-30": "$90", "2005-06-30": "$61", "2005-03-31": "$40"}}, "net-income": {"Polaris Annual Net Income (Millions of US $)": {"2020": "$125", "2019": "$324", "2018": "$335", "2017": "$172", "2016": "$213", "2015": "$455", "2014": "$454", "2013": "$377", "2012": "$312", "2011": "$228", "2010": "$147", "2009": "$101", "2008": "$117", "2007": "$112", "2006": "$107", "2005": "$137"}, "Polaris Quarterly Net Income (Millions of US $)": {"2020-12-31": "$199", "2020-09-30": "$167", "2020-06-30": "$-235", "2020-03-31": "$-5", "2019-12-31": "$99", "2019-09-30": "$88", "2019-06-30": "$88", "2019-03-31": "$48", "2018-12-31": "$91", "2018-09-30": "$96", "2018-06-30": "$93", "2018-03-31": "$56", "2017-12-31": "$31", "2017-09-30": "$82", "2017-06-30": "$62", "2017-03-31": "$-3", "2016-12-31": "$63", "2016-09-30": "$32", "2016-06-30": "$71", "2016-03-31": "$47", "2015-12-31": "$111", "2015-09-30": "$155", "2015-06-30": "$101", "2015-03-31": "$89", "2014-12-31": "$135", "2014-09-30": "$141", "2014-06-30": "$97", "2014-03-31": "$81", "2013-12-31": "$109", "2013-09-30": "$113", "2013-06-30": "$80", "2013-03-31": "$75", "2012-12-31": "$88", "2012-09-30": "$94", "2012-06-30": "$70", "2012-03-31": "$60", "2011-12-31": "$64", "2011-09-30": "$68", "2011-06-30": "$49", "2011-03-31": "$47", "2010-12-31": "$55", "2010-09-30": "$47", "2010-06-30": "$26", "2010-03-31": "$20", "2009-12-31": "$44", "2009-09-30": "$31", "2009-06-30": "$17", "2009-03-31": "$8", "2008-12-31": "$36", "2008-09-30": "$38", "2008-06-30": "$24", "2008-03-31": "$19", "2007-12-31": "$38", "2007-09-30": "$39", "2007-06-30": "$23", "2007-03-31": "$12", "2006-12-31": "$32", "2006-09-30": "$42", "2006-06-30": "$21", "2006-03-31": "$12", "2005-12-31": "$42", "2005-09-30": "$48", "2005-06-30": "$29", "2005-03-31": "$18"}}, "eps-earnings-per-share-diluted": {"Polaris Annual EPS": {"2020": "$1.99", "2019": "$5.20", "2018": "$5.24", "2017": "$2.69", "2016": "$3.27", "2015": "$6.75", "2014": "$6.65", "2013": "$5.35", "2012": "$4.40", "2011": "$3.20", "2010": "$2.14", "2009": "$1.53", "2008": "$1.75", "2007": "$1.54", "2006": "$1.29", "2005": "$1.56"}, "Polaris Quarterly EPS": {"2020-12-31": "$3.15", "2020-09-30": "$2.66", "2020-06-30": "$-3.82", "2020-03-31": "$-0.09", "2019-12-31": "$1.58", "2019-09-30": "$1.42", "2019-06-30": "$1.42", "2019-03-31": "$0.78", "2018-12-31": "$1.46", "2018-09-30": "$1.50", "2018-06-30": "$1.43", "2018-03-31": "$0.85", "2017-12-31": "$0.49", "2017-09-30": "$1.28", "2017-06-30": "$0.97", "2017-03-31": "$-0.05", "2016-12-31": "$0.97", "2016-09-30": "$0.50", "2016-06-30": "$1.09", "2016-03-31": "$0.71", "2015-12-31": "$1.66", "2015-09-30": "$2.30", "2015-06-30": "$1.49", "2015-03-31": "$1.30", "2014-12-31": "$1.98", "2014-09-30": "$2.06", "2014-06-30": "$1.42", "2014-03-31": "$1.19", "2013-12-31": "$1.56", "2013-09-30": "$1.59", "2013-06-30": "$1.13", "2013-03-31": "$1.07", "2012-12-31": "$1.24", "2012-09-30": "$1.33", "2012-06-30": "$0.98", "2012-03-31": "$0.85", "2011-12-31": "$0.90", "2011-09-30": "$0.95", "2011-06-30": "$0.68", "2011-03-31": "$0.67", "2010-12-31": "$0.78", "2010-09-30": "$0.69", "2010-06-30": "$0.38", "2010-03-31": "$0.30", "2009-12-31": "$0.67", "2009-09-30": "$0.47", "2009-06-30": "$0.27", "2009-03-31": "$0.13", "2008-12-31": "$0.55", "2008-09-30": "$0.57", "2008-06-30": "$0.36", "2008-03-31": "$0.28", "2007-12-31": "$0.53", "2007-09-30": "$0.53", "2007-06-30": "$0.31", "2007-03-31": "$0.17", "2006-12-31": "$0.40", "2006-09-30": "$0.52", "2006-06-30": "$0.24", "2006-03-31": "$0.14", "2005-12-31": "$0.48", "2005-09-30": "$0.56", "2005-06-30": "$0.33", "2005-03-31": "$0.20"}}, "shares-outstanding": {"Polaris Annual Shares Outstanding (Millions of Shares)": {"2020": "63", "2019": "62", "2018": "64", "2017": "64", "2016": "65", "2015": "67", "2014": "68", "2013": "71", "2012": "71", "2011": "71", "2010": "69", "2009": "66", "2008": "67", "2007": "73", "2006": "83", "2005": "88"}, "Polaris Quarterly Shares Outstanding (Millions of Shares)": {"2020-12-31": "63", "2020-09-30": "63", "2020-06-30": "62", "2020-03-31": "62", "2019-12-31": "62", "2019-09-30": "62", "2019-06-30": "62", "2019-03-31": "62", "2018-12-31": "64", "2018-09-30": "64", "2018-06-30": "65", "2018-03-31": "65", "2017-12-31": "64", "2017-09-30": "64", "2017-06-30": "64", "2017-03-31": "64", "2016-12-31": "65", "2016-09-30": "65", "2016-06-30": "65", "2016-03-31": "66", "2015-12-31": "67", "2015-09-30": "67", "2015-06-30": "68", "2015-03-31": "68", "2014-12-31": "68", "2014-09-30": "68", "2014-06-30": "68", "2014-03-31": "68", "2013-12-31": "71", "2013-09-30": "71", "2013-06-30": "71", "2013-03-31": "71", "2012-12-31": "71", "2012-09-30": "71", "2012-06-30": "71", "2012-03-31": "71", "2011-12-31": "71", "2011-09-30": "71", "2011-06-30": "71", "2011-03-31": "71", "2010-12-31": "69", "2010-09-30": "69", "2010-06-30": "68", "2010-03-31": "68", "2009-12-31": "66", "2009-09-30": "66", "2009-06-30": "66", "2009-03-31": "65", "2008-12-31": "67", "2008-09-30": "67", "2008-06-30": "68", "2008-03-31": "69", "2007-12-31": "73", "2007-09-30": "73", "2007-06-30": "74", "2007-03-31": "73", "2006-12-31": "83", "2006-09-30": "83", "2006-06-30": "85", "2006-03-31": "86", "2005-12-31": "88", "2005-09-30": "87", "2005-06-30": "88", "2005-03-31": "90"}}, "total-assets": {"Polaris Annual Total Assets (Millions of US $)": {"2019": "$4,431", "2018": "$4,125", "2017": "$3,090", "2016": "$3,100", "2015": "$2,386", "2014": "$2,075", "2013": "$1,685", "2012": "$1,489", "2011": "$1,228", "2010": "$1,062", "2009": "$764", "2008": "$751", "2007": "$770", "2006": "$779", "2005": "$771"}, "Polaris Quarterly Total Assets (Millions of US $)": {"2020-09-30": "$4,784", "2020-06-30": "$4,313", "2020-03-31": "$4,764", "2019-12-31": "$4,431", "2019-09-30": "$4,527", "2019-06-30": "$4,364", "2019-03-31": "$4,409", "2018-12-31": "$4,125", "2018-09-30": "$4,148", "2018-06-30": "$3,239", "2018-03-31": "$3,220", "2017-12-31": "$3,090", "2017-09-30": "$3,133", "2017-06-30": "$3,115", "2017-03-31": "$3,136", "2016-12-31": "$3,100", "2016-09-30": "$2,470", "2016-06-30": "$2,396", "2016-03-31": "$2,380", "2015-12-31": "$2,386", "2015-09-30": "$2,310", "2015-06-30": "$2,182", "2015-03-31": "$2,081", "2014-12-31": "$2,075", "2014-09-30": "$2,009", "2014-06-30": "$1,919", "2014-03-31": "$1,764", "2013-12-31": "$1,685", "2013-09-30": "$1,923", "2013-06-30": "$1,610", "2013-03-31": "$1,501", "2012-12-31": "$1,489", "2012-09-30": "$1,471", "2012-06-30": "$1,276", "2012-03-31": "$1,223", "2011-12-31": "$1,228", "2011-09-30": "$1,198", "2011-06-30": "$1,091", "2011-03-31": "$1,057", "2010-12-31": "$1,062", "2010-09-30": "$972", "2010-06-30": "$821", "2010-03-31": "$741", "2009-12-31": "$764", "2009-09-30": "$760", "2009-06-30": "$691", "2009-03-31": "$712", "2008-12-31": "$751", "2008-09-30": "$803", "2008-06-30": "$786", "2008-03-31": "$769", "2007-12-31": "$770", "2007-09-30": "$808", "2007-06-30": "$741", "2007-03-31": "$732", "2006-12-31": "$779", "2006-09-30": "$786", "2006-06-30": "$762", "2006-03-31": "$753", "2005-12-31": "$771", "2005-09-30": "$792", "2005-06-30": "$717", "2005-03-31": "$737"}}, "cash-on-hand": {"Polaris Annual Cash on Hand (Millions of US $)": {"2019": "$157", "2018": "$161", "2017": "$138", "2016": "$127", "2015": "$155", "2014": "$138", "2013": "$92", "2012": "$417", "2011": "$325", "2010": "$394", "2009": "$140", "2008": "$27", "2007": "$63", "2006": "$20", "2005": "$20"}, "Polaris Quarterly Cash on Hand (Millions of US $)": {"2020-09-30": "$821", "2020-06-30": "$544", "2020-03-31": "$424", "2019-12-31": "$157", "2019-09-30": "$122", "2019-06-30": "$96", "2019-03-31": "$151", "2018-12-31": "$161", "2018-09-30": "$183", "2018-06-30": "$182", "2018-03-31": "$166", "2017-12-31": "$138", "2017-09-30": "$132", "2017-06-30": "$127", "2017-03-31": "$137", "2016-12-31": "$127", "2016-09-30": "$123", "2016-06-30": "$147", "2016-03-31": "$146", "2015-12-31": "$155", "2015-09-30": "$225", "2015-06-30": "$119", "2015-03-31": "$111", "2014-12-31": "$138", "2014-09-30": "$169", "2014-06-30": "$119", "2014-03-31": "$102", "2013-12-31": "$92", "2013-09-30": "$388", "2013-06-30": "$218", "2013-03-31": "$381", "2012-12-31": "$417", "2012-09-30": "$413", "2012-06-30": "$289", "2012-03-31": "$286", "2011-12-31": "$325", "2011-09-30": "$336", "2011-06-30": "$262", "2011-03-31": "$346", "2010-12-31": "$394", "2010-09-30": "$265", "2010-06-30": "$166", "2010-03-31": "$124", "2009-12-31": "$140", "2009-09-30": "$73", "2009-06-30": "$30", "2009-03-31": "$18", "2008-12-31": "$27", "2008-09-30": "$43", "2008-06-30": "$22", "2008-03-31": "$18", "2007-12-31": "$63", "2007-09-30": "$87", "2007-06-30": "$34", "2007-03-31": "$45", "2006-12-31": "$20", "2006-09-30": "$9", "2006-06-30": "$11", "2006-03-31": "$11", "2005-12-31": "$20", "2005-09-30": "$13", "2005-06-30": "$14", "2005-03-31": "$41"}}, "long-term-debt": {"Polaris Annual Long Term Debt (Millions of US $)": {"2019": "$1,527", "2018": "$1,896", "2017": "$865", "2016": "$1,138", "2015": "$456", "2014": "$224", "2013": "$284", "2012": "$104", "2011": "$105", "2010": "$100", "2009": "$200", "2008": "$200", "2007": "$200", "2006": "$250", "2005": "$18"}, "Polaris Quarterly Long Term Debt (Millions of US $)": {"2020-09-30": "$1,322", "2020-06-30": "$1,392", "2020-03-31": "$1,997", "2019-12-31": "$1,527", "2019-09-30": "$1,717", "2019-06-30": "$1,832", "2019-03-31": "$2,035", "2018-12-31": "$1,896", "2018-09-30": "$1,798", "2018-06-30": "$1,073", "2018-03-31": "$964", "2017-12-31": "$865", "2017-09-30": "$892", "2017-06-30": "$1,065", "2017-03-31": "$1,175", "2016-12-31": "$1,138", "2016-09-30": "$432", "2016-06-30": "$463", "2016-03-31": "$528", "2015-12-31": "$456", "2015-09-30": "$312", "2015-06-30": "$399", "2015-03-31": "$327", "2014-12-31": "$224", "2014-09-30": "$225", "2014-06-30": "$365", "2014-03-31": "$329", "2013-12-31": "$284", "2013-09-30": "$104", "2013-06-30": "$104", "2013-03-31": "$104", "2012-12-31": "$104", "2012-09-30": "$105", "2012-06-30": "$105", "2012-03-31": "$105", "2011-12-31": "$105", "2011-09-30": "$100", "2011-06-30": "$100", "2011-03-31": "$100", "2010-12-31": "$100", "2010-09-30": "$200", "2010-06-30": "$200", "2010-03-31": "$200", "2009-12-31": "$200", "2009-09-30": "$200", "2009-06-30": "$250", "2009-03-31": "$244", "2008-12-31": "$200", "2008-09-30": "$220", "2008-06-30": "$261", "2008-03-31": "$260", "2007-12-31": "$200", "2007-09-30": "$200", "2007-06-30": "$200", "2007-03-31": "$243", "2006-12-31": "$250", "2006-09-30": "$78", "2006-06-30": "$91", "2006-03-31": "$80", "2005-12-31": "$18", "2005-09-30": "$18", "2005-06-30": "$30", "2005-03-31": "$18"}}, "total-liabilities": {"Polaris Annual Total Liabilities (Millions of US $)": {"2019": "$3,322", "2018": "$3,258", "2017": "$2,158", "2016": "$2,233", "2015": "$1,404", "2014": "$1,214", "2013": "$1,150", "2012": "$798", "2011": "$728", "2010": "$691", "2009": "$559", "2008": "$614", "2007": "$597", "2006": "$611", "2005": "$394"}, "Polaris Quarterly Total Liabilities (Millions of US $)": {"2020-09-30": "$3,836", "2020-06-30": "$3,560", "2020-03-31": "$3,762", "2019-12-31": "$3,322", "2019-09-30": "$3,514", "2019-06-30": "$3,412", "2019-03-31": "$3,529", "2018-12-31": "$3,258", "2018-09-30": "$3,250", "2018-06-30": "$2,362", "2018-03-31": "$2,246", "2017-12-31": "$2,158", "2017-09-30": "$2,237", "2017-06-30": "$2,261", "2017-03-31": "$2,300", "2016-12-31": "$2,233", "2016-09-30": "$1,542", "2016-06-30": "$1,471", "2016-03-31": "$1,449", "2015-12-31": "$1,404", "2015-09-30": "$1,373", "2015-06-30": "$1,297", "2015-03-31": "$1,219", "2014-12-31": "$1,214", "2014-09-30": "$1,186", "2014-06-30": "$1,225", "2014-03-31": "$1,149", "2013-12-31": "$1,150", "2013-09-30": "$992", "2013-06-30": "$803", "2013-03-31": "$769", "2012-12-31": "$798", "2012-09-30": "$812", "2012-06-30": "$706", "2012-03-31": "$674", "2011-12-31": "$728", "2011-09-30": "$703", "2011-06-30": "$640", "2011-03-31": "$668", "2010-12-31": "$691", "2010-09-30": "$674", "2010-06-30": "$582", "2010-03-31": "$529", "2009-12-31": "$559", "2009-09-30": "$583", "2009-06-30": "$542", "2009-03-31": "$574", "2008-12-31": "$614", "2008-09-30": "$664", "2008-06-30": "$648", "2008-03-31": "$624", "2007-12-31": "$597", "2007-09-30": "$625", "2007-06-30": "$546", "2007-03-31": "$554", "2006-12-31": "$611", "2006-09-30": "$453", "2006-06-30": "$413", "2006-03-31": "$380", "2005-12-31": "$394", "2005-09-30": "$440", "2005-06-30": "$389", "2005-03-31": "$361"}}, "total-share-holder-equity": {"Polaris Annual Share Holder Equity (Millions of US $)": {"2019": "$1,108", "2018": "$867", "2017": "$932", "2016": "$867", "2015": "$981", "2014": "$861", "2013": "$536", "2012": "$691", "2011": "$500", "2010": "$371", "2009": "$205", "2008": "$137", "2007": "$173", "2006": "$167", "2005": "$377"}, "Polaris Quarterly Share Holder Equity (Millions of US $)": {"2020-09-30": "$948", "2020-06-30": "$753", "2020-03-31": "$1,002", "2019-12-31": "$1,108", "2019-09-30": "$1,013", "2019-06-30": "$952", "2019-03-31": "$879", "2018-12-31": "$867", "2018-09-30": "$898", "2018-06-30": "$878", "2018-03-31": "$973", "2017-12-31": "$932", "2017-09-30": "$896", "2017-06-30": "$854", "2017-03-31": "$836", "2016-12-31": "$867", "2016-09-30": "$928", "2016-06-30": "$924", "2016-03-31": "$931", "2015-12-31": "$981", "2015-09-30": "$937", "2015-06-30": "$885", "2015-03-31": "$862", "2014-12-31": "$861", "2014-09-30": "$823", "2014-06-30": "$694", "2014-03-31": "$616", "2013-12-31": "$536", "2013-09-30": "$932", "2013-06-30": "$807", "2013-03-31": "$732", "2012-12-31": "$691", "2012-09-30": "$659", "2012-06-30": "$570", "2012-03-31": "$549", "2011-12-31": "$500", "2011-09-30": "$495", "2011-06-30": "$451", "2011-03-31": "$389", "2010-12-31": "$371", "2010-09-30": "$298", "2010-06-30": "$240", "2010-03-31": "$212", "2009-12-31": "$205", "2009-09-30": "$177", "2009-06-30": "$149", "2009-03-31": "$138", "2008-12-31": "$137", "2008-09-30": "$139", "2008-06-30": "$138", "2008-03-31": "$145", "2007-12-31": "$173", "2007-09-30": "$183", "2007-06-30": "$195", "2007-03-31": "$177", "2006-12-31": "$167", "2006-09-30": "$333", "2006-06-30": "$349", "2006-03-31": "$373", "2005-12-31": "$377", "2005-09-30": "$352", "2005-06-30": "$328", "2005-03-31": "$376"}}, "profit-margins": {"current": "1.78%"}, "gross margin": {"2020-12-31": "24.35%", "2020-09-30": "23.97%", "2020-06-30": "23.13%", "2020-03-31": "23.74%", "2019-12-31": "24.31%", "2019-09-30": "24.23%", "2019-06-30": "24.13%", "2019-03-31": "24.37%", "2018-12-31": "24.68%", "2018-09-30": "25.11%", "2018-06-30": "25.22%", "2018-03-31": "25.22%", "2017-12-31": "24.39%", "2017-09-30": "24.33%", "2017-06-30": "23.69%", "2017-03-31": "23.49%", "2016-12-31": "24.51%", "2016-09-30": "25.06%", "2016-06-30": "26.92%", "2016-03-31": "27.69%", "2015-12-31": "28.37%", "2015-09-30": "28.58%", "2015-06-30": "28.92%", "2015-03-31": "29.30%", "2014-12-31": "29.45%", "2014-09-30": "29.57%", "2014-06-30": "29.71%", "2014-03-31": "29.64%", "2013-12-31": "29.67%", "2013-09-30": "29.43%", "2013-06-30": "29.15%", "2013-03-31": "28.88%", "2012-12-31": "28.85%", "2012-09-30": "28.34%", "2012-06-30": "27.98%", "2012-03-31": "28.06%", "2011-12-31": "27.89%", "2011-09-30": "28.44%", "2011-06-30": "27.87%", "2011-03-31": "27.15%", "2010-12-31": "26.67%", "2010-09-30": "26.45%", "2010-06-30": "25.98%", "2010-03-31": "25.50%", "2009-12-31": "25.10%", "2009-09-30": "23.67%", "2009-06-30": "23.16%", "2009-03-31": "23.13%", "2008-12-31": "22.83%", "2008-09-30": "22.63%", "2008-06-30": "22.69%", "2008-03-31": "22.53%", "2007-12-31": "22.13%", "2007-09-30": "22.57%", "2007-06-30": "22.09%", "2007-03-31": "21.76%", "2006-12-31": "21.67%", "2006-09-30": "20.88%", "2006-06-30": "21.49%", "2006-03-31": "21.46%", "2005-12-31": "22.04%"}, "operating margin": {"2020-12-31": "3.02%", "2020-09-30": "1.29%", "2020-06-30": "-0.37%", "2020-03-31": "6.07%", "2019-12-31": "7.12%", "2019-09-30": "7.34%", "2019-06-30": "7.61%", "2019-03-31": "7.74%", "2018-12-31": "8.01%", "2018-09-30": "7.92%", "2018-06-30": "7.78%", "2018-03-31": "7.56%", "2017-12-31": "6.61%", "2017-09-30": "6.44%", "2017-06-30": "5.61%", "2017-03-31": "6.27%", "2016-12-31": "7.75%", "2016-09-30": "9.31%", "2016-06-30": "12.75%", "2016-03-31": "13.77%", "2015-12-31": "15.17%", "2015-09-30": "15.69%", "2015-06-30": "15.78%", "2015-03-31": "15.96%", "2014-12-31": "15.96%", "2014-09-30": "15.72%", "2014-06-30": "15.46%", "2014-03-31": "15.38%", "2013-12-31": "15.30%", "2013-09-30": "15.13%", "2013-06-30": "14.98%", "2013-03-31": "14.90%", "2012-12-31": "14.92%", "2012-09-30": "14.14%", "2012-06-30": "13.77%", "2012-03-31": "13.31%", "2011-12-31": "13.17%", "2011-09-30": "13.44%", "2011-06-30": "12.51%", "2011-03-31": "11.96%", "2010-12-31": "11.10%", "2010-09-30": "11.49%", "2010-06-30": "11.17%", "2010-03-31": "10.77%", "2009-12-31": "10.54%", "2009-09-30": "9.33%", "2009-06-30": "9.14%", "2009-03-31": "9.35%", "2008-12-31": "9.39%", "2008-09-30": "9.72%", "2008-06-30": "10.16%", "2008-03-31": "10.37%", "2007-12-31": "9.94%", "2007-09-30": "9.95%", "2007-06-30": "10.22%", "2007-03-31": "10.18%", "2006-12-31": "10.08%", "2006-09-30": "10.09%", "2006-06-30": "10.41%", "2006-03-31": "10.51%", "2005-12-31": "11.02%"}, "ebitda margin": {"2020-09-30": "10.87%", "2020-06-30": "9.43%", "2020-03-31": "9.71%", "2019-12-31": "10.59%", "2019-09-30": "10.76%", "2019-06-30": "11.03%", "2019-03-31": "11.12%", "2018-12-31": "11.48%", "2018-09-30": "11.48%", "2018-06-30": "11.26%", "2018-03-31": "11.15%", "2017-12-31": "10.15%", "2017-09-30": "9.97%", "2017-06-30": "9.28%", "2017-03-31": "9.98%", "2016-12-31": "11.45%", "2016-09-30": "12.96%", "2016-06-30": "16.10%", "2016-03-31": "17.03%", "2015-12-31": "18.37%", "2015-09-30": "18.72%", "2015-06-30": "18.78%", "2015-03-31": "18.90%", "2014-12-31": "18.80%", "2014-09-30": "18.49%", "2014-06-30": "18.15%", "2014-03-31": "17.93%", "2013-12-31": "17.73%", "2013-09-30": "17.44%", "2013-06-30": "17.23%", "2013-03-31": "17.12%", "2012-12-31": "17.07%", "2012-09-30": "16.27%", "2012-06-30": "15.95%", "2012-03-31": "15.60%", "2011-12-31": "15.66%", "2011-09-30": "16.13%", "2011-06-30": "15.45%", "2011-03-31": "15.10%", "2010-12-31": "14.41%", "2010-09-30": "15.12%", "2010-06-30": "15.11%", "2010-03-31": "14.85%", "2009-12-31": "14.69%", "2009-09-30": "13.54%", "2009-06-30": "13.00%", "2009-03-31": "12.93%", "2008-12-31": "12.78%", "2008-09-30": "12.92%", "2008-06-30": "13.42%", "2008-03-31": "13.78%", "2007-12-31": "13.43%", "2007-09-30": "13.68%", "2007-06-30": "14.32%", "2007-03-31": "14.50%", "2006-12-31": "14.42%", "2006-09-30": "14.30%", "2006-06-30": "14.33%", "2006-03-31": "14.25%", "2005-12-31": "14.61%"}, "pre tax profit margin": {"2020-12-31": "2.01%", "2020-09-30": "0.21%", "2020-06-30": "-1.51%", "2020-03-31": "4.95%", "2019-12-31": "6.00%", "2019-09-30": "6.08%", "2019-06-30": "6.42%", "2019-03-31": "6.69%", "2018-12-31": "7.07%", "2018-09-30": "7.28%", "2018-06-30": "7.25%", "2018-03-31": "7.05%", "2017-12-31": "5.88%", "2017-09-30": "5.48%", "2017-06-30": "4.53%", "2017-03-31": "5.14%", "2016-12-31": "6.93%", "2016-09-30": "8.60%", "2016-06-30": "12.25%", "2016-03-31": "13.28%", "2015-12-31": "14.54%", "2015-09-30": "15.08%", "2015-06-30": "15.10%", "2015-03-31": "15.38%", "2014-12-31": "15.58%", "2014-09-30": "15.42%", "2014-06-30": "15.28%", "2014-03-31": "15.23%", "2013-12-31": "15.22%", "2013-09-30": "15.13%", "2013-06-30": "15.01%", "2013-03-31": "14.93%", "2012-12-31": "14.95%", "2012-09-30": "14.33%", "2012-06-30": "13.70%", "2012-03-31": "13.17%", "2011-12-31": "13.06%", "2011-09-30": "13.16%", "2011-06-30": "12.55%", "2011-03-31": "11.96%", "2010-12-31": "10.95%", "2010-09-30": "11.17%", "2010-06-30": "10.70%", "2010-03-31": "10.52%", "2009-12-31": "9.71%", "2009-09-30": "8.78%", "2009-06-30": "8.46%", "2009-03-31": "8.55%", "2008-12-31": "9.08%", "2008-09-30": "9.16%", "2008-06-30": "9.48%", "2008-03-31": "9.78%", "2007-12-31": "9.55%", "2007-09-30": "9.72%", "2007-06-30": "10.28%", "2007-03-31": "10.12%", "2006-12-31": "9.84%", "2006-09-30": "9.80%", "2006-06-30": "10.02%", "2006-03-31": "10.19%", "2005-12-31": "10.65%"}, "net profit margin": {"2020-12-31": "1.79%", "2020-09-30": "0.39%", "2020-06-30": "-0.82%", "2020-03-31": "4.03%", "2019-12-31": "4.76%", "2019-09-30": "4.72%", "2019-06-30": "4.93%", "2019-03-31": "5.23%", "2018-12-31": "5.53%", "2018-09-30": "4.69%", "2018-06-30": "4.59%", "2018-03-31": "4.15%", "2017-12-31": "3.17%", "2017-09-30": "3.91%", "2017-06-30": "3.13%", "2017-03-31": "3.48%", "2016-12-31": "4.72%", "2016-09-30": "5.93%", "2016-06-30": "8.21%", "2016-03-31": "8.87%", "2015-12-31": "9.66%", "2015-09-30": "9.82%", "2015-06-30": "9.84%", "2015-03-31": "9.99%", "2014-12-31": "10.14%", "2014-09-30": "9.98%", "2014-06-30": "9.78%", "2014-03-31": "9.77%", "2013-12-31": "9.98%", "2013-09-30": "9.90%", "2013-06-30": "9.99%", "2013-03-31": "9.96%", "2012-12-31": "9.72%", "2012-09-30": "9.32%", "2012-06-30": "8.91%", "2012-03-31": "8.63%", "2011-12-31": "8.58%", "2011-09-30": "8.78%", "2011-06-30": "8.45%", "2011-03-31": "8.08%", "2010-12-31": "7.43%", "2010-09-30": "7.43%", "2010-06-30": "7.11%", "2010-03-31": "6.93%", "2009-12-31": "6.39%", "2009-09-30": "5.69%", "2009-06-30": "5.62%", "2009-03-31": "5.66%", "2008-12-31": "6.00%", "2008-09-30": "6.05%", "2008-06-30": "6.22%", "2008-03-31": "6.43%", "2007-12-31": "6.29%", "2007-09-30": "6.28%", "2007-06-30": "6.67%", "2007-03-31": "6.52%", "2006-12-31": "6.46%", "2006-09-30": "6.75%", "2006-06-30": "6.88%", "2006-03-31": "7.10%", "2005-12-31": "7.33%"}, "pe ratio": {"current": "15.38", "2021-02-05": "0.00", "2020-12-31": "0.00", "2020-09-30": "284.04", "2020-06-30": "0.00", "2020-03-31": "10.91", "2019-12-31": "19.05", "2019-09-30": "16.73", "2019-06-30": "16.95", "2019-03-31": "15.54", "2018-12-31": "13.83", "2018-09-30": "22.24", "2018-06-30": "28.23", "2018-03-31": "29.69", "2017-12-31": "42.67", "2017-09-30": "30.42", "2017-06-30": "35.34", "2017-03-31": "30.37", "2016-12-31": "22.77", "2016-09-30": "17.56", "2016-06-30": "12.67", "2016-03-31": "14.18", "2015-12-31": "11.22", "2015-09-30": "14.87", "2015-06-30": "18.94", "2015-03-31": "18.16", "2014-12-31": "19.73", "2014-09-30": "20.79", "2014-06-30": "19.49", "2014-03-31": "21.93", "2013-12-31": "23.29", "2013-09-30": "21.90", "2013-06-30": "16.92", "2013-03-31": "16.94", "2012-12-31": "16.10", "2012-09-30": "16.70", "2012-06-30": "16.20", "2012-03-31": "17.69", "2011-12-31": "14.42", "2011-09-30": "13.35", "2011-06-30": "16.18", "2011-03-31": "14.17", "2010-12-31": "14.85", "2010-09-30": "13.06", "2010-06-30": "12.19", "2010-03-31": "12.08", "2009-12-31": "11.32", "2009-09-30": "11.23", "2009-06-30": "8.21", "2009-03-31": "5.09", "2008-12-31": "6.13", "2008-09-30": "9.76", "2008-06-30": "8.77", "2008-03-31": "9.11", "2007-12-31": "11.22", "2007-09-30": "11.00", "2007-06-30": "13.71", "2007-03-31": "12.70", "2006-12-31": "12.64"}, "price sales": {"2021-02-05": "1.05", "2020-12-31": "0.85", "2020-09-30": "0.88", "2020-06-30": "0.88", "2020-03-31": "0.44", "2019-12-31": "0.91", "2019-09-30": "0.80", "2019-06-30": "0.84", "2019-03-31": "0.82", "2018-12-31": "0.77", "2018-09-30": "1.04", "2018-06-30": "1.29", "2018-03-31": "1.23", "2017-12-31": "1.35", "2017-09-30": "1.19", "2017-06-30": "1.11", "2017-03-31": "1.06", "2016-12-31": "1.08", "2016-09-30": "1.04", "2016-06-30": "1.04", "2016-03-31": "1.26", "2015-12-31": "1.09", "2015-09-30": "1.46", "2015-06-30": "1.86", "2015-03-31": "1.81", "2014-12-31": "2.00", "2014-09-30": "2.08", "2014-06-30": "1.91", "2014-03-31": "2.15", "2013-12-31": "2.34", "2013-09-30": "2.18", "2013-06-30": "1.70", "2013-03-31": "1.69", "2012-12-31": "1.57", "2012-09-30": "1.56", "2012-06-30": "1.44", "2012-03-31": "1.52", "2011-12-31": "1.24", "2011-09-30": "1.16", "2011-06-30": "1.36", "2011-03-31": "1.13", "2010-12-31": "1.09", "2010-09-30": "0.96", "2010-06-30": "0.86", "2010-03-31": "0.84", "2009-12-31": "0.73", "2009-09-30": "0.65", "2009-06-30": "0.47", "2009-03-31": "0.29", "2008-12-31": "0.37", "2008-09-30": "0.59", "2008-06-30": "0.55", "2008-03-31": "0.58", "2007-12-31": "0.71", "2007-09-30": "0.70", "2007-06-30": "0.93", "2007-03-31": "0.84", "2006-12-31": "0.84"}, "price book": {"current": "6.39", "2021-02-05": "7.72", "2020-09-30": "6.10", "2020-06-30": "7.44", "2020-03-31": "2.89", "2019-12-31": "5.49", "2019-09-30": "5.14", "2019-06-30": "5.63", "2019-03-31": "5.59", "2018-12-31": "5.10", "2018-09-30": "6.53", "2018-06-30": "8.10", "2018-03-31": "6.91", "2017-12-31": "7.77", "2017-09-30": "6.73", "2017-06-30": "6.19", "2017-03-31": "5.74", "2016-12-31": "5.42", "2016-09-30": "4.80", "2016-06-30": "5.06", "2016-03-31": "6.06", "2015-12-31": "5.04", "2015-09-30": "7.35", "2015-06-30": "9.67", "2015-03-31": "9.46", "2014-12-31": "10.10", "2014-09-30": "10.45", "2014-06-30": "10.66", "2014-03-31": "12.84", "2013-12-31": "15.27", "2013-09-30": "8.19", "2013-06-30": "6.88", "2013-03-31": "7.33", "2012-12-31": "7.04", "2012-09-30": "7.07", "2012-06-30": "7.15", "2012-03-31": "7.49", "2011-12-31": "6.32", "2011-09-30": "5.70", "2011-06-30": "6.96", "2011-03-31": "6.22", "2010-12-31": "5.84", "2010-09-30": "5.92", "2010-06-30": "6.05", "2010-03-31": "6.32", "2009-12-31": "5.49", "2009-09-30": "5.88", "2009-06-30": "5.43", "2009-03-31": "3.88", "2008-12-31": "5.10", "2008-09-30": "7.87", "2008-06-30": "7.04", "2008-03-31": "6.83", "2007-12-31": "6.84", "2007-09-30": "5.99", "2007-06-30": "7.09", "2007-03-31": "6.83", "2006-12-31": "6.99", "2006-09-30": "3.40", "2006-06-30": "3.48", "2006-03-31": "4.19"}, "price fcf": {"2021-02-05": "", "2020-09-30": "$11.18", "2020-06-30": "$9.02", "2020-03-31": "$6.32", "2019-12-31": "$6.48", "2019-09-30": "$4.81", "2019-06-30": "$4.06", "2019-03-31": "$3.09", "2018-12-31": "$3.94", "2018-09-30": "$3.54", "2018-06-30": "$4.34", "2018-03-31": "$5.21", "2017-12-31": "$6.25", "2017-09-30": "$7.47", "2017-06-30": "$5.15", "2017-03-31": "$4.70", "2016-12-31": "$5.84", "2016-09-30": "$2.32", "2016-06-30": "$6.34", "2016-03-31": "$4.49", "2015-12-31": "$2.83", "2015-09-30": "$6.00", "2015-06-30": "$4.34", "2015-03-31": "$4.29", "2014-12-31": "$4.75", "2014-09-30": "$4.19", "2014-06-30": "$3.71", "2014-03-31": "$3.38", "2013-12-31": "$3.41", "2013-09-30": "$4.40", "2013-06-30": "$4.03", "2013-03-31": "$4.82", "2012-12-31": "$4.41", "2012-09-30": "$3.83", "2012-06-30": "$3.29", "2012-03-31": "$2.96", "2011-12-31": "$3.07", "2011-09-30": "$3.65", "2011-06-30": "$3.29", "2011-03-31": "$3.38", "2010-12-31": "$3.52", "2010-09-30": "$3.02", "2010-06-30": "$3.30", "2010-03-31": "$2.91", "2009-12-31": "$2.26", "2009-09-30": "$1.39", "2009-06-30": "$1.20", "2009-03-31": "$1.50", "2008-12-31": "$1.48", "2008-09-30": "$1.70", "2008-06-30": "$1.88", "2008-03-31": "$1.67", "2007-12-31": "$2.02", "2007-09-30": "$1.95", "2007-06-30": "$1.30", "2007-03-31": "$1.39", "2006-12-31": "$1.12"}, "net worth": {"value": "$7.32B"}, "current ratio": {"2020-12-31": "1.17", "2020-09-30": "1.06", "2020-06-30": "0.99", "2020-03-31": "1.31", "2019-12-31": "1.07", "2019-09-30": "1.13", "2019-06-30": "1.18", "2019-03-31": "1.31", "2018-12-31": "1.24", "2018-09-30": "1.19", "2018-06-30": "1.27", "2018-03-31": "1.24", "2017-12-31": "1.11", "2017-09-30": "1.05", "2017-06-30": "1.16", "2017-03-31": "1.27", "2016-12-31": "1.24", "2016-09-30": "1.17", "2016-06-30": "1.21", "2016-03-31": "1.36", "2015-12-31": "1.39", "2015-09-30": "1.40", "2015-06-30": "1.56", "2015-03-31": "1.47", "2014-12-31": "1.29", "2014-09-30": "1.31", "2014-06-30": "1.37", "2014-03-31": "1.30", "2013-12-31": "1.16", "2013-09-30": "1.42", "2013-06-30": "1.47", "2013-03-31": "1.68", "2012-12-31": "1.61", "2012-09-30": "1.56", "2012-06-30": "1.55", "2012-03-31": "1.54", "2011-12-31": "1.49", "2011-09-30": "1.50", "2011-06-30": "1.49", "2011-03-31": "1.43", "2010-12-31": "1.38", "2010-09-30": "1.60", "2010-06-30": "1.57", "2010-03-31": "1.54", "2009-12-31": "1.43", "2009-09-30": "1.27", "2009-06-30": "1.41", "2009-03-31": "1.28", "2008-12-31": "1.10", "2008-09-30": "1.09", "2008-06-30": "1.21", "2008-03-31": "1.25", "2007-12-31": "1.15", "2007-09-30": "1.19", "2007-06-30": "1.27", "2007-03-31": "1.33", "2006-12-31": "1.09", "2006-09-30": "1.07", "2006-06-30": "1.16", "2006-03-31": "1.20", "2005-12-31": "1.00", "2005-09-30": "0.97", "2005-06-30": "1.06", "2005-03-31": "1.20"}, "quick ratio": {"2020-12-31": "0.55", "2020-09-30": "0.52", "2020-06-30": "0.45", "2020-03-31": "0.50", "2019-12-31": "0.33", "2019-09-30": "0.31", "2019-06-30": "0.33", "2019-03-31": "0.39", "2018-12-31": "0.43", "2018-09-30": "0.40", "2018-06-30": "0.44", "2018-03-31": "0.41", "2017-12-31": "0.42", "2017-09-30": "0.34", "2017-06-30": "0.38", "2017-03-31": "0.46", "2016-12-31": "0.46", "2016-09-30": "0.40", "2016-06-30": "0.42", "2016-03-31": "0.46", "2015-12-31": "0.54", "2015-09-30": "0.66", "2015-06-30": "0.62", "2015-03-31": "0.63", "2014-12-31": "0.62", "2014-09-30": "0.60", "2014-06-30": "0.60", "2014-03-31": "0.59", "2013-12-31": "0.60", "2013-09-30": "0.86", "2013-06-30": "0.80", "2013-03-31": "1.06", "2012-12-31": "1.07", "2012-09-30": "0.97", "2012-06-30": "0.94", "2012-03-31": "0.98", "2011-12-31": "0.98", "2011-09-30": "0.93", "2011-06-30": "0.96", "2011-03-31": "0.99", "2010-12-31": "0.98", "2010-09-30": "0.99", "2010-06-30": "0.95", "2010-03-31": "0.96", "2009-12-31": "0.91", "2009-09-30": "0.68", "2009-06-30": "0.64", "2009-03-31": "0.52", "2008-12-31": "0.55", "2008-09-30": "0.48", "2008-06-30": "0.48", "2008-03-31": "0.46", "2007-12-31": "0.59", "2007-09-30": "0.57", "2007-06-30": "0.48", "2007-03-31": "0.56", "2006-12-31": "0.45", "2006-09-30": "0.42", "2006-06-30": "0.41", "2006-03-31": "0.47", "2005-12-31": "0.46", "2005-09-30": "0.37", "2005-06-30": "0.40", "2005-03-31": "0.52"}, "debt equity ratio": {"current": "1.14", "2020-12-31": "3.05", "2020-09-30": "4.05", "2020-06-30": "4.73", "2020-03-31": "3.76", "2019-12-31": "3.00", "2019-09-30": "3.47", "2019-06-30": "3.58", "2019-03-31": "4.01", "2018-12-31": "3.76", "2018-09-30": "3.62", "2018-06-30": "2.69", "2018-03-31": "2.31", "2017-12-31": "2.32", "2017-09-30": "2.50", "2017-06-30": "2.65", "2017-03-31": "2.75", "2016-12-31": "2.58", "2016-09-30": "1.66", "2016-06-30": "1.59", "2016-03-31": "1.56", "2015-12-31": "1.43", "2015-09-30": "1.46", "2015-06-30": "1.47", "2015-03-31": "1.41", "2014-12-31": "1.41", "2014-09-30": "1.44", "2014-06-30": "1.76", "2014-03-31": "1.87", "2013-12-31": "2.15", "2013-09-30": "1.06", "2013-06-30": "0.99", "2013-03-31": "1.05", "2012-12-31": "1.16", "2012-09-30": "1.23", "2012-06-30": "1.24", "2012-03-31": "1.23", "2011-12-31": "1.46", "2011-09-30": "1.42", "2011-06-30": "1.42", "2011-03-31": "1.72", "2010-12-31": "1.86", "2010-09-30": "2.26", "2010-06-30": "2.43", "2010-03-31": "2.49", "2009-12-31": "2.73", "2009-09-30": "3.29", "2009-06-30": "3.63", "2009-03-31": "4.17", "2008-12-31": "4.48", "2008-09-30": "4.78", "2008-06-30": "4.70", "2008-03-31": "4.30", "2007-12-31": "3.45", "2007-09-30": "3.41", "2007-06-30": "2.80", "2007-03-31": "3.13", "2006-12-31": "3.65", "2006-09-30": "1.36", "2006-06-30": "1.18", "2006-03-31": "1.02", "2005-12-31": "1.04", "2005-09-30": "1.25", "2005-06-30": "1.19", "2005-03-31": "0.96"}, "return on equity": {"2020-12-31": "13.10%", "2020-09-30": "2.73%", "2020-06-30": "-5.47%", "2020-03-31": "26.50%", "2019-12-31": "32.69%", "2019-09-30": "33.95%", "2019-06-30": "35.93%", "2019-03-31": "37.25%", "2018-12-31": "37.17%", "2018-09-30": "29.99%", "2018-06-30": "28.49%", "2018-03-31": "25.28%", "2017-12-31": "19.56%", "2017-09-30": "23.63%", "2017-06-30": "17.68%", "2017-03-31": "18.34%", "2016-12-31": "23.34%", "2016-09-30": "27.74%", "2016-06-30": "40.71%", "2016-03-31": "44.35%", "2015-12-31": "49.77%", "2015-09-30": "54.16%", "2015-06-30": "54.33%", "2015-03-31": "57.04%", "2014-12-31": "60.65%", "2014-09-30": "64.14%", "2014-06-30": "57.60%", "2014-03-31": "52.99%", "2013-12-31": "50.15%", "2013-09-30": "45.03%", "2013-06-30": "46.66%", "2013-03-31": "49.32%", "2012-12-31": "50.55%", "2012-09-30": "50.57%", "2012-06-30": "49.57%", "2012-03-31": "48.32%", "2011-12-31": "49.70%", "2011-09-30": "51.35%", "2011-06-30": "52.49%", "2011-03-31": "53.93%", "2010-12-31": "52.81%", "2010-09-30": "57.38%", "2010-06-30": "58.03%", "2010-03-31": "60.30%", "2009-12-31": "59.79%", "2009-09-30": "61.23%", "2009-06-30": "70.34%", "2009-03-31": "76.81%", "2008-12-31": "83.72%", "2008-09-30": "80.00%", "2008-06-30": "75.12%", "2008-03-31": "68.39%", "2007-12-31": "61.54%", "2007-09-30": "58.73%", "2007-06-30": "50.00%", "2007-03-31": "41.72%", "2006-12-31": "35.02%", "2006-09-30": "32.68%", "2006-06-30": "33.91%", "2006-03-31": "36.64%", "2005-12-31": "38.24%"}, "return on assets": {"2020-12-31": "2.73%", "2020-09-30": "0.57%", "2020-06-30": "-1.18%", "2020-03-31": "5.97%", "2019-12-31": "7.29%", "2019-09-30": "7.23%", "2019-06-30": "7.58%", "2019-03-31": "8.24%", "2018-12-31": "9.12%", "2018-09-30": "8.06%", "2018-06-30": "8.26%", "2018-03-31": "7.36%", "2017-12-31": "5.52%", "2017-09-30": "6.54%", "2017-06-30": "5.21%", "2017-03-31": "5.87%", "2016-12-31": "8.24%", "2016-09-30": "10.84%", "2016-06-30": "16.22%", "2016-03-31": "17.89%", "2015-12-31": "20.36%", "2015-09-30": "22.20%", "2015-06-30": "22.33%", "2015-03-31": "22.86%", "2014-12-31": "23.38%", "2014-09-30": "23.21%", "2014-06-30": "21.94%", "2014-03-31": "21.94%", "2013-12-31": "22.44%", "2013-09-30": "21.83%", "2013-06-30": "22.20%", "2013-03-31": "22.80%", "2012-12-31": "22.86%", "2012-09-30": "22.16%", "2012-06-30": "21.28%", "2012-03-31": "20.34%", "2011-12-31": "19.94%", "2011-09-30": "19.87%", "2011-06-30": "18.94%", "2011-03-31": "17.89%", "2010-12-31": "16.46%", "2010-09-30": "16.62%", "2010-06-30": "15.68%", "2010-03-31": "15.16%", "2009-12-31": "13.67%", "2009-09-30": "12.63%", "2009-06-30": "13.39%", "2009-03-31": "13.89%", "2008-12-31": "15.05%", "2008-09-30": "15.22%", "2008-06-30": "15.32%", "2008-03-31": "15.41%", "2007-12-31": "14.68%", "2007-09-30": "13.86%", "2007-06-30": "14.35%", "2007-03-31": "13.99%", "2006-12-31": "13.90%", "2006-09-30": "15.23%", "2006-06-30": "15.98%", "2006-03-31": "17.28%", "2005-12-31": "18.16%"}, "return on investments": {"2020-12-31": "8.59%", "2020-09-30": "3.38%", "2020-06-30": "-0.91%", "2020-03-31": "14.57%", "2019-12-31": "17.46%", "2019-09-30": "17.51%", "2019-06-30": "17.89%", "2019-03-31": "18.83%", "2018-12-31": "20.84%", "2018-09-30": "22.24%", "2018-06-30": "23.77%", "2018-03-31": "22.63%", "2017-12-31": "19.11%", "2017-09-30": "17.40%", "2017-06-30": "15.13%", "2017-03-31": "17.39%", "2016-12-31": "22.54%", "2016-09-30": "29.06%", "2016-06-30": "43.09%", "2016-03-31": "47.38%", "2015-12-31": "55.51%", "2015-09-30": "63.84%", "2015-06-30": "64.89%", "2015-03-31": "67.38%", "2014-12-31": "69.13%", "2014-09-30": "69.63%", "2014-06-30": "65.49%", "2014-03-31": "64.96%", "2013-12-31": "64.15%", "2013-09-30": "60.80%", "2013-06-30": "61.08%", "2013-03-31": "63.71%", "2012-12-31": "66.32%", "2012-09-30": "64.76%", "2012-06-30": "64.03%", "2012-03-31": "61.85%", "2011-12-31": "62.50%", "2011-09-30": "63.63%", "2011-06-30": "58.34%", "2011-03-31": "54.58%", "2010-12-31": "48.54%", "2010-09-30": "48.32%", "2010-06-30": "46.51%", "2010-03-31": "43.69%", "2009-12-31": "42.23%", "2009-09-30": "40.40%", "2009-06-30": "43.60%", "2009-03-31": "47.39%", "2008-12-31": "48.80%", "2008-09-30": "49.74%", "2008-06-30": "50.26%", "2008-03-31": "49.36%", "2007-12-31": "45.07%", "2007-09-30": "41.61%", "2007-06-30": "40.66%", "2007-03-31": "39.57%", "2006-12-31": "38.81%", "2006-09-30": "41.20%", "2006-06-30": "44.87%", "2006-03-31": "49.24%", "2005-12-31": "54.32%"}, "return on tangible equity": {"2020-09-30": "-7.77%", "2020-06-30": "12.63%", "2020-03-31": "-56.93%", "2019-12-31": "-63.12%", "2019-09-30": "-54.40%", "2019-06-30": "-52.69%", "2019-03-31": "-73.58%", "2018-12-31": "-140.00%", "2018-09-30": "-698.73%", "2018-06-30": "183.86%", "2018-03-31": "176.00%", "2017-12-31": "182.01%", "2017-09-30": "271.10%", "2017-06-30": "72.73%", "2017-03-31": "45.59%", "2016-12-31": "41.91%", "2016-09-30": "38.61%", "2016-06-30": "55.81%", "2016-03-31": "60.17%", "2015-12-31": "66.28%", "2015-09-30": "72.62%", "2015-06-30": "73.47%", "2015-03-31": "78.87%", "2014-12-31": "87.31%", "2014-09-30": "97.88%", "2014-06-30": "86.25%", "2014-03-31": "77.26%", "2013-12-31": "67.90%", "2013-09-30": "57.01%", "2013-06-30": "56.73%", "2013-03-31": "57.22%", "2012-12-31": "58.59%", "2012-09-30": "58.51%", "2012-06-30": "57.49%", "2012-03-31": "56.05%", "2011-12-31": "56.75%", "2011-09-30": "57.44%", "2011-06-30": "58.28%", "2011-03-31": "59.32%", "2010-12-31": "58.85%", "2010-09-30": "64.85%", "2010-06-30": "66.57%", "2010-03-31": "70.11%", "2009-12-31": "70.42%", "2009-09-30": "73.45%", "2009-06-30": "85.71%", "2009-03-31": "94.22%", "2008-12-31": "102.63%", "2008-09-30": "97.14%", "2008-06-30": "89.89%", "2008-03-31": "80.54%", "2007-12-31": "71.79%", "2007-09-30": "68.39%", "2007-06-30": "56.55%", "2007-03-31": "46.22%", "2006-12-31": "38.15%", "2006-09-30": "35.14%", "2006-06-30": "36.44%", "2006-03-31": "39.52%", "2005-12-31": "41.33%"}, "dividend yield history": {"last payout": "$2.48", "last yield": "2.09%"}}