{"ticker": "BPOP", "price": {"title": "Popular Historical Annual Stock Price Data", "value": 61.86, "historical": {"2021": {"Average Stock Price": "59.3233", "Year Open": "55.2300", "Year High": "62.1100", "Year Low": "55.1500", "Year Close": "61.8600", "Annual % Change": "9.84%"}, "2020": {"Average Stock Price": "42.7823", "Year Open": "58.9300", "Year High": "61.3900", "Year Low": "24.8100", "Year Close": "56.3200", "Annual % Change": "-4.14%"}, "2019": {"Average Stock Price": "54.4661", "Year Open": "47.9800", "Year High": "59.4000", "Year Low": "47.5800", "Year Close": "58.7500", "Annual % Change": "24.42%"}, "2018": {"Average Stock Price": "47.0693", "Year Open": "35.6500", "Year High": "56.4000", "Year Low": "35.6400", "Year Close": "47.2200", "Annual % Change": "33.05%"}, "2017": {"Average Stock Price": "39.4337", "Year Open": "43.7200", "Year High": "45.7500", "Year Low": "32.2900", "Year Close": "35.4900", "Annual % Change": "-19.01%"}, "2016": {"Average Stock Price": "32.9742", "Year Open": "27.9000", "Year High": "44.7000", "Year Low": "22.6200", "Year Close": "43.8200", "Annual % Change": "54.62%"}, "2015": {"Average Stock Price": "31.5247", "Year Open": "34.0800", "Year High": "35.5800", "Year Low": "26.9600", "Year Close": "28.3400", "Annual % Change": "-16.77%"}, "2014": {"Average Stock Price": "30.6638", "Year Open": "28.3900", "Year High": "34.6400", "Year Low": "25.5000", "Year Close": "34.0500", "Annual % Change": "18.52%"}, "2013": {"Average Stock Price": "28.4912", "Year Open": "21.7300", "Year High": "34.2000", "Year Low": "21.7000", "Year Close": "28.7300", "Annual % Change": "38.19%"}, "2012": {"Average Stock Price": "17.4751", "Year Open": "14.3000", "Year High": "23.0000", "Year Low": "13.5500", "Year Close": "20.7900", "Annual % Change": "49.57%"}, "2011": {"Average Stock Price": "24.3214", "Year Open": "32.0000", "Year High": "35.3250", "Year Low": "11.1500", "Year Close": "13.9000", "Annual % Change": "-55.73%"}, "2010": {"Average Stock Price": "27.7023", "Year Open": "23.9000", "Year High": "40.2000", "Year Low": "17.5000", "Year Close": "31.4000", "Annual % Change": "38.94%"}, "2009": {"Average Stock Price": "24.7236", "Year Open": "51.9000", "Year High": "55.2000", "Year Low": "10.4000", "Year Close": "22.6000", "Annual % Change": "-56.20%"}, "2008": {"Average Stock Price": "89.0743", "Year Open": "101.2000", "Year High": "140.7000", "Year Low": "49.0000", "Year Close": "51.6000", "Annual % Change": "-51.32%"}, "2007": {"Average Stock Price": "144.6633", "Year Open": "179.1000", "Year High": "189.4000", "Year Low": "86.5000", "Year Close": "106.0000", "Annual % Change": "-40.95%"}, "2006": {"Average Stock Price": "193.0540", "Year Open": "210.5000", "Year High": "219.8000", "Year Low": "172.3000", "Year Close": "179.5000", "Annual % Change": "-15.13%"}, "2005": {"Average Stock Price": "245.4716", "Year Open": "279.3000", "Year High": "280.3000", "Year Low": "201.0000", "Year Close": "211.5000", "Annual % Change": "-26.64%"}, "2004": {"Average Stock Price": "235.1065", "Year Open": "226.4500", "Year High": "288.7000", "Year Low": "200.4000", "Year Close": "288.3000", "Annual % Change": "28.56%"}, "2003": {"Average Stock Price": "193.2009", "Year Open": "173.1000", "Year High": "237.8500", "Year Low": "159.7500", "Year Close": "224.2500", "Annual % Change": "32.69%"}, "2002": {"Average Stock Price": "157.0964", "Year Open": "142.7000", "Year High": "179.2500", "Year Low": "137.5000", "Year Close": "169.0000", "Annual % Change": "16.23%"}, "2001": {"Average Stock Price": "149.6425", "Year Open": "130.0000", "Year High": "181.3000", "Year Low": "126.2500", "Year Close": "145.4000", "Annual % Change": "10.53%"}, "2000": {"Average Stock Price": "114.5256", "Year Open": "134.4000", "Year High": "139.4000", "Year Low": "93.1500", "Year Close": "131.5500", "Annual % Change": "-5.83%"}, "1999": {"Average Stock Price": "152.0510", "Year Open": "170.0000", "Year High": "189.4000", "Year Low": "127.2000", "Year Close": "139.7000", "Annual % Change": "-17.82%"}, "1998": {"Average Stock Price": "153.5907", "Year Open": "127.2000", "Year High": "183.7500", "Year Low": "115.1500", "Year Close": "170.0000", "Annual % Change": "36.68%"}, "1997": {"Average Stock Price": "103.6521", "Year Open": "84.0750", "Year High": "139.7000", "Year Low": "82.5000", "Year Close": "124.3750", "Annual % Change": "47.41%"}, "1996": {"Average Stock Price": "61.7738", "Year Open": "48.6750", "Year High": "87.5000", "Year Low": "48.4375", "Year Close": "84.3750", "Annual % Change": "74.19%"}, "1995": {"Average Stock Price": "43.4682", "Year Open": "35.1625", "Year High": "49.8500", "Year Low": "35.1625", "Year Close": "48.4375", "Annual % Change": "37.75%"}, "1994": {"Average Stock Price": "39.3701", "Year Open": "38.9125", "Year High": "41.5625", "Year Low": "33.7500", "Year Close": "35.1625", "Annual % Change": "-9.26%"}, "1993": {"Average Stock Price": "35.9788", "Year Open": "35.3125", "Year High": "40.3125", "Year Low": "30.4750", "Year Close": "38.7500", "Annual % Change": "2.48%"}, "1992": {"Average Stock Price": "31.5133", "Year Open": "23.4375", "Year High": "37.8125", "Year Low": "23.4375", "Year Close": "37.8125", "Annual % Change": "57.14%"}, "1991": {"Average Stock Price": "22.0424", "Year Open": "21.2500", "Year High": "24.8500", "Year Low": "18.4375", "Year Close": "24.0625", "Annual % Change": "-55.49%"}}}, "market cap": {"value": "$5.21B"}, "income statement": {"Revenue": {"2019-12-31": "2830.67600", "2018-12-31": "2674.34200", "2017-12-31": "2145.11100", "2016-12-31": "1932.50900", "2015-12-31": "2122.55500", "2014-12-31": "2020.05800", "2013-12-31": "2438.95300", "2012-12-31": "2155.87500", "2011-12-31": "2566.58700", "2010-12-31": "3236.43900", "2009-12-31": "2751.49800", "2008-12-31": "3104.09700", "2007-12-31": "3425.93000", "2006-12-31": "3225.74800", "2005-12-31": "3451.13400"}, "Cost Of Goods Sold": {"2019-12-31": "369.09900", "2018-12-31": "286.97100", "2017-12-31": "223.98000", "2016-12-31": "212.51800", "2015-12-31": "194.03100", "2014-12-31": "688.47100", "2013-12-31": "303.36600", "2012-12-31": "362.75900", "2011-12-31": "505.81600", "2010-12-31": "653.38100", "2009-12-31": "753.74400", "2008-12-31": "994.91900", "2007-12-31": "1246.57700", "2006-12-31": "1200.50800", "2005-12-31": "1241.65200"}, "Gross Profit": {"2019-12-31": "2461.57700", "2018-12-31": "2387.37100", "2017-12-31": "1921.13100", "2016-12-31": "1719.99100", "2015-12-31": "1928.52400", "2014-12-31": "1331.58700", "2013-12-31": "2135.58700", "2012-12-31": "1793.11600", "2011-12-31": "2060.77100", "2010-12-31": "2583.05800", "2009-12-31": "1997.75400", "2008-12-31": "2109.17800", "2007-12-31": "2179.35300", "2006-12-31": "2025.24000", "2005-12-31": "2209.48200"}, "Research And Development Expenses": {"2019-12-31": "", "2018-12-31": "", "2017-12-31": "", "2016-12-31": "", "2015-12-31": "", "2014-12-31": "", "2013-12-31": "", "2012-12-31": "", "2011-12-31": "", "2010-12-31": "", "2009-12-31": "", "2008-12-31": "", "2007-12-31": "", "2006-12-31": "", "2005-12-31": ""}, "SG&A Expenses": {"2019-12-31": "1633.89100", "2018-12-31": "1640.30800", "2017-12-31": "1573.24200", "2016-12-31": "1409.70600", "2015-12-31": "1500.26800", "2014-12-31": "1428.93300", "2013-12-31": "1820.12500", "2012-12-31": "1603.90100", "2011-12-31": "1784.86500", "2010-12-31": "2328.25400", "2009-12-31": "2550.52100", "2008-12-31": "2290.63200", "2007-12-31": "1654.00800", "2006-12-31": "1453.76600", "2005-12-31": "1513.89300"}, "Other Operating Income Or Expenses": {"2019-12-31": "", "2018-12-31": "", "2017-12-31": "", "2016-12-31": "", "2015-12-31": "", "2014-12-31": "", "2013-12-31": "", "2012-12-31": "", "2011-12-31": "", "2010-12-31": "", "2009-12-31": "", "2008-12-31": "", "2007-12-31": "", "2006-12-31": "", "2005-12-31": ""}, "Operating Expenses": {"2019-12-31": "2012.36000", "2018-12-31": "1936.60500", "2017-12-31": "1806.60000", "2016-12-31": "1638.16900", "2015-12-31": "1705.31800", "2014-12-31": "2125.56400", "2013-12-31": "2131.46200", "2012-12-31": "1974.82100", "2011-12-31": "2300.33500", "2010-12-31": "2990.80800", "2009-12-31": "3313.74700", "2008-12-31": "3309.54000", "2007-12-31": "3122.78000", "2006-12-31": "2666.29500", "2005-12-31": "2765.12400"}, "Operating Income": {"2019-12-31": "818.31590", "2018-12-31": "737.73690", "2017-12-31": "338.51090", "2016-12-31": "294.34000", "2015-12-31": "417.23720", "2014-12-31": "-105.50600", "2013-12-31": "307.49100", "2012-12-31": "181.05400", "2011-12-31": "266.25200", "2010-12-31": "245.63110", "2009-12-31": "-562.24900", "2008-12-31": "-205.44290", "2007-12-31": "303.15040", "2006-12-31": "559.45310", "2005-12-31": "686.00980"}, "Total Non-Operating Income/Expense": {"2019-12-31": "", "2018-12-31": "", "2017-12-31": "", "2016-12-31": "", "2015-12-31": "-18.41200", "2014-12-31": "-26.72500", "2013-12-31": "", "2012-12-31": "", "2011-12-31": "", "2010-12-31": "", "2009-12-31": "", "2008-12-31": "-13.49100", "2007-12-31": "-10.47800", "2006-12-31": "", "2005-12-31": ""}, "Pre-Tax Income": {"2019-12-31": "818.31600", "2018-12-31": "737.73700", "2017-12-31": "338.51100", "2016-12-31": "294.34000", "2015-12-31": "398.82500", "2014-12-31": "-132.23100", "2013-12-31": "307.49100", "2012-12-31": "181.05400", "2011-12-31": "266.25200", "2010-12-31": "245.63100", "2009-12-31": "-562.24900", "2008-12-31": "-218.93400", "2007-12-31": "292.67200", "2006-12-31": "559.45300", "2005-12-31": "686.01000"}, "Income Taxes": {"2019-12-31": "147.18100", "2018-12-31": "119.57900", "2017-12-31": "230.83000", "2016-12-31": "78.78400", "2015-12-31": "-495.17200", "2014-12-31": "58.27900", "2013-12-31": "-251.32700", "2012-12-31": "-26.40300", "2011-12-31": "114.92700", "2010-12-31": "108.23000", "2009-12-31": "-8.30200", "2008-12-31": "461.53400", "2007-12-31": "90.16400", "2006-12-31": "139.69400", "2005-12-31": "148.91500"}, "Income After Taxes": {"2019-12-31": "671.13500", "2018-12-31": "618.15800", "2017-12-31": "107.68100", "2016-12-31": "215.55600", "2015-12-31": "893.99700", "2014-12-31": "-190.51000", "2013-12-31": "558.81800", "2012-12-31": "207.45700", "2011-12-31": "151.32500", "2010-12-31": "137.40100", "2009-12-31": "-553.94700", "2008-12-31": "-680.46800", "2007-12-31": "202.50800", "2006-12-31": "419.75900", "2005-12-31": "537.09500"}, "Other Income": {"2019-12-31": "", "2018-12-31": "", "2017-12-31": "", "2016-12-31": "", "2015-12-31": "", "2014-12-31": "", "2013-12-31": "", "2012-12-31": "", "2011-12-31": "", "2010-12-31": "", "2009-12-31": "", "2008-12-31": "", "2007-12-31": "", "2006-12-31": "", "2005-12-31": ""}, "Income From Continuous Operations": {"2019-12-31": "671.13500", "2018-12-31": "618.15800", "2017-12-31": "107.68100", "2016-12-31": "215.55600", "2015-12-31": "893.99700", "2014-12-31": "-190.51000", "2013-12-31": "558.81800", "2012-12-31": "207.45700", "2011-12-31": "151.32500", "2010-12-31": "137.40100", "2009-12-31": "-553.94700", "2008-12-31": "-680.46800", "2007-12-31": "202.50800", "2006-12-31": "419.75900", "2005-12-31": "537.09500"}, "Income From Discontinued Operations": {"2019-12-31": "", "2018-12-31": "", "2017-12-31": "", "2016-12-31": "1.13500", "2015-12-31": "1.34700", "2014-12-31": "-122.98000", "2013-12-31": "40.50900", "2012-12-31": "37.81800", "2011-12-31": "", "2010-12-31": "", "2009-12-31": "-19.97200", "2008-12-31": "-563.43500", "2007-12-31": "-267.00100", "2006-12-31": "-62.08300", "2005-12-31": ""}, "Net Income": {"2019-12-31": "667.41200", "2018-12-31": "614.43500", "2017-12-31": "103.95800", "2016-12-31": "212.96800", "2015-12-31": "891.62100", "2014-12-31": "-317.21300", "2013-12-31": "595.60400", "2012-12-31": "241.55200", "2011-12-31": "147.60200", "2010-12-31": "-54.57600", "2009-12-31": "-573.91900", "2008-12-31": "-1279.20000", "2007-12-31": "-76.40600", "2006-12-31": "345.76300", "2005-12-31": "528.78900"}, "EBITDA": {"2019-12-31": "", "2018-12-31": "", "2017-12-31": "", "2016-12-31": "", "2015-12-31": "", "2014-12-31": "", "2013-12-31": "", "2012-12-31": "", "2011-12-31": "", "2010-12-31": "", "2009-12-31": "", "2008-12-31": "", "2007-12-31": "", "2006-12-31": "", "2005-12-31": ""}, "EBIT": {"2019-12-31": "", "2018-12-31": "", "2017-12-31": "", "2016-12-31": "", "2015-12-31": "", "2014-12-31": "", "2013-12-31": "", "2012-12-31": "", "2011-12-31": "", "2010-12-31": "", "2009-12-31": "", "2008-12-31": "", "2007-12-31": "", "2006-12-31": "", "2005-12-31": ""}, "Basic Shares Outstanding": {"2019-12-31": "96.84900", "2018-12-31": "101.14200", "2017-12-31": "101.96600", "2016-12-31": "103.27500", "2015-12-31": "102.96700", "2014-12-31": "102.84900", "2013-12-31": "102.69400", "2012-12-31": "102.43000", "2011-12-31": "102.17900", "2010-12-31": "88.51500", "2009-12-31": "40.82290", "2008-12-31": "28.10790", "2007-12-31": "27.94940", "2006-12-31": "27.84690", "2005-12-31": "26.73350"}, "Shares Outstanding": {"2019-12-31": "96.99800", "2018-12-31": "101.30900", "2017-12-31": "102.04500", "2016-12-31": "103.37700", "2015-12-31": "103.12400", "2014-12-31": "102.84900", "2013-12-31": "103.06100", "2012-12-31": "102.65400", "2011-12-31": "102.28900", "2010-12-31": "88.51500", "2009-12-31": "40.82290", "2008-12-31": "28.10790", "2007-12-31": "27.95530", "2006-12-31": "27.87040", "2005-12-31": "26.78390"}, "Basic EPS": {"2019-12-31": "6.89000", "2018-12-31": "6.07000", "2017-12-31": "1.02000", "2016-12-31": "2.06000", "2015-12-31": "8.66000", "2014-12-31": "-3.08000", "2013-12-31": "5.80000", "2012-12-31": "2.36000", "2011-12-31": "1.44000", "2010-12-31": "-0.62000", "2009-12-31": "2.40000", "2008-12-31": "-45.50000", "2007-12-31": "-2.70000", "2006-12-31": "12.40000", "2005-12-31": "19.80000"}, "EPS - Earnings Per Share": {"2019-12-31": "6.88000", "2018-12-31": "6.06000", "2017-12-31": "1.02000", "2016-12-31": "2.06000", "2015-12-31": "8.65000", "2014-12-31": "-3.08000", "2013-12-31": "5.78000", "2012-12-31": "2.35000", "2011-12-31": "1.44000", "2010-12-31": "-0.62000", "2009-12-31": "2.40000", "2008-12-31": "-45.50000", "2007-12-31": "-2.70000", "2006-12-31": "12.40000", "2005-12-31": "19.70000"}}, "income statement, quarterly": {"Revenue": {"2020-09-30": "641.96800", "2020-06-30": "620.62400", "2020-03-31": "677.00100", "2019-12-31": "712.28410", "2019-09-30": "714.68800", "2019-06-30": "709.30500", "2019-03-31": "694.39900", "2018-12-31": "712.72210", "2018-09-30": "679.38600", "2018-06-30": "715.65900", "2018-03-31": "566.57500", "2017-12-31": "531.46370", "2017-09-30": "536.25700", "2017-06-30": "545.52600", "2017-03-31": "531.86400", "2016-12-31": "410.86910", "2016-09-30": "483.27700", "2016-06-30": "522.71300", "2016-03-31": "515.65000", "2015-12-31": "533.79520", "2015-09-30": "532.39100", "2015-06-30": "551.06000", "2015-03-31": "505.30900", "2014-12-31": "495.29900", "2014-09-30": "525.52900", "2014-06-30": "484.23900", "2014-03-31": "514.99100", "2013-12-31": "580.64390", "2013-09-30": "692.62700", "2013-06-30": "701.40700", "2013-03-31": "464.27500", "2012-12-31": "475.18300", "2012-09-30": "566.41200", "2012-06-30": "550.52100", "2012-03-31": "563.75900", "2011-12-31": "671.56100", "2011-09-30": "614.14800", "2011-06-30": "631.05900", "2011-03-31": "649.81900", "2010-12-31": "612.80490", "2010-09-30": "1347.32900", "2010-06-30": "691.24400", "2010-03-31": "585.06100", "2009-12-31": "616.18300", "2009-09-30": "614.50700", "2009-06-30": "696.88500", "2009-03-31": "823.92300", "2008-12-31": "683.03920", "2008-09-30": "743.40900", "2008-06-30": "801.05600", "2008-03-31": "876.59300", "2007-12-31": "585.16520", "2007-09-30": "826.70800", "2007-06-30": "988.28600", "2007-03-31": "1025.77100", "2006-12-31": "336.00210", "2006-09-30": "972.68000", "2006-06-30": "946.02290", "2006-03-31": "971.04300", "2005-12-31": "933.57480", "2005-09-30": "841.13600", "2005-06-30": "837.55400", "2005-03-31": "838.86900"}, "Cost Of Goods Sold": {"2020-09-30": "52.18000", "2020-06-30": "57.68800", "2020-03-31": "77.26300", "2019-12-31": "92.44500", "2019-09-30": "94.98500", "2019-06-30": "94.66300", "2019-03-31": "87.00600", "2018-12-31": "83.33000", "2018-09-30": "76.89600", "2018-06-30": "66.71400", "2018-03-31": "60.03100", "2017-12-31": "58.11700", "2017-09-30": "57.71200", "2017-06-30": "54.25400", "2017-03-31": "53.89700", "2016-12-31": "55.63900", "2016-09-30": "53.61200", "2016-06-30": "51.65900", "2016-03-31": "51.60800", "2015-12-31": "48.85700", "2015-09-30": "50.54700", "2015-06-30": "47.74800", "2015-03-31": "46.87900", "2014-12-31": "65.07400", "2014-09-30": "74.77800", "2014-06-30": "480.83100", "2014-03-31": "67.78800", "2013-12-31": "66.27700", "2013-09-30": "74.90600", "2013-06-30": "78.27800", "2013-03-31": "83.90500", "2012-12-31": "70.98100", "2012-09-30": "90.59900", "2012-06-30": "98.91000", "2012-03-31": "102.26900", "2011-12-31": "108.92000", "2011-09-30": "122.44700", "2011-06-30": "132.35700", "2011-03-31": "142.09200", "2010-12-31": "152.62400", "2010-09-30": "164.65700", "2010-06-30": "177.82200", "2010-03-31": "158.27800", "2009-12-31": "170.97810", "2009-09-30": "178.07400", "2009-06-30": "187.98600", "2009-03-31": "216.70600", "2008-12-31": "252.67600", "2008-09-30": "231.19900", "2008-06-30": "234.96100", "2008-03-31": "276.08300", "2007-12-31": "96.33300", "2007-09-30": "318.13700", "2007-06-30": "413.49400", "2007-03-31": "418.61300", "2006-12-31": "-17.48890", "2006-09-30": "439.29300", "2006-06-30": "396.25800", "2006-03-31": "382.44600", "2005-12-31": "358.01390", "2005-09-30": "317.97800", "2005-06-30": "289.66600", "2005-03-31": "275.99400"}, "Gross Profit": {"2020-09-30": "589.78800", "2020-06-30": "562.93600", "2020-03-31": "599.73800", "2019-12-31": "619.83910", "2019-09-30": "619.70300", "2019-06-30": "614.64200", "2019-03-31": "607.39300", "2018-12-31": "629.39210", "2018-09-30": "602.49000", "2018-06-30": "648.94500", "2018-03-31": "506.54400", "2017-12-31": "473.34670", "2017-09-30": "478.54500", "2017-06-30": "491.27200", "2017-03-31": "477.96700", "2016-12-31": "355.23010", "2016-09-30": "429.66500", "2016-06-30": "471.05400", "2016-03-31": "464.04200", "2015-12-31": "484.93820", "2015-09-30": "481.84400", "2015-06-30": "503.31200", "2015-03-31": "458.43000", "2014-12-31": "430.22500", "2014-09-30": "450.75100", "2014-06-30": "3.40800", "2014-03-31": "447.20300", "2013-12-31": "514.36690", "2013-09-30": "617.72100", "2013-06-30": "623.12900", "2013-03-31": "380.37000", "2012-12-31": "404.20200", "2012-09-30": "475.81300", "2012-06-30": "451.61100", "2012-03-31": "461.49010", "2011-12-31": "562.64100", "2011-09-30": "491.70100", "2011-06-30": "498.70200", "2011-03-31": "507.72700", "2010-12-31": "460.18100", "2010-09-30": "1182.67200", "2010-06-30": "513.42200", "2010-03-31": "426.78300", "2009-12-31": "445.20490", "2009-09-30": "436.43300", "2009-06-30": "508.89900", "2009-03-31": "607.21700", "2008-12-31": "430.36320", "2008-09-30": "512.21000", "2008-06-30": "566.09500", "2008-03-31": "600.51000", "2007-12-31": "488.83210", "2007-09-30": "508.57100", "2007-06-30": "574.79200", "2007-03-31": "607.15800", "2006-12-31": "353.49110", "2006-09-30": "533.38700", "2006-06-30": "549.76500", "2006-03-31": "588.59700", "2005-12-31": "575.56090", "2005-09-30": "523.15800", "2005-06-30": "547.88810", "2005-03-31": "562.87500"}, "Research And Development Expenses": {"2020-09-30": "", "2020-06-30": "", "2020-03-31": "", "2019-12-31": "", "2019-09-30": "", "2019-06-30": "", "2019-03-31": "", "2018-12-31": "", "2018-09-30": "", "2018-06-30": "", "2018-03-31": "", "2017-12-31": "", "2017-09-30": "", "2017-06-30": "", "2017-03-31": "", "2016-12-31": "", "2016-09-30": "", "2016-06-30": "", "2016-03-31": "", "2015-12-31": "", "2015-09-30": "", "2015-06-30": "", "2015-03-31": "", "2014-12-31": "", "2014-09-30": "", "2014-06-30": "", "2014-03-31": "", "2013-12-31": "", "2013-09-30": "", "2013-06-30": "", "2013-03-31": "", "2012-12-31": "", "2012-09-30": "", "2012-06-30": "", "2012-03-31": "", "2011-12-31": "", "2011-09-30": "", "2011-06-30": "", "2011-03-31": "", "2010-12-31": "", "2010-09-30": "", "2010-06-30": "", "2010-03-31": "", "2009-12-31": "", "2009-09-30": "", "2009-06-30": "", "2009-03-31": "", "2008-12-31": "", "2008-09-30": "", "2008-06-30": "", "2008-03-31": "", "2007-12-31": "", "2007-09-30": "", "2007-06-30": "", "2007-03-31": "", "2006-12-31": "", "2006-09-30": "", "2006-06-30": "", "2006-03-31": "", "2005-12-31": "", "2005-09-30": "", "2005-06-30": "", "2005-03-31": ""}, "SG&A Expenses": {"2020-09-30": "379.12800", "2020-06-30": "408.88400", "2020-03-31": "559.86600", "2019-12-31": "435.50820", "2019-09-30": "410.61500", "2019-06-30": "400.83500", "2019-03-31": "386.93300", "2018-12-31": "436.67010", "2018-09-30": "417.50000", "2018-06-30": "395.39800", "2018-03-31": "390.74000", "2017-12-31": "391.09900", "2017-09-30": "475.50200", "2017-06-30": "356.97000", "2017-03-31": "349.67100", "2016-12-31": "359.40000", "2016-09-30": "360.11800", "2016-06-30": "346.52400", "2016-03-31": "343.66400", "2015-12-31": "360.81300", "2015-09-30": "369.58200", "2015-06-30": "430.35300", "2015-03-31": "339.52000", "2014-12-31": "362.05290", "2014-09-30": "380.95300", "2014-06-30": "330.51800", "2014-03-31": "355.40900", "2013-12-31": "346.23910", "2013-09-30": "372.45000", "2013-06-30": "546.35000", "2013-03-31": "555.08600", "2012-12-31": "337.61000", "2012-09-30": "410.76000", "2012-06-30": "461.23400", "2012-03-31": "394.29700", "2011-12-31": "556.72200", "2011-09-30": "456.16800", "2011-06-30": "423.86200", "2011-03-31": "348.11300", "2010-12-31": "696.82800", "2010-09-30": "584.14300", "2010-06-30": "528.21900", "2010-03-31": "519.06400", "2009-12-31": "623.46110", "2009-09-30": "549.28400", "2009-06-30": "677.65600", "2009-03-31": "674.31990", "2008-12-31": "720.47100", "2008-09-30": "571.10900", "2008-06-30": "517.01300", "2008-03-31": "482.03900", "2007-12-31": "308.84300", "2007-09-30": "403.06700", "2007-06-30": "473.40700", "2007-03-31": "468.69100", "2006-12-31": "177.28100", "2006-09-30": "419.76000", "2006-06-30": "427.24500", "2006-03-31": "429.48000", "2005-12-31": "405.98500", "2005-09-30": "376.98600", "2005-06-30": "371.99400", "2005-03-31": "358.92800"}, "Other Operating Income Or Expenses": {"2020-09-30": "", "2020-06-30": "", "2020-03-31": "", "2019-12-31": "", "2019-09-30": "", "2019-06-30": "", "2019-03-31": "", "2018-12-31": "", "2018-09-30": "", "2018-06-30": "", "2018-03-31": "", "2017-12-31": "", "2017-09-30": "", "2017-06-30": "", "2017-03-31": "", "2016-12-31": "", "2016-09-30": "", "2016-06-30": "", "2016-03-31": "", "2015-12-31": "", "2015-09-30": "", "2015-06-30": "", "2015-03-31": "", "2014-12-31": "", "2014-09-30": "", "2014-06-30": "", "2014-03-31": "", "2013-12-31": "", "2013-09-30": "", "2013-06-30": "", "2013-03-31": "", "2012-12-31": "", "2012-09-30": "", "2012-06-30": "", "2012-03-31": "", "2011-12-31": "", "2011-09-30": "", "2011-06-30": "", "2011-03-31": "", "2010-12-31": "", "2010-09-30": "", "2010-06-30": "", "2010-03-31": "", "2009-12-31": "", "2009-09-30": "", "2009-06-30": "", "2009-03-31": "", "2008-12-31": "", "2008-09-30": "", "2008-06-30": "", "2008-03-31": "", "2007-12-31": "", "2007-09-30": "", "2007-06-30": "", "2007-03-31": "", "2006-12-31": "", "2006-09-30": "", "2006-06-30": "", "2006-03-31": "", "2005-12-31": "", "2005-09-30": "", "2005-06-30": "", "2005-03-31": ""}, "Operating Expenses": {"2020-09-30": "432.38400", "2020-06-30": "468.36800", "2020-03-31": "639.60200", "2019-12-31": "530.24120", "2019-09-30": "507.99900", "2019-06-30": "497.86900", "2019-03-31": "476.25100", "2018-12-31": "522.35310", "2018-09-30": "496.72000", "2018-06-30": "464.43600", "2018-03-31": "453.09600", "2017-12-31": "451.56000", "2017-09-30": "535.55900", "2017-06-30": "413.56800", "2017-03-31": "405.91300", "2016-12-31": "417.87500", "2016-09-30": "420.62800", "2016-06-30": "401.28000", "2016-03-31": "398.38600", "2015-12-31": "412.19200", "2015-09-30": "423.64100", "2015-06-30": "480.98200", "2015-03-31": "388.50300", "2014-12-31": "429.20990", "2014-09-30": "457.75700", "2014-06-30": "813.37400", "2014-03-31": "425.22300", "2013-12-31": "414.04010", "2013-09-30": "449.34600", "2013-06-30": "626.61690", "2013-03-31": "641.45900", "2012-12-31": "409.14700", "2012-09-30": "503.84000", "2012-06-30": "562.67500", "2012-03-31": "499.15900", "2011-12-31": "668.32310", "2011-09-30": "581.07800", "2011-06-30": "558.47400", "2011-03-31": "492.46000", "2010-12-31": "851.71000", "2010-09-30": "751.21100", "2010-06-30": "708.49600", "2010-03-31": "679.39100", "2009-12-31": "796.70320", "2009-09-30": "729.73700", "2009-06-30": "868.07500", "2009-03-31": "893.43190", "2008-12-31": "988.18800", "2008-09-30": "806.27400", "2008-06-30": "754.46400", "2008-03-31": "760.61400", "2007-12-31": "619.34110", "2007-09-30": "723.43800", "2007-06-30": "889.71400", "2007-03-31": "890.28700", "2006-12-31": "162.65300", "2006-09-30": "862.66100", "2006-06-30": "826.33400", "2006-03-31": "814.64700", "2005-12-31": "766.80790", "2005-09-30": "697.35100", "2005-06-30": "663.80100", "2005-03-31": "637.16400"}, "Operating Income": {"2020-09-30": "209.58400", "2020-06-30": "152.25600", "2020-03-31": "37.39900", "2019-12-31": "182.04290", "2019-09-30": "206.68900", "2019-06-30": "211.43600", "2019-03-31": "218.14800", "2018-12-31": "190.36900", "2018-09-30": "182.66600", "2018-06-30": "251.22300", "2018-03-31": "113.47900", "2017-12-31": "79.90370", "2017-09-30": "0.69800", "2017-06-30": "131.95800", "2017-03-31": "125.95100", "2016-12-31": "-7.00600", "2016-09-30": "62.64900", "2016-06-30": "121.43300", "2016-03-31": "117.26400", "2015-12-31": "121.60320", "2015-09-30": "108.75000", "2015-06-30": "70.07800", "2015-03-31": "116.80600", "2014-12-31": "66.08910", "2014-09-30": "67.77200", "2014-06-30": "-329.13500", "2014-03-31": "89.76800", "2013-12-31": "166.60390", "2013-09-30": "243.28100", "2013-06-30": "74.79000", "2013-03-31": "-177.18400", "2012-12-31": "66.03600", "2012-09-30": "62.57200", "2012-06-30": "-12.15400", "2012-03-31": "64.60000", "2011-12-31": "3.23800", "2011-09-30": "33.07000", "2011-06-30": "72.58500", "2011-03-31": "157.35890", "2010-12-31": "-238.90500", "2010-09-30": "596.11800", "2010-06-30": "-17.25200", "2010-03-31": "-94.33000", "2009-12-31": "-180.52020", "2009-09-30": "-115.23000", "2009-06-30": "-171.19000", "2009-03-31": "-69.50900", "2008-12-31": "-305.14880", "2008-09-30": "-62.86510", "2008-06-30": "46.59200", "2008-03-31": "115.97900", "2007-12-31": "-34.17590", "2007-09-30": "103.27000", "2007-06-30": "98.57200", "2007-03-31": "135.48400", "2006-12-31": "173.34910", "2006-09-30": "110.01900", "2006-06-30": "119.68900", "2006-03-31": "156.39610", "2005-12-31": "166.76700", "2005-09-30": "143.78500", "2005-06-30": "173.75300", "2005-03-31": "201.70500"}, "Total Non-Operating Income/Expense": {"2020-09-30": "", "2020-06-30": "", "2020-03-31": "", "2019-12-31": "", "2019-09-30": "", "2019-06-30": "", "2019-03-31": "", "2018-12-31": "", "2018-09-30": "", "2018-06-30": "", "2018-03-31": "", "2017-12-31": "", "2017-09-30": "", "2017-06-30": "", "2017-03-31": "", "2016-12-31": "", "2016-09-30": "", "2016-06-30": "", "2016-03-31": "", "2015-12-31": "-1.00400", "2015-09-30": "-0.48100", "2015-06-30": "-6.17400", "2015-03-31": "-10.75300", "2014-12-31": "-13.86100", "2014-09-30": "-8.29000", "2014-06-30": "-4.57400", "2014-03-31": "", "2013-12-31": "", "2013-09-30": "", "2013-06-30": "", "2013-03-31": "", "2012-12-31": "", "2012-09-30": "", "2012-06-30": "", "2012-03-31": "", "2011-12-31": "", "2011-09-30": "", "2011-06-30": "", "2011-03-31": "", "2010-12-31": "", "2010-09-30": "", "2010-06-30": "", "2010-03-31": "", "2009-12-31": "", "2009-09-30": "", "2009-06-30": "", "2009-03-31": "", "2008-12-31": "", "2008-09-30": "", "2008-06-30": "", "2008-03-31": "", "2007-12-31": "", "2007-09-30": "", "2007-06-30": "", "2007-03-31": "", "2006-12-31": "", "2006-09-30": "", "2006-06-30": "", "2006-03-31": "", "2005-12-31": "", "2005-09-30": "", "2005-06-30": "", "2005-03-31": ""}, "Pre-Tax Income": {"2020-09-30": "209.58400", "2020-06-30": "152.25600", "2020-03-31": "37.39900", "2019-12-31": "182.04300", "2019-09-30": "206.68900", "2019-06-30": "211.43600", "2019-03-31": "218.14800", "2018-12-31": "190.36900", "2018-09-30": "182.66600", "2018-06-30": "251.22300", "2018-03-31": "113.47900", "2017-12-31": "79.90400", "2017-09-30": "0.69800", "2017-06-30": "131.95800", "2017-03-31": "125.95100", "2016-12-31": "-7.00600", "2016-09-30": "62.64900", "2016-06-30": "121.43300", "2016-03-31": "117.26400", "2015-12-31": "120.59900", "2015-09-30": "108.26900", "2015-06-30": "63.90400", "2015-03-31": "106.05300", "2014-12-31": "52.22800", "2014-09-30": "59.48200", "2014-06-30": "-333.70900", "2014-03-31": "89.76800", "2013-12-31": "166.60400", "2013-09-30": "243.28100", "2013-06-30": "74.79000", "2013-03-31": "-177.18400", "2012-12-31": "66.03600", "2012-09-30": "62.57200", "2012-06-30": "-12.15400", "2012-03-31": "64.60000", "2011-12-31": "3.23800", "2011-09-30": "33.07000", "2011-06-30": "72.58500", "2011-03-31": "157.35900", "2010-12-31": "-238.90500", "2010-09-30": "596.11800", "2010-06-30": "-17.25200", "2010-03-31": "-94.33000", "2009-12-31": "-206.32000", "2009-09-30": "-115.23000", "2009-06-30": "-171.19000", "2009-03-31": "-69.50900", "2008-12-31": "-318.64000", "2008-09-30": "-62.86500", "2008-06-30": "46.59200", "2008-03-31": "115.97900", "2007-12-31": "-44.65400", "2007-09-30": "103.27000", "2007-06-30": "98.57200", "2007-03-31": "135.48400", "2006-12-31": "173.34900", "2006-09-30": "110.01900", "2006-06-30": "119.68900", "2006-03-31": "156.39600", "2005-12-31": "166.76700", "2005-09-30": "143.78500", "2005-06-30": "173.75300", "2005-03-31": "201.70500"}, "Income Taxes": {"2020-09-30": "41.16800", "2020-06-30": "24.62800", "2020-03-31": "3.09700", "2019-12-31": "15.25800", "2019-09-30": "41.37000", "2019-06-30": "40.33000", "2019-03-31": "50.22300", "2018-12-31": "83.96600", "2018-09-30": "42.01800", "2018-06-30": "-28.56000", "2018-03-31": "22.15500", "2017-12-31": "182.05800", "2017-09-30": "-19.96600", "2017-06-30": "35.73200", "2017-03-31": "33.00600", "2016-12-31": "-1.76600", "2016-09-30": "15.83900", "2016-06-30": "32.44600", "2016-03-31": "32.26500", "2015-12-31": "-16.82700", "2015-09-30": "22.62000", "2015-06-30": "-533.53300", "2015-03-31": "32.56800", "2014-12-31": "12.47200", "2014-09-30": "26.66700", "2014-06-30": "-4.12400", "2014-03-31": "23.26400", "2013-12-31": "25.16200", "2013-09-30": "17.76800", "2013-06-30": "-237.38000", "2013-03-31": "-56.87700", "2012-12-31": "19.91400", "2012-09-30": "15.38400", "2012-06-30": "-77.89300", "2012-03-31": "16.19200", "2011-12-31": "0.26300", "2011-09-30": "5.53700", "2011-06-30": "-38.10000", "2011-03-31": "147.22700", "2010-12-31": "-11.76400", "2010-09-30": "102.03200", "2010-06-30": "27.23700", "2010-03-31": "-9.27500", "2009-12-31": "6.90700", "2009-09-30": "6.33100", "2009-06-30": "5.39300", "2009-03-31": "-26.93300", "2008-12-31": "309.06700", "2008-09-30": "148.30800", "2008-06-30": "-12.58100", "2008-03-31": "16.74000", "2007-12-31": "26.64900", "2007-09-30": "23.05600", "2007-06-30": "23.62200", "2007-03-31": "16.83700", "2006-12-31": "51.63400", "2006-09-30": "27.85900", "2006-06-30": "22.30800", "2006-03-31": "37.89300", "2005-12-31": "36.52000", "2005-09-30": "28.56900", "2005-06-30": "41.39300", "2005-03-31": "42.43300"}, "Income After Taxes": {"2020-09-30": "168.41600", "2020-06-30": "127.62800", "2020-03-31": "34.30200", "2019-12-31": "166.78500", "2019-09-30": "165.31900", "2019-06-30": "171.10600", "2019-03-31": "167.92500", "2018-12-31": "106.40300", "2018-09-30": "140.64800", "2018-06-30": "279.78300", "2018-03-31": "91.32400", "2017-12-31": "-102.15400", "2017-09-30": "20.66400", "2017-06-30": "96.22600", "2017-03-31": "92.94500", "2016-12-31": "-5.24000", "2016-09-30": "46.81000", "2016-06-30": "88.98700", "2016-03-31": "84.99900", "2015-12-31": "137.42600", "2015-09-30": "85.64900", "2015-06-30": "597.43700", "2015-03-31": "73.48500", "2014-12-31": "39.75600", "2014-09-30": "32.81500", "2014-06-30": "-329.58500", "2014-03-31": "66.50400", "2013-12-31": "141.44200", "2013-09-30": "225.51300", "2013-06-30": "312.17000", "2013-03-31": "-120.30700", "2012-12-31": "46.12200", "2012-09-30": "47.18800", "2012-06-30": "65.73900", "2012-03-31": "48.40800", "2011-12-31": "2.97500", "2011-09-30": "27.53300", "2011-06-30": "110.68500", "2011-03-31": "10.13200", "2010-12-31": "-227.14100", "2010-09-30": "494.08600", "2010-06-30": "-44.48900", "2010-03-31": "-85.05500", "2009-12-31": "-213.22700", "2009-09-30": "-121.56100", "2009-06-30": "-176.58300", "2009-03-31": "-42.57600", "2008-12-31": "-627.70700", "2008-09-30": "-211.17300", "2008-06-30": "59.17300", "2008-03-31": "99.23900", "2007-12-31": "-71.30300", "2007-09-30": "80.21400", "2007-06-30": "74.95000", "2007-03-31": "118.64700", "2006-12-31": "121.71500", "2006-09-30": "82.16000", "2006-06-30": "97.38100", "2006-03-31": "118.50300", "2005-12-31": "130.24700", "2005-09-30": "115.21600", "2005-06-30": "132.36000", "2005-03-31": "159.27200"}, "Other Income": {"2020-09-30": "", "2020-06-30": "", "2020-03-31": "", "2019-12-31": "", "2019-09-30": "", "2019-06-30": "", "2019-03-31": "", "2018-12-31": "", "2018-09-30": "", "2018-06-30": "", "2018-03-31": "", "2017-12-31": "", "2017-09-30": "", "2017-06-30": "", "2017-03-31": "", "2016-12-31": "", "2016-09-30": "", "2016-06-30": "", "2016-03-31": "", "2015-12-31": "", "2015-09-30": "", "2015-06-30": "", "2015-03-31": "", "2014-12-31": "", "2014-09-30": "", "2014-06-30": "", "2014-03-31": "", "2013-12-31": "", "2013-09-30": "", "2013-06-30": "", "2013-03-31": "", "2012-12-31": "", "2012-09-30": "", "2012-06-30": "", "2012-03-31": "", "2011-12-31": "", "2011-09-30": "", "2011-06-30": "", "2011-03-31": "", "2010-12-31": "", "2010-09-30": "", "2010-06-30": "", "2010-03-31": "", "2009-12-31": "", "2009-09-30": "", "2009-06-30": "", "2009-03-31": "", "2008-12-31": "", "2008-09-30": "", "2008-06-30": "", "2008-03-31": "", "2007-12-31": "", "2007-09-30": "", "2007-06-30": "", "2007-03-31": "", "2006-12-31": "", "2006-09-30": "", "2006-06-30": "", "2006-03-31": "", "2005-12-31": "", "2005-09-30": "", "2005-06-30": "", "2005-03-31": ""}, "Income From Continuous Operations": {"2020-09-30": "168.41600", "2020-06-30": "127.62800", "2020-03-31": "34.30200", "2019-12-31": "166.78500", "2019-09-30": "165.31900", "2019-06-30": "171.10600", "2019-03-31": "167.92500", "2018-12-31": "106.40300", "2018-09-30": "140.64800", "2018-06-30": "279.78300", "2018-03-31": "91.32400", "2017-12-31": "-102.15400", "2017-09-30": "20.66400", "2017-06-30": "96.22600", "2017-03-31": "92.94500", "2016-12-31": "-5.24000", "2016-09-30": "46.81000", "2016-06-30": "88.98700", "2016-03-31": "84.99900", "2015-12-31": "137.42600", "2015-09-30": "85.64900", "2015-06-30": "597.43700", "2015-03-31": "73.48500", "2014-12-31": "39.75600", "2014-09-30": "32.81500", "2014-06-30": "-329.58500", "2014-03-31": "66.50400", "2013-12-31": "141.44200", "2013-09-30": "225.51300", "2013-06-30": "312.17000", "2013-03-31": "-120.30700", "2012-12-31": "46.12200", "2012-09-30": "47.18800", "2012-06-30": "65.73900", "2012-03-31": "48.40800", "2011-12-31": "2.97500", "2011-09-30": "27.53300", "2011-06-30": "110.68500", "2011-03-31": "10.13200", "2010-12-31": "-227.14100", "2010-09-30": "494.08600", "2010-06-30": "-44.48900", "2010-03-31": "-85.05500", "2009-12-31": "-213.22700", "2009-09-30": "-121.56100", "2009-06-30": "-176.58300", "2009-03-31": "-42.57600", "2008-12-31": "-627.70700", "2008-09-30": "-211.17300", "2008-06-30": "59.17300", "2008-03-31": "99.23900", "2007-12-31": "-71.30300", "2007-09-30": "80.21400", "2007-06-30": "74.95000", "2007-03-31": "118.64700", "2006-12-31": "121.71500", "2006-09-30": "82.16000", "2006-06-30": "97.38100", "2006-03-31": "118.50300", "2005-12-31": "130.24700", "2005-09-30": "115.21600", "2005-06-30": "132.36000", "2005-03-31": "159.27200"}, "Income From Discontinued Operations": {"2020-09-30": "", "2020-06-30": "", "2020-03-31": "", "2019-12-31": "", "2019-09-30": "", "2019-06-30": "", "2019-03-31": "", "2018-12-31": "", "2018-09-30": "", "2018-06-30": "", "2018-03-31": "", "2017-12-31": "", "2017-09-30": "", "2017-06-30": "", "2017-03-31": "", "2016-12-31": "", "2016-09-30": "", "2016-06-30": "", "2016-03-31": "", "2015-12-31": "", "2015-09-30": "-0.00900", "2015-06-30": "0.01500", "2015-03-31": "1.34100", "2014-12-31": "9.08600", "2014-09-30": "29.75800", "2014-06-30": "-181.72900", "2014-03-31": "19.90500", "2013-12-31": "21.58900", "2013-09-30": "3.62200", "2013-06-30": "15.29800", "2013-03-31": "", "2012-12-31": "", "2012-09-30": "", "2012-06-30": "", "2012-03-31": "", "2011-12-31": "", "2011-09-30": "", "2011-06-30": "", "2011-03-31": "", "2010-12-31": "", "2010-09-30": "", "2010-06-30": "", "2010-03-31": "", "2009-12-31": "", "2009-09-30": "-3.42700", "2009-06-30": "-6.59900", "2009-03-31": "-9.94600", "2008-12-31": "-75.19300", "2008-09-30": "-457.37000", "2008-06-30": "-34.92300", "2008-03-31": "4.05100", "2007-12-31": "-222.79000", "2007-09-30": "-44.21100", "2007-06-30": "", "2007-03-31": "", "2006-12-31": "", "2006-09-30": "", "2006-06-30": "", "2006-03-31": "", "2005-12-31": "", "2005-09-30": "", "2005-06-30": "", "2005-03-31": ""}, "Net Income": {"2020-09-30": "168.06400", "2020-06-30": "127.27500", "2020-03-31": "33.63200", "2019-12-31": "165.85400", "2019-09-30": "164.38900", "2019-06-30": "170.17500", "2019-03-31": "166.99400", "2018-12-31": "105.47200", "2018-09-30": "139.71800", "2018-06-30": "278.85200", "2018-03-31": "90.39300", "2017-12-31": "-103.08500", "2017-09-30": "19.73400", "2017-06-30": "95.29500", "2017-03-31": "92.01400", "2016-12-31": "-5.03600", "2016-09-30": "45.88000", "2016-06-30": "88.05600", "2016-03-31": "84.06800", "2015-12-31": "136.49500", "2015-09-30": "84.70900", "2015-06-30": "596.52100", "2015-03-31": "73.89600", "2014-12-31": "47.91100", "2014-09-30": "61.64300", "2014-06-30": "-512.24500", "2014-03-31": "85.47800", "2013-12-31": "162.10000", "2013-09-30": "228.20400", "2013-06-30": "326.53700", "2013-03-31": "-121.23700", "2012-12-31": "83.00900", "2012-09-30": "46.25700", "2012-06-30": "64.80900", "2012-03-31": "47.47700", "2011-12-31": "2.04400", "2011-09-30": "26.60200", "2011-06-30": "109.75400", "2011-03-31": "9.20200", "2010-12-31": "-419.11800", "2010-09-30": "494.08600", "2010-06-30": "-44.48900", "2010-03-31": "-85.05500", "2009-12-31": "-884.52290", "2009-09-30": "595.61400", "2009-06-30": "-207.81000", "2009-03-31": "-77.20000", "2008-12-31": "-717.98700", "2008-09-30": "-679.77200", "2008-06-30": "18.24700", "2008-03-31": "100.31200", "2007-12-31": "-297.07100", "2007-09-30": "33.02400", "2007-06-30": "71.97200", "2007-03-31": "115.66900", "2006-12-31": "56.65400", "2006-09-30": "79.18100", "2006-06-30": "94.40300", "2006-03-31": "115.52500", "2005-12-31": "127.26900", "2005-09-30": "112.23700", "2005-06-30": "129.38200", "2005-03-31": "159.90100"}, "EBITDA": {"2020-09-30": "", "2020-06-30": "", "2020-03-31": "", "2019-12-31": "", "2019-09-30": "", "2019-06-30": "", "2019-03-31": "", "2018-12-31": "", "2018-09-30": "", "2018-06-30": "", "2018-03-31": "", "2017-12-31": "", "2017-09-30": "", "2017-06-30": "", "2017-03-31": "", "2016-12-31": "", "2016-09-30": "", "2016-06-30": "", "2016-03-31": "", "2015-12-31": "", "2015-09-30": "", "2015-06-30": "", "2015-03-31": "", "2014-12-31": "", "2014-09-30": "", "2014-06-30": "", "2014-03-31": "", "2013-12-31": "", "2013-09-30": "", "2013-06-30": "", "2013-03-31": "", "2012-12-31": "", "2012-09-30": "", "2012-06-30": "", "2012-03-31": "", "2011-12-31": "", "2011-09-30": "", "2011-06-30": "", "2011-03-31": "", "2010-12-31": "", "2010-09-30": "", "2010-06-30": "", "2010-03-31": "", "2009-12-31": "", "2009-09-30": "", "2009-06-30": "", "2009-03-31": "", "2008-12-31": "", "2008-09-30": "", "2008-06-30": "", "2008-03-31": "", "2007-12-31": "", "2007-09-30": "", "2007-06-30": "", "2007-03-31": "", "2006-12-31": "", "2006-09-30": "", "2006-06-30": "", "2006-03-31": "", "2005-12-31": "", "2005-09-30": "", "2005-06-30": "", "2005-03-31": ""}, "EBIT": {"2020-09-30": "", "2020-06-30": "", "2020-03-31": "", "2019-12-31": "", "2019-09-30": "", "2019-06-30": "", "2019-03-31": "", "2018-12-31": "", "2018-09-30": "", "2018-06-30": "", "2018-03-31": "", "2017-12-31": "", "2017-09-30": "", "2017-06-30": "", "2017-03-31": "", "2016-12-31": "", "2016-09-30": "", "2016-06-30": "", "2016-03-31": "", "2015-12-31": "", "2015-09-30": "", "2015-06-30": "", "2015-03-31": "", "2014-12-31": "", "2014-09-30": "", "2014-06-30": "", "2014-03-31": "", "2013-12-31": "", "2013-09-30": "", "2013-06-30": "", "2013-03-31": "", "2012-12-31": "", "2012-09-30": "", "2012-06-30": "", "2012-03-31": "", "2011-12-31": "", "2011-09-30": "", "2011-06-30": "", "2011-03-31": "", "2010-12-31": "", "2010-09-30": "", "2010-06-30": "", "2010-03-31": "", "2009-12-31": "", "2009-09-30": "", "2009-06-30": "", "2009-03-31": "", "2008-12-31": "", "2008-09-30": "", "2008-06-30": "", "2008-03-31": "", "2007-12-31": "", "2007-09-30": "", "2007-06-30": "", "2007-03-31": "", "2006-12-31": "", "2006-09-30": "", "2006-06-30": "", "2006-03-31": "", "2005-12-31": "", "2005-09-30": "", "2005-06-30": "", "2005-03-31": ""}, "Basic Shares Outstanding": {"2020-09-30": "83.80900", "2020-06-30": "85.13600", "2020-03-31": "90.78900", "2019-12-31": "96.84900", "2019-09-30": "96.35700", "2019-06-30": "96.30500", "2019-03-31": "98.58200", "2018-12-31": "101.14200", "2018-09-30": "101.06700", "2018-06-30": "101.89200", "2018-03-31": "101.69600", "2017-12-31": "101.96600", "2017-09-30": "101.65200", "2017-06-30": "101.60200", "2017-03-31": "102.93300", "2016-12-31": "103.27500", "2016-09-30": "103.29600", "2016-06-30": "103.24600", "2016-03-31": "103.18900", "2015-12-31": "102.96700", "2015-09-30": "102.96900", "2015-06-30": "102.86000", "2015-03-31": "102.94000", "2014-12-31": "102.84900", "2014-09-30": "102.95300", "2014-06-30": "102.78100", "2014-03-31": "102.80000", "2013-12-31": "102.69400", "2013-09-30": "102.71400", "2013-06-30": "102.62000", "2013-03-31": "102.66500", "2012-12-31": "102.43000", "2012-09-30": "102.45100", "2012-06-30": "102.29500", "2012-03-31": "102.34200", "2011-12-31": "102.17900", "2011-09-30": "102.16600", "2011-06-30": "102.12300", "2011-03-31": "102.15360", "2010-12-31": "88.51500", "2010-09-30": "102.13740", "2010-06-30": "85.30100", "2010-03-31": "63.90040", "2009-12-31": "40.82290", "2009-09-30": "42.56730", "2009-06-30": "28.18880", "2009-03-31": "28.18340", "2008-12-31": "28.10790", "2008-09-30": "28.14890", "2008-06-30": "28.07740", "2008-03-31": "28.02550", "2007-12-31": "27.94940", "2007-09-30": "27.96260", "2007-06-30": "27.93560", "2007-03-31": "27.90790", "2006-12-31": "27.84690", "2006-09-30": "27.86020", "2006-06-30": "27.83540", "2006-03-31": "27.80860", "2005-12-31": "26.73350", "2005-09-30": "26.72450", "2005-06-30": "26.70380", "2005-03-31": "26.68420"}, "Shares Outstanding": {"2020-09-30": "83.83600", "2020-06-30": "85.16200", "2020-03-31": "90.89300", "2019-12-31": "96.99800", "2019-09-30": "96.47800", "2019-06-30": "96.45700", "2019-03-31": "98.75900", "2018-12-31": "101.30900", "2018-09-30": "101.24900", "2018-06-30": "102.03200", "2018-03-31": "101.83700", "2017-12-31": "102.04500", "2017-09-30": "101.76400", "2017-06-30": "101.70900", "2017-03-31": "103.11400", "2016-12-31": "103.37700", "2016-09-30": "103.46500", "2016-06-30": "103.34300", "2016-03-31": "103.27000", "2015-12-31": "103.12400", "2015-09-30": "103.15000", "2015-06-30": "103.10300", "2015-03-31": "103.13600", "2014-12-31": "102.84900", "2014-09-30": "103.15300", "2014-06-30": "102.78100", "2014-03-31": "103.19800", "2013-12-31": "103.06100", "2013-09-30": "103.01700", "2013-06-30": "102.91700", "2013-03-31": "103.01300", "2012-12-31": "102.65400", "2012-09-30": "102.48500", "2012-06-30": "102.41100", "2012-03-31": "102.49500", "2011-12-31": "102.28900", "2011-09-30": "102.16600", "2011-06-30": "102.19000", "2011-03-31": "102.23390", "2010-12-31": "88.51500", "2010-09-30": "102.13740", "2010-06-30": "85.30100", "2010-03-31": "63.90040", "2009-12-31": "40.82290", "2009-09-30": "42.56730", "2009-06-30": "28.18880", "2009-03-31": "28.18340", "2008-12-31": "28.10790", "2008-09-30": "28.14890", "2008-06-30": "28.07740", "2008-03-31": "28.02550", "2007-12-31": "27.95530", "2007-09-30": "27.96260", "2007-06-30": "27.94440", "2007-03-31": "27.92260", "2006-12-31": "27.87040", "2006-09-30": "27.88130", "2006-06-30": "27.86360", "2006-03-31": "27.84150", "2005-12-31": "26.78390", "2005-09-30": "26.78350", "2005-06-30": "26.74800", "2005-03-31": "26.74290"}, "Basic EPS": {"2020-09-30": "2.01000", "2020-06-30": "1.49000", "2020-03-31": "0.37000", "2019-12-31": "1.72000", "2019-09-30": "1.71000", "2019-06-30": "1.77000", "2019-03-31": "1.69000", "2018-12-31": "1.06000", "2018-09-30": "1.38000", "2018-06-30": "2.74000", "2018-03-31": "0.89000", "2017-12-31": "-1.00000", "2017-09-30": "0.19000", "2017-06-30": "0.94000", "2017-03-31": "0.89000", "2016-12-31": "-0.04000", "2016-09-30": "0.44000", "2016-06-30": "0.85000", "2016-03-31": "0.81000", "2015-12-31": "1.32000", "2015-09-30": "0.82000", "2015-06-30": "5.80000", "2015-03-31": "0.72000", "2014-12-31": "0.47000", "2014-09-30": "0.60000", "2014-06-30": "-4.98000", "2014-03-31": "0.83000", "2013-12-31": "1.58000", "2013-09-30": "2.22000", "2013-06-30": "3.18000", "2013-03-31": "-1.18000", "2012-12-31": "0.82000", "2012-09-30": "0.45000", "2012-06-30": "0.63000", "2012-03-31": "0.46000", "2011-12-31": "0.01000", "2011-09-30": "0.26000", "2011-06-30": "1.07000", "2011-03-31": "0.10000", "2010-12-31": "-1.32000", "2010-09-30": "4.80000", "2010-06-30": "-2.80000", "2010-03-31": "-1.30000", "2009-12-31": "-1.50000", "2009-09-30": "14.00000", "2009-06-30": "-7.40000", "2009-03-31": "-2.70000", "2008-12-31": "-25.50000", "2008-09-30": "-24.20000", "2008-06-30": "0.60000", "2008-03-31": "3.60000", "2007-12-31": "-10.60000", "2007-09-30": "1.20000", "2007-06-30": "2.60000", "2007-03-31": "4.10000", "2006-12-31": "2.00000", "2006-09-30": "2.80000", "2006-06-30": "3.40000", "2006-03-31": "4.20000", "2005-12-31": "4.80000", "2005-09-30": "4.20000", "2005-06-30": "4.80000", "2005-03-31": "6.00000"}, "EPS - Earnings Per Share": {"2020-09-30": "2.00000", "2020-06-30": "1.49000", "2020-03-31": "0.37000", "2019-12-31": "1.73000", "2019-09-30": "1.70000", "2019-06-30": "1.76000", "2019-03-31": "1.69000", "2018-12-31": "1.06000", "2018-09-30": "1.38000", "2018-06-30": "2.73000", "2018-03-31": "0.89000", "2017-12-31": "-1.00000", "2017-09-30": "0.19000", "2017-06-30": "0.94000", "2017-03-31": "0.89000", "2016-12-31": "-0.04000", "2016-09-30": "0.44000", "2016-06-30": "0.85000", "2016-03-31": "0.81000", "2015-12-31": "1.32000", "2015-09-30": "0.82000", "2015-06-30": "5.79000", "2015-03-31": "0.72000", "2014-12-31": "0.47000", "2014-09-30": "0.60000", "2014-06-30": "-4.98000", "2014-03-31": "0.83000", "2013-12-31": "1.57000", "2013-09-30": "2.22000", "2013-06-30": "3.17000", "2013-03-31": "-1.18000", "2012-12-31": "0.81000", "2012-09-30": "0.45000", "2012-06-30": "0.63000", "2012-03-31": "0.46000", "2011-12-31": "0.01000", "2011-09-30": "0.26000", "2011-06-30": "1.07000", "2011-03-31": "0.10000", "2010-12-31": "-1.32000", "2010-09-30": "4.80000", "2010-06-30": "-2.80000", "2010-03-31": "-1.30000", "2009-12-31": "-1.50000", "2009-09-30": "14.00000", "2009-06-30": "-7.40000", "2009-03-31": "-2.70000", "2008-12-31": "-25.50000", "2008-09-30": "-24.20000", "2008-06-30": "0.60000", "2008-03-31": "3.60000", "2007-12-31": "-10.60000", "2007-09-30": "1.20000", "2007-06-30": "2.60000", "2007-03-31": "4.10000", "2006-12-31": "2.00000", "2006-09-30": "2.80000", "2006-06-30": "3.40000", "2006-03-31": "4.20000", "2005-12-31": "4.70000", "2005-09-30": "4.20000", "2005-06-30": "4.80000", "2005-03-31": "6.00000"}}, "balance sheet": {"Cash On Hand": {"2019-12-31": "3690.91800", "2018-12-31": "4602.87000", "2017-12-31": "5691.90200", "2016-12-31": "3312.41600", "2015-12-31": "2615.42500", "2014-12-31": "2342.00800", "2013-12-31": "1621.40700", "2012-12-31": "1839.46800", "2011-12-31": "2347.78700", "2010-12-31": "1978.38100", "2009-12-31": "2142.56300", "2008-12-31": "2225.54400", "2007-12-31": "2593.49200", "2006-12-31": "1634.19100", "2005-12-31": "2175.15800"}, "Receivables": {"2019-12-31": "", "2018-12-31": "", "2017-12-31": "", "2016-12-31": "", "2015-12-31": "", "2014-12-31": "", "2013-12-31": "", "2012-12-31": "", "2011-12-31": "", "2010-12-31": "", "2009-12-31": "", "2008-12-31": "", "2007-12-31": "", "2006-12-31": "", "2005-12-31": ""}, "Inventory": {"2019-12-31": "", "2018-12-31": "", "2017-12-31": "", "2016-12-31": "", "2015-12-31": "", "2014-12-31": "", "2013-12-31": "", "2012-12-31": "", "2011-12-31": "", "2010-12-31": "", "2009-12-31": "", "2008-12-31": "", "2007-12-31": "", "2006-12-31": "", "2005-12-31": ""}, "Pre-Paid Expenses": {"2019-12-31": "", "2018-12-31": "", "2017-12-31": "", "2016-12-31": "", "2015-12-31": "", "2014-12-31": "", "2013-12-31": "", "2012-12-31": "", "2011-12-31": "", "2010-12-31": "", "2009-12-31": "", "2008-12-31": "", "2007-12-31": "", "2006-12-31": "", "2005-12-31": ""}, "Other Current Assets": {"2019-12-31": "", "2018-12-31": "", "2017-12-31": "", "2016-12-31": "", "2015-12-31": "", "2014-12-31": "", "2013-12-31": "", "2012-12-31": "", "2011-12-31": "", "2010-12-31": "", "2009-12-31": "", "2008-12-31": "", "2007-12-31": "", "2006-12-31": "", "2005-12-31": ""}, "Total Current Assets": {"2019-12-31": "30679.29000", "2018-12-31": "30592.83000", "2017-12-31": "30010.94000", "2016-12-31": "26207.21000", "2015-12-31": "25207.54000", "2014-12-31": "23793.43000", "2013-12-31": "25687.57000", "2012-12-31": "26328.22000", "2011-12-31": "26846.87000", "2010-12-31": "27644.01000", "2009-12-31": "24685.27000", "2008-12-31": "27611.67000", "2007-12-31": "31955.66000", "2006-12-31": "33848.89000", "2005-12-31": "33669.30000"}, "Property, Plant, And Equipment": {"2019-12-31": "556.65000", "2018-12-31": "569.80800", "2017-12-31": "547.14200", "2016-12-31": "543.98100", "2015-12-31": "502.61100", "2014-12-31": "494.58100", "2013-12-31": "519.51600", "2012-12-31": "535.79300", "2011-12-31": "538.48600", "2010-12-31": "545.45300", "2009-12-31": "584.85300", "2008-12-31": "620.80700", "2007-12-31": "588.16300", "2006-12-31": "595.14000", "2005-12-31": "596.57100"}, "Long-Term Investments": {"2019-12-31": "17906.02000", "2018-12-31": "13557.34000", "2017-12-31": "10449.04000", "2016-12-31": "8475.72500", "2015-12-31": "6336.14300", "2014-12-31": "5580.23500", "2013-12-31": "5617.04800", "2012-12-31": "5412.46100", "2011-12-31": "5315.08600", "2010-12-31": "5522.71900", "2009-12-31": "7071.82500", "2008-12-31": "8436.90000", "2007-12-31": "9216.18500", "2006-12-31": "10239.60000", "2005-12-31": "12188.79000"}, "Goodwill And Intangible Assets": {"2019-12-31": "850.80800", "2018-12-31": "867.73200", "2017-12-31": "830.99700", "2016-12-31": "869.23300", "2015-12-31": "895.90200", "2014-12-31": "651.96500", "2013-12-31": "853.98800", "2012-12-31": "856.48200", "2011-12-31": "863.62700", "2010-12-31": "872.99000", "2009-12-31": "817.89900", "2008-12-31": "839.26100", "2007-12-31": "896.90900", "2006-12-31": "940.40600", "2005-12-31": "764.19200"}, "Other Long-Term Assets": {"2019-12-31": "2122.55800", "2018-12-31": "2016.86100", "2017-12-31": "2439.21400", "2016-12-31": "2565.45900", "2015-12-31": "2819.53300", "2014-12-31": "2576.48100", "2013-12-31": "3071.21000", "2012-12-31": "3374.57800", "2011-12-31": "3784.36200", "2010-12-31": "4229.82500", "2009-12-31": "1576.48000", "2008-12-31": "1361.54500", "2007-12-31": "1754.51800", "2006-12-31": "1779.94700", "2005-12-31": "1404.80800"}, "Total Long-Term Assets": {"2019-12-31": "21436.04000", "2018-12-31": "17011.74000", "2017-12-31": "14266.40000", "2016-12-31": "12454.40000", "2015-12-31": "10554.19000", "2014-12-31": "9303.26200", "2013-12-31": "10061.76000", "2012-12-31": "10179.31000", "2011-12-31": "10501.56000", "2010-12-31": "11170.99000", "2009-12-31": "10051.06000", "2008-12-31": "11271.10000", "2007-12-31": "12455.78000", "2006-12-31": "13555.09000", "2005-12-31": "14954.36000"}, "Total Assets": {"2019-12-31": "52115.32000", "2018-12-31": "47604.58000", "2017-12-31": "44277.34000", "2016-12-31": "38661.61000", "2015-12-31": "35761.73000", "2014-12-31": "33096.70000", "2013-12-31": "35749.33000", "2012-12-31": "36507.54000", "2011-12-31": "37348.43000", "2010-12-31": "38815.00000", "2009-12-31": "34736.32000", "2008-12-31": "38882.77000", "2007-12-31": "44411.44000", "2006-12-31": "47403.99000", "2005-12-31": "48623.67000"}, "Total Current Liabilities": {"2019-12-31": "45053.59000", "2018-12-31": "41247.71000", "2017-12-31": "37476.99000", "2016-12-31": "32551.70000", "2015-12-31": "29635.58000", "2014-12-31": "27812.22000", "2013-12-31": "30356.39000", "2012-12-31": "31431.29000", "2011-12-31": "32235.80000", "2010-12-31": "33709.16000", "2009-12-31": "31213.64000", "2008-12-31": "34493.51000", "2007-12-31": "39895.07000", "2006-12-31": "42972.15000", "2005-12-31": "43934.30000"}, "Long Term Debt": {"2019-12-31": "", "2018-12-31": "", "2017-12-31": "", "2016-12-31": "", "2015-12-31": "", "2014-12-31": "", "2013-12-31": "", "2012-12-31": "", "2011-12-31": "", "2010-12-31": "", "2009-12-31": "", "2008-12-31": "", "2007-12-31": "", "2006-12-31": "", "2005-12-31": ""}, "Other Non-Current Liabilities": {"2019-12-31": "1044.95300", "2018-12-31": "921.80800", "2017-12-31": "1696.43900", "2016-12-31": "911.95100", "2015-12-31": "1019.01800", "2014-12-31": "1012.02900", "2013-12-31": "766.79200", "2012-12-31": "966.24900", "2011-12-31": "1193.88300", "2010-12-31": "1305.31200", "2009-12-31": "983.86600", "2008-12-31": "1096.33800", "2007-12-31": "934.37200", "2006-12-31": "811.42400", "2005-12-31": "1240.00200"}, "Total Long Term Liabilities": {"2019-12-31": "1044.95300", "2018-12-31": "921.80800", "2017-12-31": "1696.43900", "2016-12-31": "911.95100", "2015-12-31": "1020.83300", "2014-12-31": "1017.09300", "2013-12-31": "766.79200", "2012-12-31": "966.24900", "2011-12-31": "1193.88300", "2010-12-31": "1305.31200", "2009-12-31": "983.86600", "2008-12-31": "1120.89500", "2007-12-31": "934.48100", "2006-12-31": "811.53400", "2005-12-31": "1240.11700"}, "Total Liabilities": {"2019-12-31": "46098.55000", "2018-12-31": "42169.52000", "2017-12-31": "39173.43000", "2016-12-31": "33463.65000", "2015-12-31": "30656.41000", "2014-12-31": "28829.31000", "2013-12-31": "31123.18000", "2012-12-31": "32397.54000", "2011-12-31": "33429.68000", "2010-12-31": "35014.47000", "2009-12-31": "32197.51000", "2008-12-31": "35614.41000", "2007-12-31": "40829.55000", "2006-12-31": "43783.68000", "2005-12-31": "45174.44000"}, "Common Stock Net": {"2019-12-31": "1.04400", "2018-12-31": "1.04300", "2017-12-31": "1.04200", "2016-12-31": "1.04000", "2015-12-31": "1.03800", "2014-12-31": "1.03600", "2013-12-31": "1.03400", "2012-12-31": "1.03200", "2011-12-31": "1.02600", "2010-12-31": "10.22900", "2009-12-31": "6.39500", "2008-12-31": "1773.79200", "2007-12-31": "1761.90800", "2006-12-31": "1753.14600", "2005-12-31": "1736.44300"}, "Retained Earnings (Accumulated Deficit)": {"2019-12-31": "2147.91500", "2018-12-31": "1651.73100", "2017-12-31": "1194.99400", "2016-12-31": "1220.30700", "2015-12-31": "1087.95700", "2014-12-31": "253.71700", "2013-12-31": "594.43000", "2012-12-31": "11.82600", "2011-12-31": "-212.72600", "2010-12-31": "-347.32800", "2009-12-31": "-292.75200", "2008-12-31": "-374.48800", "2007-12-31": "1319.46700", "2006-12-31": "1594.14400", "2005-12-31": "1456.61200"}, "Comprehensive Income": {"2019-12-31": "-169.93800", "2018-12-31": "-427.97400", "2017-12-31": "-350.65200", "2016-12-31": "-320.28600", "2015-12-31": "-256.88600", "2014-12-31": "-229.87200", "2013-12-31": "-188.74500", "2012-12-31": "-102.86800", "2011-12-31": "-42.54800", "2010-12-31": "-5.96100", "2009-12-31": "-29.20900", "2008-12-31": "-28.82900", "2007-12-31": "-46.81200", "2006-12-31": "-233.72800", "2005-12-31": "-176.00000"}, "Other Share Holders Equity": {"2019-12-31": "", "2018-12-31": "", "2017-12-31": "", "2016-12-31": "", "2015-12-31": "", "2014-12-31": "", "2013-12-31": "", "2012-12-31": "", "2011-12-31": "", "2010-12-31": "", "2009-12-31": "", "2008-12-31": "", "2007-12-31": "", "2006-12-31": "", "2005-12-31": ""}, "Share Holder Equity": {"2019-12-31": "6016.77900", "2018-12-31": "5435.05700", "2017-12-31": "5103.90500", "2016-12-31": "5197.95700", "2015-12-31": "5105.32400", "2014-12-31": "4267.38200", "2013-12-31": "4626.15000", "2012-12-31": "4110.00000", "2011-12-31": "3918.75300", "2010-12-31": "3800.53100", "2009-12-31": "2538.81700", "2008-12-31": "3268.36400", "2007-12-31": "3581.88200", "2006-12-31": "3620.30600", "2005-12-31": "3449.24700"}, "Total Liabilities And Share Holders Equity": {"2019-12-31": "52115.32000", "2018-12-31": "47604.58000", "2017-12-31": "44277.34000", "2016-12-31": "38661.61000", "2015-12-31": "35761.73000", "2014-12-31": "33096.70000", "2013-12-31": "35749.33000", "2012-12-31": "36507.54000", "2011-12-31": "37348.43000", "2010-12-31": "38815.00000", "2009-12-31": "34736.32000", "2008-12-31": "38882.77000", "2007-12-31": "44411.44000", "2006-12-31": "47403.99000", "2005-12-31": "48623.67000"}}, "balance sheet, quarterly": {"Cash On Hand": {"2020-09-30": "12458.18000", "2020-06-30": "10093.92000", "2020-03-31": "6429.81200", "2019-12-31": "3690.91800", "2019-09-30": "5706.94800", "2019-06-30": "3599.44200", "2019-03-31": "5229.90900", "2018-12-31": "4602.87000", "2018-09-30": "5047.74100", "2018-06-30": "9070.64700", "2018-03-31": "7306.47200", "2017-12-31": "5691.90200", "2017-09-30": "6051.60000", "2017-06-30": "4675.61100", "2017-03-31": "4044.55700", "2016-12-31": "3312.41600", "2016-09-30": "4386.62400", "2016-06-30": "3223.33800", "2016-03-31": "2398.36700", "2015-12-31": "2615.42500", "2015-09-30": "2867.06900", "2015-06-30": "3953.78200", "2015-03-31": "2937.28500", "2014-12-31": "2342.00800", "2014-09-30": "1520.37800", "2014-06-30": "2375.33900", "2014-03-31": "2369.59700", "2013-12-31": "1621.40700", "2013-09-30": "1669.22600", "2013-06-30": "1754.06200", "2013-03-31": "1886.30700", "2012-12-31": "1839.46800", "2012-09-30": "1629.92300", "2012-06-30": "1882.63500", "2012-03-31": "2181.36200", "2011-12-31": "2347.78700", "2011-09-30": "2109.21900", "2011-06-30": "2757.69900", "2011-03-31": "2060.91900", "2010-12-31": "1978.38100", "2010-09-30": "3087.95200", "2010-06-30": "3590.52100", "2010-03-31": "1977.07700", "2009-12-31": "2142.56300", "2009-09-30": "2152.05200", "2009-06-30": "2100.68100", "2009-03-31": "2825.60100", "2008-12-31": "2225.54400", "2008-09-30": "1937.89200", "2008-06-30": "2284.90300", "2008-03-31": "2245.58400", "2007-12-31": "2593.49200", "2007-09-30": "2006.31100", "2007-06-30": "2013.93000", "2007-03-31": "2041.90800", "2006-12-31": "1634.19100", "2006-09-30": "1733.58000", "2006-06-30": "1845.68400", "2006-03-31": "2360.13300", "2005-12-31": "2175.15800", "2005-09-30": "2069.35500", "2005-06-30": "2418.38700", "2005-03-31": "1906.47000"}, "Receivables": {"2020-09-30": "", "2020-06-30": "", "2020-03-31": "", "2019-12-31": "", "2019-09-30": "", "2019-06-30": "", "2019-03-31": "", "2018-12-31": "", "2018-09-30": "", "2018-06-30": "", "2018-03-31": "", "2017-12-31": "", "2017-09-30": "", "2017-06-30": "", "2017-03-31": "", "2016-12-31": "", "2016-09-30": "", "2016-06-30": "", "2016-03-31": "", "2015-12-31": "", "2015-09-30": "", "2015-06-30": "", "2015-03-31": "", "2014-12-31": "", "2014-09-30": "", "2014-06-30": "", "2014-03-31": "", "2013-12-31": "", "2013-09-30": "", "2013-06-30": "", "2013-03-31": "", "2012-12-31": "", "2012-09-30": "", "2012-06-30": "", "2012-03-31": "", "2011-12-31": "", "2011-09-30": "", "2011-06-30": "", "2011-03-31": "", "2010-12-31": "", "2010-09-30": "", "2010-06-30": "", "2010-03-31": "", "2009-12-31": "", "2009-09-30": "", "2009-06-30": "", "2009-03-31": "", "2008-12-31": "", "2008-09-30": "", "2008-06-30": "", "2008-03-31": "", "2007-12-31": "", "2007-09-30": "", "2007-06-30": "", "2007-03-31": "", "2006-12-31": "", "2006-09-30": "", "2006-06-30": "", "2006-03-31": "", "2005-12-31": "", "2005-09-30": "", "2005-06-30": "", "2005-03-31": ""}, "Inventory": {"2020-09-30": "", "2020-06-30": "", "2020-03-31": "", "2019-12-31": "", "2019-09-30": "", "2019-06-30": "", "2019-03-31": "", "2018-12-31": "", "2018-09-30": "", "2018-06-30": "", "2018-03-31": "", "2017-12-31": "", "2017-09-30": "", "2017-06-30": "", "2017-03-31": "", "2016-12-31": "", "2016-09-30": "", "2016-06-30": "", "2016-03-31": "", "2015-12-31": "", "2015-09-30": "", "2015-06-30": "", "2015-03-31": "", "2014-12-31": "", "2014-09-30": "", "2014-06-30": "", "2014-03-31": "", "2013-12-31": "", "2013-09-30": "", "2013-06-30": "", "2013-03-31": "", "2012-12-31": "", "2012-09-30": "", "2012-06-30": "", "2012-03-31": "", "2011-12-31": "", "2011-09-30": "", "2011-06-30": "", "2011-03-31": "", "2010-12-31": "", "2010-09-30": "", "2010-06-30": "", "2010-03-31": "", "2009-12-31": "", "2009-09-30": "", "2009-06-30": "", "2009-03-31": "", "2008-12-31": "", "2008-09-30": "", "2008-06-30": "", "2008-03-31": "", "2007-12-31": "", "2007-09-30": "", "2007-06-30": "", "2007-03-31": "", "2006-12-31": "", "2006-09-30": "", "2006-06-30": "", "2006-03-31": "", "2005-12-31": "", "2005-09-30": "", "2005-06-30": "", "2005-03-31": ""}, "Pre-Paid Expenses": {"2020-09-30": "", "2020-06-30": "", "2020-03-31": "", "2019-12-31": "", "2019-09-30": "", "2019-06-30": "", "2019-03-31": "", "2018-12-31": "", "2018-09-30": "", "2018-06-30": "", "2018-03-31": "", "2017-12-31": "", "2017-09-30": "", "2017-06-30": "", "2017-03-31": "", "2016-12-31": "", "2016-09-30": "", "2016-06-30": "", "2016-03-31": "", "2015-12-31": "", "2015-09-30": "", "2015-06-30": "", "2015-03-31": "", "2014-12-31": "", "2014-09-30": "", "2014-06-30": "", "2014-03-31": "", "2013-12-31": "", "2013-09-30": "", "2013-06-30": "", "2013-03-31": "", "2012-12-31": "", "2012-09-30": "", "2012-06-30": "", "2012-03-31": "", "2011-12-31": "", "2011-09-30": "", "2011-06-30": "", "2011-03-31": "", "2010-12-31": "", "2010-09-30": "", "2010-06-30": "", "2010-03-31": "", "2009-12-31": "", "2009-09-30": "", "2009-06-30": "", "2009-03-31": "", "2008-12-31": "", "2008-09-30": "", "2008-06-30": "", "2008-03-31": "", "2007-12-31": "", "2007-09-30": "", "2007-06-30": "", "2007-03-31": "", "2006-12-31": "", "2006-09-30": "", "2006-06-30": "", "2006-03-31": "", "2005-12-31": "", "2005-09-30": "", "2005-06-30": "", "2005-03-31": ""}, "Other Current Assets": {"2020-09-30": "", "2020-06-30": "", "2020-03-31": "", "2019-12-31": "", "2019-09-30": "", "2019-06-30": "", "2019-03-31": "", "2018-12-31": "", "2018-09-30": "", "2018-06-30": "", "2018-03-31": "", "2017-12-31": "", "2017-09-30": "", "2017-06-30": "", "2017-03-31": "", "2016-12-31": "", "2016-09-30": "", "2016-06-30": "", "2016-03-31": "", "2015-12-31": "", "2015-09-30": "", "2015-06-30": "", "2015-03-31": "", "2014-12-31": "", "2014-09-30": "", "2014-06-30": "", "2014-03-31": "", "2013-12-31": "", "2013-09-30": "", "2013-06-30": "", "2013-03-31": "", "2012-12-31": "", "2012-09-30": "", "2012-06-30": "", "2012-03-31": "", "2011-12-31": "", "2011-09-30": "", "2011-06-30": "", "2011-03-31": "", "2010-12-31": "", "2010-09-30": "", "2010-06-30": "", "2010-03-31": "", "2009-12-31": "", "2009-09-30": "", "2009-06-30": "", "2009-03-31": "", "2008-12-31": "", "2008-09-30": "", "2008-06-30": "", "2008-03-31": "", "2007-12-31": "", "2007-09-30": "", "2007-06-30": "", "2007-03-31": "", "2006-12-31": "", "2006-09-30": "", "2006-06-30": "", "2006-03-31": "", "2005-12-31": "", "2005-09-30": "", "2005-06-30": "", "2005-03-31": ""}, "Total Current Assets": {"2020-09-30": "41231.83000", "2020-06-30": "38534.89000", "2020-03-31": "33436.30000", "2019-12-31": "30860.16000", "2019-09-30": "32258.93000", "2019-06-30": "30115.55000", "2019-03-31": "31370.97000", "2018-12-31": "30592.83000", "2018-09-30": "30977.93000", "2018-06-30": "33110.00000", "2018-03-31": "31346.14000", "2017-12-31": "30010.94000", "2017-09-30": "29171.85000", "2017-06-30": "27660.01000", "2017-03-31": "26872.07000", "2016-12-31": "26207.21000", "2016-09-30": "27206.72000", "2016-06-30": "25944.79000", "2016-03-31": "25238.38000", "2015-12-31": "25207.54000", "2015-09-30": "25749.11000", "2015-06-30": "26860.33000", "2015-03-31": "26108.31000", "2014-12-31": "23793.43000", "2014-09-30": "23100.49000", "2014-06-30": "24218.77000", "2014-03-31": "26305.96000", "2013-12-31": "25687.57000", "2013-09-30": "25654.02000", "2013-06-30": "26031.35000", "2013-03-31": "26400.63000", "2012-12-31": "26328.22000", "2012-09-30": "25863.52000", "2012-06-30": "26163.28000", "2012-03-31": "26440.15000", "2011-12-31": "26846.87000", "2011-09-30": "27025.65000", "2011-06-30": "27794.17000", "2011-03-31": "27300.43000", "2010-12-31": "27644.01000", "2010-09-30": "29213.83000", "2010-06-30": "29935.33000", "2010-03-31": "24015.99000", "2009-12-31": "24685.27000", "2009-09-30": "25416.17000", "2009-06-30": "25939.33000", "2009-03-31": "27314.67000", "2008-12-31": "27611.67000", "2008-09-30": "27792.58000", "2008-06-30": "29263.85000", "2008-03-31": "29812.88000", "2007-12-31": "31955.66000", "2007-09-30": "34726.84000", "2007-06-30": "34200.93000", "2007-03-31": "34380.78000", "2006-12-31": "33848.89000", "2006-09-30": "33003.20000", "2006-06-30": "33578.50000", "2006-03-31": "33596.82000", "2005-12-31": "33669.30000", "2005-09-30": "32160.01000", "2005-06-30": "31111.22000", "2005-03-31": "30886.27000"}, "Property, Plant, And Equipment": {"2020-09-30": "510.47300", "2020-06-30": "513.68000", "2020-03-31": "552.00700", "2019-12-31": "556.65000", "2019-09-30": "547.06300", "2019-06-30": "554.61400", "2019-03-31": "557.51700", "2018-12-31": "569.80800", "2018-09-30": "557.10400", "2018-06-30": "548.43200", "2018-03-31": "544.10900", "2017-12-31": "547.14200", "2017-09-30": "532.53200", "2017-06-30": "546.98600", "2017-03-31": "548.99500", "2016-12-31": "543.98100", "2016-09-30": "537.97500", "2016-06-30": "535.86500", "2016-03-31": "527.49300", "2015-12-31": "502.61100", "2015-09-30": "495.10300", "2015-06-30": "497.07800", "2015-03-31": "492.29100", "2014-12-31": "494.58100", "2014-09-30": "497.11100", "2014-06-30": "492.38200", "2014-03-31": "513.85500", "2013-12-31": "519.51600", "2013-09-30": "519.62300", "2013-06-30": "527.01400", "2013-03-31": "532.78500", "2012-12-31": "535.79300", "2012-09-30": "525.73300", "2012-06-30": "527.02700", "2012-03-31": "533.54500", "2011-12-31": "538.48600", "2011-09-30": "536.52900", "2011-06-30": "537.87000", "2011-03-31": "543.57700", "2010-12-31": "545.45300", "2010-09-30": "531.84900", "2010-06-30": "573.94100", "2010-03-31": "579.45100", "2009-12-31": "584.85300", "2009-09-30": "589.59200", "2009-06-30": "614.36600", "2009-03-31": "624.21200", "2008-12-31": "620.80700", "2008-09-30": "620.46900", "2008-06-30": "633.45000", "2008-03-31": "639.84000", "2007-12-31": "588.16300", "2007-09-30": "580.76800", "2007-06-30": "587.50500", "2007-03-31": "591.00800", "2006-12-31": "595.14000", "2006-09-30": "588.28200", "2006-06-30": "592.70400", "2006-03-31": "600.79200", "2005-12-31": "596.57100", "2005-09-30": "592.25000", "2005-06-30": "580.03100", "2005-03-31": "563.54200"}, "Long-Term Investments": {"2020-09-30": "21432.57000", "2020-06-30": "21012.62000", "2020-03-31": "16058.23000", "2019-12-31": "17906.02000", "2019-09-30": "16737.27000", "2019-06-30": "17002.48000", "2019-03-31": "13800.66000", "2018-12-31": "13557.34000", "2018-09-30": "13306.82000", "2018-06-30": "10805.96000", "2018-03-31": "10690.62000", "2017-12-31": "10449.04000", "2017-09-30": "9328.40400", "2017-06-30": "9675.86500", "2017-03-31": "9460.14000", "2016-12-31": "8475.72500", "2016-09-30": "8095.77400", "2016-06-30": "7510.76400", "2016-03-31": "6913.07000", "2015-12-31": "6336.14300", "2015-09-30": "5985.73400", "2015-06-30": "6058.80100", "2015-03-31": "5962.36000", "2014-12-31": "5580.23500", "2014-09-30": "6001.82700", "2014-06-30": "5936.39700", "2014-03-31": "6074.46500", "2013-12-31": "5617.04800", "2013-09-30": "5475.83700", "2013-06-30": "5474.85000", "2013-03-31": "5661.32600", "2012-12-31": "5412.46100", "2012-09-30": "5455.76200", "2012-06-30": "5375.73000", "2012-03-31": "5458.69600", "2011-12-31": "5315.08600", "2011-09-30": "5528.64400", "2011-06-30": "5693.96100", "2011-03-31": "6003.37700", "2010-12-31": "5522.71900", "2010-09-30": "6113.94400", "2010-06-30": "6843.16500", "2010-03-31": "6902.20600", "2009-12-31": "7071.82500", "2009-09-30": "7381.18400", "2009-06-30": "7781.44300", "2009-03-31": "7505.14500", "2008-12-31": "8436.90000", "2008-09-30": "8517.73100", "2008-06-30": "8175.54100", "2008-03-31": "8286.56800", "2007-12-31": "9216.18500", "2007-09-30": "9337.13800", "2007-06-30": "9564.09800", "2007-03-31": "9718.79600", "2006-12-31": "10239.60000", "2006-09-30": "10813.23000", "2006-06-30": "11621.74000", "2006-03-31": "12159.66000", "2005-12-31": "12188.79000", "2005-09-30": "12183.58000", "2005-06-30": "12345.28000", "2005-03-31": "11759.73000"}, "Goodwill And Intangible Assets": {"2020-09-30": "818.19200", "2020-06-30": "836.77700", "2020-03-31": "844.74000", "2019-12-31": "850.80800", "2019-09-30": "843.25300", "2019-06-30": "848.02100", "2019-03-31": "863.45600", "2018-12-31": "867.73200", "2018-09-30": "879.50100", "2018-06-30": "822.34200", "2018-03-31": "826.92200", "2017-12-31": "830.99700", "2017-09-30": "845.46700", "2017-06-30": "856.38300", "2017-03-31": "863.69800", "2016-12-31": "869.23300", "2016-09-30": "675.18000", "2016-06-30": "885.65500", "2016-03-31": "890.22600", "2015-12-31": "895.90200", "2015-09-30": "576.31800", "2015-06-30": "580.28900", "2015-03-31": "567.37300", "2014-12-31": "651.96500", "2014-09-30": "499.02300", "2014-06-30": "653.31900", "2014-03-31": "846.91100", "2013-12-31": "853.98800", "2013-09-30": "856.09400", "2013-06-30": "697.11600", "2013-03-31": "699.58400", "2012-12-31": "856.48200", "2012-09-30": "862.88600", "2012-06-30": "862.71100", "2012-03-31": "866.04000", "2011-12-31": "863.62700", "2011-09-30": "869.79100", "2011-06-30": "701.50400", "2011-03-31": "871.24400", "2010-12-31": "872.99000", "2010-09-30": "872.32900", "2010-06-30": "754.91000", "2010-03-31": "819.47000", "2009-12-31": "817.89900", "2009-09-30": "652.57500", "2009-06-30": "655.61100", "2009-03-31": "657.30700", "2008-12-31": "839.26100", "2008-09-30": "675.83400", "2008-06-30": "693.04900", "2008-03-31": "697.79600", "2007-12-31": "896.90900", "2007-09-30": "769.27800", "2007-06-30": "770.76800", "2007-03-31": "773.77000", "2006-12-31": "940.40600", "2006-09-30": "783.16300", "2006-06-30": "761.23300", "2006-03-31": "763.41800", "2005-12-31": "764.19200", "2005-09-30": "568.60200", "2005-06-30": "573.70700", "2005-03-31": "566.73800"}, "Other Long-Term Assets": {"2020-09-30": "1917.29800", "2020-06-30": "1947.38400", "2020-03-31": "1912.35900", "2019-12-31": "1941.68700", "2019-09-30": "2093.89600", "2019-06-30": "2096.56200", "2019-03-31": "2088.00300", "2018-12-31": "2016.86100", "2018-09-30": "2198.07300", "2018-06-30": "2248.43500", "2018-03-31": "2348.96300", "2017-12-31": "2439.21400", "2017-09-30": "2723.00900", "2017-06-30": "2503.42900", "2017-03-31": "2514.37900", "2016-12-31": "2565.45900", "2016-09-30": "2538.64800", "2016-06-30": "2729.07700", "2016-03-31": "2577.83500", "2015-12-31": "2819.53300", "2015-09-30": "2724.52700", "2015-06-30": "2753.61300", "2015-03-31": "2494.50500", "2014-12-31": "2576.48100", "2014-09-30": "2871.59100", "2014-06-30": "3458.65800", "2014-03-31": "3002.97400", "2013-12-31": "3071.21000", "2013-09-30": "3546.54000", "2013-06-30": "3954.26200", "2013-03-31": "3648.39400", "2012-12-31": "3374.57800", "2012-09-30": "3795.46500", "2012-06-30": "3683.43000", "2012-03-31": "3750.78400", "2011-12-31": "3784.36200", "2011-09-30": "4217.99200", "2011-06-30": "4285.84000", "2011-03-31": "4111.16400", "2010-12-31": "4229.82500", "2010-09-30": "3993.32700", "2010-06-30": "4240.49700", "2010-03-31": "1515.31500", "2009-12-31": "1576.48000", "2009-09-30": "1598.28600", "2009-06-30": "1504.59100", "2009-03-31": "1596.06000", "2008-12-31": "1361.54500", "2008-09-30": "1814.85700", "2008-06-30": "2912.70300", "2008-03-31": "2384.51000", "2007-12-31": "1754.51800", "2007-09-30": "1866.10500", "2007-06-30": "1862.06500", "2007-03-31": "1700.31400", "2006-12-31": "1779.94700", "2006-09-30": "1746.87800", "2006-06-30": "1845.33800", "2006-03-31": "1471.01400", "2005-12-31": "1404.80800", "2005-09-30": "1615.66600", "2005-06-30": "1404.58900", "2005-03-31": "1391.55000"}, "Total Long-Term Assets": {"2020-09-30": "24678.54000", "2020-06-30": "24310.46000", "2020-03-31": "19367.34000", "2019-12-31": "21255.17000", "2019-09-30": "20221.49000", "2019-06-30": "20501.67000", "2019-03-31": "17309.63000", "2018-12-31": "17011.74000", "2018-09-30": "16941.50000", "2018-06-30": "14425.17000", "2018-03-31": "14410.62000", "2017-12-31": "14266.40000", "2017-09-30": "13429.41000", "2017-06-30": "13582.66000", "2017-03-31": "13387.21000", "2016-12-31": "12454.40000", "2016-09-30": "11847.58000", "2016-06-30": "11661.36000", "2016-03-31": "10908.62000", "2015-12-31": "10554.19000", "2015-09-30": "9781.68300", "2015-06-30": "9889.78100", "2015-03-31": "9516.52900", "2014-12-31": "9303.26200", "2014-09-30": "10998.60000", "2014-06-30": "12369.14000", "2014-03-31": "10438.21000", "2013-12-31": "10061.76000", "2013-09-30": "10398.09000", "2013-06-30": "10653.24000", "2013-03-31": "10542.09000", "2012-12-31": "10179.31000", "2012-09-30": "10639.85000", "2012-06-30": "10448.90000", "2012-03-31": "10609.07000", "2011-12-31": "10501.56000", "2011-09-30": "11152.96000", "2011-06-30": "11219.17000", "2011-03-31": "11529.36000", "2010-12-31": "11170.99000", "2010-09-30": "11511.45000", "2010-06-30": "12412.51000", "2010-03-31": "9816.44100", "2009-12-31": "10051.06000", "2009-09-30": "10221.64000", "2009-06-30": "10559.46000", "2009-03-31": "10394.76000", "2008-12-31": "11271.10000", "2008-09-30": "12597.56000", "2008-06-30": "12414.74000", "2008-03-31": "12008.71000", "2007-12-31": "12455.78000", "2007-09-30": "12553.29000", "2007-06-30": "12784.44000", "2007-03-31": "12783.89000", "2006-12-31": "13555.09000", "2006-09-30": "13931.55000", "2006-06-30": "14821.01000", "2006-03-31": "14994.89000", "2005-12-31": "14954.36000", "2005-09-30": "14960.09000", "2005-06-30": "14903.61000", "2005-03-31": "14281.56000"}, "Total Assets": {"2020-09-30": "65910.37000", "2020-06-30": "62845.35000", "2020-03-31": "52803.64000", "2019-12-31": "52115.32000", "2019-09-30": "52480.41000", "2019-06-30": "50617.22000", "2019-03-31": "48680.61000", "2018-12-31": "47604.58000", "2018-09-30": "47919.43000", "2018-06-30": "47535.18000", "2018-03-31": "45756.76000", "2017-12-31": "44277.34000", "2017-09-30": "42601.27000", "2017-06-30": "41242.67000", "2017-03-31": "40259.28000", "2016-12-31": "38661.61000", "2016-09-30": "39054.30000", "2016-06-30": "37606.15000", "2016-03-31": "36147.01000", "2015-12-31": "35761.73000", "2015-09-30": "35530.79000", "2015-06-30": "36750.11000", "2015-03-31": "35624.84000", "2014-12-31": "33096.70000", "2014-09-30": "34099.09000", "2014-06-30": "36587.90000", "2014-03-31": "36744.16000", "2013-12-31": "35749.33000", "2013-09-30": "36052.12000", "2013-06-30": "36684.59000", "2013-03-31": "36942.71000", "2012-12-31": "36507.54000", "2012-09-30": "36503.37000", "2012-06-30": "36612.18000", "2012-03-31": "37049.22000", "2011-12-31": "37348.43000", "2011-09-30": "38178.60000", "2011-06-30": "39013.34000", "2011-03-31": "38829.79000", "2010-12-31": "38815.00000", "2010-09-30": "40725.29000", "2010-06-30": "42347.84000", "2010-03-31": "33832.44000", "2009-12-31": "34736.32000", "2009-09-30": "35637.80000", "2009-06-30": "36498.79000", "2009-03-31": "37709.43000", "2008-12-31": "38882.77000", "2008-09-30": "40390.14000", "2008-06-30": "41678.59000", "2008-03-31": "41821.60000", "2007-12-31": "44411.44000", "2007-09-30": "47280.13000", "2007-06-30": "46985.36000", "2007-03-31": "47164.66000", "2006-12-31": "47403.99000", "2006-09-30": "46934.75000", "2006-06-30": "48399.52000", "2006-03-31": "48591.70000", "2005-12-31": "48623.67000", "2005-09-30": "47120.11000", "2005-06-30": "46014.83000", "2005-03-31": "45167.84000"}, "Total Current Liabilities": {"2020-09-30": "57429.41000", "2020-06-30": "55183.64000", "2020-03-31": "46134.07000", "2019-12-31": "45053.59000", "2019-09-30": "45545.96000", "2019-06-30": "43664.51000", "2019-03-31": "42257.24000", "2018-12-31": "41247.71000", "2018-09-30": "41694.83000", "2018-06-30": "41247.34000", "2018-03-31": "39264.56000", "2017-12-31": "37476.99000", "2017-09-30": "36396.00000", "2017-06-30": "35090.45000", "2017-03-31": "34206.46000", "2016-12-31": "32551.70000", "2016-09-30": "32692.03000", "2016-06-30": "31166.61000", "2016-03-31": "29876.59000", "2015-12-31": "29635.58000", "2015-09-30": "29474.68000", "2015-06-30": "30777.17000", "2015-03-31": "30164.84000", "2014-12-31": "27812.22000", "2014-09-30": "27841.59000", "2014-06-30": "29367.12000", "2014-03-31": "30981.47000", "2013-12-31": "30356.39000", "2013-09-30": "30559.16000", "2013-06-30": "31454.10000", "2013-03-31": "31982.56000", "2012-12-31": "31431.29000", "2012-09-30": "31336.64000", "2012-06-30": "31035.20000", "2012-03-31": "31906.25000", "2011-12-31": "32235.80000", "2011-09-30": "33271.89000", "2011-06-30": "34105.34000", "2011-03-31": "33924.43000", "2010-12-31": "33709.16000", "2010-09-30": "35434.68000", "2010-06-30": "37660.30000", "2010-03-31": "30404.17000", "2009-12-31": "31213.64000", "2009-09-30": "31843.69000", "2009-06-30": "32500.71000", "2009-03-31": "33460.28000", "2008-12-31": "34493.51000", "2008-09-30": "36390.94000", "2008-06-30": "37115.99000", "2008-03-31": "37359.05000", "2007-12-31": "39895.07000", "2007-09-30": "42618.51000", "2007-06-30": "42494.68000", "2007-03-31": "42581.27000", "2006-12-31": "42972.15000", "2006-09-30": "42574.32000", "2006-06-30": "44231.86000", "2006-03-31": "44305.93000", "2005-12-31": "43934.30000", "2005-09-30": "43069.44000", "2005-06-30": "41969.92000", "2005-03-31": "41200.14000"}, "Long Term Debt": {"2020-09-30": "", "2020-06-30": "", "2020-03-31": "", "2019-12-31": "", "2019-09-30": "", "2019-06-30": "", "2019-03-31": "", "2018-12-31": "", "2018-09-30": "", "2018-06-30": "", "2018-03-31": "", "2017-12-31": "", "2017-09-30": "", "2017-06-30": "", "2017-03-31": "", "2016-12-31": "", "2016-09-30": "", "2016-06-30": "", "2016-03-31": "", "2015-12-31": "", "2015-09-30": "", "2015-06-30": "", "2015-03-31": "", "2014-12-31": "", "2014-09-30": "", "2014-06-30": "", "2014-03-31": "", "2013-12-31": "", "2013-09-30": "", "2013-06-30": "", "2013-03-31": "", "2012-12-31": "", "2012-09-30": "", "2012-06-30": "", "2012-03-31": "", "2011-12-31": "", "2011-09-30": "", "2011-06-30": "", "2011-03-31": "", "2010-12-31": "", "2010-09-30": "", "2010-06-30": "", "2010-03-31": "", "2009-12-31": "", "2009-09-30": "", "2009-06-30": "", "2009-03-31": "", "2008-12-31": "", "2008-09-30": "", "2008-06-30": "", "2008-03-31": "", "2007-12-31": "", "2007-09-30": "", "2007-06-30": "", "2007-03-31": "", "2006-12-31": "", "2006-09-30": "", "2006-06-30": "", "2006-03-31": "", "2005-12-31": "", "2005-09-30": "125.00000", "2005-06-30": "125.00000", "2005-03-31": "125.00000"}, "Other Non-Current Liabilities": {"2020-09-30": "2568.87700", "2020-06-30": "1881.54800", "2020-03-31": "999.96100", "2019-12-31": "1044.95300", "2019-09-30": "1026.00500", "2019-06-30": "1232.88000", "2019-03-31": "983.30800", "2018-12-31": "921.80800", "2018-09-30": "980.24900", "2018-06-30": "998.18100", "2018-03-31": "1427.29400", "2017-12-31": "1696.43900", "2017-09-30": "919.83600", "2017-06-30": "874.17200", "2017-03-31": "862.60400", "2016-12-31": "911.95100", "2016-09-30": "980.05700", "2016-06-30": "1077.89400", "2016-03-31": "1018.30900", "2015-12-31": "1019.01800", "2015-09-30": "1004.67600", "2015-06-30": "1021.54000", "2015-03-31": "1080.94500", "2014-12-31": "1012.02900", "2014-09-30": "852.35100", "2014-06-30": "880.60200", "2014-03-31": "1016.94300", "2013-12-31": "766.79200", "2013-09-30": "1099.07300", "2013-06-30": "1035.45900", "2013-03-31": "989.01000", "2012-12-31": "966.24900", "2012-09-30": "1097.74200", "2012-06-30": "1555.74300", "2012-03-31": "1175.90300", "2011-12-31": "1193.88300", "2011-09-30": "894.11100", "2011-06-30": "943.93500", "2011-03-31": "1100.45600", "2010-12-31": "1305.31200", "2010-09-30": "1170.47600", "2010-06-30": "1072.74500", "2010-03-31": "941.06300", "2009-12-31": "983.86600", "2009-09-30": "1051.66100", "2009-06-30": "1084.45500", "2009-03-31": "1104.81300", "2008-12-31": "1096.33800", "2008-09-30": "811.36200", "2008-06-30": "856.61300", "2008-03-31": "990.82200", "2007-12-31": "934.37200", "2007-09-30": "857.79500", "2007-06-30": "793.50000", "2007-03-31": "846.97900", "2006-12-31": "811.42400", "2006-09-30": "724.29600", "2006-06-30": "704.54700", "2006-03-31": "798.10200", "2005-12-31": "1240.00200", "2005-09-30": "704.17100", "2005-06-30": "649.50100", "2005-03-31": "777.59600"}, "Total Long Term Liabilities": {"2020-09-30": "2568.87700", "2020-06-30": "1881.54800", "2020-03-31": "999.96100", "2019-12-31": "1044.95300", "2019-09-30": "1026.00500", "2019-06-30": "1232.88000", "2019-03-31": "983.30800", "2018-12-31": "921.80800", "2018-09-30": "980.24900", "2018-06-30": "998.18100", "2018-03-31": "1427.29400", "2017-12-31": "1696.43900", "2017-09-30": "919.83600", "2017-06-30": "874.17200", "2017-03-31": "862.60400", "2016-12-31": "911.95100", "2016-09-30": "981.87200", "2016-06-30": "1079.70900", "2016-03-31": "1020.12400", "2015-12-31": "1020.83300", "2015-09-30": "1006.47600", "2015-06-30": "1023.29400", "2015-03-31": "1082.87500", "2014-12-31": "1017.09300", "2014-09-30": "1959.11300", "2014-06-30": "2960.34400", "2014-03-31": "1016.94300", "2013-12-31": "766.79200", "2013-09-30": "1099.07300", "2013-06-30": "1035.45900", "2013-03-31": "989.01000", "2012-12-31": "966.24900", "2012-09-30": "1097.74200", "2012-06-30": "1555.74300", "2012-03-31": "1175.90300", "2011-12-31": "1193.88300", "2011-09-30": "894.11100", "2011-06-30": "943.93500", "2011-03-31": "1100.45600", "2010-12-31": "1305.31200", "2010-09-30": "1170.47600", "2010-06-30": "1072.74500", "2010-03-31": "941.06300", "2009-12-31": "983.86600", "2009-09-30": "1051.66100", "2009-06-30": "1098.38100", "2009-03-31": "1117.23400", "2008-12-31": "1120.89500", "2008-09-30": "991.73500", "2008-06-30": "856.61300", "2008-03-31": "990.82200", "2007-12-31": "934.48100", "2007-09-30": "857.90400", "2007-06-30": "793.60900", "2007-03-31": "847.08900", "2006-12-31": "811.53400", "2006-09-30": "724.40700", "2006-06-30": "704.65900", "2006-03-31": "798.21500", "2005-12-31": "1240.11700", "2005-09-30": "829.27200", "2005-06-30": "774.60200", "2005-03-31": "902.69800"}, "Total Liabilities": {"2020-09-30": "59998.29000", "2020-06-30": "57065.19000", "2020-03-31": "47134.04000", "2019-12-31": "46098.55000", "2019-09-30": "46571.97000", "2019-06-30": "44897.39000", "2019-03-31": "43240.55000", "2018-12-31": "42169.52000", "2018-09-30": "42675.08000", "2018-06-30": "42245.52000", "2018-03-31": "40691.85000", "2017-12-31": "39173.43000", "2017-09-30": "37315.84000", "2017-06-30": "35964.63000", "2017-03-31": "35069.07000", "2016-12-31": "33463.65000", "2016-09-30": "33673.90000", "2016-06-30": "32246.32000", "2016-03-31": "30896.71000", "2015-12-31": "30656.41000", "2015-09-30": "30481.16000", "2015-06-30": "31800.46000", "2015-03-31": "31247.72000", "2014-12-31": "28829.31000", "2014-09-30": "29800.70000", "2014-06-30": "32327.46000", "2014-03-31": "31998.41000", "2013-12-31": "31123.18000", "2013-09-30": "31658.23000", "2013-06-30": "32489.56000", "2013-03-31": "32971.57000", "2012-12-31": "32397.54000", "2012-09-30": "32434.38000", "2012-06-30": "32590.94000", "2012-03-31": "33082.15000", "2011-12-31": "33429.68000", "2011-09-30": "34166.00000", "2011-06-30": "35049.27000", "2011-03-31": "35024.89000", "2010-12-31": "35014.47000", "2010-09-30": "36605.15000", "2010-06-30": "38733.05000", "2010-03-31": "31345.24000", "2009-12-31": "32197.51000", "2009-09-30": "32895.35000", "2009-06-30": "33599.09000", "2009-03-31": "34577.52000", "2008-12-31": "35614.41000", "2008-09-30": "37382.67000", "2008-06-30": "37972.60000", "2008-03-31": "38349.88000", "2007-12-31": "40829.55000", "2007-09-30": "43476.41000", "2007-06-30": "43288.28000", "2007-03-31": "43428.36000", "2006-12-31": "43783.68000", "2006-09-30": "43298.73000", "2006-06-30": "44936.52000", "2006-03-31": "45104.14000", "2005-12-31": "45174.44000", "2005-09-30": "43898.71000", "2005-06-30": "42744.52000", "2005-03-31": "42102.84000"}, "Common Stock Net": {"2020-09-30": "1.04500", "2020-06-30": "1.04400", "2020-03-31": "1.04400", "2019-12-31": "1.04400", "2019-09-30": "1.04400", "2019-06-30": "1.04400", "2019-03-31": "1.04300", "2018-12-31": "1.04300", "2018-09-30": "1.04300", "2018-06-30": "1.04300", "2018-03-31": "1.04300", "2017-12-31": "1.04200", "2017-09-30": "1.04200", "2017-06-30": "1.04100", "2017-03-31": "1.04100", "2016-12-31": "1.04000", "2016-09-30": "1.04000", "2016-06-30": "1.03900", "2016-03-31": "1.03900", "2015-12-31": "1.03800", "2015-09-30": "1.03700", "2015-06-30": "1.03700", "2015-03-31": "1.03700", "2014-12-31": "1.03600", "2014-09-30": "1.03600", "2014-06-30": "1.03500", "2014-03-31": "1.03500", "2013-12-31": "1.03400", "2013-09-30": "1.03400", "2013-06-30": "1.03300", "2013-03-31": "1.03300", "2012-12-31": "1.03200", "2012-09-30": "1.03100", "2012-06-30": "1.02800", "2012-03-31": "10.27600", "2011-12-31": "1.02600", "2011-09-30": "10.24900", "2011-06-30": "10.24200", "2011-03-31": "10.23600", "2010-12-31": "10.22900", "2010-09-30": "10.22900", "2010-06-30": "10.22900", "2010-03-31": "6.39500", "2009-12-31": "6.39500", "2009-09-30": "6.39500", "2009-06-30": "2.82000", "2009-03-31": "1692.20900", "2008-12-31": "1773.79200", "2008-09-30": "1772.01000", "2008-06-30": "1767.72100", "2008-03-31": "1765.09700", "2007-12-31": "1761.90800", "2007-09-30": "1757.96100", "2007-06-30": "1756.33700", "2007-03-31": "1754.69400", "2006-12-31": "1753.14600", "2006-09-30": "1751.86800", "2006-06-30": "1750.31000", "2006-03-31": "1748.98300", "2005-12-31": "1736.44300", "2005-09-30": "1683.62900", "2005-06-30": "1682.36800", "2005-03-31": "1681.20100"}, "Retained Earnings (Accumulated Deficit)": {"2020-09-30": "2168.15300", "2020-06-30": "2033.78200", "2020-03-31": "1940.17000", "2019-12-31": "2147.91500", "2019-09-30": "2071.19800", "2019-06-30": "1935.82600", "2019-03-31": "1794.64400", "2018-12-31": "1651.73100", "2018-09-30": "1629.69200", "2018-06-30": "1515.05800", "2018-03-31": "1261.77500", "2017-12-31": "1194.99400", "2017-09-30": "1350.73000", "2017-06-30": "1356.50400", "2017-03-31": "1286.70600", "2016-12-31": "1220.30700", "2016-09-30": "1259.29500", "2016-06-30": "1228.97900", "2016-03-31": "1156.47600", "2015-12-31": "1087.95700", "2015-09-30": "993.30900", "2015-06-30": "924.13400", "2015-03-31": "327.61300", "2014-12-31": "253.71700", "2014-09-30": "229.30600", "2014-06-30": "167.66300", "2014-03-31": "679.90800", "2013-12-31": "594.43000", "2013-09-30": "445.33000", "2013-06-30": "217.12600", "2013-03-31": "-109.41100", "2012-12-31": "11.82600", "2012-09-30": "-54.18300", "2012-06-30": "-100.44000", "2012-03-31": "-165.24900", "2011-12-31": "-212.72600", "2011-09-30": "-201.77000", "2011-06-30": "-228.37200", "2011-03-31": "-338.12600", "2010-12-31": "-347.32800", "2010-09-30": "-119.87700", "2010-06-30": "-613.96300", "2010-03-31": "-377.80700", "2009-12-31": "-292.75200", "2009-09-30": "-69.52500", "2009-06-30": "-659.16500", "2009-03-31": "-451.35500", "2008-12-31": "-374.48800", "2008-09-30": "384.06200", "2008-06-30": "1086.37300", "2008-03-31": "1113.08900", "2007-12-31": "1319.46700", "2007-09-30": "1689.38400", "2007-06-30": "1701.10000", "2007-03-31": "1673.82600", "2006-12-31": "1594.14400", "2006-09-30": "1611.10300", "2006-06-30": "1576.49900", "2006-03-31": "1526.63400", "2005-12-31": "1456.61200", "2005-09-30": "1403.13300", "2005-06-30": "1333.65500", "2005-03-31": "1246.99900"}, "Comprehensive Income": {"2020-09-30": "215.41600", "2020-06-30": "219.34900", "2020-03-31": "210.62300", "2019-12-31": "-169.93800", "2019-09-30": "-138.88000", "2019-06-30": "-191.21300", "2019-03-31": "-323.97900", "2018-12-31": "-427.97400", "2018-09-30": "-534.18900", "2018-06-30": "-496.79200", "2018-03-31": "-462.83800", "2017-12-31": "-350.65200", "2017-09-30": "-291.33200", "2017-06-30": "-302.94300", "2017-03-31": "-319.91200", "2016-12-31": "-320.28600", "2016-09-30": "-157.29500", "2016-06-30": "-145.61200", "2016-03-31": "-181.75000", "2015-12-31": "-256.88600", "2015-09-30": "-189.80600", "2015-06-30": "-219.03100", "2015-03-31": "-194.40000", "2014-12-31": "-229.87200", "2014-09-30": "-150.06700", "2014-06-30": "-130.29100", "2014-03-31": "-156.27500", "2013-12-31": "-188.74500", "2013-09-30": "-257.00600", "2013-06-30": "-226.03900", "2013-03-31": "-122.00800", "2012-12-31": "-102.86800", "2012-09-30": "-59.43500", "2012-06-30": "-56.58300", "2012-03-31": "-43.78500", "2011-12-31": "-42.54800", "2011-09-30": "55.57500", "2011-06-30": "34.77100", "2011-03-31": "-13.00200", "2010-12-31": "-5.96100", "2010-09-30": "85.86200", "2010-06-30": "74.45000", "2010-03-31": "4.23100", "2009-12-31": "-29.20900", "2009-09-30": "-39.22300", "2009-06-30": "-116.70000", "2009-03-31": "-90.68200", "2008-12-31": "-28.82900", "2008-09-30": "-91.98300", "2008-06-30": "-90.44800", "2008-03-31": "43.71900", "2007-12-31": "-46.81200", "2007-09-30": "-161.06100", "2007-06-30": "-274.81700", "2007-03-31": "-203.93500", "2006-12-31": "-233.72800", "2006-09-30": "-201.68700", "2006-06-30": "-334.78900", "2006-03-31": "-255.26500", "2005-12-31": "-176.00000", "2005-09-30": "-137.57800", "2005-06-30": "-12.90100", "2005-03-31": "-127.64400"}, "Other Share Holders Equity": {"2020-09-30": "", "2020-06-30": "", "2020-03-31": "", "2019-12-31": "", "2019-09-30": "", "2019-06-30": "", "2019-03-31": "", "2018-12-31": "", "2018-09-30": "", "2018-06-30": "", "2018-03-31": "", "2017-12-31": "", "2017-09-30": "", "2017-06-30": "", "2017-03-31": "", "2016-12-31": "", "2016-09-30": "", "2016-06-30": "", "2016-03-31": "", "2015-12-31": "", "2015-09-30": "", "2015-06-30": "", "2015-03-31": "", "2014-12-31": "", "2014-09-30": "", "2014-06-30": "", "2014-03-31": "", "2013-12-31": "", "2013-09-30": "", "2013-06-30": "", "2013-03-31": "", "2012-12-31": "", "2012-09-30": "", "2012-06-30": "", "2012-03-31": "", "2011-12-31": "", "2011-09-30": "", "2011-06-30": "", "2011-03-31": "", "2010-12-31": "", "2010-09-30": "", "2010-06-30": "", "2010-03-31": "", "2009-12-31": "", "2009-09-30": "", "2009-06-30": "", "2009-03-31": "", "2008-12-31": "", "2008-09-30": "", "2008-06-30": "", "2008-03-31": "", "2007-12-31": "", "2007-09-30": "", "2007-06-30": "", "2007-03-31": "", "2006-12-31": "", "2006-09-30": "", "2006-06-30": "", "2006-03-31": "", "2005-12-31": "", "2005-09-30": "", "2005-06-30": "", "2005-03-31": ""}, "Share Holder Equity": {"2020-09-30": "5912.08500", "2020-06-30": "5780.16500", "2020-03-31": "5669.60500", "2019-12-31": "6016.77900", "2019-09-30": "5908.44800", "2019-06-30": "5719.83400", "2019-03-31": "5440.06000", "2018-12-31": "5435.05700", "2018-09-30": "5244.34900", "2018-06-30": "5289.66100", "2018-03-31": "5064.90900", "2017-12-31": "5103.90500", "2017-09-30": "5285.43100", "2017-06-30": "5278.04500", "2017-03-31": "5190.21300", "2016-12-31": "5197.95700", "2016-09-30": "5380.39500", "2016-06-30": "5359.83100", "2016-03-31": "5250.30000", "2015-12-31": "5105.32400", "2015-09-30": "5049.63600", "2015-06-30": "4949.65300", "2015-03-31": "4377.12000", "2014-12-31": "4267.38200", "2014-09-30": "4298.39200", "2014-06-30": "4260.44100", "2014-03-31": "4745.74700", "2013-12-31": "4626.15000", "2013-09-30": "4393.88500", "2013-06-30": "4195.03600", "2013-03-31": "3971.14300", "2012-12-31": "4110.00000", "2012-09-30": "4068.98400", "2012-06-30": "4021.23700", "2012-03-31": "3967.07100", "2011-12-31": "3918.75300", "2011-09-30": "4012.60100", "2011-06-30": "3964.06800", "2011-03-31": "3804.90600", "2010-12-31": "3800.53100", "2010-09-30": "4120.13100", "2010-06-30": "3614.78700", "2010-03-31": "2487.20100", "2009-12-31": "2538.81700", "2009-09-30": "2742.45600", "2009-06-30": "2899.70100", "2009-03-31": "3131.91400", "2008-12-31": "3268.36400", "2008-09-30": "3007.47300", "2008-06-30": "3705.99400", "2008-03-31": "3471.72000", "2007-12-31": "3581.88200", "2007-09-30": "3803.72100", "2007-06-30": "3697.08000", "2007-03-31": "3736.30800", "2006-12-31": "3620.30600", "2006-09-30": "3636.02400", "2006-06-30": "3462.99300", "2006-03-31": "3487.55700", "2005-12-31": "3449.24700", "2005-09-30": "3221.39600", "2005-06-30": "3270.30800", "2005-03-31": "3065.00000"}, "Total Liabilities And Share Holders Equity": {"2020-09-30": "65910.37000", "2020-06-30": "62845.35000", "2020-03-31": "52803.64000", "2019-12-31": "52115.32000", "2019-09-30": "52480.41000", "2019-06-30": "50617.22000", "2019-03-31": "48680.61000", "2018-12-31": "47604.58000", "2018-09-30": "47919.43000", "2018-06-30": "47535.18000", "2018-03-31": "45756.76000", "2017-12-31": "44277.34000", "2017-09-30": "42601.27000", "2017-06-30": "41242.67000", "2017-03-31": "40259.28000", "2016-12-31": "38661.61000", "2016-09-30": "39054.30000", "2016-06-30": "37606.15000", "2016-03-31": "36147.01000", "2015-12-31": "35761.73000", "2015-09-30": "35530.79000", "2015-06-30": "36750.11000", "2015-03-31": "35624.84000", "2014-12-31": "33096.70000", "2014-09-30": "34099.09000", "2014-06-30": "36587.90000", "2014-03-31": "36744.16000", "2013-12-31": "35749.33000", "2013-09-30": "36052.12000", "2013-06-30": "36684.59000", "2013-03-31": "36942.71000", "2012-12-31": "36507.54000", "2012-09-30": "36503.37000", "2012-06-30": "36612.18000", "2012-03-31": "37049.22000", "2011-12-31": "37348.43000", "2011-09-30": "38178.60000", "2011-06-30": "39013.34000", "2011-03-31": "38829.79000", "2010-12-31": "38815.00000", "2010-09-30": "40725.29000", "2010-06-30": "42347.84000", "2010-03-31": "33832.44000", "2009-12-31": "34736.32000", "2009-09-30": "35637.80000", "2009-06-30": "36498.79000", "2009-03-31": "37709.43000", "2008-12-31": "38882.77000", "2008-09-30": "40390.14000", "2008-06-30": "41678.59000", "2008-03-31": "41821.60000", "2007-12-31": "44411.44000", "2007-09-30": "47280.13000", "2007-06-30": "46985.36000", "2007-03-31": "47164.66000", "2006-12-31": "47403.99000", "2006-09-30": "46934.75000", "2006-06-30": "48399.52000", "2006-03-31": "48591.70000", "2005-12-31": "48623.67000", "2005-09-30": "47120.11000", "2005-06-30": "46014.83000", "2005-03-31": "45167.84000"}}, "cash flow statement": {"Net Income/Loss": {"2019-12-31": "671.13500", "2018-12-31": "618.15800", "2017-12-31": "107.68100", "2016-12-31": "216.69100", "2015-12-31": "895.34400", "2014-12-31": "-313.49000", "2013-12-31": "599.32700", "2012-12-31": "245.27500", "2011-12-31": "151.32500", "2010-12-31": "137.40100", "2009-12-31": "-573.91900", "2008-12-31": "-1243.90300", "2007-12-31": "-64.49300", "2006-12-31": "357.67600", "2005-12-31": "540.70200"}, "Total Depreciation And Amortization - Cash Flow": {"2019-12-31": "-90.63300", "2018-12-31": "-24.52800", "2017-12-31": "35.43200", "2016-12-31": "22.03300", "2015-12-31": "-15.00300", "2014-12-31": "521.65800", "2013-12-31": "-20.95900", "2012-12-31": "51.68700", "2011-12-31": "36.78200", "2010-12-31": "-119.20100", "2009-12-31": "145.46700", "2008-12-31": "169.45600", "2007-12-31": "472.61700", "2006-12-31": "327.83200", "2005-12-31": "279.81500"}, "Other Non-Cash Items": {"2019-12-31": "284.24300", "2018-12-31": "142.60900", "2017-12-31": "621.29400", "2016-12-31": "499.69300", "2015-12-31": "-1017.32100", "2014-12-31": "-328.86900", "2013-12-31": "52.98000", "2012-12-31": "232.05400", "2011-12-31": "511.38000", "2010-12-31": "432.24900", "2009-12-31": "1083.20800", "2008-12-31": "1681.37200", "2007-12-31": "264.21500", "2006-12-31": "235.36100", "2005-12-31": "101.03800"}, "Total Non-Cash Items": {"2019-12-31": "193.61000", "2018-12-31": "118.08100", "2017-12-31": "656.72610", "2016-12-31": "521.72600", "2015-12-31": "-1032.32400", "2014-12-31": "192.78900", "2013-12-31": "32.02100", "2012-12-31": "283.74100", "2011-12-31": "548.16200", "2010-12-31": "313.04800", "2009-12-31": "1228.67500", "2008-12-31": "1850.82800", "2007-12-31": "736.83200", "2006-12-31": "563.19300", "2005-12-31": "380.85300"}, "Change In Accounts Receivable": {"2019-12-31": "-466.55100", "2018-12-31": "-380.55200", "2017-12-31": "-582.91500", "2016-12-31": "-780.43800", "2015-12-31": "-307.50100", "2014-12-31": "-264.23000", "2013-12-31": "-1226.92200", "2012-12-31": "-1325.85300", "2011-12-31": "-979.20500", "2010-12-31": "-965.91300", "2009-12-31": "-1374.10400", "2008-12-31": "-1098.59300", "2007-12-31": "-1175.72300", "2006-12-31": "-1422.81200", "2005-12-31": "-1041.91800"}, "Change In Inventories": {"2019-12-31": "460.96900", "2018-12-31": "458.44700", "2017-12-31": "503.10800", "2016-12-31": "754.47800", "2015-12-31": "1083.68300", "2014-12-31": "1105.37400", "2013-12-31": "1430.83500", "2012-12-31": "1387.91000", "2011-12-31": "1143.02900", "2010-12-31": "721.39800", "2009-12-31": "1542.47000", "2008-12-31": "1754.10000", "2007-12-31": "1222.58500", "2006-12-31": "1368.97500", "2005-12-31": "1160.98000"}, "Change In Accounts Payable": {"2019-12-31": "-0.28400", "2018-12-31": "-9.78600", "2017-12-31": "2.54900", "2016-12-31": "0.16500", "2015-12-31": "0.52800", "2014-12-31": "-0.70700", "2013-12-31": "-2.46600", "2012-12-31": "-9.16400", "2011-12-31": "-12.47100", "2010-12-31": "-29.56200", "2009-12-31": "-47.69500", "2008-12-31": "-58.40600", "2007-12-31": "5.01300", "2006-12-31": "32.47700", "2005-12-31": "35.21800"}, "Change In Assets/Liabilities": {"2019-12-31": "-153.51200", "2018-12-31": "43.15500", "2017-12-31": "-50.66500", "2016-12-31": "-116.04900", "2015-12-31": "30.40500", "2014-12-31": "153.26600", "2013-12-31": "-13.49000", "2012-12-31": "-57.78300", "2011-12-31": "-174.16700", "2010-12-31": "-13.21300", "2009-12-31": "-223.32000", "2008-12-31": "38.45500", "2007-12-31": "-20.25200", "2006-12-31": "-29.72400", "2005-12-31": "-146.99700"}, "Total Change In Assets/Liabilities": {"2019-12-31": "-159.37800", "2018-12-31": "111.26400", "2017-12-31": "-127.92300", "2016-12-31": "-141.84400", "2015-12-31": "807.11500", "2014-12-31": "993.70300", "2013-12-31": "187.95690", "2012-12-31": "-4.88990", "2011-12-31": "-22.81390", "2010-12-31": "-287.29000", "2009-12-31": "-102.64900", "2008-12-31": "635.55600", "2007-12-31": "31.62300", "2006-12-31": "-51.08420", "2005-12-31": "7.28260"}, "Cash Flow From Operating Activities": {"2019-12-31": "705.36700", "2018-12-31": "847.50300", "2017-12-31": "636.48400", "2016-12-31": "596.57300", "2015-12-31": "670.13500", "2014-12-31": "873.00200", "2013-12-31": "819.30500", "2012-12-31": "524.12600", "2011-12-31": "676.67300", "2010-12-31": "163.15900", "2009-12-31": "628.90300", "2008-12-31": "1257.51800", "2007-12-31": "703.96200", "2006-12-31": "869.78500", "2005-12-31": "928.83800"}, "Net Change In Property, Plant, And Equipment": {"2019-12-31": "-57.05700", "2018-12-31": "-71.36400", "2017-12-31": "-52.94400", "2016-12-31": "-91.42300", "2015-12-31": "-49.77600", "2014-12-31": "-36.70900", "2013-12-31": "-28.48300", "2012-12-31": "-35.05800", "2011-12-31": "-35.10400", "2010-12-31": "-52.39500", "2009-12-31": "-29.39700", "2008-12-31": "-86.08200", "2007-12-31": "-41.41100", "2006-12-31": "-16.68000", "2005-12-31": "-88.11300"}, "Net Change In Intangible Assets": {"2019-12-31": "-10.38200", "2018-12-31": "", "2017-12-31": "", "2016-12-31": "", "2015-12-31": "-2.40000", "2014-12-31": "0.00000", "2013-12-31": "-0.04500", "2012-12-31": "-2.23100", "2011-12-31": "-1.73200", "2010-12-31": "-1.04100", "2009-12-31": "-1.36400", "2008-12-31": "-42.33100", "2007-12-31": "-26.50700", "2006-12-31": "-23.76900", "2005-12-31": "-5.03900"}, "Net Acquisitions/Divestitures": {"2019-12-31": "", "2018-12-31": "-1843.33300", "2017-12-31": "", "2016-12-31": "", "2015-12-31": "713.97900", "2014-12-31": "-212.22500", "2013-12-31": "", "2012-12-31": "1.02600", "2011-12-31": "-0.85500", "2010-12-31": "903.63310", "2009-12-31": "", "2008-12-31": "", "2007-12-31": "719.60400", "2006-12-31": "-3.03400", "2005-12-31": "-411.78200"}, "Net Change In Short-term Investments": {"2019-12-31": "905.55800", "2018-12-31": "1083.51500", "2017-12-31": "-2366.93200", "2016-12-31": "-713.53800", "2015-12-31": "-357.70600", "2014-12-31": "-963.93300", "2013-12-31": "227.12700", "2012-12-31": "290.59400", "2011-12-31": "-396.87900", "2010-12-31": "119.74100", "2009-12-31": "-208.14300", "2008-12-31": "212.05800", "2007-12-31": "-638.56800", "2006-12-31": "381.42100", "2005-12-31": "160.06100"}, "Net Change In Long-Term Investments": {"2019-12-31": "-3966.82500", "2018-12-31": "-3106.45800", "2017-12-31": "-2094.60700", "2016-12-31": "-2071.63500", "2015-12-31": "-268.98830", "2014-12-31": "346.22610", "2013-12-31": "457.09990", "2012-12-31": "436.46700", "2011-12-31": "837.49400", "2010-12-31": "1649.10900", "2009-12-31": "1434.11600", "2008-12-31": "1101.31800", "2007-12-31": "1299.83800", "2006-12-31": "1915.10000", "2005-12-31": "-346.56250"}, "Net Change In Investments - Total": {"2019-12-31": "-3061.26700", "2018-12-31": "-2022.94300", "2017-12-31": "-4461.53900", "2016-12-31": "-2785.17300", "2015-12-31": "-626.69430", "2014-12-31": "-617.70690", "2013-12-31": "684.22690", "2012-12-31": "727.06100", "2011-12-31": "440.61500", "2010-12-31": "1768.85000", "2009-12-31": "1225.97300", "2008-12-31": "1313.37600", "2007-12-31": "661.26990", "2006-12-31": "2296.52100", "2005-12-31": "-186.50150"}, "Investing Activities - Other": {"2019-12-31": "-1041.14600", "2018-12-31": "-453.02800", "2017-12-31": "-837.25510", "2016-12-31": "-577.93010", "2015-12-31": "203.23000", "2014-12-31": "892.09300", "2013-12-31": "-352.70010", "2012-12-31": "-454.15600", "2011-12-31": "496.26900", "2010-12-31": "1458.08700", "2009-12-31": "1459.18900", "2008-12-31": "1495.23200", "2007-12-31": "-889.00710", "2006-12-31": "-958.46900", "2005-12-31": "-2578.66900"}, "Cash Flow From Investing Activities": {"2019-12-31": "-4169.85200", "2018-12-31": "-4390.66700", "2017-12-31": "-5351.73800", "2016-12-31": "-3454.52600", "2015-12-31": "238.33900", "2014-12-31": "25.45200", "2013-12-31": "302.99900", "2012-12-31": "236.64200", "2011-12-31": "899.19300", "2010-12-31": "4077.13400", "2009-12-31": "2654.40100", "2008-12-31": "2680.19600", "2007-12-31": "423.94700", "2006-12-31": "1294.56700", "2005-12-31": "-3270.10700"}, "Net Long-Term Debt": {"2019-12-31": "-1.72600", "2018-12-31": "", "2017-12-31": "", "2016-12-31": "", "2015-12-31": "", "2014-12-31": "", "2013-12-31": "", "2012-12-31": "", "2011-12-31": "", "2010-12-31": "", "2009-12-31": "", "2008-12-31": "", "2007-12-31": "", "2006-12-31": "", "2005-12-31": ""}, "Net Current Debt": {"2019-12-31": "-223.56900", "2018-12-31": "-487.70500", "2017-12-31": "-34.10400", "2016-12-31": "-372.48800", "2015-12-31": "-1118.21800", "2014-12-31": "-1045.02000", "2013-12-31": "-817.75200", "2012-12-31": "107.68000", "2011-12-31": "-2676.38400", "2010-12-31": "-4012.82100", "2009-12-31": "-1668.82800", "2008-12-31": "-4371.01700", "2007-12-31": "-3976.03800", "2006-12-31": "-3789.32500", "2005-12-31": "1151.65000"}, "Debt Issuance/Retirement Net - Total": {"2019-12-31": "-225.29500", "2018-12-31": "-487.70500", "2017-12-31": "-34.10400", "2016-12-31": "-372.48800", "2015-12-31": "-1118.21800", "2014-12-31": "-1045.02000", "2013-12-31": "-817.75200", "2012-12-31": "107.68000", "2011-12-31": "-2676.38400", "2010-12-31": "-4012.82100", "2009-12-31": "-1668.82800", "2008-12-31": "-4371.01700", "2007-12-31": "-3976.03800", "2006-12-31": "-3789.32500", "2005-12-31": "1151.65000"}, "Net Common Equity Issued/Repurchased": {"2019-12-31": "-241.86200", "2018-12-31": "-117.99600", "2017-12-31": "-68.64800", "2016-12-31": "6.87400", "2015-12-31": "5.20500", "2014-12-31": "-0.84200", "2013-12-31": "6.42300", "2012-12-31": "8.95200", "2011-12-31": "7.20700", "2010-12-31": "1101.36700", "2009-12-31": "-0.01700", "2008-12-31": "17.35100", "2007-12-31": "17.88900", "2006-12-31": "55.47900", "2005-12-31": "192.21200"}, "Net Total Equity Issued/Repurchased": {"2019-12-31": "-241.86200", "2018-12-31": "-117.99600", "2017-12-31": "-68.64800", "2016-12-31": "6.87400", "2015-12-31": "5.20500", "2014-12-31": "-0.84200", "2013-12-31": "6.42300", "2012-12-31": "8.95200", "2011-12-31": "7.20700", "2010-12-31": "1101.36700", "2009-12-31": "-0.01700", "2008-12-31": "1342.28600", "2007-12-31": "17.88900", "2006-12-31": "55.47900", "2005-12-31": "192.21200"}, "Total Common And Preferred Stock Dividends Paid": {"2019-12-31": "-115.81000", "2018-12-31": "-105.44100", "2017-12-31": "-95.91000", "2016-12-31": "-65.93200", "2015-12-31": "-19.25700", "2014-12-31": "-3.72300", "2013-12-31": "-3.72300", "2012-12-31": "-3.72300", "2011-12-31": "-3.72300", "2010-12-31": "-0.31000", "2009-12-31": "-71.43800", "2008-12-31": "-188.64400", "2007-12-31": "-190.61700", "2006-12-31": "-188.32100", "2005-12-31": "-182.75100"}, "Financial Activities - Other": {"2019-12-31": "4038.52400", "2018-12-31": "4244.92800", "2017-12-31": "4952.34900", "2016-12-31": "3284.80500", "2015-12-31": "206.37500", "2014-12-31": "109.01500", "2013-12-31": "-323.40400", "2012-12-31": "-969.59600", "2011-12-31": "1179.94300", "2010-12-31": "-1553.48600", "2009-12-31": "-1650.67800", "2008-12-31": "-754.17700", "2007-12-31": "2889.52400", "2006-12-31": "1789.66200", "2005-12-31": "1371.66800"}, "Cash Flow From Financial Activities": {"2019-12-31": "3455.55700", "2018-12-31": "3533.78600", "2017-12-31": "4753.68700", "2016-12-31": "2853.25900", "2015-12-31": "-925.89500", "2014-12-31": "-940.57000", "2013-12-31": "-1138.45600", "2012-12-31": "-856.68700", "2011-12-31": "-1492.95700", "2010-12-31": "-4465.25000", "2009-12-31": "-3390.96100", "2008-12-31": "-3971.55200", "2007-12-31": "-1259.24200", "2006-12-31": "-2132.50500", "2005-12-31": "2532.77900"}, "Net Cash Flow": {"2019-12-31": "-8.92800", "2018-12-31": "-9.37800", "2017-12-31": "38.43300", "2016-12-31": "-4.69400", "2015-12-31": "-17.42100", "2014-12-31": "-42.11600", "2013-12-31": "-16.15200", "2012-12-31": "-95.91900", "2011-12-31": "82.90900", "2010-12-31": "-224.95700", "2009-12-31": "-107.65700", "2008-12-31": "-33.83800", "2007-12-31": "-131.33300", "2006-12-31": "43.76100", "2005-12-31": "189.93800"}, "Stock-Based Compensation": {"2019-12-31": "12.30300", "2018-12-31": "10.52100", "2017-12-31": "", "2016-12-31": "", "2015-12-31": "", "2014-12-31": "", "2013-12-31": "", "2012-12-31": "", "2011-12-31": "", "2010-12-31": "", "2009-12-31": "0.20200", "2008-12-31": "1.09900", "2007-12-31": "1.76300", "2006-12-31": "3.00600", "2005-12-31": "5.22600"}, "Common Stock Dividends Paid": {"2019-12-31": "-115.81000", "2018-12-31": "-105.44100", "2017-12-31": "-95.91000", "2016-12-31": "-65.93200", "2015-12-31": "-19.25700", "2014-12-31": "-3.72300", "2013-12-31": "-3.72300", "2012-12-31": "-3.72300", "2011-12-31": "-3.72300", "2010-12-31": "-0.31000", "2009-12-31": "-71.43800", "2008-12-31": "-188.64400", "2007-12-31": "-190.61700", "2006-12-31": "-188.32100", "2005-12-31": "-182.75100"}}, "cash flow statement, quarterly": {"Net Income/Loss": {"2020-09-30": 168.416, "2020-06-30": 127.628, "2020-03-31": "34.30200", "2019-12-31": 166.785, "2019-09-30": 165.319, "2019-06-30": 171.106, "2019-03-31": "167.92500", "2018-12-31": 106.403, "2018-09-30": 140.648, "2018-06-30": 279.783, "2018-03-31": "91.32400", "2017-12-31": -102.154, "2017-09-30": 20.664, "2017-06-30": 96.226, "2017-03-31": "92.94500", "2016-12-31": -4.105, "2016-09-30": 46.81, "2016-06-30": 88.987, "2016-03-31": "84.99900", "2015-12-31": 137.426, "2015-09-30": 85.64, "2015-06-30": 597.452, "2015-03-31": "74.82600", "2014-12-31": 48.842, "2014-09-30": 62.573, "2014-06-30": -511.314, "2014-03-31": "86.40900", "2013-12-31": 163.031, "2013-09-30": 229.135, "2013-06-30": 327.468, "2013-03-31": "-120.30700", "2012-12-31": 83.94, "2012-09-30": 47.188, "2012-06-30": 65.739, "2012-03-31": "48.40800", "2011-12-31": 2.975, "2011-09-30": 27.533, "2011-06-30": 110.685, "2011-03-31": "10.13200", "2010-12-31": -227.141, "2010-09-30": 494.086, "2010-06-30": -44.489, "2010-03-31": "-85.05500", "2009-12-31": -213.227, "2009-09-30": -124.988, "2009-06-30": -183.182, "2009-03-31": "-52.52200", "2008-12-31": -702.9, "2008-09-30": -668.543, "2008-06-30": 24.25, "2008-03-31": "103.29000", "2007-12-31": -294.093, "2007-09-30": 36.003, "2007-06-30": 74.95, "2007-03-31": "118.64700", "2006-12-31": 59.632, "2006-09-30": 82.16, "2006-06-30": 97.381, "2006-03-31": "118.50300", "2005-12-31": 130.247, "2005-09-30": 115.216, "2005-06-30": 132.36, "2005-03-31": "162.87900"}, "Total Depreciation And Amortization - Cash Flow": {"2020-09-30": 1.547, "2020-06-30": 1.393, "2020-03-31": "-10.31000", "2019-12-31": -14.095, "2019-09-30": -27.892, "2019-06-30": -26.44, "2019-03-31": "-22.20600", "2018-12-31": -27.051, "2018-09-30": -12.455, "2018-06-30": 6.823, "2018-03-31": "8.15500", "2017-12-31": 9.803, "2017-09-30": 10.522, "2017-06-30": 7.426, "2017-03-31": "7.68100", "2016-12-31": 10.952, "2016-09-30": 6.453, "2016-06-30": 0.965, "2016-03-31": "3.66300", "2015-12-31": -0.322, "2015-09-30": -1.448, "2015-06-30": -8.156, "2015-03-31": "-5.07700", "2014-12-31": -5.929, "2014-09-30": -12.542, "2014-06-30": 565.231, "2014-03-31": "-25.10200", "2013-12-31": -17.223, "2013-09-30": -4.155, "2013-06-30": -0.046, "2013-03-31": "0.46500", "2012-12-31": 1.09, "2012-09-30": -9.965, "2012-06-30": 25.364, "2012-03-31": "35.19800", "2011-12-31": 23.973, "2011-09-30": 49.347, "2011-06-30": 37.474, "2011-03-31": "-74.01200", "2010-12-31": -17.144, "2010-09-30": -85.201, "2010-06-30": -47.262, "2010-03-31": "30.40600", "2009-12-31": 21.005, "2009-09-30": 63.015, "2009-06-30": 31.684, "2009-03-31": "29.76300", "2008-12-31": 10.946, "2008-09-30": 49.481, "2008-06-30": 53.146, "2008-03-31": "55.88300", "2007-12-31": 283.642, "2007-09-30": 61.427, "2007-06-30": 64.081, "2007-03-31": "63.46700", "2006-12-31": 93.433, "2006-09-30": 76.984, "2006-06-30": 80.857, "2006-03-31": "76.55800", "2005-12-31": 73.898, "2005-09-30": 72.573, "2005-06-30": 68.346, "2005-03-31": "64.99800"}, "Other Non-Cash Items": {"2020-09-30": 59.145, "2020-06-30": 131.227, "2020-03-31": "102.24800", "2019-12-31": 60.038, "2019-09-30": 70.508, "2019-06-30": 131.943, "2019-03-31": "21.75400", "2018-12-31": 123.895, "2018-09-30": 115.529, "2018-06-30": -139.86, "2018-03-31": "43.04500", "2017-12-31": 273.477, "2017-09-30": 166.693, "2017-06-30": 225.706, "2017-03-31": "-44.58200", "2016-12-31": 240.32, "2016-09-30": 89.427, "2016-06-30": 210.034, "2016-03-31": "-40.08800", "2015-12-31": -721.371, "2015-09-30": 53.2539, "2015-06-30": -429.5069, "2015-03-31": "80.30300", "2014-12-31": -660.835, "2014-09-30": 110.364, "2014-06-30": 111.783, "2014-03-31": "109.81900", "2013-12-31": 41.5239, "2013-09-30": -70.2139, "2013-06-30": -205.942, "2013-03-31": "287.61200", "2012-12-31": 46.645, "2012-09-30": 91.407, "2012-06-30": -17.962, "2012-03-31": "111.96400", "2011-12-31": 82.202, "2011-09-30": 225.112, "2011-06-30": 9.519, "2011-03-31": "194.54700", "2010-12-31": 332.403, "2010-09-30": -348.946, "2010-06-30": 237.732, "2010-03-31": "211.06000", "2009-12-31": 420.835, "2009-09-30": 241.354, "2009-06-30": 279.386, "2009-03-31": "141.63300", "2008-12-31": 782.063, "2008-09-30": 670.495, "2008-06-30": 145.56, "2008-03-31": "83.25400", "2007-12-31": 102.515, "2007-09-30": 101.779, "2007-06-30": 82.156, "2007-03-31": "-22.23500", "2006-12-31": 88.363, "2006-09-30": 57.97, "2006-06-30": 56.676, "2006-03-31": "32.35200", "2005-12-31": 41.59, "2005-09-30": 41.4, "2005-06-30": 35.933, "2005-03-31": "-17.88500"}, "Total Non-Cash Items": {"2020-09-30": 60.692, "2020-06-30": 132.62, "2020-03-31": "91.93800", "2019-12-31": 45.943, "2019-09-30": 42.616, "2019-06-30": 105.503, "2019-03-31": "-0.45200", "2018-12-31": 96.844, "2018-09-30": 103.074, "2018-06-30": -133.037, "2018-03-31": "51.20000", "2017-12-31": 283.2801, "2017-09-30": 177.215, "2017-06-30": 233.132, "2017-03-31": "-36.90100", "2016-12-31": 251.272, "2016-09-30": 95.88, "2016-06-30": 210.999, "2016-03-31": "-36.42500", "2015-12-31": -721.693, "2015-09-30": 51.806, "2015-06-30": -437.663, "2015-03-31": "75.22600", "2014-12-31": -666.764, "2014-09-30": 97.8219, "2014-06-30": 677.0141, "2014-03-31": "84.71700", "2013-12-31": 24.301, "2013-09-30": -74.369, "2013-06-30": -205.988, "2013-03-31": "288.07700", "2012-12-31": 47.735, "2012-09-30": 81.442, "2012-06-30": 7.402, "2012-03-31": "147.16200", "2011-12-31": 106.175, "2011-09-30": 274.459, "2011-06-30": 46.993, "2011-03-31": "120.53500", "2010-12-31": 315.259, "2010-09-30": -434.147, "2010-06-30": 190.47, "2010-03-31": "241.46600", "2009-12-31": 441.84, "2009-09-30": 304.369, "2009-06-30": 311.07, "2009-03-31": "171.39600", "2008-12-31": 793.009, "2008-09-30": 719.976, "2008-06-30": 198.706, "2008-03-31": "139.13700", "2007-12-31": 386.157, "2007-09-30": 163.206, "2007-06-30": 146.237, "2007-03-31": "41.23200", "2006-12-31": 181.796, "2006-09-30": 134.954, "2006-06-30": 137.533, "2006-03-31": "108.91000", "2005-12-31": 115.488, "2005-09-30": 113.973, "2005-06-30": 104.279, "2005-03-31": "47.11300"}, "Change In Accounts Receivable": {"2020-09-30": -201.465, "2020-06-30": -178.962, "2020-03-31": "-34.23400", "2019-12-31": -147.134, "2019-09-30": -116.676, "2019-06-30": -175.019, "2019-03-31": "-27.72200", "2018-12-31": -117.11, "2018-09-30": -115.551, "2018-06-30": -169.096, "2018-03-31": "21.20500", "2017-12-31": -154.422, "2017-09-30": -111.926, "2017-06-30": -282.912, "2017-03-31": "-33.65500", "2016-12-31": -254.442, "2016-09-30": -160.772, "2016-06-30": -324.952, "2016-03-31": "-40.27200", "2015-12-31": 516.423, "2015-09-30": -230.973, "2015-06-30": -311.73, "2015-03-31": "-281.22100", "2014-12-31": 441.037, "2014-09-30": -243.933, "2014-06-30": -237.955, "2014-03-31": "-223.37900", "2013-12-31": -250.9501, "2013-09-30": -238.1229, "2013-06-30": -380.889, "2013-03-31": "-356.96000", "2012-12-31": -390.989, "2012-09-30": -366.353, "2012-06-30": -315.525, "2012-03-31": "-252.98600", "2011-12-31": -209.93, "2011-09-30": -258.387, "2011-06-30": -276.659, "2011-03-31": "-234.22900", "2010-12-31": -302.945, "2010-09-30": -253.131, "2010-06-30": -212.246, "2010-03-31": "-197.59100", "2009-12-31": -305.537, "2009-09-30": -269.1529, "2009-06-30": -422.7291, "2009-03-31": "-376.68500", "2008-12-31": -181.8851, "2008-09-30": -203.053, "2008-06-30": -367.2159, "2008-03-31": "-346.43900", "2007-12-31": -89.576, "2007-09-30": -395.1281, "2007-06-30": 36.0791, "2007-03-31": "-727.09800", "2006-12-31": -689.5498, "2006-09-30": -84.2264, "2006-06-30": -368.0097, "2006-03-31": "-281.02610", "2005-12-31": 148.857, "2005-09-30": -474.42, "2005-06-30": -224.1969, "2005-03-31": "-492.15810"}, "Change In Inventories": {"2020-09-30": 111.71, "2020-06-30": 58.778, "2020-03-31": "117.27600", "2019-12-31": 127.956, "2019-09-30": 117.444, "2019-06-30": 109.731, "2019-03-31": "105.83800", "2018-12-31": 111.992, "2018-09-30": 127.551, "2018-06-30": 124.906, "2018-03-31": "93.99800", "2017-12-31": 3.394, "2017-09-30": 165.578, "2017-06-30": 157.199, "2017-03-31": "176.93700", "2016-12-31": 176.345, "2016-09-30": 184.955, "2016-06-30": 216.58, "2016-03-31": "176.59800", "2015-12-31": 300.379, "2015-09-30": 302.033, "2015-06-30": 303.329, "2015-03-31": "177.94200", "2014-12-31": 222.339, "2014-09-30": 423.243, "2014-06-30": 240.795, "2014-03-31": "218.99700", "2013-12-31": 237.57, "2013-09-30": 335.173, "2013-06-30": 434.856, "2013-03-31": "423.23600", "2012-12-31": 538.606, "2012-09-30": 306.227, "2012-06-30": 272.386, "2012-03-31": "270.69100", "2011-12-31": 650.147, "2011-09-30": 173.858, "2011-06-30": 112.802, "2011-03-31": "206.22200", "2010-12-31": 155.787, "2010-09-30": 168.671, "2010-06-30": 174.965, "2010-03-31": "221.97500", "2009-12-31": 240.377, "2009-09-30": 391.027, "2009-06-30": 698.699, "2009-03-31": "212.36700", "2008-12-31": 149.755, "2008-09-30": 872.278, "2008-06-30": 597.63, "2008-03-31": "134.43700", "2007-12-31": 219.507, "2007-09-30": 357.398, "2007-06-30": 299.53, "2007-03-31": "346.15000", "2006-12-31": 173.336, "2006-09-30": 195.298, "2006-06-30": 165.217, "2006-03-31": "835.12400", "2005-12-31": 178.061, "2005-09-30": 137.033, "2005-06-30": 826.789, "2005-03-31": "19.09700"}, "Change In Accounts Payable": {"2020-09-30": -7.886, "2020-06-30": 6.066, "2020-03-31": "-9.48800", "2019-12-31": 6.616, "2019-09-30": -7.813, "2019-06-30": 7.828, "2019-03-31": "-6.91500", "2018-12-31": 0.147, "2018-09-30": -9.983, "2018-06-30": 10.664, "2018-03-31": "-10.61400", "2017-12-31": 11.848, "2017-09-30": -9.11, "2017-06-30": 11.092, "2017-03-31": "-11.28100", "2016-12-31": 11.718, "2016-09-30": -10.345, "2016-06-30": 11.053, "2016-03-31": "-12.26100", "2015-12-31": 11.14, "2015-09-30": -11.087, "2015-06-30": 10.691, "2015-03-31": "-10.21600", "2014-12-31": 11.04, "2014-09-30": -12.38, "2014-06-30": 3.313, "2014-03-31": "-2.68000", "2013-12-31": 7.014, "2013-09-30": -6.91, "2013-06-30": -2.315, "2013-03-31": "-0.25500", "2012-12-31": -1.611, "2012-09-30": -3.054, "2012-06-30": -2.25, "2012-03-31": "-2.24900", "2011-12-31": -5.127, "2011-09-30": -6.395, "2011-06-30": 3.461, "2011-03-31": "-4.41000", "2010-12-31": 4.997, "2010-09-30": -16.993, "2010-06-30": -1.209, "2010-03-31": "-16.35700", "2009-12-31": 10.068, "2009-09-30": -27.63, "2009-06-30": -16.197, "2009-03-31": "-13.93600", "2008-12-31": -9.226, "2008-09-30": 4.26, "2008-06-30": -32.365, "2008-03-31": "-21.07500", "2007-12-31": 0.427, "2007-09-30": 18.599, "2007-06-30": -13.698, "2007-03-31": "-0.31500", "2006-12-31": -8.78, "2006-09-30": 31.371, "2006-06-30": -13.963, "2006-03-31": "23.84900", "2005-12-31": -0.519, "2005-09-30": 27.657, "2005-06-30": -12.004, "2005-03-31": "20.08400"}, "Change In Assets/Liabilities": {"2020-09-30": 52.599, "2020-06-30": -31.585, "2020-03-31": "-6.81500", "2019-12-31": -33.647, "2019-09-30": -1.384, "2019-06-30": -51.902, "2019-03-31": "-66.57900", "2018-12-31": 1.962, "2018-09-30": 30.384, "2018-06-30": 67.841, "2018-03-31": "-57.03200", "2017-12-31": -50.201, "2017-09-30": 21.418, "2017-06-30": -20.554, "2017-03-31": "-1.32800", "2016-12-31": -26.019, "2016-09-30": -77.289, "2016-06-30": -18.263, "2016-03-31": "5.52200", "2015-12-31": 5.712, "2015-09-30": 30.938, "2015-06-30": 40.14, "2015-03-31": "-46.38500", "2014-12-31": -0.746, "2014-09-30": 175.303, "2014-06-30": -17.073, "2014-03-31": "-4.21800", "2013-12-31": 3.251, "2013-09-30": -26.685, "2013-06-30": 8.879, "2013-03-31": "1.06500", "2012-12-31": -28.58, "2012-09-30": 45.049, "2012-06-30": -102.563, "2012-03-31": "28.31100", "2011-12-31": 89.366, "2011-09-30": -42.407, "2011-06-30": -54.364, "2011-03-31": "-166.76200", "2010-12-31": -45.119, "2010-09-30": 43.653, "2010-06-30": 2.865, "2010-03-31": "-14.61200", "2009-12-31": -319.338, "2009-09-30": -13.659, "2009-06-30": 9.49, "2009-03-31": "100.18700", "2008-12-31": 317.755, "2008-09-30": 9.096, "2008-06-30": -238.536, "2008-03-31": "-49.86000", "2007-12-31": -71.811, "2007-09-30": 118.067, "2007-06-30": -104.399, "2007-03-31": "37.89100", "2006-12-31": -12.473, "2006-09-30": 122.927, "2006-06-30": -126.621, "2006-03-31": "-13.55700", "2005-12-31": 66.897, "2005-09-30": -174.96, "2005-06-30": -42.101, "2005-03-31": "3.16700"}, "Total Change In Assets/Liabilities": {"2020-09-30": -45.042, "2020-06-30": -145.703, "2020-03-31": "66.73900", "2019-12-31": -46.209, "2019-09-30": -8.429, "2019-06-30": -109.362, "2019-03-31": "4.62200", "2018-12-31": -3.009, "2018-09-30": 32.401, "2018-06-30": 34.315, "2018-03-31": "47.55700", "2017-12-31": -189.381, "2017-09-30": 65.96, "2017-06-30": -135.175, "2017-03-31": "130.67300", "2016-12-31": -92.398, "2016-09-30": -63.451, "2016-06-30": -115.582, "2016-03-31": "129.58700", "2015-12-31": 833.654, "2015-09-30": 90.911, "2015-06-30": 42.43, "2015-03-31": "-159.88000", "2014-12-31": 673.67, "2014-09-30": 342.233, "2014-06-30": -10.92, "2014-03-31": "-11.28000", "2013-12-31": -3.1152, "2013-09-30": 63.4551, "2013-06-30": 60.531, "2013-03-31": "67.08600", "2012-12-31": 117.4261, "2012-09-30": -18.1311, "2012-06-30": -147.9519, "2012-03-31": "43.76700", "2011-12-31": 524.4561, "2011-09-30": -133.331, "2011-06-30": -214.76, "2011-03-31": "-199.17900", "2010-12-31": -187.28, "2010-09-30": -57.8, "2010-06-30": -35.625, "2010-03-31": "-6.58500", "2009-12-31": -374.4301, "2009-09-30": 80.5852, "2009-06-30": 269.2629, "2009-03-31": "-78.06700", "2008-12-31": 276.399, "2008-09-30": 682.5809, "2008-06-30": -40.4869, "2008-03-31": "-282.93700", "2007-12-31": 58.547, "2007-09-30": 98.9359, "2007-06-30": 217.5121, "2007-03-31": "-343.37200", "2006-12-31": -537.467, "2006-09-30": 265.3696, "2006-06-30": -343.3767, "2006-03-31": "564.38990", "2005-12-31": 393.2957, "2005-09-30": -484.6901, "2005-06-30": 548.4871, "2005-03-31": "-449.81010"}, "Cash Flow From Operating Activities": {"2020-09-30": 184.066, "2020-06-30": 114.545, "2020-03-31": "192.97900", "2019-12-31": 166.519, "2019-09-30": 199.506, "2019-06-30": 167.247, "2019-03-31": "172.09500", "2018-12-31": 214.649, "2018-09-30": 261.712, "2018-06-30": 181.061, "2018-03-31": "190.08100", "2017-12-31": -8.255, "2017-09-30": 263.839, "2017-06-30": 194.183, "2017-03-31": "186.71700", "2016-12-31": 154.769, "2016-09-30": 79.239, "2016-06-30": 184.404, "2016-03-31": "178.16100", "2015-12-31": 249.387, "2015-09-30": 228.357, "2015-06-30": 202.219, "2015-03-31": "-9.82800", "2014-12-31": 55.748, "2014-09-30": 502.628, "2014-06-30": 154.78, "2014-03-31": "159.84600", "2013-12-31": 184.217, "2013-09-30": 218.221, "2013-06-30": 182.011, "2013-03-31": "234.85600", "2012-12-31": 249.101, "2012-09-30": 110.499, "2012-06-30": -74.811, "2012-03-31": "239.33700", "2011-12-31": 633.606, "2011-09-30": 123.306, "2011-06-30": -29.4, "2011-03-31": "-50.83900", "2010-12-31": -149.056, "2010-09-30": 19.322, "2010-06-30": 127.749, "2010-03-31": "165.14400", "2009-12-31": -69.021, "2009-09-30": 259.966, "2009-06-30": 397.151, "2009-03-31": "40.80700", "2008-12-31": 381.545, "2008-09-30": 734.014, "2008-06-30": 182.469, "2008-03-31": "-40.51000", "2007-12-31": 150.611, "2007-09-30": 298.145, "2007-06-30": 438.699, "2007-03-31": "-183.49300", "2006-12-31": -296.039, "2006-09-30": 482.484, "2006-06-30": -108.463, "2006-03-31": "791.80300", "2005-12-31": 639.031, "2005-09-30": -255.501, "2005-06-30": 785.126, "2005-03-31": "-239.81800"}, "Net Change In Property, Plant, And Equipment": {"2020-09-30": -8.962, "2020-06-30": -0.869, "2020-03-31": "-8.47400", "2019-12-31": -28.282, "2019-09-30": -5.664, "2019-06-30": -9.648, "2019-03-31": "-13.46300", "2018-12-31": -18.22, "2018-09-30": -26.676, "2018-06-30": -16.455, "2018-03-31": "-10.01300", "2017-12-31": -12.786, "2017-09-30": -15.352, "2017-06-30": -9.171, "2017-03-31": "-15.63500", "2016-12-31": -13.126, "2016-09-30": -20.392, "2016-06-30": -24.178, "2016-03-31": "-33.72700", "2015-12-31": -8.667, "2015-09-30": -10.292, "2015-06-30": -23.679, "2015-03-31": "-7.13800", "2014-12-31": -9.249, "2014-09-30": -15.758, "2014-06-30": -7.07, "2014-03-31": "-4.63200", "2013-12-31": -10.707, "2013-09-30": -3.893, "2013-06-30": -6.105, "2013-03-31": "-7.77800", "2012-12-31": -21.334, "2012-09-30": -7.407, "2012-06-30": -5.965, "2012-03-31": "-0.35200", "2011-12-31": -9.55, "2011-09-30": -9.853, "2011-06-30": -4.865, "2011-03-31": "-10.83600", "2010-12-31": -25.562, "2010-09-30": -9.298, "2010-06-30": -9.193, "2010-03-31": "-8.34200", "2009-12-31": -9.877, "2009-09-30": 9.421, "2009-06-30": -8.562, "2009-03-31": "-20.37900", "2008-12-31": -23.252, "2008-09-30": 15.455, "2008-06-30": -10.429, "2008-03-31": "-67.85600", "2007-12-31": -1.305, "2007-09-30": -12.405, "2007-06-30": -15.891, "2007-03-31": "-11.81000", "2006-12-31": 29.704, "2006-09-30": -9.677, "2006-06-30": -12.36, "2006-03-31": "-24.34700", "2005-12-31": -0.362, "2005-09-30": -32.072, "2005-06-30": -27.414, "2005-03-31": "-28.26500"}, "Net Change In Intangible Assets": {"2020-09-30": -0.083, "2020-06-30": 0, "2020-03-31": "", "2019-12-31": -9.589, "2019-09-30": 0, "2019-06-30": -0.793, "2019-03-31": "", "2018-12-31": 0, "2018-09-30": 0, "2018-06-30": 0, "2018-03-31": "", "2017-12-31": 0, "2017-09-30": 0, "2017-06-30": 0, "2017-03-31": "", "2016-12-31": 0, "2016-09-30": 0, "2016-06-30": 0, "2016-03-31": "", "2015-12-31": 0, "2015-09-30": 0, "2015-06-30": 0, "2015-03-31": "-2.40000", "2014-12-31": 0, "2014-09-30": 0, "2014-06-30": 0, "2014-03-31": "", "2013-12-31": 0, "2013-09-30": 0, "2013-06-30": 0, "2013-03-31": "-0.04500", "2012-12-31": -0.611, "2012-09-30": -0.602, "2012-06-30": -0.544, "2012-03-31": "-0.47400", "2011-12-31": -0.481, "2011-09-30": -0.391, "2011-06-30": -0.477, "2011-03-31": "-0.38300", "2010-12-31": -0.443, "2010-09-30": -0.234, "2010-06-30": -0.182, "2010-03-31": "-0.18200", "2009-12-31": -0.335, "2009-09-30": -0.302, "2009-06-30": -0.4, "2009-03-31": "-0.32700", "2008-12-31": -38.703, "2008-09-30": -0.642, "2008-06-30": -0.771, "2008-03-31": "-2.21500", "2007-12-31": -0.911, "2007-09-30": -1.608, "2007-06-30": -23.193, "2007-03-31": "-0.79500", "2006-12-31": -5.046, "2006-09-30": -9.124, "2006-06-30": -9.599, "2006-03-31": "", "2005-12-31": -5.039, "2005-09-30": 0, "2005-06-30": 0, "2005-03-31": ""}, "Net Acquisitions/Divestitures": {"2020-09-30": 0, "2020-06-30": 0, "2020-03-31": "", "2019-12-31": 0, "2019-09-30": 0, "2019-06-30": 0, "2019-03-31": "", "2018-12-31": -13.283, "2018-09-30": -1830.05, "2018-06-30": 0, "2018-03-31": "", "2017-12-31": 0, "2017-09-30": 0, "2017-06-30": 0, "2017-03-31": "", "2016-12-31": 0, "2016-09-30": 0, "2016-06-30": 0, "2016-03-31": "", "2015-12-31": 61.304, "2015-09-30": -64.474, "2015-06-30": 6.098, "2015-03-31": "711.05100", "2014-12-31": 21.742, "2014-09-30": -233.967, "2014-06-30": 0, "2014-03-31": "", "2013-12-31": 0, "2013-09-30": 0, "2013-06-30": 0, "2013-03-31": "", "2012-12-31": 1.026, "2012-09-30": 0, "2012-06-30": 0, "2012-03-31": "", "2011-12-31": -0.355, "2011-09-30": -0.5, "2011-06-30": 0, "2011-03-31": "", "2010-12-31": 0, "2010-09-30": 642.3221, "2010-06-30": 261.311, "2010-03-31": "", "2009-12-31": 0, "2009-09-30": 0, "2009-06-30": 0, "2009-03-31": "", "2008-12-31": 0, "2008-09-30": 0, "2008-06-30": 0, "2008-03-31": "", "2007-12-31": 721.982, "2007-09-30": -0.745, "2007-06-30": 0.19, "2007-03-31": "-1.82300", "2006-12-31": -0.282, "2006-09-30": -2.334, "2006-06-30": -0.2, "2006-03-31": "-0.21800", "2005-12-31": -231.038, "2005-09-30": 0, "2005-06-30": -7.078, "2005-03-31": "-173.66600"}, "Net Change In Short-term Investments": {"2020-09-30": -2234.749, "2020-06-30": -3683.727, "2020-03-31": "-2679.67100", "2019-12-31": 1906.398, "2019-09-30": -1998.534, "2019-06-30": 1640.811, "2019-03-31": "-643.11700", "2018-12-31": 435.996, "2018-09-30": 4019.293, "2018-06-30": -1642.916, "2018-03-31": "-1728.85800", "2017-12-31": 233.921, "2017-09-30": -1268.406, "2017-06-30": -566.239, "2017-03-31": "-766.20800", "2016-12-31": 1069.864, "2016-09-30": -1177.995, "2016-06-30": -868.039, "2016-03-31": "262.63200", "2015-12-31": 228.479, "2015-09-30": 846.367, "2015-06-30": -947.723, "2015-03-31": "-484.82900", "2014-12-31": -769.265, "2014-09-30": 613.823, "2014-06-30": -44.511, "2014-03-31": "-763.98000", "2013-12-31": 103.335, "2013-09-30": 110.151, "2013-06-30": 272.305, "2013-03-31": "-258.66400", "2012-12-31": -159.917, "2012-09-30": 24.165, "2012-06-30": 354.435, "2012-03-31": "71.91100", "2011-12-31": -107.035, "2011-09-30": 114.754, "2011-06-30": -422.328, "2011-03-31": "17.73000", "2010-12-31": 1044.654, "2010-09-30": 419.701, "2010-06-30": -1342.635, "2010-03-31": "-1.97900", "2009-12-31": 96.026, "2009-09-30": -147.176, "2009-06-30": 473.824, "2009-03-31": "-630.81700", "2008-12-31": -485.157, "2008-09-30": 588.299, "2008-06-30": 3.433, "2008-03-31": "105.48300", "2007-12-31": -371.614, "2007-09-30": -60.111, "2007-06-30": 65.221, "2007-03-31": "-272.06400", "2006-12-31": 177.099, "2006-09-30": 75.274, "2006-06-30": 369.398, "2006-03-31": "-240.35000", "2005-12-31": -111.203, "2005-09-30": 387.862, "2005-06-30": -302.807, "2005-03-31": "186.20900"}, "Net Change In Long-Term Investments": {"2020-09-30": 598.403, "2020-06-30": -4493.925, "2020-03-31": "2287.67800", "2019-12-31": -1168.508, "2019-09-30": 99.612, "2019-06-30": -2786.5979, "2019-03-31": "-111.33110", "2018-12-31": -57.194, "2018-09-30": -2559.9849, "2018-06-30": -195.4911, "2018-03-31": "-293.78800", "2017-12-31": -975.178, "2017-09-30": 88.782, "2017-06-30": -197.512, "2017-03-31": "-1010.69900", "2016-12-31": -721.077, "2016-09-30": -397.031, "2016-06-30": -549.193, "2016-03-31": "-404.33400", "2015-12-31": -546.4883, "2015-09-30": 132.006, "2015-06-30": 7.112, "2015-03-31": "138.38200", "2014-12-31": 524.2411, "2014-09-30": -66.533, "2014-06-30": 31.391, "2014-03-31": "-142.87300", "2013-12-31": 134.773, "2013-09-30": 298.78, "2013-06-30": 273.4159, "2013-03-31": "-249.86900", "2012-12-31": 117.6942, "2012-09-30": 28.6008, "2012-06-30": 424.789, "2012-03-31": "-134.61700", "2011-12-31": 449.324, "2011-09-30": 494.139, "2011-06-30": 372.503, "2011-03-31": "-478.47200", "2010-12-31": 548.403, "2010-09-30": 731.567, "2010-06-30": 192.797, "2010-03-31": "176.34200", "2009-12-31": 292.582, "2009-09-30": 488.0262, "2009-06-30": -289.7183, "2009-03-31": "943.22610", "2008-12-31": 351.1608, "2008-09-30": -359.4658, "2008-06-30": 29.619, "2008-03-31": "1080.00400", "2007-12-31": 230.746, "2007-09-30": 395.5705, "2007-06-30": 56.5493, "2007-03-31": "616.97220", "2006-12-31": 581.819, "2006-09-30": 997.8591, "2006-06-30": 396.9595, "2006-03-31": "-61.53760", "2005-12-31": 14.0879, "2005-09-30": -48.0098, "2005-06-30": -498.6396, "2005-03-31": "185.99900"}, "Net Change In Investments - Total": {"2020-09-30": -1636.345, "2020-06-30": -8177.6521, "2020-03-31": "-391.99290", "2019-12-31": 737.89, "2019-09-30": -1898.922, "2019-06-30": -1145.7869, "2019-03-31": "-754.44810", "2018-12-31": 378.802, "2018-09-30": 1459.308, "2018-06-30": -1838.407, "2018-03-31": "-2022.64600", "2017-12-31": -741.257, "2017-09-30": -1179.624, "2017-06-30": -763.751, "2017-03-31": "-1776.90700", "2016-12-31": 348.787, "2016-09-30": -1575.026, "2016-06-30": -1417.232, "2016-03-31": "-141.70200", "2015-12-31": -318.0093, "2015-09-30": 978.373, "2015-06-30": -940.611, "2015-03-31": "-346.44700", "2014-12-31": -245.0239, "2014-09-30": 547.29, "2014-06-30": -13.12, "2014-03-31": "-906.85300", "2013-12-31": 238.108, "2013-09-30": 408.931, "2013-06-30": 545.7209, "2013-03-31": "-508.53300", "2012-12-31": -42.2228, "2012-09-30": 52.7658, "2012-06-30": 779.224, "2012-03-31": "-62.70600", "2011-12-31": 342.2889, "2011-09-30": 608.8931, "2011-06-30": -49.825, "2011-03-31": "-460.74200", "2010-12-31": 1593.057, "2010-09-30": 1151.268, "2010-06-30": -1149.838, "2010-03-31": "174.36300", "2009-12-31": 388.6083, "2009-09-30": 340.8499, "2009-06-30": 184.1057, "2009-03-31": "312.40910", "2008-12-31": -133.996, "2008-09-30": 228.833, "2008-06-30": 33.052, "2008-03-31": "1185.48700", "2007-12-31": -140.8679, "2007-09-30": 335.4593, "2007-06-30": 121.7703, "2007-03-31": "344.90820", "2006-12-31": 758.918, "2006-09-30": 1073.1331, "2006-06-30": 766.3575, "2006-03-31": "-301.88760", "2005-12-31": -97.1151, "2005-09-30": 339.8522, "2005-06-30": -801.4466, "2005-03-31": "372.20800"}, "Investing Activities - Other": {"2020-09-30": -616.989, "2020-06-30": -956.9, "2020-03-31": "-267.32900", "2019-12-31": -456.3601, "2019-09-30": -37.2139, "2019-06-30": -372.653, "2019-03-31": "-174.91900", "2018-12-31": -84.685, "2018-09-30": -163.947, "2018-06-30": -162.587, "2018-03-31": "-41.80900", "2017-12-31": -404.8361, "2017-09-30": -236.123, "2017-06-30": -214.051, "2017-03-31": "17.75500", "2016-12-31": -323.3021, "2016-09-30": -9.315, "2016-06-30": -61.491, "2016-03-31": "-183.82200", "2015-12-31": -95.208, "2015-09-30": -69.083, "2015-06-30": 202.949, "2015-03-31": "164.57200", "2014-12-31": 276.028, "2014-09-30": 263.028, "2014-06-30": 267.694, "2014-03-31": "85.34300", "2013-12-31": -151.466, "2013-09-30": 278.9899, "2013-06-30": -37.022, "2013-03-31": "-443.20200", "2012-12-31": -284.872, "2012-09-30": -138.624, "2012-06-30": -128.955, "2012-03-31": "98.29500", "2011-12-31": 45.705, "2011-09-30": 94.891, "2011-06-30": 31.242, "2011-03-31": "324.43100", "2010-12-31": 159.32, "2010-09-30": 281.456, "2010-06-30": 618.885, "2010-03-31": "398.42600", "2009-12-31": 397.402, "2009-09-30": 28.474, "2009-06-30": 374.923, "2009-03-31": "658.39000", "2008-12-31": 403.706, "2008-09-30": -72.271, "2008-06-30": -195.414, "2008-03-31": "1359.21100", "2007-12-31": 141.1439, "2007-09-30": -750.625, "2007-06-30": -372.032, "2007-03-31": "92.50600", "2006-12-31": -648.957, "2006-09-30": 59.142, "2006-06-30": -534.601, "2006-03-31": "165.94700", "2005-12-31": -1126.412, "2005-09-30": -1162.2881, "2005-06-30": -553.1699, "2005-03-31": "263.20100"}, "Cash Flow From Investing Activities": {"2020-09-30": -2262.373, "2020-06-30": -9135.421, "2020-03-31": "-667.79600", "2019-12-31": 243.66, "2019-09-30": -1941.801, "2019-06-30": -1528.881, "2019-03-31": "-942.83000", "2018-12-31": 262.615, "2018-09-30": -561.365, "2018-06-30": -2017.449, "2018-03-31": "-2074.46800", "2017-12-31": -1158.879, "2017-09-30": -1431.099, "2017-06-30": -986.973, "2017-03-31": "-1774.78700", "2016-12-31": 12.359, "2016-09-30": -1604.733, "2016-06-30": -1502.901, "2016-03-31": "-359.25100", "2015-12-31": -360.58, "2015-09-30": 834.524, "2015-06-30": -755.243, "2015-03-31": "519.63800", "2014-12-31": 43.497, "2014-09-30": 560.593, "2014-06-30": 247.504, "2014-03-31": "-826.14200", "2013-12-31": 75.935, "2013-09-30": 684.028, "2013-06-30": 502.594, "2013-03-31": "-959.55800", "2012-12-31": -348.014, "2012-09-30": -93.867, "2012-06-30": 643.76, "2012-03-31": "34.76300", "2011-12-31": 377.608, "2011-09-30": 693.04, "2011-06-30": -23.925, "2011-03-31": "-147.53000", "2010-12-31": 1726.372, "2010-09-30": 2065.514, "2010-06-30": -279.017, "2010-03-31": "564.26500", "2009-12-31": 775.798, "2009-09-30": 378.443, "2009-06-30": 550.067, "2009-03-31": "950.09300", "2008-12-31": 207.755, "2008-09-30": 171.376, "2008-06-30": -173.562, "2008-03-31": "2474.62700", "2007-12-31": 720.039, "2007-09-30": -429.922, "2007-06-30": -289.156, "2007-03-31": "422.98600", "2006-12-31": 134.334, "2006-09-30": 1111.142, "2006-06-30": 209.597, "2006-03-31": "-160.50600", "2005-12-31": -1459.967, "2005-09-30": -854.51, "2005-06-30": -1389.109, "2005-03-31": "433.47900"}, "Net Long-Term Debt": {"2020-09-30": -0.561, "2020-06-30": -0.509, "2020-03-31": "-0.53800", "2019-12-31": -0.457, "2019-09-30": -0.432, "2019-06-30": -0.398, "2019-03-31": "-0.43900", "2018-12-31": 0, "2018-09-30": 0, "2018-06-30": 0, "2018-03-31": "", "2017-12-31": 0, "2017-09-30": 0, "2017-06-30": 0, "2017-03-31": "", "2016-12-31": 0, "2016-09-30": 0, "2016-06-30": 0, "2016-03-31": "", "2015-12-31": 0, "2015-09-30": 0, "2015-06-30": 0, "2015-03-31": "", "2014-12-31": 0, "2014-09-30": 0, "2014-06-30": 0, "2014-03-31": "", "2013-12-31": 0, "2013-09-30": 0, "2013-06-30": 0, "2013-03-31": "", "2012-12-31": 0, "2012-09-30": 0, "2012-06-30": 0, "2012-03-31": "", "2011-12-31": 0, "2011-09-30": 0, "2011-06-30": 0, "2011-03-31": "", "2010-12-31": 0, "2010-09-30": 0, "2010-06-30": 0, "2010-03-31": "", "2009-12-31": 0, "2009-09-30": 0, "2009-06-30": 0, "2009-03-31": "", "2008-12-31": 0, "2008-09-30": 0, "2008-06-30": 0, "2008-03-31": "", "2007-12-31": 0, "2007-09-30": 0, "2007-06-30": 0, "2007-03-31": "", "2006-12-31": 0, "2006-09-30": 0, "2006-06-30": 0, "2006-03-31": "", "2005-12-31": 0, "2005-09-30": 0, "2005-06-30": 0, "2005-03-31": ""}, "Net Current Debt": {"2020-09-30": 27.448, "2020-06-30": 42.432, "2020-03-31": "41.58800", "2019-12-31": -85.104, "2019-09-30": -273.666, "2019-06-30": 275.385, "2019-03-31": "-140.18400", "2018-12-31": -509.622, "2018-09-30": 92.674, "2018-06-30": -177.209, "2018-03-31": "106.45200", "2017-12-31": -124.107, "2017-09-30": 178.117, "2017-06-30": -25.995, "2017-03-31": "-62.11900", "2016-12-31": -310.033, "2016-09-30": -64.297, "2016-06-30": 78.232, "2016-03-31": "-76.39000", "2015-12-31": -327.822, "2015-09-30": -264.996, "2015-06-30": 135.315, "2015-03-31": "-660.71500", "2014-12-31": -370.799, "2014-09-30": -643.477, "2014-06-30": -101.056, "2014-03-31": "70.31200", "2013-12-31": -525.527, "2013-09-30": -539.594, "2013-06-30": -283.155, "2013-03-31": "530.52400", "2012-12-31": -594.303, "2012-09-30": 1038.087, "2012-06-30": -743.998, "2012-03-31": "407.89400", "2011-12-31": -1031.664, "2011-09-30": -831.7659, "2011-06-30": -588.7161, "2011-03-31": "-224.23800", "2010-12-31": -751.838, "2010-09-30": -2850.645, "2010-06-30": -160.367, "2010-03-31": "-249.97100", "2009-12-31": -177.352, "2009-09-30": -135.396, "2009-06-30": -723.288, "2009-03-31": "-632.79200", "2008-12-31": -1538.802, "2008-09-30": -1355.37, "2008-06-30": -396.218, "2008-03-31": "-1080.62700", "2007-12-31": -1457.423, "2007-09-30": -1091.604, "2007-06-30": -736.277, "2007-03-31": "-690.73400", "2006-12-31": -876.405, "2006-09-30": -1345.527, "2006-06-30": -111.699, "2006-03-31": "-1455.69400", "2005-12-31": 645.732, "2005-09-30": 1546.153, "2005-06-30": -519.29, "2005-03-31": "-520.94500"}, "Debt Issuance/Retirement Net - Total": {"2020-09-30": 26.887, "2020-06-30": 41.923, "2020-03-31": "41.05000", "2019-12-31": -85.561, "2019-09-30": -274.098, "2019-06-30": 274.987, "2019-03-31": "-140.62300", "2018-12-31": -509.622, "2018-09-30": 92.674, "2018-06-30": -177.209, "2018-03-31": "106.45200", "2017-12-31": -124.107, "2017-09-30": 178.117, "2017-06-30": -25.995, "2017-03-31": "-62.11900", "2016-12-31": -310.033, "2016-09-30": -64.297, "2016-06-30": 78.232, "2016-03-31": "-76.39000", "2015-12-31": -327.822, "2015-09-30": -264.996, "2015-06-30": 135.315, "2015-03-31": "-660.71500", "2014-12-31": -370.799, "2014-09-30": -643.477, "2014-06-30": -101.056, "2014-03-31": "70.31200", "2013-12-31": -525.527, "2013-09-30": -539.594, "2013-06-30": -283.155, "2013-03-31": "530.52400", "2012-12-31": -594.303, "2012-09-30": 1038.087, "2012-06-30": -743.998, "2012-03-31": "407.89400", "2011-12-31": -1031.664, "2011-09-30": -831.7659, "2011-06-30": -588.7161, "2011-03-31": "-224.23800", "2010-12-31": -751.838, "2010-09-30": -2850.645, "2010-06-30": -160.367, "2010-03-31": "-249.97100", "2009-12-31": -177.352, "2009-09-30": -135.396, "2009-06-30": -723.288, "2009-03-31": "-632.79200", "2008-12-31": -1538.802, "2008-09-30": -1355.37, "2008-06-30": -396.218, "2008-03-31": "-1080.62700", "2007-12-31": -1457.423, "2007-09-30": -1091.604, "2007-06-30": -736.277, "2007-03-31": "-690.73400", "2006-12-31": -876.405, "2006-09-30": -1345.527, "2006-06-30": -111.699, "2006-03-31": "-1455.69400", "2005-12-31": 645.732, "2005-09-30": 1546.153, "2005-06-30": -519.29, "2005-03-31": "-520.94500"}, "Net Common Equity Issued/Repurchased": {"2020-09-30": 1.303, "2020-06-30": 2.556, "2020-03-31": "-496.25300", "2019-12-31": 2.189, "2019-09-30": 1.709, "2019-06-30": 1.578, "2019-03-31": "-247.33800", "2018-12-31": -3.522, "2018-09-30": -123.022, "2018-06-30": 4.029, "2018-03-31": "4.51900", "2017-12-31": 1.499, "2017-09-30": 1.688, "2017-06-30": 1.963, "2017-03-31": "-73.79800", "2016-12-31": 2.703, "2016-09-30": 0.699, "2016-06-30": 1.44, "2016-03-31": "2.03200", "2015-12-31": 2.78, "2015-09-30": 1.584, "2015-06-30": 0.541, "2015-03-31": "0.30000", "2014-12-31": 0.887, "2014-09-30": -3.916, "2014-06-30": 0.538, "2014-03-31": "1.64900", "2013-12-31": 1.904, "2013-09-30": 1.612, "2013-06-30": 1.387, "2013-03-31": "1.52000", "2012-12-31": 1.44, "2012-09-30": 4.342, "2012-06-30": 1.114, "2012-03-31": "2.05600", "2011-12-31": 2.231, "2011-09-30": 1.127, "2011-06-30": 1.635, "2011-03-31": "2.21400", "2010-12-31": -0.334, "2010-09-30": -0.154, "2010-06-30": 1101.856, "2010-03-31": "-0.00100", "2009-12-31": -0.004, "2009-09-30": 0, "2009-06-30": -0.012, "2009-03-31": "-0.00100", "2008-12-31": 2.535, "2008-09-30": 5.054, "2008-06-30": 4.832, "2008-03-31": "4.93000", "2007-12-31": 5.405, "2007-09-30": 4.169, "2007-06-30": 3.963, "2007-03-31": "4.35200", "2006-12-31": 3.584, "2006-09-30": 4.602, "2006-06-30": 4.31, "2006-03-31": "42.98300", "2005-12-31": 179.538, "2005-09-30": 4.742, "2005-06-30": 2.994, "2005-03-31": "4.93800"}, "Net Total Equity Issued/Repurchased": {"2020-09-30": 1.3031, "2020-06-30": 2.5559, "2020-03-31": "-524.27000", "2019-12-31": 2.189, "2019-09-30": 1.709, "2019-06-30": 1.578, "2019-03-31": "-247.33800", "2018-12-31": -3.522, "2018-09-30": -123.022, "2018-06-30": 4.029, "2018-03-31": "4.51900", "2017-12-31": 1.499, "2017-09-30": 1.688, "2017-06-30": 1.963, "2017-03-31": "-73.79800", "2016-12-31": 2.703, "2016-09-30": 0.699, "2016-06-30": 1.44, "2016-03-31": "2.03200", "2015-12-31": 2.78, "2015-09-30": 1.584, "2015-06-30": 0.541, "2015-03-31": "0.30000", "2014-12-31": 0.887, "2014-09-30": -3.916, "2014-06-30": 0.538, "2014-03-31": "1.64900", "2013-12-31": 1.904, "2013-09-30": 1.612, "2013-06-30": 1.387, "2013-03-31": "1.52000", "2012-12-31": 1.44, "2012-09-30": 4.342, "2012-06-30": 1.114, "2012-03-31": "2.05600", "2011-12-31": 2.231, "2011-09-30": 1.127, "2011-06-30": 1.635, "2011-03-31": "2.21400", "2010-12-31": -0.334, "2010-09-30": -0.154, "2010-06-30": 1101.856, "2010-03-31": "-0.00100", "2009-12-31": -0.004, "2009-09-30": 0, "2009-06-30": -0.012, "2009-03-31": "-0.00100", "2008-12-31": 937.535, "2008-09-30": 4.939, "2008-06-30": 394.882, "2008-03-31": "4.93000", "2007-12-31": 5.405, "2007-09-30": 4.169, "2007-06-30": 3.963, "2007-03-31": "4.35200", "2006-12-31": 3.584, "2006-09-30": 4.602, "2006-06-30": 4.31, "2006-03-31": "42.98300", "2005-12-31": 179.538, "2005-09-30": 4.742, "2005-06-30": 2.994, "2005-03-31": "4.93800"}, "Total Common And Preferred Stock Dividends Paid": {"2020-09-30": -34.016, "2020-06-30": -35.858, "2020-03-31": "-29.72600", "2019-12-31": -29.947, "2019-09-30": -30.232, "2019-06-30": -29.918, "2019-03-31": "-25.71300", "2018-12-31": -26.326, "2018-09-30": -26.498, "2018-06-30": -26.479, "2018-03-31": "-26.13800", "2017-12-31": -26.748, "2017-09-30": -26.117, "2017-06-30": -26.546, "2017-03-31": "-16.49900", "2016-12-31": -16.494, "2016-09-30": -16.485, "2016-06-30": -16.48, "2016-03-31": "-16.47300", "2015-12-31": -16.465, "2015-09-30": -0.931, "2015-06-30": -1.241, "2015-03-31": "-0.62000", "2014-12-31": -0.931, "2014-09-30": -0.93, "2014-06-30": -0.931, "2014-03-31": "-0.93100", "2013-12-31": -0.931, "2013-09-30": -1.241, "2013-06-30": -0.931, "2013-03-31": "-0.62000", "2012-12-31": -1.241, "2012-09-30": -0.931, "2012-06-30": -0.931, "2012-03-31": "-0.62000", "2011-12-31": -0.931, "2011-09-30": -0.931, "2011-06-30": -0.931, "2011-03-31": "-0.93000", "2010-12-31": -0.31, "2010-09-30": 0, "2010-06-30": 0, "2010-03-31": "", "2009-12-31": 0, "2009-09-30": 0, "2009-06-30": -28.557, "2009-03-31": "-42.88100", "2008-12-31": -33.767, "2008-09-30": -56.192, "2008-06-30": -50.897, "2008-03-31": "-47.78800", "2007-12-31": -47.719, "2007-09-30": -47.675, "2007-06-30": -47.632, "2007-03-31": "-47.59100", "2006-12-31": -47.556, "2006-09-30": -47.516, "2006-06-30": -47.481, "2006-03-31": "-45.76800", "2005-12-31": -45.737, "2005-09-30": -45.705, "2005-06-30": -45.673, "2005-03-31": "-45.63600"}, "Financial Activities - Other": {"2020-09-30": 2214.16, "2020-06-30": 9002.058, "2020-03-31": "1044.76200", "2019-12-31": -410.51, "2019-09-30": 2153.207, "2019-06-30": 1128.926, "2019-03-31": "1166.90100", "2018-12-31": 53.274, "2018-09-30": 356.793, "2018-06-30": 2158.055, "2018-03-31": "1676.80600", "2017-12-31": 1202.738, "2017-09-30": 1125.497, "2017-06-30": 908.875, "2017-03-31": "1715.23900", "2016-12-31": 165.131, "2016-09-30": 1590.814, "2016-06-30": 1210.99, "2016-03-31": "317.87000", "2015-12-31": 495.819, "2015-09-30": -1035.231, "2015-06-30": 479.881, "2015-03-31": "265.90600", "2014-12-31": 321.279, "2014-09-30": -464.979, "2014-06-30": -307.257, "2014-03-31": "559.97200", "2013-12-31": 319.023, "2013-09-30": -382.477, "2013-06-30": -256.155, "2013-03-31": "-3.79500", "2012-12-31": 655.038, "2012-09-30": -1096.126, "2012-06-30": 217.398, "2012-03-31": "-745.90600", "2011-12-31": -12.709, "2011-09-30": -5.6, "2011-06-30": 764.747, "2011-03-31": "433.50500", "2010-12-31": -953.272, "2010-09-30": 602.005, "2010-06-30": -637.627, "2010-03-31": "-564.59200", "2009-12-31": -458.952, "2009-09-30": -558.004, "2009-06-30": -236.992, "2009-03-31": "-396.73000", "2008-12-31": -353.276, "2008-09-30": 797.611, "2008-06-30": 148.447, "2008-03-31": "-1346.95900", "2007-12-31": 738.856, "2007-09-30": 1213.858, "2007-06-30": 638.938, "2007-03-31": "297.87200", "2006-12-31": 1295.571, "2006-09-30": -317.408, "2006-06-30": 42.022, "2006-03-31": "769.47700", "2005-12-31": 58.655, "2005-09-30": -442.053, "2005-06-30": 1289.49, "2005-03-31": "465.57600"}, "Cash Flow From Financial Activities": {"2020-09-30": 2208.335, "2020-06-30": 9010.679, "2020-03-31": "531.81600", "2019-12-31": -523.829, "2019-09-30": 1850.586, "2019-06-30": 1375.573, "2019-03-31": "753.22700", "2018-12-31": -486.196, "2018-09-30": 299.947, "2018-06-30": 1958.396, "2018-03-31": "1761.63900", "2017-12-31": 1053.382, "2017-09-30": 1279.185, "2017-06-30": 858.297, "2017-03-31": "1562.82300", "2016-12-31": -158.693, "2016-09-30": 1510.731, "2016-06-30": 1274.182, "2016-03-31": "227.03900", "2015-12-31": 154.312, "2015-09-30": -1299.574, "2015-06-30": 614.496, "2015-03-31": "-395.12900", "2014-12-31": -49.564, "2014-09-30": -1113.302, "2014-06-30": -408.706, "2014-03-31": "631.00200", "2013-12-31": -205.531, "2013-09-30": -921.7, "2013-06-30": -538.854, "2013-03-31": "527.62900", "2012-12-31": 60.934, "2012-09-30": -54.628, "2012-06-30": -526.417, "2012-03-31": "-336.57600", "2011-12-31": -1043.073, "2011-09-30": -837.17, "2011-06-30": 176.735, "2011-03-31": "210.55100", "2010-12-31": -1705.754, "2010-09-30": -2248.794, "2010-06-30": 303.862, "2010-03-31": "-814.56400", "2009-12-31": -636.308, "2009-09-30": -693.4, "2009-06-30": -988.849, "2009-03-31": "-1072.40400", "2008-12-31": -988.31, "2008-09-30": -609.012, "2008-06-30": 96.214, "2008-03-31": "-2470.44400", "2007-12-31": -760.881, "2007-09-30": 78.748, "2007-06-30": -141.008, "2007-03-31": "-436.10100", "2006-12-31": 375.194, "2006-09-30": -1705.849, "2006-06-30": -112.848, "2006-03-31": "-689.00200", "2005-12-31": 838.188, "2005-09-30": 1063.137, "2005-06-30": 727.521, "2005-03-31": "-96.06700"}, "Net Cash Flow": {"2020-09-30": 130.023, "2020-06-30": -10.197, "2020-03-31": "56.99900", "2019-12-31": -113.65, "2019-09-30": 108.291, "2019-06-30": 13.939, "2019-03-31": "-17.50800", "2018-12-31": -8.932, "2018-09-30": 0.294, "2018-06-30": 122.008, "2018-03-31": "-122.74800", "2017-12-31": -113.752, "2017-09-30": 111.925, "2017-06-30": 65.507, "2017-03-31": "-25.24700", "2016-12-31": 8.435, "2016-09-30": -14.763, "2016-06-30": -44.315, "2016-03-31": "45.94900", "2015-12-31": 43.119, "2015-09-30": -236.693, "2015-06-30": 61.472, "2015-03-31": "114.68100", "2014-12-31": 49.681, "2014-09-30": -50.081, "2014-06-30": -6.422, "2014-03-31": "-35.29400", "2013-12-31": 54.621, "2013-09-30": -19.451, "2013-06-30": 145.751, "2013-03-31": "-197.07300", "2012-12-31": -37.979, "2012-09-30": -37.996, "2012-06-30": 42.532, "2012-03-31": "-62.47600", "2011-12-31": -31.859, "2011-09-30": -20.824, "2011-06-30": 123.41, "2011-03-31": "12.18200", "2010-12-31": -128.438, "2010-09-30": -163.958, "2010-06-30": 152.594, "2010-03-31": "-85.15500", "2009-12-31": 70.469, "2009-09-30": -54.991, "2009-06-30": -41.631, "2009-03-31": "-81.50400", "2008-12-31": -399.01, "2008-09-30": 296.378, "2008-06-30": 105.121, "2008-03-31": "-36.32700", "2007-12-31": 109.769, "2007-09-30": -53.029, "2007-06-30": 8.535, "2007-03-31": "-196.60800", "2006-12-31": 213.489, "2006-09-30": -112.223, "2006-06-30": -11.714, "2006-03-31": "-45.79100", "2005-12-31": 17.252, "2005-09-30": -46.874, "2005-06-30": 123.538, "2005-03-31": "96.02200"}, "Stock-Based Compensation": {"2020-09-30": 1.144, "2020-06-30": 1.833, "2020-03-31": "5.33100", "2019-12-31": 0.885, "2019-09-30": 1.01, "2019-06-30": 3.478, "2019-03-31": "6.93000", "2018-12-31": 4.559, "2018-09-30": 0.517, "2018-06-30": 2.333, "2018-03-31": "3.11200", "2017-12-31": 0, "2017-09-30": 0, "2017-06-30": 0, "2017-03-31": "", "2016-12-31": 0, "2016-09-30": 0, "2016-06-30": 0, "2016-03-31": "", "2015-12-31": 0, "2015-09-30": 0, "2015-06-30": 0, "2015-03-31": "", "2014-12-31": 0, "2014-09-30": 0, "2014-06-30": 0, "2014-03-31": "", "2013-12-31": 0, "2013-09-30": 0, "2013-06-30": 0, "2013-03-31": "", "2012-12-31": 0, "2012-09-30": 0, "2012-06-30": 0, "2012-03-31": "", "2011-12-31": 0, "2011-09-30": 0, "2011-06-30": 0, "2011-03-31": "", "2010-12-31": 0, "2010-09-30": 0, "2010-06-30": 0, "2010-03-31": "", "2009-12-31": 0.04, "2009-09-30": 0.117, "2009-06-30": -0.087, "2009-03-31": "0.13200", "2008-12-31": 0.269, "2008-09-30": 0.271, "2008-06-30": 0.275, "2008-03-31": "0.28400", "2007-12-31": 0.424, "2007-09-30": 0.432, "2007-06-30": 0.417, "2007-03-31": "0.49000", "2006-12-31": 0.698, "2006-09-30": 0.723, "2006-06-30": 0.785, "2006-03-31": "0.80000", "2005-12-31": 2.256, "2005-09-30": 1.309, "2005-06-30": 0.915, "2005-03-31": "0.74600"}, "Common Stock Dividends Paid": {"2020-09-30": -34.016, "2020-06-30": -35.858, "2020-03-31": "-29.72600", "2019-12-31": -29.947, "2019-09-30": -30.232, "2019-06-30": -29.918, "2019-03-31": "-25.71300", "2018-12-31": -26.326, "2018-09-30": -26.498, "2018-06-30": -26.479, "2018-03-31": "-26.13800", "2017-12-31": -26.748, "2017-09-30": -26.117, "2017-06-30": -26.546, "2017-03-31": "-16.49900", "2016-12-31": -16.494, "2016-09-30": -16.485, "2016-06-30": -16.48, "2016-03-31": "-16.47300", "2015-12-31": -16.465, "2015-09-30": -0.931, "2015-06-30": -1.241, "2015-03-31": "-0.62000", "2014-12-31": -0.931, "2014-09-30": -0.93, "2014-06-30": -0.931, "2014-03-31": "-0.93100", "2013-12-31": -0.931, "2013-09-30": -1.241, "2013-06-30": -0.931, "2013-03-31": "-0.62000", "2012-12-31": -1.241, "2012-09-30": -0.931, "2012-06-30": -0.931, "2012-03-31": "-0.62000", "2011-12-31": -0.931, "2011-09-30": -0.931, "2011-06-30": -0.931, "2011-03-31": "-0.93000", "2010-12-31": -0.31, "2010-09-30": 0, "2010-06-30": 0, "2010-03-31": "0.00000", "2009-12-31": 0, "2009-09-30": 0, "2009-06-30": -28.557, "2009-03-31": "-42.88100", "2008-12-31": -33.767, "2008-09-30": -56.192, "2008-06-30": -50.897, "2008-03-31": "-47.78800", "2007-12-31": -47.719, "2007-09-30": -47.675, "2007-06-30": -47.632, "2007-03-31": "-47.59100", "2006-12-31": -47.556, "2006-09-30": -47.516, "2006-06-30": -47.481, "2006-03-31": "-45.76800", "2005-12-31": -45.737, "2005-09-30": -45.705, "2005-06-30": -45.673, "2005-03-31": "-45.63600"}}, "financial ratios": {"Current Ratio": {"2019-12-31": "", "2018-12-31": "", "2017-12-31": "", "2016-12-31": "", "2015-12-31": "", "2014-12-31": "", "2013-12-31": "", "2012-12-31": "", "2011-12-31": "", "2010-12-31": "", "2009-12-31": "", "2008-12-31": "", "2007-12-31": "", "2006-12-31": "", "2005-12-31": ""}, "Long-term Debt / Capital": {"2019-12-31": "", "2018-12-31": "", "2017-12-31": "", "2016-12-31": "", "2015-12-31": "", "2014-12-31": "", "2013-12-31": "", "2012-12-31": "", "2011-12-31": "", "2010-12-31": "", "2009-12-31": "", "2008-12-31": "", "2007-12-31": "", "2006-12-31": "", "2005-12-31": ""}, "Debt/Equity Ratio": {"2019-12-31": "0.21520", "2018-12-31": "0.28290", "2017-12-31": "0.39650", "2016-12-31": "0.39540", "2015-12-31": "0.47520", "2014-12-31": "0.70410", "2013-12-31": "0.78800", "2012-12-31": "1.07800", "2011-12-31": "1.09570", "2010-12-31": "1.82790", "2009-12-31": "2.08320", "2008-12-31": "2.12440", "2007-12-31": "3.22750", "2006-12-31": "5.11940", "2005-12-31": "6.17420"}, "Gross Margin": {"2019-12-31": "", "2018-12-31": "", "2017-12-31": "", "2016-12-31": "", "2015-12-31": "", "2014-12-31": "", "2013-12-31": "", "2012-12-31": "", "2011-12-31": "", "2010-12-31": "", "2009-12-31": "", "2008-12-31": "", "2007-12-31": "", "2006-12-31": "", "2005-12-31": ""}, "Operating Margin": {"2019-12-31": "", "2018-12-31": "", "2017-12-31": "", "2016-12-31": "", "2015-12-31": "", "2014-12-31": "", "2013-12-31": "", "2012-12-31": "", "2011-12-31": "", "2010-12-31": "", "2009-12-31": "", "2008-12-31": "", "2007-12-31": "", "2006-12-31": "", "2005-12-31": ""}, "EBIT Margin": {"2019-12-31": "", "2018-12-31": "", "2017-12-31": "", "2016-12-31": "", "2015-12-31": "", "2014-12-31": "", "2013-12-31": "", "2012-12-31": "", "2011-12-31": "", "2010-12-31": "", "2009-12-31": "", "2008-12-31": "", "2007-12-31": "", "2006-12-31": "", "2005-12-31": ""}, "EBITDA Margin": {"2019-12-31": "", "2018-12-31": "", "2017-12-31": "", "2016-12-31": "", "2015-12-31": "", "2014-12-31": "", "2013-12-31": "", "2012-12-31": "", "2011-12-31": "", "2010-12-31": "", "2009-12-31": "", "2008-12-31": "", "2007-12-31": "", "2006-12-31": "", "2005-12-31": ""}, "Pre-Tax Profit Margin": {"2019-12-31": "35.64410", "2018-12-31": "34.16560", "2017-12-31": "21.21390", "2016-12-31": "18.99000", "2015-12-31": "23.64040", "2014-12-31": "-12.45760", "2013-12-31": "20.10430", "2012-12-31": "12.96910", "2011-12-31": "17.92880", "2010-12-31": "15.63360", "2009-12-31": "-94.98300", "2008-12-31": "-19.58630", "2007-12-31": "15.92220", "2006-12-31": "30.44340", "2005-12-31": "34.05850"}, "Net Profit Margin": {"2019-12-31": "29.07100", "2018-12-31": "28.45530", "2017-12-31": "6.51490", "2016-12-31": "13.74010", "2015-12-31": "52.85100", "2014-12-31": "-29.88480", "2013-12-31": "38.94160", "2012-12-31": "17.30260", "2011-12-31": "9.93920", "2010-12-31": "-3.47360", "2009-12-31": "-96.95450", "2008-12-31": "-114.43970", "2007-12-31": "-4.15670", "2006-12-31": "18.81520", "2005-12-31": "26.25290"}, "Asset Turnover": {"2019-12-31": "0.04410", "2018-12-31": "0.04540", "2017-12-31": "0.03600", "2016-12-31": "0.04010", "2015-12-31": "0.04720", "2014-12-31": "0.03210", "2013-12-31": "0.04280", "2012-12-31": "0.03820", "2011-12-31": "0.03980", "2010-12-31": "0.04050", "2009-12-31": "0.01700", "2008-12-31": "0.02870", "2007-12-31": "0.04140", "2006-12-31": "0.03880", "2005-12-31": "0.04140"}, "Inventory Turnover Ratio": {"2019-12-31": "", "2018-12-31": "", "2017-12-31": "", "2016-12-31": "", "2015-12-31": "", "2014-12-31": "", "2013-12-31": "", "2012-12-31": "", "2011-12-31": "", "2010-12-31": "", "2009-12-31": "", "2008-12-31": "", "2007-12-31": "", "2006-12-31": "", "2005-12-31": ""}, "Receiveable Turnover": {"2019-12-31": "", "2018-12-31": "", "2017-12-31": "", "2016-12-31": "", "2015-12-31": "", "2014-12-31": "", "2013-12-31": "", "2012-12-31": "", "2011-12-31": "", "2010-12-31": "", "2009-12-31": "", "2008-12-31": "", "2007-12-31": "", "2006-12-31": "", "2005-12-31": ""}, "Days Sales In Receivables": {"2019-12-31": "", "2018-12-31": "", "2017-12-31": "", "2016-12-31": "", "2015-12-31": "", "2014-12-31": "", "2013-12-31": "", "2012-12-31": "", "2011-12-31": "", "2010-12-31": "", "2009-12-31": "", "2008-12-31": "", "2007-12-31": "", "2006-12-31": "", "2005-12-31": ""}, "ROE - Return On Equity": {"2019-12-31": "11.24820", "2018-12-31": "11.47950", "2017-12-31": "2.13070", "2016-12-31": "4.18730", "2015-12-31": "17.68480", "2014-12-31": "-4.51740", "2013-12-31": "12.21200", "2012-12-31": "5.11000", "2011-12-31": "3.91160", "2010-12-31": "3.66370", "2009-12-31": "-22.25890", "2008-12-31": "-38.12490", "2007-12-31": "5.96490", "2006-12-31": "12.22560", "2005-12-31": "16.46330"}, "Return On Tangible Equity": {"2019-12-31": "12.99150", "2018-12-31": "13.53440", "2017-12-31": "2.52010", "2016-12-31": "4.97970", "2015-12-31": "21.23800", "2014-12-31": "-5.26940", "2013-12-31": "14.81430", "2012-12-31": "6.37640", "2011-12-31": "4.95320", "2010-12-31": "4.69340", "2009-12-31": "-32.18910", "2008-12-31": "-28.01320", "2007-12-31": "7.54230", "2006-12-31": "15.66320", "2005-12-31": "20.00330"}, "ROA - Return On Assets": {"2019-12-31": "1.28780", "2018-12-31": "1.29850", "2017-12-31": "0.24320", "2016-12-31": "0.55750", "2015-12-31": "2.49990", "2014-12-31": "-0.57560", "2013-12-31": "1.56320", "2012-12-31": "0.56830", "2011-12-31": "0.40520", "2010-12-31": "0.35400", "2009-12-31": "-1.59470", "2008-12-31": "-1.75010", "2007-12-31": "0.45600", "2006-12-31": "0.88550", "2005-12-31": "1.10460"}, "ROI - Return On Investment": {"2019-12-31": "11.15440", "2018-12-31": "11.37350", "2017-12-31": "2.10980", "2016-12-31": "4.14690", "2015-12-31": "17.51110", "2014-12-31": "-4.46430", "2013-12-31": "12.07960", "2012-12-31": "5.04760", "2011-12-31": "3.86160", "2010-12-31": "3.61530", "2009-12-31": "-21.81910", "2008-12-31": "-20.81980", "2007-12-31": "5.65370", "2006-12-31": "11.59460", "2005-12-31": "15.57140"}, "Book Value Per Share": {"2019-12-31": "62.94360", "2018-12-31": "54.38160", "2017-12-31": "50.00450", "2016-12-31": "50.08100", "2015-12-31": "49.27020", "2014-12-31": "41.23990", "2013-12-31": "44.74120", "2012-12-31": "39.83720", "2011-12-31": "38.19820", "2010-12-31": "37.16070", "2009-12-31": "39.69760", "2008-12-31": "115.89740", "2007-12-31": "127.91110", "2006-12-31": "129.88060", "2005-12-31": "124.99310"}, "Operating Cash Flow Per Share": {"2019-12-31": -1.0935, "2018-12-31": 2.1282, "2017-12-31": 0.4665, "2016-12-31": -0.7275, "2015-12-31": -1.9899, "2014-12-31": 0.5385, "2013-12-31": 2.8439, "2012-12-31": -1.5095, "2011-12-31": 4.772, "2010-12-31": -13.5623, "2009-12-31": -29.3334, "2008-12-31": 19.5573, "2007-12-31": -6.0265, "2006-12-31": -3.4708, "2005-12-31": 34.679}, "Free Cash Flow Per Share": {"2019-12-31": -0.9774, "2018-12-31": 1.9426, "2017-12-31": 0.832, "2016-12-31": -1.1292, "2015-12-31": -2.1156, "2014-12-31": 0.458, "2013-12-31": 2.9091, "2012-12-31": -1.5079, "2011-12-31": 5.0207, "2010-12-31": -13.4341, "2009-12-31": -26.9909, "2008-12-31": 17.976, "2007-12-31": -6.9093, "2006-12-31": -0.7795, "2005-12-31": 31.3892}}, "financial ratios, quarterly": {"Current Ratio": {"2020-09-30": "", "2020-06-30": "", "2020-03-31": "", "2019-12-31": "", "2019-09-30": "", "2019-06-30": "", "2019-03-31": "", "2018-12-31": "", "2018-09-30": "", "2018-06-30": "", "2018-03-31": "", "2017-12-31": "", "2017-09-30": "", "2017-06-30": "", "2017-03-31": "", "2016-12-31": "", "2016-09-30": "", "2016-06-30": "", "2016-03-31": "", "2015-12-31": "", "2015-09-30": "", "2015-06-30": "", "2015-03-31": "", "2014-12-31": "", "2014-09-30": "", "2014-06-30": "", "2014-03-31": "", "2013-12-31": "", "2013-09-30": "", "2013-06-30": "", "2013-03-31": "", "2012-12-31": "", "2012-09-30": "", "2012-06-30": "", "2012-03-31": "", "2011-12-31": "", "2011-09-30": "", "2011-06-30": "", "2011-03-31": "", "2010-12-31": "", "2010-09-30": "", "2010-06-30": "", "2010-03-31": "", "2009-12-31": "", "2009-09-30": "", "2009-06-30": "", "2009-03-31": "", "2008-12-31": "", "2008-09-30": "", "2008-06-30": "", "2008-03-31": "", "2007-12-31": "", "2007-09-30": "", "2007-06-30": "", "2007-03-31": "", "2006-12-31": "", "2006-09-30": "", "2006-06-30": "", "2006-03-31": "", "2005-12-31": "", "2005-09-30": "", "2005-06-30": "", "2005-03-31": ""}, "Long-term Debt / Capital": {"2020-09-30": "", "2020-06-30": "", "2020-03-31": "", "2019-12-31": "", "2019-09-30": "", "2019-06-30": "", "2019-03-31": "", "2018-12-31": "", "2018-09-30": "", "2018-06-30": "", "2018-03-31": "", "2017-12-31": "", "2017-09-30": "", "2017-06-30": "", "2017-03-31": "", "2016-12-31": "", "2016-09-30": "", "2016-06-30": "", "2016-03-31": "", "2015-12-31": "", "2015-09-30": "", "2015-06-30": "", "2015-03-31": "", "2014-12-31": "", "2014-09-30": "", "2014-06-30": "", "2014-03-31": "", "2013-12-31": "", "2013-09-30": "", "2013-06-30": "", "2013-03-31": "", "2012-12-31": "", "2012-09-30": "", "2012-06-30": "", "2012-03-31": "", "2011-12-31": "", "2011-09-30": "", "2011-06-30": "", "2011-03-31": "", "2010-12-31": "", "2010-09-30": "", "2010-06-30": "", "2010-03-31": "", "2009-12-31": "", "2009-09-30": "", "2009-06-30": "", "2009-03-31": "", "2008-12-31": "", "2008-09-30": "", "2008-06-30": "", "2008-03-31": "", "2007-12-31": "", "2007-09-30": "", "2007-06-30": "", "2007-03-31": "", "2006-12-31": "", "2006-09-30": "", "2006-06-30": "", "2006-03-31": "", "2005-12-31": "", "2005-09-30": "0.03740", "2005-06-30": "0.03680", "2005-03-31": "0.03920"}, "Debt/Equity Ratio": {"2020-09-30": "0.23810", "2020-06-30": "0.23170", "2020-03-31": "0.23580", "2019-12-31": "0.21520", "2019-09-30": "0.23350", "2019-06-30": "0.28050", "2019-03-31": "0.25320", "2018-12-31": "0.28290", "2018-09-30": "0.39010", "2018-06-30": "0.35350", "2018-03-31": "0.42060", "2017-12-31": "0.39650", "2017-09-30": "0.40620", "2017-06-30": "0.37290", "2017-03-31": "0.38420", "2016-12-31": "0.39540", "2016-09-30": "0.43960", "2016-06-30": "0.45310", "2016-03-31": "0.44760", "2015-12-31": "0.47520", "2015-09-30": "0.54690", "2015-06-30": "0.61150", "2015-03-31": "0.66050", "2014-12-31": "0.70410", "2014-09-30": "0.78530", "2014-06-30": "1.04820", "2014-03-31": "0.78300", "2013-12-31": "0.78800", "2013-09-30": "0.94770", "2013-06-30": "1.11910", "2013-03-31": "1.25140", "2012-12-31": "1.07800", "2012-09-30": "1.23300", "2012-06-30": "0.90030", "2012-03-31": "1.18690", "2011-12-31": "1.09570", "2011-09-30": "1.32550", "2011-06-30": "1.55020", "2011-03-31": "1.76820", "2010-12-31": "1.82790", "2010-09-30": "1.86760", "2010-06-30": "2.91770", "2010-03-31": "2.02790", "2009-12-31": "2.08320", "2009-09-30": "1.99120", "2009-06-30": "1.92680", "2009-03-31": "2.01490", "2008-12-31": "2.12440", "2008-09-30": "2.81950", "2008-06-30": "2.69840", "2008-03-31": "2.99340", "2007-12-31": "3.22750", "2007-09-30": "4.21090", "2007-06-30": "4.62760", "2007-03-31": "4.77560", "2006-12-31": "5.11940", "2006-09-30": "5.34560", "2006-06-30": "6.00130", "2006-03-31": "5.99100", "2005-12-31": "6.17420", "2005-09-30": "6.39960", "2005-06-30": "5.83290", "2005-03-31": "6.39360"}, "Gross Margin": {"2020-09-30": "", "2020-06-30": "", "2020-03-31": "", "2019-12-31": "", "2019-09-30": "", "2019-06-30": "", "2019-03-31": "", "2018-12-31": "", "2018-09-30": "", "2018-06-30": "", "2018-03-31": "", "2017-12-31": "", "2017-09-30": "", "2017-06-30": "", "2017-03-31": "", "2016-12-31": "", "2016-09-30": "", "2016-06-30": "", "2016-03-31": "", "2015-12-31": "", "2015-09-30": "", "2015-06-30": "", "2015-03-31": "", "2014-12-31": "", "2014-09-30": "", "2014-06-30": "", "2014-03-31": "", "2013-12-31": "", "2013-09-30": "", "2013-06-30": "", "2013-03-31": "", "2012-12-31": "", "2012-09-30": "", "2012-06-30": "", "2012-03-31": "", "2011-12-31": "", "2011-09-30": "", "2011-06-30": "", "2011-03-31": "", "2010-12-31": "", "2010-09-30": "", "2010-06-30": "", "2010-03-31": "", "2009-12-31": "", "2009-09-30": "", "2009-06-30": "", "2009-03-31": "", "2008-12-31": "", "2008-09-30": "", "2008-06-30": "", "2008-03-31": "", "2007-12-31": "", "2007-09-30": "", "2007-06-30": "", "2007-03-31": "", "2006-12-31": "", "2006-09-30": "", "2006-06-30": "", "2006-03-31": "", "2005-12-31": "", "2005-09-30": "", "2005-06-30": "", "2005-03-31": ""}, "Operating Margin": {"2020-09-30": "", "2020-06-30": "", "2020-03-31": "", "2019-12-31": "", "2019-09-30": "", "2019-06-30": "", "2019-03-31": "", "2018-12-31": "", "2018-09-30": "", "2018-06-30": "", "2018-03-31": "", "2017-12-31": "", "2017-09-30": "", "2017-06-30": "", "2017-03-31": "", "2016-12-31": "", "2016-09-30": "", "2016-06-30": "", "2016-03-31": "", "2015-12-31": "", "2015-09-30": "", "2015-06-30": "", "2015-03-31": "", "2014-12-31": "", "2014-09-30": "", "2014-06-30": "", "2014-03-31": "", "2013-12-31": "", "2013-09-30": "", "2013-06-30": "", "2013-03-31": "", "2012-12-31": "", "2012-09-30": "", "2012-06-30": "", "2012-03-31": "", "2011-12-31": "", "2011-09-30": "", "2011-06-30": "", "2011-03-31": "", "2010-12-31": "", "2010-09-30": "", "2010-06-30": "", "2010-03-31": "", "2009-12-31": "", "2009-09-30": "", "2009-06-30": "", "2009-03-31": "", "2008-12-31": "", "2008-09-30": "", "2008-06-30": "", "2008-03-31": "", "2007-12-31": "", "2007-09-30": "", "2007-06-30": "", "2007-03-31": "", "2006-12-31": "", "2006-09-30": "", "2006-06-30": "", "2006-03-31": "", "2005-12-31": "", "2005-09-30": "", "2005-06-30": "", "2005-03-31": ""}, "EBIT Margin": {"2020-09-30": "", "2020-06-30": "", "2020-03-31": "", "2019-12-31": "", "2019-09-30": "", "2019-06-30": "", "2019-03-31": "", "2018-12-31": "", "2018-09-30": "", "2018-06-30": "", "2018-03-31": "", "2017-12-31": "", "2017-09-30": "", "2017-06-30": "", "2017-03-31": "", "2016-12-31": "", "2016-09-30": "", "2016-06-30": "", "2016-03-31": "", "2015-12-31": "", "2015-09-30": "", "2015-06-30": "", "2015-03-31": "", "2014-12-31": "", "2014-09-30": "", "2014-06-30": "", "2014-03-31": "", "2013-12-31": "", "2013-09-30": "", "2013-06-30": "", "2013-03-31": "", "2012-12-31": "", "2012-09-30": "", "2012-06-30": "", "2012-03-31": "", "2011-12-31": "", "2011-09-30": "", "2011-06-30": "", "2011-03-31": "", "2010-12-31": "", "2010-09-30": "", "2010-06-30": "", "2010-03-31": "", "2009-12-31": "", "2009-09-30": "", "2009-06-30": "", "2009-03-31": "", "2008-12-31": "", "2008-09-30": "", "2008-06-30": "", "2008-03-31": "", "2007-12-31": "", "2007-09-30": "", "2007-06-30": "", "2007-03-31": "", "2006-12-31": "", "2006-09-30": "", "2006-06-30": "", "2006-03-31": "", "2005-12-31": "", "2005-09-30": "", "2005-06-30": "", "2005-03-31": ""}, "EBITDA Margin": {"2020-09-30": "", "2020-06-30": "", "2020-03-31": "", "2019-12-31": "", "2019-09-30": "", "2019-06-30": "", "2019-03-31": "", "2018-12-31": "", "2018-09-30": "", "2018-06-30": "", "2018-03-31": "", "2017-12-31": "", "2017-09-30": "", "2017-06-30": "", "2017-03-31": "", "2016-12-31": "", "2016-09-30": "", "2016-06-30": "", "2016-03-31": "", "2015-12-31": "", "2015-09-30": "", "2015-06-30": "", "2015-03-31": "", "2014-12-31": "", "2014-09-30": "", "2014-06-30": "", "2014-03-31": "", "2013-12-31": "", "2013-09-30": "", "2013-06-30": "", "2013-03-31": "", "2012-12-31": "", "2012-09-30": "", "2012-06-30": "", "2012-03-31": "", "2011-12-31": "", "2011-09-30": "", "2011-06-30": "", "2011-03-31": "", "2010-12-31": "", "2010-09-30": "", "2010-06-30": "", "2010-03-31": "", "2009-12-31": "", "2009-09-30": "", "2009-06-30": "", "2009-03-31": "", "2008-12-31": "", "2008-09-30": "", "2008-06-30": "", "2008-03-31": "", "2007-12-31": "", "2007-09-30": "", "2007-06-30": "", "2007-03-31": "", "2006-12-31": "", "2006-09-30": "", "2006-06-30": "", "2006-03-31": "", "2005-12-31": "", "2005-09-30": "", "2005-06-30": "", "2005-03-31": ""}, "Pre-Tax Profit Margin": {"2020-09-30": "36.72720", "2020-06-30": "30.42160", "2020-03-31": "9.12160", "2019-12-31": "31.79150", "2019-09-30": "35.44270", "2019-06-30": "36.80660", "2019-03-31": "38.57150", "2018-12-31": "32.44060", "2018-09-30": "33.32700", "2018-06-30": "42.66040", "2018-03-31": "26.05830", "2017-12-31": "19.88360", "2017-09-30": "0.21960", "2017-06-30": "30.07300", "2017-03-31": "28.80400", "2016-12-31": "-2.23220", "2016-09-30": "16.21680", "2016-06-30": "28.20210", "2016-03-31": "27.97280", "2015-12-31": "28.28260", "2015-09-30": "26.07850", "2015-06-30": "14.96310", "2015-03-31": "25.34760", "2014-12-31": "13.66390", "2014-09-30": "16.07090", "2014-06-30": "572.69440", "2014-03-31": "24.43550", "2013-12-31": "36.79910", "2013-09-30": "44.10680", "2013-06-30": "20.28730", "2013-03-31": "-113.20650", "2012-12-31": "19.81520", "2012-09-30": "16.92940", "2012-06-30": "-3.65630", "2012-03-31": "17.90630", "2011-12-31": "0.84580", "2011-09-30": "10.48430", "2011-06-30": "20.48200", "2011-03-31": "36.39130", "2010-12-31": "-225.86790", "2010-09-30": "61.60410", "2010-06-30": "-5.54430", "2010-03-31": "-50.55660", "2009-12-31": "-223.20790", "2009-09-30": "-109.35750", "2009-06-30": "-107.35940", "2009-03-31": "-29.61760", "2008-12-31": "-767.06820", "2008-09-30": "-24.17420", "2008-06-30": "12.36090", "2008-03-31": "26.40240", "2007-12-31": "-10.02410", "2007-09-30": "24.45820", "2007-06-30": "21.44620", "2007-03-31": "26.52330", "2006-12-31": "50.18460", "2006-09-30": "23.41120", "2006-06-30": "24.79730", "2006-03-31": "28.98100", "2005-12-31": "31.79420", "2005-09-30": "30.38580", "2005-06-30": "34.89350", "2005-03-31": "38.89870"}, "Net Profit Margin": {"2020-09-30": "29.45130", "2020-06-30": "25.43020", "2020-03-31": "8.20280", "2019-12-31": "28.96430", "2019-09-30": "28.18920", "2019-06-30": "29.62390", "2019-03-31": "29.52680", "2018-12-31": "17.97340", "2018-09-30": "25.49120", "2018-06-30": "47.35210", "2018-03-31": "20.75710", "2017-12-31": "-25.65200", "2017-09-30": "6.20980", "2017-06-30": "21.71750", "2017-03-31": "21.04290", "2016-12-31": "-1.60450", "2016-09-30": "11.87610", "2016-06-30": "20.45050", "2016-03-31": "20.05410", "2015-12-31": "32.01050", "2015-09-30": "20.40360", "2015-06-30": "139.67500", "2015-03-31": "17.66180", "2014-12-31": "12.53450", "2014-09-30": "16.65480", "2014-06-30": "879.08880", "2014-03-31": "23.26770", "2013-12-31": "35.80420", "2013-09-30": "41.37330", "2013-06-30": "88.57550", "2013-03-31": "-77.46080", "2012-12-31": "24.90830", "2012-09-30": "12.51530", "2012-06-30": "19.49660", "2012-03-31": "13.16000", "2011-12-31": "0.53390", "2011-09-30": "8.43370", "2011-06-30": "30.97030", "2011-03-31": "2.12810", "2010-12-31": "-396.24670", "2010-09-30": "51.05990", "2010-06-30": "-14.29760", "2010-03-31": "-45.58560", "2009-12-31": "-956.92360", "2009-09-30": "565.25950", "2009-06-30": "-130.32520", "2009-03-31": "-32.89470", "2008-12-31": "-1728.42400", "2008-09-30": "-261.40050", "2008-06-30": "4.84100", "2008-03-31": "22.83590", "2007-12-31": "-66.68770", "2007-09-30": "7.82130", "2007-06-30": "15.65890", "2007-03-31": "22.64410", "2006-12-31": "16.40130", "2006-09-30": "16.84910", "2006-06-30": "19.55850", "2006-03-31": "21.40740", "2005-12-31": "24.26390", "2005-09-30": "23.71880", "2005-06-30": "25.98280", "2005-03-31": "30.83680"}, "Asset Turnover": {"2020-09-30": "0.00870", "2020-06-30": "0.00800", "2020-03-31": "0.00780", "2019-12-31": "0.01100", "2019-09-30": "0.01110", "2019-06-30": "0.01130", "2019-03-31": "0.01160", "2018-12-31": "0.01230", "2018-09-30": "0.01140", "2018-06-30": "0.01240", "2018-03-31": "0.00950", "2017-12-31": "0.00910", "2017-09-30": "0.00750", "2017-06-30": "0.01060", "2017-03-31": "0.01090", "2016-12-31": "0.00810", "2016-09-30": "0.00990", "2016-06-30": "0.01140", "2016-03-31": "0.01160", "2015-12-31": "0.01190", "2015-09-30": "0.01170", "2015-06-30": "0.01160", "2015-03-31": "0.01170", "2014-12-31": "0.01150", "2014-09-30": "0.01090", "2014-06-30": "-0.00160", "2014-03-31": "0.01000", "2013-12-31": "0.01270", "2013-09-30": "0.01530", "2013-06-30": "0.01000", "2013-03-31": "0.00420", "2012-12-31": "0.00910", "2012-09-30": "0.01010", "2012-06-30": "0.00910", "2012-03-31": "0.00970", "2011-12-31": "0.01030", "2011-09-30": "0.00830", "2011-06-30": "0.00910", "2011-03-31": "0.01110", "2010-12-31": "0.00270", "2010-09-30": "0.02380", "2010-06-30": "0.00730", "2010-03-31": "0.00550", "2009-12-31": "0.00270", "2009-09-30": "0.00300", "2009-06-30": "0.00440", "2009-03-31": "0.00620", "2008-12-31": "0.00110", "2008-09-30": "0.00640", "2008-06-30": "0.00900", "2008-03-31": "0.01050", "2007-12-31": "0.01000", "2007-09-30": "0.00890", "2007-06-30": "0.00980", "2007-03-31": "0.01080", "2006-12-31": "0.00730", "2006-09-30": "0.01000", "2006-06-30": "0.01000", "2006-03-31": "0.01110", "2005-12-31": "0.01080", "2005-09-30": "0.01000", "2005-06-30": "0.01080", "2005-03-31": "0.01150"}, "Inventory Turnover Ratio": {"2020-09-30": "", "2020-06-30": "", "2020-03-31": "", "2019-12-31": "", "2019-09-30": "", "2019-06-30": "", "2019-03-31": "", "2018-12-31": "", "2018-09-30": "", "2018-06-30": "", "2018-03-31": "", "2017-12-31": "", "2017-09-30": "", "2017-06-30": "", "2017-03-31": "", "2016-12-31": "", "2016-09-30": "", "2016-06-30": "", "2016-03-31": "", "2015-12-31": "", "2015-09-30": "", "2015-06-30": "", "2015-03-31": "", "2014-12-31": "", "2014-09-30": "", "2014-06-30": "", "2014-03-31": "", "2013-12-31": "", "2013-09-30": "", "2013-06-30": "", "2013-03-31": "", "2012-12-31": "", "2012-09-30": "", "2012-06-30": "", "2012-03-31": "", "2011-12-31": "", "2011-09-30": "", "2011-06-30": "", "2011-03-31": "", "2010-12-31": "", "2010-09-30": "", "2010-06-30": "", "2010-03-31": "", "2009-12-31": "", "2009-09-30": "", "2009-06-30": "", "2009-03-31": "", "2008-12-31": "", "2008-09-30": "", "2008-06-30": "", "2008-03-31": "", "2007-12-31": "", "2007-09-30": "", "2007-06-30": "", "2007-03-31": "", "2006-12-31": "", "2006-09-30": "", "2006-06-30": "", "2006-03-31": "", "2005-12-31": "", "2005-09-30": "", "2005-06-30": "", "2005-03-31": ""}, "Receiveable Turnover": {"2020-09-30": "", "2020-06-30": "", "2020-03-31": "", "2019-12-31": "", "2019-09-30": "", "2019-06-30": "", "2019-03-31": "", "2018-12-31": "", "2018-09-30": "", "2018-06-30": "", "2018-03-31": "", "2017-12-31": "", "2017-09-30": "", "2017-06-30": "", "2017-03-31": "", "2016-12-31": "", "2016-09-30": "", "2016-06-30": "", "2016-03-31": "", "2015-12-31": "", "2015-09-30": "", "2015-06-30": "", "2015-03-31": "", "2014-12-31": "", "2014-09-30": "", "2014-06-30": "", "2014-03-31": "", "2013-12-31": "", "2013-09-30": "", "2013-06-30": "", "2013-03-31": "", "2012-12-31": "", "2012-09-30": "", "2012-06-30": "", "2012-03-31": "", "2011-12-31": "", "2011-09-30": "", "2011-06-30": "", "2011-03-31": "", "2010-12-31": "", "2010-09-30": "", "2010-06-30": "", "2010-03-31": "", "2009-12-31": "", "2009-09-30": "", "2009-06-30": "", "2009-03-31": "", "2008-12-31": "", "2008-09-30": "", "2008-06-30": "", "2008-03-31": "", "2007-12-31": "", "2007-09-30": "", "2007-06-30": "", "2007-03-31": "", "2006-12-31": "", "2006-09-30": "", "2006-06-30": "", "2006-03-31": "", "2005-12-31": "", "2005-09-30": "", "2005-06-30": "", "2005-03-31": ""}, "Days Sales In Receivables": {"2020-09-30": "", "2020-06-30": "", "2020-03-31": "", "2019-12-31": "", "2019-09-30": "", "2019-06-30": "", "2019-03-31": "", "2018-12-31": "", "2018-09-30": "", "2018-06-30": "", "2018-03-31": "", "2017-12-31": "", "2017-09-30": "", "2017-06-30": "", "2017-03-31": "", "2016-12-31": "", "2016-09-30": "", "2016-06-30": "", "2016-03-31": "", "2015-12-31": "", "2015-09-30": "", "2015-06-30": "", "2015-03-31": "", "2014-12-31": "", "2014-09-30": "", "2014-06-30": "", "2014-03-31": "", "2013-12-31": "", "2013-09-30": "", "2013-06-30": "", "2013-03-31": "", "2012-12-31": "", "2012-09-30": "", "2012-06-30": "", "2012-03-31": "", "2011-12-31": "", "2011-09-30": "", "2011-06-30": "", "2011-03-31": "", "2010-12-31": "", "2010-09-30": "", "2010-06-30": "", "2010-03-31": "", "2009-12-31": "", "2009-09-30": "", "2009-06-30": "", "2009-03-31": "", "2008-12-31": "", "2008-09-30": "", "2008-06-30": "", "2008-03-31": "", "2007-12-31": "", "2007-09-30": "", "2007-06-30": "", "2007-03-31": "", "2006-12-31": "", "2006-09-30": "", "2006-06-30": "", "2006-03-31": "", "2005-12-31": "", "2005-09-30": "", "2005-06-30": "", "2005-03-31": ""}, "ROE - Return On Equity": {"2020-09-30": "2.85940", "2020-06-30": "2.21650", "2020-03-31": "0.60740", "2019-12-31": "2.79530", "2019-09-30": "2.82200", "2019-06-30": "3.01790", "2019-03-31": "3.11550", "2018-12-31": "1.97600", "2018-09-30": "2.70780", "2018-06-30": "5.33990", "2018-03-31": "1.82110", "2017-12-31": "-2.02140", "2017-09-30": "0.39470", "2017-06-30": "1.84060", "2017-03-31": "1.80830", "2016-12-31": "-0.10180", "2016-09-30": "0.87820", "2016-06-30": "1.67590", "2016-03-31": "1.63460", "2015-12-31": "2.71850", "2015-09-30": "1.71320", "2015-06-30": "12.19390", "2015-03-31": "1.69830", "2014-12-31": "0.94270", "2014-09-30": "0.77240", "2014-06-30": "-7.82810", "2014-03-31": "1.41630", "2013-12-31": "3.09100", "2013-09-30": "5.19170", "2013-06-30": "7.53150", "2013-03-31": "-3.06830", "2012-12-31": "1.13610", "2012-09-30": "1.17420", "2012-06-30": "1.65540", "2012-03-31": "1.23590", "2011-12-31": "0.07690", "2011-09-30": "0.69480", "2011-06-30": "2.82800", "2011-03-31": "0.26980", "2010-12-31": "-6.05650", "2010-09-30": "12.13980", "2010-06-30": "-1.24810", "2010-03-31": "-3.49010", "2009-12-31": "-8.56800", "2009-09-30": "-4.51510", "2009-06-30": "-12.49970", "2009-03-31": "-2.58560", "2008-12-31": "-35.16880", "2008-09-30": "-8.72400", "2008-06-30": "1.89710", "2008-03-31": "3.02110", "2007-12-31": "-2.10020", "2007-09-30": "2.21780", "2007-06-30": "2.13520", "2007-03-31": "3.34270", "2006-12-31": "3.54500", "2006-09-30": "2.38200", "2006-06-30": "2.97250", "2006-03-31": "3.59030", "2005-12-31": "3.99240", "2005-09-30": "3.79680", "2005-06-30": "4.29260", "2005-03-31": "5.53390"}, "Return On Tangible Equity": {"2020-09-30": "3.30620", "2020-06-30": "2.58180", "2020-03-31": "0.71090", "2019-12-31": "3.22850", "2019-09-30": "3.26380", "2019-06-30": "3.51220", "2019-03-31": "3.66920", "2018-12-31": "2.32970", "2018-09-30": "3.22230", "2018-06-30": "6.26290", "2018-03-31": "2.15490", "2017-12-31": "-2.39070", "2017-09-30": "0.46540", "2017-06-30": "2.17620", "2017-03-31": "2.14830", "2016-12-31": "-0.12110", "2016-09-30": "0.99490", "2016-06-30": "1.98890", "2016-03-31": "1.94950", "2015-12-31": "3.26470", "2015-09-30": "1.91470", "2015-06-30": "13.67330", "2015-03-31": "1.92890", "2014-12-31": "1.09960", "2014-09-30": "0.86370", "2014-06-30": "-9.13710", "2014-03-31": "1.70570", "2013-12-31": "3.74960", "2013-09-30": "6.37440", "2013-06-30": "8.92440", "2013-03-31": "-3.67740", "2012-12-31": "1.41760", "2012-09-30": "1.47180", "2012-06-30": "2.08130", "2012-03-31": "1.56100", "2011-12-31": "0.09740", "2011-09-30": "0.87610", "2011-06-30": "3.39260", "2011-03-31": "0.34540", "2010-12-31": "-7.75880", "2010-09-30": "15.21290", "2010-06-30": "-1.55560", "2010-03-31": "-5.10000", "2009-12-31": "-12.39030", "2009-09-30": "-5.81660", "2009-06-30": "-7.86880", "2009-03-31": "-1.72050", "2008-12-31": "-25.84110", "2008-09-30": "-9.05680", "2008-06-30": "1.96400", "2008-03-31": "3.57760", "2007-12-31": "-2.65560", "2007-09-30": "2.64340", "2007-06-30": "2.56120", "2007-03-31": "4.00490", "2006-12-31": "4.54180", "2006-09-30": "2.87990", "2006-06-30": "3.60440", "2006-03-31": "4.35010", "2005-12-31": "4.85090", "2005-09-30": "4.34320", "2005-06-30": "4.90840", "2005-03-31": "6.37530"}, "ROA - Return On Assets": {"2020-09-30": "0.25550", "2020-06-30": "0.20310", "2020-03-31": "0.06500", "2019-12-31": "0.32000", "2019-09-30": "0.31500", "2019-06-30": "0.33800", "2019-03-31": "0.34500", "2018-12-31": "0.22350", "2018-09-30": "0.29350", "2018-06-30": "0.58860", "2018-03-31": "0.19960", "2017-12-31": "-0.23070", "2017-09-30": "0.04850", "2017-06-30": "0.23330", "2017-03-31": "0.23090", "2016-12-31": "-0.01360", "2016-09-30": "0.11990", "2016-06-30": "0.23660", "2016-03-31": "0.23510", "2015-12-31": "0.38430", "2015-09-30": "0.24110", "2015-06-30": "1.62570", "2015-03-31": "0.20630", "2014-12-31": "0.12010", "2014-09-30": "0.09620", "2014-06-30": "-0.90080", "2014-03-31": "0.18100", "2013-12-31": "0.39560", "2013-09-30": "0.62550", "2013-06-30": "0.85100", "2013-03-31": "-0.32570", "2012-12-31": "0.12630", "2012-09-30": "0.12930", "2012-06-30": "0.17960", "2012-03-31": "0.13070", "2011-12-31": "0.00800", "2011-09-30": "0.07210", "2011-06-30": "0.28370", "2011-03-31": "0.02610", "2010-12-31": "-0.58520", "2010-09-30": "1.21320", "2010-06-30": "-0.10510", "2010-03-31": "-0.25140", "2009-12-31": "-0.61380", "2009-09-30": "-0.34110", "2009-06-30": "-0.48380", "2009-03-31": "-0.11290", "2008-12-31": "-1.61440", "2008-09-30": "-0.52280", "2008-06-30": "0.14200", "2008-03-31": "0.23730", "2007-12-31": "-0.16060", "2007-09-30": "0.16970", "2007-06-30": "0.15950", "2007-03-31": "0.25160", "2006-12-31": "0.25680", "2006-09-30": "0.17510", "2006-06-30": "0.20120", "2006-03-31": "0.24390", "2005-12-31": "0.26790", "2005-09-30": "0.24450", "2005-06-30": "0.28760", "2005-03-31": "0.35260"}, "ROI - Return On Investment": {"2020-09-30": "2.84870", "2020-06-30": "2.20800", "2020-03-31": "0.60500", "2019-12-31": "2.77200", "2019-09-30": "2.79800", "2019-06-30": "2.99150", "2019-03-31": "3.08680", "2018-12-31": "1.95770", "2018-09-30": "2.68190", "2018-06-30": "5.28920", "2018-03-31": "1.80310", "2017-12-31": "-2.00150", "2017-09-30": "0.39100", "2017-06-30": "1.82310", "2017-03-31": "1.79080", "2016-12-31": "-0.10080", "2016-09-30": "0.87000", "2016-06-30": "1.66030", "2016-03-31": "1.61890", "2015-12-31": "2.69180", "2015-09-30": "1.69610", "2015-06-30": "12.07030", "2015-03-31": "1.67880", "2014-12-31": "0.93160", "2014-09-30": "0.76340", "2014-06-30": "-7.73590", "2014-03-31": "1.40130", "2013-12-31": "3.05740", "2013-09-30": "5.13240", "2013-06-30": "7.44140", "2013-03-31": "-3.02950", "2012-12-31": "1.12220", "2012-09-30": "1.15970", "2012-06-30": "1.63480", "2012-03-31": "1.22020", "2011-12-31": "0.07590", "2011-09-30": "0.68620", "2011-06-30": "2.79220", "2011-03-31": "0.26630", "2010-12-31": "-5.97660", "2010-09-30": "11.99200", "2010-06-30": "-1.23080", "2010-03-31": "-3.41970", "2009-12-31": "-8.39870", "2009-09-30": "-4.43260", "2009-06-30": "-6.08970", "2009-03-31": "-1.35940", "2008-12-31": "-19.20550", "2008-09-30": "-7.02160", "2008-06-30": "1.59670", "2008-03-31": "2.85850", "2007-12-31": "-1.99070", "2007-09-30": "2.10880", "2007-06-30": "2.02730", "2007-03-31": "3.17550", "2006-12-31": "3.36200", "2006-09-30": "2.25960", "2006-06-30": "2.81200", "2006-03-31": "3.39790", "2005-12-31": "3.77610", "2005-09-30": "3.44300", "2005-06-30": "3.89830", "2005-03-31": "4.99290"}, "Book Value Per Share": {"2020-09-30": "70.19890", "2020-06-30": "68.66030", "2020-03-31": "64.33520", "2019-12-31": "62.94360", "2019-09-30": "61.09130", "2019-06-30": "59.14850", "2019-03-31": "56.29780", "2018-12-31": "54.38160", "2018-09-30": "52.26790", "2018-06-30": "51.70940", "2018-03-31": "49.56370", "2017-12-31": "50.00450", "2017-09-30": "51.80480", "2017-06-30": "51.75210", "2017-03-31": "50.90590", "2016-12-31": "50.08100", "2016-09-30": "51.85270", "2016-06-30": "51.68440", "2016-03-31": "50.64440", "2015-12-31": "49.27020", "2015-09-30": "48.76240", "2015-06-30": "47.82140", "2015-03-31": "42.29630", "2014-12-31": "41.23990", "2014-09-30": "41.55120", "2014-06-30": "41.17440", "2014-03-31": "45.87210", "2013-12-31": "44.74120", "2013-09-30": "42.52410", "2013-06-30": "40.61970", "2013-03-31": "38.46930", "2012-12-31": "39.83720", "2012-09-30": "39.46750", "2012-06-30": "39.10800", "2012-03-31": "38.62340", "2011-12-31": "38.19820", "2011-09-30": "39.16740", "2011-06-30": "38.71240", "2011-03-31": "37.17850", "2010-12-31": "37.16070", "2010-09-30": "40.28740", "2010-06-30": "35.34570", "2010-03-31": "38.89050", "2009-12-31": "39.69760", "2009-09-30": "42.88160", "2009-06-30": "102.81460", "2009-03-31": "111.04700", "2008-12-31": "115.89740", "2008-09-30": "106.75850", "2008-06-30": "131.89390", "2008-03-31": "123.74780", "2007-12-31": "127.91110", "2007-09-30": "136.04250", "2007-06-30": "132.35670", "2007-03-31": "133.88230", "2006-12-31": "129.88060", "2006-09-30": "130.53260", "2006-06-30": "124.43650", "2006-03-31": "125.41920", "2005-12-31": "124.99310", "2005-09-30": "120.58240", "2005-06-30": "122.51420", "2005-03-31": "114.88220"}, "Operating Cash Flow Per Share": {"2020-09-30": 2.2527, "2020-06-30": 1.4879, "2020-03-31": "2.12310", "2019-12-31": 1.6868, "2019-09-30": 2.0671, "2019-06-30": 1.7755, "2019-03-31": "1.74260", "2018-12-31": 2.115, "2018-09-30": 2.613, "2018-06-30": 1.771, "2018-03-31": "1.86650", "2017-12-31": -0.0983, "2017-09-30": 2.5906, "2017-06-30": 1.9342, "2017-03-31": "1.81080", "2016-12-31": 1.5007, "2016-09-30": 0.7617, "2016-06-30": 1.7832, "2016-03-31": "1.72520", "2015-12-31": 2.4193, "2015-09-30": 2.213, "2015-06-30": 1.9613, "2015-03-31": "-0.09530", "2014-12-31": 0.5655, "2014-09-30": 4.8616, "2014-06-30": 1.5122, "2014-03-31": "1.54890", "2013-12-31": 1.7848, "2013-09-30": 2.1144, "2013-06-30": 1.7706, "2013-03-31": "2.27990", "2012-12-31": 2.4222, "2012-09-30": 1.0771, "2012-06-30": -0.7286, "2012-03-31": "2.33510", "2011-12-31": 6.1938, "2011-09-30": 1.2067, "2011-06-30": -0.2879, "2011-03-31": "-0.49730", "2010-12-31": -1.2135, "2010-09-30": -0.3768, "2010-06-30": 0.8492, "2010-03-31": "2.58440", "2009-12-31": -0.9902, "2009-09-30": 0.8592, "2009-06-30": 14.0887, "2009-03-31": "1.44790", "2008-12-31": 13.6197, "2008-09-30": 26.0633, "2008-06-30": 6.5015, "2008-03-31": "-1.44550", "2007-12-31": 5.3927, "2007-09-30": 10.6564, "2007-06-30": 15.7041, "2007-03-31": "-6.57150", "2006-12-31": -10.6056, "2006-09-30": 17.2893, "2006-06-30": -3.9152, "2006-03-31": "28.43970", "2005-12-31": 23.8586, "2005-09-30": -9.5665, "2005-06-30": 29.3544, "2005-03-31": "-8.96750"}, "Free Cash Flow Per Share": {"2020-09-30": 2.1441, "2020-06-30": 1.4714, "2020-03-31": "2.02990", "2019-12-31": 1.3968, "2019-09-30": 2.0084, "2019-06-30": 1.6722, "2019-03-31": "1.60630", "2018-12-31": 1.9355, "2018-09-30": 2.3475, "2018-06-30": 1.6099, "2018-03-31": "1.76820", "2017-12-31": -0.2225, "2017-09-30": 2.4399, "2017-06-30": 1.8419, "2017-03-31": "1.65920", "2016-12-31": 1.3732, "2016-09-30": 0.5653, "2016-06-30": 1.5494, "2016-03-31": "1.39860", "2015-12-31": 2.3352, "2015-09-30": 2.1134, "2015-06-30": 1.7316, "2015-03-31": "-0.16450", "2014-12-31": 0.4748, "2014-09-30": 4.7092, "2014-06-30": 1.4433, "2014-03-31": "1.50400", "2013-12-31": 1.681, "2013-09-30": 2.0767, "2013-06-30": 1.7112, "2013-03-31": "2.20440", "2012-12-31": 2.2145, "2012-09-30": 1.0049, "2012-06-30": -0.7869, "2012-03-31": "2.33170", "2011-12-31": 6.1007, "2011-09-30": 1.1102, "2011-06-30": -0.3355, "2011-03-31": "-0.60330", "2010-12-31": -1.5427, "2010-09-30": -0.434, "2010-06-30": 0.7742, "2010-03-31": "2.45390", "2009-12-31": -1.2517, "2009-09-30": 1.4273, "2009-06-30": 13.7851, "2009-03-31": "0.72480", "2008-12-31": 12.7892, "2008-09-30": 26.6194, "2008-06-30": 6.1345, "2008-03-31": "-3.86670", "2007-12-31": 5.3457, "2007-09-30": 10.2134, "2007-06-30": 15.1357, "2007-03-31": "-6.99440", "2006-12-31": -9.5405, "2006-09-30": 16.9431, "2006-06-30": -4.3581, "2006-03-31": "27.56520", "2005-12-31": 23.8452, "2005-09-30": -10.7613, "2005-06-30": 28.3298, "2005-03-31": "-10.02450"}}, "revenue": {"Popular Annual Revenue (Millions of US $)": {"2019": "$2,831", "2018": "$2,674", "2017": "$2,145", "2016": "$1,933", "2015": "$2,123", "2014": "$2,020", "2013": "$2,439", "2012": "$2,156", "2011": "$2,567", "2010": "$3,236", "2009": "$2,751", "2008": "$3,104", "2007": "$3,426", "2006": "$3,226", "2005": "$3,451"}, "Popular Quarterly Revenue (Millions of US $)": {"2020-09-30": "$642", "2020-06-30": "$621", "2020-03-31": "$677", "2019-12-31": "$712", "2019-09-30": "$715", "2019-06-30": "$709", "2019-03-31": "$694", "2018-12-31": "$713", "2018-09-30": "$679", "2018-06-30": "$716", "2018-03-31": "$567", "2017-12-31": "$531", "2017-09-30": "$536", "2017-06-30": "$546", "2017-03-31": "$532", "2016-12-31": "$411", "2016-09-30": "$483", "2016-06-30": "$523", "2016-03-31": "$516", "2015-12-31": "$534", "2015-09-30": "$532", "2015-06-30": "$551", "2015-03-31": "$505", "2014-12-31": "$495", "2014-09-30": "$526", "2014-06-30": "$484", "2014-03-31": "$515", "2013-12-31": "$581", "2013-09-30": "$693", "2013-06-30": "$701", "2013-03-31": "$464", "2012-12-31": "$475", "2012-09-30": "$566", "2012-06-30": "$551", "2012-03-31": "$564", "2011-12-31": "$672", "2011-09-30": "$614", "2011-06-30": "$631", "2011-03-31": "$650", "2010-12-31": "$613", "2010-09-30": "$1,347", "2010-06-30": "$691", "2010-03-31": "$585", "2009-12-31": "$616", "2009-09-30": "$615", "2009-06-30": "$697", "2009-03-31": "$824", "2008-12-31": "$683", "2008-09-30": "$743", "2008-06-30": "$801", "2008-03-31": "$877", "2007-12-31": "$585", "2007-09-30": "$827", "2007-06-30": "$988", "2007-03-31": "$1,026", "2006-12-31": "$336", "2006-09-30": "$973", "2006-06-30": "$946", "2006-03-31": "$971", "2005-12-31": "$934", "2005-09-30": "$841", "2005-06-30": "$838", "2005-03-31": "$839"}}, "gross-profit": {"Popular Annual Gross Profit (Millions of US $)": {"2019": "$2,462", "2018": "$2,387", "2017": "$1,921", "2016": "$1,720", "2015": "$1,929", "2014": "$1,332", "2013": "$2,136", "2012": "$1,793", "2011": "$2,061", "2010": "$2,583", "2009": "$1,998", "2008": "$2,109", "2007": "$2,179", "2006": "$2,025", "2005": "$2,209"}, "Popular Quarterly Gross Profit (Millions of US $)": {"2020-09-30": "$590", "2020-06-30": "$563", "2020-03-31": "$600", "2019-12-31": "$620", "2019-09-30": "$620", "2019-06-30": "$615", "2019-03-31": "$607", "2018-12-31": "$629", "2018-09-30": "$602", "2018-06-30": "$649", "2018-03-31": "$507", "2017-12-31": "$473", "2017-09-30": "$479", "2017-06-30": "$491", "2017-03-31": "$478", "2016-12-31": "$355", "2016-09-30": "$430", "2016-06-30": "$471", "2016-03-31": "$464", "2015-12-31": "$485", "2015-09-30": "$482", "2015-06-30": "$503", "2015-03-31": "$458", "2014-12-31": "$430", "2014-09-30": "$451", "2014-06-30": "$3", "2014-03-31": "$447", "2013-12-31": "$514", "2013-09-30": "$618", "2013-06-30": "$623", "2013-03-31": "$380", "2012-12-31": "$404", "2012-09-30": "$476", "2012-06-30": "$452", "2012-03-31": "$461", "2011-12-31": "$563", "2011-09-30": "$492", "2011-06-30": "$499", "2011-03-31": "$508", "2010-12-31": "$460", "2010-09-30": "$1,183", "2010-06-30": "$513", "2010-03-31": "$427", "2009-12-31": "$445", "2009-09-30": "$436", "2009-06-30": "$509", "2009-03-31": "$607", "2008-12-31": "$430", "2008-09-30": "$512", "2008-06-30": "$566", "2008-03-31": "$601", "2007-12-31": "$489", "2007-09-30": "$509", "2007-06-30": "$575", "2007-03-31": "$607", "2006-12-31": "$353", "2006-09-30": "$533", "2006-06-30": "$550", "2006-03-31": "$589", "2005-12-31": "$576", "2005-09-30": "$523", "2005-06-30": "$548", "2005-03-31": "$563"}}, "operating-income": {"Popular Annual Operating Income (Millions of US $)": {"2019": "$818", "2018": "$738", "2017": "$339", "2016": "$294", "2015": "$417", "2014": "$-106", "2013": "$307", "2012": "$181", "2011": "$266", "2010": "$246", "2009": "$-562", "2008": "$-205", "2007": "$303", "2006": "$559", "2005": "$686"}, "Popular Quarterly Operating Income (Millions of US $)": {"2020-09-30": "$210", "2020-06-30": "$152", "2020-03-31": "$37", "2019-12-31": "$182", "2019-09-30": "$207", "2019-06-30": "$211", "2019-03-31": "$218", "2018-12-31": "$190", "2018-09-30": "$183", "2018-06-30": "$251", "2018-03-31": "$113", "2017-12-31": "$80", "2017-09-30": "$1", "2017-06-30": "$132", "2017-03-31": "$126", "2016-12-31": "$-7", "2016-09-30": "$63", "2016-06-30": "$121", "2016-03-31": "$117", "2015-12-31": "$122", "2015-09-30": "$109", "2015-06-30": "$70", "2015-03-31": "$117", "2014-12-31": "$66", "2014-09-30": "$68", "2014-06-30": "$-329", "2014-03-31": "$90", "2013-12-31": "$167", "2013-09-30": "$243", "2013-06-30": "$75", "2013-03-31": "$-177", "2012-12-31": "$66", "2012-09-30": "$63", "2012-06-30": "$-12", "2012-03-31": "$65", "2011-12-31": "$3", "2011-09-30": "$33", "2011-06-30": "$73", "2011-03-31": "$157", "2010-12-31": "$-239", "2010-09-30": "$596", "2010-06-30": "$-17", "2010-03-31": "$-94", "2009-12-31": "$-181", "2009-09-30": "$-115", "2009-06-30": "$-171", "2009-03-31": "$-70", "2008-12-31": "$-305", "2008-09-30": "$-63", "2008-06-30": "$47", "2008-03-31": "$116", "2007-12-31": "$-34", "2007-09-30": "$103", "2007-06-30": "$99", "2007-03-31": "$135", "2006-12-31": "$173", "2006-09-30": "$110", "2006-06-30": "$120", "2006-03-31": "$156", "2005-12-31": "$167", "2005-09-30": "$144", "2005-06-30": "$174", "2005-03-31": "$202"}}, "ebitda": {"Popular Annual EBITDA (Millions of US $)": {"2019": "$", "2018": "$", "2017": "$", "2016": "$", "2015": "$", "2014": "$", "2013": "$", "2012": "$", "2011": "$", "2010": "$", "2009": "$", "2008": "$", "2007": "$", "2006": "$", "2005": "$"}, "Popular Quarterly EBITDA (Millions of US $)": {"2020-09-30": "", "2020-06-30": "", "2020-03-31": "", "2019-12-31": "", "2019-09-30": "", "2019-06-30": "", "2019-03-31": "", "2018-12-31": "", "2018-09-30": "", "2018-06-30": "", "2018-03-31": "", "2017-12-31": "", "2017-09-30": "", "2017-06-30": "", "2017-03-31": "", "2016-12-31": "", "2016-09-30": "", "2016-06-30": "", "2016-03-31": "", "2015-12-31": "", "2015-09-30": "", "2015-06-30": "", "2015-03-31": "", "2014-12-31": "", "2014-09-30": "", "2014-06-30": "", "2014-03-31": "", "2013-12-31": "", "2013-09-30": "", "2013-06-30": "", "2013-03-31": "", "2012-12-31": "", "2012-09-30": "", "2012-06-30": "", "2012-03-31": "", "2011-12-31": "", "2011-09-30": "", "2011-06-30": "", "2011-03-31": "", "2010-12-31": "", "2010-09-30": "", "2010-06-30": "", "2010-03-31": "", "2009-12-31": "", "2009-09-30": "", "2009-06-30": "", "2009-03-31": "", "2008-12-31": "", "2008-09-30": "", "2008-06-30": "", "2008-03-31": "", "2007-12-31": "", "2007-09-30": "", "2007-06-30": "", "2007-03-31": "", "2006-12-31": "", "2006-09-30": "", "2006-06-30": "", "2006-03-31": "", "2005-12-31": "", "2005-09-30": "", "2005-06-30": "", "2005-03-31": ""}}, "net-income": {"Popular Annual Net Income (Millions of US $)": {"2019": "$667", "2018": "$614", "2017": "$104", "2016": "$213", "2015": "$892", "2014": "$-317", "2013": "$596", "2012": "$242", "2011": "$148", "2010": "$-55", "2009": "$-574", "2008": "$-1,279", "2007": "$-76", "2006": "$346", "2005": "$529"}, "Popular Quarterly Net Income (Millions of US $)": {"2020-09-30": "$168", "2020-06-30": "$127", "2020-03-31": "$34", "2019-12-31": "$166", "2019-09-30": "$164", "2019-06-30": "$170", "2019-03-31": "$167", "2018-12-31": "$105", "2018-09-30": "$140", "2018-06-30": "$279", "2018-03-31": "$90", "2017-12-31": "$-103", "2017-09-30": "$20", "2017-06-30": "$95", "2017-03-31": "$92", "2016-12-31": "$-5", "2016-09-30": "$46", "2016-06-30": "$88", "2016-03-31": "$84", "2015-12-31": "$136", "2015-09-30": "$85", "2015-06-30": "$597", "2015-03-31": "$74", "2014-12-31": "$48", "2014-09-30": "$62", "2014-06-30": "$-512", "2014-03-31": "$85", "2013-12-31": "$162", "2013-09-30": "$228", "2013-06-30": "$327", "2013-03-31": "$-121", "2012-12-31": "$83", "2012-09-30": "$46", "2012-06-30": "$65", "2012-03-31": "$47", "2011-12-31": "$2", "2011-09-30": "$27", "2011-06-30": "$110", "2011-03-31": "$9", "2010-12-31": "$-419", "2010-09-30": "$494", "2010-06-30": "$-44", "2010-03-31": "$-85", "2009-12-31": "$-885", "2009-09-30": "$596", "2009-06-30": "$-208", "2009-03-31": "$-77", "2008-12-31": "$-718", "2008-09-30": "$-680", "2008-06-30": "$18", "2008-03-31": "$100", "2007-12-31": "$-297", "2007-09-30": "$33", "2007-06-30": "$72", "2007-03-31": "$116", "2006-12-31": "$57", "2006-09-30": "$79", "2006-06-30": "$94", "2006-03-31": "$116", "2005-12-31": "$127", "2005-09-30": "$112", "2005-06-30": "$129", "2005-03-31": "$160"}}, "eps-earnings-per-share-diluted": {"Popular Annual EPS": {"2019": "$6.88", "2018": "$6.06", "2017": "$1.02", "2016": "$2.06", "2015": "$8.65", "2014": "$-3.08", "2013": "$5.78", "2012": "$2.35", "2011": "$1.44", "2010": "$-0.62", "2009": "$2.40", "2008": "$-45.50", "2007": "$-2.70", "2006": "$12.40", "2005": "$19.70"}, "Popular Quarterly EPS": {"2020-09-30": "$2.00", "2020-06-30": "$1.49", "2020-03-31": "$0.37", "2019-12-31": "$1.73", "2019-09-30": "$1.70", "2019-06-30": "$1.76", "2019-03-31": "$1.69", "2018-12-31": "$1.06", "2018-09-30": "$1.38", "2018-06-30": "$2.73", "2018-03-31": "$0.89", "2017-12-31": "$-1.00", "2017-09-30": "$0.19", "2017-06-30": "$0.94", "2017-03-31": "$0.89", "2016-12-31": "$-0.04", "2016-09-30": "$0.44", "2016-06-30": "$0.85", "2016-03-31": "$0.81", "2015-12-31": "$1.32", "2015-09-30": "$0.82", "2015-06-30": "$5.79", "2015-03-31": "$0.72", "2014-12-31": "$0.47", "2014-09-30": "$0.60", "2014-06-30": "$-4.98", "2014-03-31": "$0.83", "2013-12-31": "$1.57", "2013-09-30": "$2.22", "2013-06-30": "$3.17", "2013-03-31": "$-1.18", "2012-12-31": "$0.81", "2012-09-30": "$0.45", "2012-06-30": "$0.63", "2012-03-31": "$0.46", "2011-12-31": "$0.01", "2011-09-30": "$0.26", "2011-06-30": "$1.07", "2011-03-31": "$0.10", "2010-12-31": "$-1.32", "2010-09-30": "$4.80", "2010-06-30": "$-2.80", "2010-03-31": "$-1.30", "2009-12-31": "$-1.50", "2009-09-30": "$14.00", "2009-06-30": "$-7.40", "2009-03-31": "$-2.70", "2008-12-31": "$-25.50", "2008-09-30": "$-24.20", "2008-06-30": "$0.60", "2008-03-31": "$3.60", "2007-12-31": "$-10.60", "2007-09-30": "$1.20", "2007-06-30": "$2.60", "2007-03-31": "$4.10", "2006-12-31": "$2.00", "2006-09-30": "$2.80", "2006-06-30": "$3.40", "2006-03-31": "$4.20", "2005-12-31": "$4.70", "2005-09-30": "$4.20", "2005-06-30": "$4.80", "2005-03-31": "$6.00"}}, "shares-outstanding": {"Popular Annual Shares Outstanding (Millions of Shares)": {"2019": "97", "2018": "101", "2017": "102", "2016": "103", "2015": "103", "2014": "103", "2013": "103", "2012": "103", "2011": "102", "2010": "89", "2009": "41", "2008": "28", "2007": "28", "2006": "28", "2005": "27"}, "Popular Quarterly Shares Outstanding (Millions of Shares)": {"2020-09-30": "84", "2020-06-30": "85", "2020-03-31": "91", "2019-12-31": "97", "2019-09-30": "96", "2019-06-30": "96", "2019-03-31": "99", "2018-12-31": "101", "2018-09-30": "101", "2018-06-30": "102", "2018-03-31": "102", "2017-12-31": "102", "2017-09-30": "102", "2017-06-30": "102", "2017-03-31": "103", "2016-12-31": "103", "2016-09-30": "103", "2016-06-30": "103", "2016-03-31": "103", "2015-12-31": "103", "2015-09-30": "103", "2015-06-30": "103", "2015-03-31": "103", "2014-12-31": "103", "2014-09-30": "103", "2014-06-30": "103", "2014-03-31": "103", "2013-12-31": "103", "2013-09-30": "103", "2013-06-30": "103", "2013-03-31": "103", "2012-12-31": "103", "2012-09-30": "102", "2012-06-30": "102", "2012-03-31": "102", "2011-12-31": "102", "2011-09-30": "102", "2011-06-30": "102", "2011-03-31": "102", "2010-12-31": "89", "2010-09-30": "102", "2010-06-30": "85", "2010-03-31": "64", "2009-12-31": "41", "2009-09-30": "43", "2009-06-30": "28", "2009-03-31": "28", "2008-12-31": "28", "2008-09-30": "28", "2008-06-30": "28", "2008-03-31": "28", "2007-12-31": "28", "2007-09-30": "28", "2007-06-30": "28", "2007-03-31": "28", "2006-12-31": "28", "2006-09-30": "28", "2006-06-30": "28", "2006-03-31": "28", "2005-12-31": "27", "2005-09-30": "27", "2005-06-30": "27", "2005-03-31": "27"}}, "total-assets": {"Popular Annual Total Assets (Millions of US $)": {"2019": "$52,115", "2018": "$47,605", "2017": "$44,277", "2016": "$38,662", "2015": "$35,762", "2014": "$33,097", "2013": "$35,749", "2012": "$36,508", "2011": "$37,348", "2010": "$38,815", "2009": "$34,736", "2008": "$38,883", "2007": "$44,411", "2006": "$47,404", "2005": "$48,624"}, "Popular Quarterly Total Assets (Millions of US $)": {"2020-09-30": "$65,910", "2020-06-30": "$62,845", "2020-03-31": "$52,804", "2019-12-31": "$52,115", "2019-09-30": "$52,480", "2019-06-30": "$50,617", "2019-03-31": "$48,681", "2018-12-31": "$47,605", "2018-09-30": "$47,919", "2018-06-30": "$47,535", "2018-03-31": "$45,757", "2017-12-31": "$44,277", "2017-09-30": "$42,601", "2017-06-30": "$41,243", "2017-03-31": "$40,259", "2016-12-31": "$38,662", "2016-09-30": "$39,054", "2016-06-30": "$37,606", "2016-03-31": "$36,147", "2015-12-31": "$35,762", "2015-09-30": "$35,531", "2015-06-30": "$36,750", "2015-03-31": "$35,625", "2014-12-31": "$33,097", "2014-09-30": "$34,099", "2014-06-30": "$36,588", "2014-03-31": "$36,744", "2013-12-31": "$35,749", "2013-09-30": "$36,052", "2013-06-30": "$36,685", "2013-03-31": "$36,943", "2012-12-31": "$36,508", "2012-09-30": "$36,503", "2012-06-30": "$36,612", "2012-03-31": "$37,049", "2011-12-31": "$37,348", "2011-09-30": "$38,179", "2011-06-30": "$39,013", "2011-03-31": "$38,830", "2010-12-31": "$38,815", "2010-09-30": "$40,725", "2010-06-30": "$42,348", "2010-03-31": "$33,832", "2009-12-31": "$34,736", "2009-09-30": "$35,638", "2009-06-30": "$36,499", "2009-03-31": "$37,709", "2008-12-31": "$38,883", "2008-09-30": "$40,390", "2008-06-30": "$41,679", "2008-03-31": "$41,822", "2007-12-31": "$44,411", "2007-09-30": "$47,280", "2007-06-30": "$46,985", "2007-03-31": "$47,165", "2006-12-31": "$47,404", "2006-09-30": "$46,935", "2006-06-30": "$48,400", "2006-03-31": "$48,592", "2005-12-31": "$48,624", "2005-09-30": "$47,120", "2005-06-30": "$46,015", "2005-03-31": "$45,168"}}, "cash-on-hand": {"Popular Annual Cash on Hand (Millions of US $)": {"2019": "$3,691", "2018": "$4,603", "2017": "$5,692", "2016": "$3,312", "2015": "$2,615", "2014": "$2,342", "2013": "$1,621", "2012": "$1,839", "2011": "$2,348", "2010": "$1,978", "2009": "$2,143", "2008": "$2,226", "2007": "$2,593", "2006": "$1,634", "2005": "$2,175"}, "Popular Quarterly Cash on Hand (Millions of US $)": {"2020-09-30": "$12,458", "2020-06-30": "$10,094", "2020-03-31": "$6,430", "2019-12-31": "$3,691", "2019-09-30": "$5,707", "2019-06-30": "$3,599", "2019-03-31": "$5,230", "2018-12-31": "$4,603", "2018-09-30": "$5,048", "2018-06-30": "$9,071", "2018-03-31": "$7,306", "2017-12-31": "$5,692", "2017-09-30": "$6,052", "2017-06-30": "$4,676", "2017-03-31": "$4,045", "2016-12-31": "$3,312", "2016-09-30": "$4,387", "2016-06-30": "$3,223", "2016-03-31": "$2,398", "2015-12-31": "$2,615", "2015-09-30": "$2,867", "2015-06-30": "$3,954", "2015-03-31": "$2,937", "2014-12-31": "$2,342", "2014-09-30": "$1,520", "2014-06-30": "$2,375", "2014-03-31": "$2,370", "2013-12-31": "$1,621", "2013-09-30": "$1,669", "2013-06-30": "$1,754", "2013-03-31": "$1,886", "2012-12-31": "$1,839", "2012-09-30": "$1,630", "2012-06-30": "$1,883", "2012-03-31": "$2,181", "2011-12-31": "$2,348", "2011-09-30": "$2,109", "2011-06-30": "$2,758", "2011-03-31": "$2,061", "2010-12-31": "$1,978", "2010-09-30": "$3,088", "2010-06-30": "$3,591", "2010-03-31": "$1,977", "2009-12-31": "$2,143", "2009-09-30": "$2,152", "2009-06-30": "$2,101", "2009-03-31": "$2,826", "2008-12-31": "$2,226", "2008-09-30": "$1,938", "2008-06-30": "$2,285", "2008-03-31": "$2,246", "2007-12-31": "$2,593", "2007-09-30": "$2,006", "2007-06-30": "$2,014", "2007-03-31": "$2,042", "2006-12-31": "$1,634", "2006-09-30": "$1,734", "2006-06-30": "$1,846", "2006-03-31": "$2,360", "2005-12-31": "$2,175", "2005-09-30": "$2,069", "2005-06-30": "$2,418", "2005-03-31": "$1,906"}}, "long-term-debt": {"Popular Annual Long Term Debt (Millions of US $)": {"2019": "$", "2018": "$", "2017": "$", "2016": "$", "2015": "$", "2014": "$", "2013": "$", "2012": "$", "2011": "$", "2010": "$", "2009": "$", "2008": "$", "2007": "$", "2006": "$", "2005": "$"}, "Popular Quarterly Long Term Debt (Millions of US $)": {"2020-09-30": "", "2020-06-30": "", "2020-03-31": "", "2019-12-31": "", "2019-09-30": "", "2019-06-30": "", "2019-03-31": "", "2018-12-31": "", "2018-09-30": "", "2018-06-30": "", "2018-03-31": "", "2017-12-31": "", "2017-09-30": "", "2017-06-30": "", "2017-03-31": "", "2016-12-31": "", "2016-09-30": "", "2016-06-30": "", "2016-03-31": "", "2015-12-31": "", "2015-09-30": "", "2015-06-30": "", "2015-03-31": "", "2014-12-31": "", "2014-09-30": "", "2014-06-30": "", "2014-03-31": "", "2013-12-31": "", "2013-09-30": "", "2013-06-30": "", "2013-03-31": "", "2012-12-31": "", "2012-09-30": "", "2012-06-30": "", "2012-03-31": "", "2011-12-31": "", "2011-09-30": "", "2011-06-30": "", "2011-03-31": "", "2010-12-31": "", "2010-09-30": "", "2010-06-30": "", "2010-03-31": "", "2009-12-31": "", "2009-09-30": "", "2009-06-30": "", "2009-03-31": "", "2008-12-31": "", "2008-09-30": "", "2008-06-30": "", "2008-03-31": "", "2007-12-31": "", "2007-09-30": "", "2007-06-30": "", "2007-03-31": "", "2006-12-31": "", "2006-09-30": "", "2006-06-30": "", "2006-03-31": "", "2005-12-31": "", "2005-09-30": "$125", "2005-06-30": "$125", "2005-03-31": "$125"}}, "total-liabilities": {"Popular Annual Total Liabilities (Millions of US $)": {"2019": "$46,099", "2018": "$42,170", "2017": "$39,173", "2016": "$33,464", "2015": "$30,656", "2014": "$28,829", "2013": "$31,123", "2012": "$32,398", "2011": "$33,430", "2010": "$35,014", "2009": "$32,198", "2008": "$35,614", "2007": "$40,830", "2006": "$43,784", "2005": "$45,174"}, "Popular Quarterly Total Liabilities (Millions of US $)": {"2020-09-30": "$59,998", "2020-06-30": "$57,065", "2020-03-31": "$47,134", "2019-12-31": "$46,099", "2019-09-30": "$46,572", "2019-06-30": "$44,897", "2019-03-31": "$43,241", "2018-12-31": "$42,170", "2018-09-30": "$42,675", "2018-06-30": "$42,246", "2018-03-31": "$40,692", "2017-12-31": "$39,173", "2017-09-30": "$37,316", "2017-06-30": "$35,965", "2017-03-31": "$35,069", "2016-12-31": "$33,464", "2016-09-30": "$33,674", "2016-06-30": "$32,246", "2016-03-31": "$30,897", "2015-12-31": "$30,656", "2015-09-30": "$30,481", "2015-06-30": "$31,800", "2015-03-31": "$31,248", "2014-12-31": "$28,829", "2014-09-30": "$29,801", "2014-06-30": "$32,327", "2014-03-31": "$31,998", "2013-12-31": "$31,123", "2013-09-30": "$31,658", "2013-06-30": "$32,490", "2013-03-31": "$32,972", "2012-12-31": "$32,398", "2012-09-30": "$32,434", "2012-06-30": "$32,591", "2012-03-31": "$33,082", "2011-12-31": "$33,430", "2011-09-30": "$34,166", "2011-06-30": "$35,049", "2011-03-31": "$35,025", "2010-12-31": "$35,014", "2010-09-30": "$36,605", "2010-06-30": "$38,733", "2010-03-31": "$31,345", "2009-12-31": "$32,198", "2009-09-30": "$32,895", "2009-06-30": "$33,599", "2009-03-31": "$34,578", "2008-12-31": "$35,614", "2008-09-30": "$37,383", "2008-06-30": "$37,973", "2008-03-31": "$38,350", "2007-12-31": "$40,830", "2007-09-30": "$43,476", "2007-06-30": "$43,288", "2007-03-31": "$43,428", "2006-12-31": "$43,784", "2006-09-30": "$43,299", "2006-06-30": "$44,937", "2006-03-31": "$45,104", "2005-12-31": "$45,174", "2005-09-30": "$43,899", "2005-06-30": "$42,745", "2005-03-31": "$42,103"}}, "total-share-holder-equity": {"Popular Annual Share Holder Equity (Millions of US $)": {"2019": "$6,017", "2018": "$5,435", "2017": "$5,104", "2016": "$5,198", "2015": "$5,105", "2014": "$4,267", "2013": "$4,626", "2012": "$4,110", "2011": "$3,919", "2010": "$3,801", "2009": "$2,539", "2008": "$3,268", "2007": "$3,582", "2006": "$3,620", "2005": "$3,449"}, "Popular Quarterly Share Holder Equity (Millions of US $)": {"2020-09-30": "$5,912", "2020-06-30": "$5,780", "2020-03-31": "$5,670", "2019-12-31": "$6,017", "2019-09-30": "$5,908", "2019-06-30": "$5,720", "2019-03-31": "$5,440", "2018-12-31": "$5,435", "2018-09-30": "$5,244", "2018-06-30": "$5,290", "2018-03-31": "$5,065", "2017-12-31": "$5,104", "2017-09-30": "$5,285", "2017-06-30": "$5,278", "2017-03-31": "$5,190", "2016-12-31": "$5,198", "2016-09-30": "$5,380", "2016-06-30": "$5,360", "2016-03-31": "$5,250", "2015-12-31": "$5,105", "2015-09-30": "$5,050", "2015-06-30": "$4,950", "2015-03-31": "$4,377", "2014-12-31": "$4,267", "2014-09-30": "$4,298", "2014-06-30": "$4,260", "2014-03-31": "$4,746", "2013-12-31": "$4,626", "2013-09-30": "$4,394", "2013-06-30": "$4,195", "2013-03-31": "$3,971", "2012-12-31": "$4,110", "2012-09-30": "$4,069", "2012-06-30": "$4,021", "2012-03-31": "$3,967", "2011-12-31": "$3,919", "2011-09-30": "$4,013", "2011-06-30": "$3,964", "2011-03-31": "$3,805", "2010-12-31": "$3,801", "2010-09-30": "$4,120", "2010-06-30": "$3,615", "2010-03-31": "$2,487", "2009-12-31": "$2,539", "2009-09-30": "$2,742", "2009-06-30": "$2,900", "2009-03-31": "$3,132", "2008-12-31": "$3,268", "2008-09-30": "$3,007", "2008-06-30": "$3,706", "2008-03-31": "$3,472", "2007-12-31": "$3,582", "2007-09-30": "$3,804", "2007-06-30": "$3,697", "2007-03-31": "$3,736", "2006-12-31": "$3,620", "2006-09-30": "$3,636", "2006-06-30": "$3,463", "2006-03-31": "$3,488", "2005-12-31": "$3,449", "2005-09-30": "$3,221", "2005-06-30": "$3,270", "2005-03-31": "$3,065"}}, "profit-margins": {"current": "19.39%"}, "gross margin": {"2020-09-30": "89.48%", "2020-06-30": "88.18%", "2020-03-31": "87.27%", "2019-12-31": "87.00%", "2019-09-30": "87.28%", "2019-06-30": "87.76%", "2019-03-31": "88.76%", "2018-12-31": "89.23%", "2018-09-30": "89.49%", "2018-06-30": "89.70%", "2018-03-31": "89.45%", "2017-12-31": "89.56%", "2017-09-30": "89.04%", "2017-06-30": "88.95%", "2017-03-31": "88.97%", "2016-12-31": "88.98%", "2016-09-30": "89.98%", "2016-06-30": "90.36%", "2016-03-31": "90.67%", "2015-12-31": "90.86%", "2015-09-30": "89.92%", "2015-06-30": "88.69%", "2015-03-31": "66.77%", "2014-12-31": "65.89%", "2014-09-30": "67.19%", "2014-06-30": "69.60%", "2014-03-31": "88.43%", "2013-12-31": "87.54%", "2013-09-30": "86.80%", "2013-06-30": "85.36%", "2013-03-31": "83.27%", "2012-12-31": "83.16%", "2012-09-30": "82.96%", "2012-06-30": "81.97%", "2012-03-31": "81.22%", "2011-12-31": "80.33%", "2011-09-30": "78.11%", "2011-06-30": "81.76%", "2011-03-31": "80.70%", "2010-12-31": "79.82%", "2010-09-30": "79.28%", "2010-06-30": "72.64%", "2010-03-31": "72.30%", "2009-12-31": "72.57%", "2009-09-30": "70.31%", "2009-06-30": "69.83%", "2009-03-31": "69.32%", "2008-12-31": "67.94%", "2008-09-30": "72.12%", "2008-06-30": "70.06%", "2008-03-31": "66.34%", "2007-12-31": "63.63%", "2007-09-30": "64.34%", "2007-06-30": "62.23%", "2007-03-31": "62.27%", "2006-12-31": "62.77%", "2006-09-30": "58.79%", "2006-06-30": "60.62%", "2006-03-31": "62.39%", "2005-12-31": "64.02%"}, "operating margin": {"2020-09-30": "21.91%", "2020-06-30": "21.21%", "2020-03-31": "22.64%", "2019-12-31": "28.90%", "2019-09-30": "29.18%", "2019-06-30": "28.69%", "2019-03-31": "30.05%", "2018-12-31": "27.55%", "2018-09-30": "25.15%", "2018-06-30": "18.94%", "2018-03-31": "14.95%", "2017-12-31": "15.80%", "2017-09-30": "12.44%", "2017-06-30": "15.92%", "2017-03-31": "15.55%", "2016-12-31": "15.21%", "2016-09-30": "20.57%", "2016-06-30": "22.28%", "2016-03-31": "19.60%", "2015-12-31": "19.70%", "2015-09-30": "17.38%", "2015-06-30": "15.45%", "2015-03-31": "-3.88%", "2014-12-31": "-5.20%", "2014-09-30": "-0.19%", "2014-06-30": "7.52%", "2014-03-31": "23.09%", "2013-12-31": "12.63%", "2013-09-30": "8.87%", "2013-06-30": "1.22%", "2013-03-31": "-2.92%", "2012-12-31": "8.44%", "2012-09-30": "5.06%", "2012-06-30": "3.71%", "2012-03-31": "7.01%", "2011-12-31": "10.36%", "2011-09-30": "0.96%", "2011-06-30": "18.11%", "2011-03-31": "15.06%", "2010-12-31": "7.60%", "2010-09-30": "9.39%", "2010-06-30": "-16.23%", "2010-03-31": "-22.32%", "2009-12-31": "-19.51%", "2009-09-30": "-23.45%", "2009-06-30": "-20.67%", "2009-03-31": "-12.82%", "2008-12-31": "-6.60%", "2008-09-30": "2.20%", "2008-06-30": "7.51%", "2008-03-31": "8.67%", "2007-12-31": "8.84%", "2007-09-30": "16.05%", "2007-06-30": "15.56%", "2007-03-31": "16.40%", "2006-12-31": "17.33%", "2006-09-30": "14.46%", "2006-06-30": "15.90%", "2006-03-31": "17.89%", "2005-12-31": "19.90%"}, "ebitda margin": {"2020-09-30": "0.00%", "2020-06-30": "0.00%", "2020-03-31": "0.00%", "2019-12-31": "0.00%", "2019-09-30": "0.00%", "2019-06-30": "0.00%", "2019-03-31": "0.00%", "2018-12-31": "0.00%", "2018-09-30": "0.00%", "2018-06-30": "0.00%", "2018-03-31": "0.00%", "2017-12-31": "0.00%", "2017-09-30": "0.00%", "2017-06-30": "0.00%", "2017-03-31": "0.00%", "2016-12-31": "0.00%", "2016-09-30": "0.00%", "2016-06-30": "0.00%", "2016-03-31": "0.00%", "2015-12-31": "0.00%", "2015-09-30": "0.00%", "2015-06-30": "0.00%", "2015-03-31": "0.00%", "2014-12-31": "0.00%", "2014-09-30": "0.00%", "2014-06-30": "0.00%", "2014-03-31": "0.00%", "2013-12-31": "0.00%", "2013-09-30": "0.00%", "2013-06-30": "0.00%", "2013-03-31": "0.00%", "2012-12-31": "0.00%", "2012-09-30": "0.00%", "2012-06-30": "0.00%", "2012-03-31": "0.00%", "2011-12-31": "0.00%", "2011-09-30": "0.00%", "2011-06-30": "0.00%", "2011-03-31": "0.00%", "2010-12-31": "0.00%", "2010-09-30": "0.00%", "2010-06-30": "0.00%", "2010-03-31": "0.00%", "2009-12-31": "0.00%", "2009-09-30": "0.00%", "2009-06-30": "0.00%", "2009-03-31": "0.00%", "2008-12-31": "0.00%", "2008-09-30": "0.00%", "2008-06-30": "0.00%", "2008-03-31": "0.00%", "2007-12-31": "0.00%", "2007-09-30": "0.00%", "2007-06-30": "0.00%", "2007-03-31": "0.00%", "2006-12-31": "0.00%", "2006-09-30": "0.00%", "2006-06-30": "0.00%", "2006-03-31": "0.00%", "2005-12-31": "0.00%"}, "pre tax profit margin": {"2020-09-30": "21.91%", "2020-06-30": "21.21%", "2020-03-31": "22.64%", "2019-12-31": "28.90%", "2019-09-30": "29.18%", "2019-06-30": "28.69%", "2019-03-31": "30.05%", "2018-12-31": "27.55%", "2018-09-30": "25.15%", "2018-06-30": "18.94%", "2018-03-31": "14.95%", "2017-12-31": "15.80%", "2017-09-30": "12.44%", "2017-06-30": "15.92%", "2017-03-31": "15.55%", "2016-12-31": "15.21%", "2016-09-30": "20.53%", "2016-06-30": "22.19%", "2016-03-31": "19.22%", "2015-12-31": "18.80%", "2015-09-30": "15.84%", "2015-06-30": "13.53%", "2015-03-31": "-5.82%", "2014-12-31": "-6.58%", "2014-09-30": "-0.85%", "2014-06-30": "7.30%", "2014-03-31": "23.09%", "2013-12-31": "12.63%", "2013-09-30": "8.87%", "2013-06-30": "1.22%", "2013-03-31": "-2.92%", "2012-12-31": "8.44%", "2012-09-30": "5.06%", "2012-06-30": "3.71%", "2012-03-31": "7.01%", "2011-12-31": "10.36%", "2011-09-30": "0.96%", "2011-06-30": "18.11%", "2011-03-31": "15.06%", "2010-12-31": "7.60%", "2010-09-30": "8.61%", "2010-06-30": "-17.23%", "2010-03-31": "-23.32%", "2009-12-31": "-20.42%", "2009-09-30": "-23.94%", "2009-06-30": "-21.14%", "2009-03-31": "-13.27%", "2008-12-31": "-7.06%", "2008-09-30": "1.83%", "2008-06-30": "7.15%", "2008-03-31": "8.33%", "2007-12-31": "8.52%", "2007-09-30": "16.05%", "2007-06-30": "15.56%", "2007-03-31": "16.40%", "2006-12-31": "17.33%", "2006-09-30": "14.46%", "2006-06-30": "15.90%", "2006-03-31": "17.89%", "2005-12-31": "19.90%"}, "net profit margin": {"2020-09-30": "18.67%", "2020-06-30": "18.02%", "2020-03-31": "18.98%", "2019-12-31": "23.57%", "2019-09-30": "21.41%", "2019-06-30": "20.82%", "2019-03-31": "24.66%", "2018-12-31": "22.95%", "2018-09-30": "16.29%", "2018-06-30": "12.17%", "2018-03-31": "4.68%", "2017-12-31": "4.85%", "2017-09-30": "9.98%", "2017-06-30": "11.56%", "2017-03-31": "11.34%", "2016-12-31": "11.02%", "2016-09-30": "17.22%", "2016-06-30": "18.67%", "2016-03-31": "42.29%", "2015-12-31": "42.04%", "2015-09-30": "38.60%", "2015-06-30": "37.60%", "2015-03-31": "-16.32%", "2014-12-31": "-15.69%", "2014-09-30": "-9.64%", "2014-06-30": "-1.63%", "2014-03-31": "32.21%", "2013-12-31": "24.44%", "2013-09-30": "22.16%", "2013-06-30": "15.19%", "2013-03-31": "3.55%", "2012-12-31": "11.18%", "2012-09-30": "6.80%", "2012-06-30": "5.87%", "2012-03-31": "7.50%", "2011-12-31": "5.77%", "2011-09-30": "-10.89%", "2011-06-30": "5.99%", "2011-03-31": "1.21%", "2010-12-31": "-1.67%", "2010-09-30": "-16.05%", "2010-06-30": "-16.67%", "2010-03-31": "-23.16%", "2009-12-31": "-20.86%", "2009-09-30": "-14.44%", "2009-06-30": "-57.11%", "2009-03-31": "-47.75%", "2008-12-31": "-41.24%", "2008-09-30": "-28.58%", "2008-06-30": "-4.72%", "2008-03-31": "-2.81%", "2007-12-31": "-2.22%", "2007-09-30": "8.75%", "2007-06-30": "9.75%", "2007-03-31": "10.55%", "2006-12-31": "10.73%", "2006-09-30": "10.88%", "2006-06-30": "12.16%", "2006-03-31": "13.50%", "2005-12-31": "15.30%"}, "pe ratio": {"current": "10.38", "2021-02-05": "11.09", "2020-09-30": "6.45", "2020-06-30": "6.92", "2020-03-31": "6.13", "2019-12-31": "8.18", "2019-09-30": "8.30", "2019-06-30": "8.73", "2019-03-31": "7.16", "2018-12-31": "7.31", "2018-09-30": "11.97", "2018-06-30": "14.97", "2018-03-31": "38.00", "2017-12-31": "32.22", "2017-09-30": "16.61", "2017-06-30": "17.00", "2017-03-31": "17.19", "2016-12-31": "19.10", "2016-09-30": "9.95", "2016-06-30": "6.84", "2016-03-31": "2.89", "2015-12-31": "2.88", "2015-09-30": "3.37", "2015-06-30": "3.29", "2015-03-31": "0.00", "2014-12-31": "0.00", "2014-09-30": "0.00", "2014-06-30": "0.00", "2014-03-31": "3.45", "2013-12-31": "4.30", "2013-09-30": "4.52", "2013-06-30": "8.07", "2013-03-31": "33.77", "2012-12-31": "7.56", "2012-09-30": "9.59", "2012-06-30": "10.09", "2012-03-31": "9.37", "2011-12-31": "8.05", "2011-09-30": "0.00", "2011-06-30": "6.31", "2011-03-31": "0.00", "2010-12-31": "0.00", "2010-09-30": "0.00", "2010-06-30": "3.58", "2010-03-31": "12.64", "2009-12-31": "32.72", "2009-09-30": "0.00", "2009-06-30": "0.00", "2009-03-31": "0.00", "2008-12-31": "0.00", "2008-09-30": "0.00", "2008-06-30": "0.00", "2008-03-31": "0.00", "2007-12-31": "0.00", "2007-09-30": "9.95", "2007-06-30": "11.06", "2007-03-31": "10.55", "2006-12-31": "11.24"}, "price sales": {"2021-02-05": "2.08", "2020-09-30": "1.21", "2020-06-30": "1.24", "2020-03-31": "1.15", "2019-12-31": "1.93", "2019-09-30": "1.79", "2019-06-30": "1.83", "2019-03-31": "1.77", "2018-12-31": "1.68", "2018-09-30": "1.95", "2018-06-30": "1.82", "2018-03-31": "1.79", "2017-12-31": "1.55", "2017-09-30": "1.66", "2017-06-30": "1.97", "2017-03-31": "1.94", "2016-12-31": "2.09", "2016-09-30": "1.71", "2016-06-30": "1.27", "2016-03-31": "1.22", "2015-12-31": "1.21", "2015-09-30": "1.31", "2015-06-30": "1.24", "2015-03-31": "1.53", "2014-12-31": "1.51", "2014-09-30": "1.25", "2014-06-30": "1.35", "2014-03-31": "1.11", "2013-12-31": "1.05", "2013-09-30": "1.01", "2013-06-30": "1.23", "2013-03-31": "1.20", "2012-12-31": "0.86", "2012-09-30": "0.66", "2012-06-30": "0.62", "2012-03-31": "0.73", "2011-12-31": "0.48", "2011-09-30": "0.51", "2011-06-30": "0.73", "2011-03-31": "0.73", "2010-12-31": "0.73", "2010-09-30": "0.55", "2010-06-30": "0.50", "2010-03-31": "0.40", "2009-12-31": "0.24", "2009-09-30": "0.27", "2009-06-30": "0.18", "2009-03-31": "0.17", "2008-12-31": "0.40", "2008-09-30": "0.66", "2008-06-30": "0.50", "2008-03-31": "0.82", "2007-12-31": "0.70", "2007-09-30": "0.87", "2007-06-30": "1.07", "2007-03-31": "1.10", "2006-12-31": "1.20"}, "price book": {"current": "0.88", "2021-02-05": "0.88", "2020-09-30": "0.51", "2020-06-30": "0.53", "2020-03-31": "0.53", "2019-12-31": "0.89", "2019-09-30": "0.84", "2019-06-30": "0.87", "2019-03-31": "0.87", "2018-12-31": "0.81", "2018-09-30": "0.91", "2018-06-30": "0.81", "2018-03-31": "0.77", "2017-12-31": "0.65", "2017-09-30": "0.63", "2017-06-30": "0.73", "2017-03-31": "0.72", "2016-12-31": "0.78", "2016-09-30": "0.66", "2016-06-30": "0.50", "2016-03-31": "0.50", "2015-12-31": "0.50", "2015-09-30": "0.54", "2015-06-30": "0.52", "2015-03-31": "0.71", "2014-12-31": "0.72", "2014-09-30": "0.62", "2014-06-30": "0.72", "2014-03-31": "0.59", "2013-12-31": "0.56", "2013-09-30": "0.54", "2013-06-30": "0.65", "2013-03-31": "0.62", "2012-12-31": "0.45", "2012-09-30": "0.38", "2012-06-30": "0.37", "2012-03-31": "0.46", "2011-12-31": "0.32", "2011-09-30": "0.33", "2011-06-30": "0.62", "2011-03-31": "0.68", "2010-12-31": "0.73", "2010-09-30": "0.63", "2010-06-30": "0.66", "2010-03-31": "0.65", "2009-12-31": "0.49", "2009-09-30": "0.57", "2009-06-30": "0.19", "2009-03-31": "0.17", "2008-12-31": "0.38", "2008-09-30": "0.66", "2008-06-30": "0.42", "2008-03-31": "0.78", "2007-12-31": "0.68", "2007-09-30": "0.72", "2007-06-30": "0.96", "2007-03-31": "0.97", "2006-12-31": "1.07", "2006-09-30": "1.15", "2006-06-30": "1.18", "2006-03-31": "1.25"}, "price fcf": {"2021-02-05": "", "2020-09-30": "$7.04", "2020-06-30": "$6.91", "2020-03-31": "$7.11", "2019-12-31": "$6.68", "2019-09-30": "$7.22", "2019-06-30": "$7.56", "2019-03-31": "$7.50", "2018-12-31": "$7.66", "2018-09-30": "$5.50", "2018-06-30": "$5.60", "2018-03-31": "$5.83", "2017-12-31": "$5.72", "2017-09-30": "$7.31", "2017-06-30": "$5.44", "2017-03-31": "$5.15", "2016-12-31": "$4.89", "2016-09-30": "$5.85", "2016-06-30": "$7.40", "2016-03-31": "$7.58", "2015-12-31": "$6.02", "2015-09-30": "$4.16", "2015-06-30": "$6.75", "2015-03-31": "$6.46", "2014-12-31": "$8.13", "2014-09-30": "$9.34", "2014-06-30": "$6.71", "2014-03-31": "$6.97", "2013-12-31": "$7.67", "2013-09-30": "$8.21", "2013-06-30": "$7.14", "2013-03-31": "$4.64", "2012-12-31": "$4.76", "2012-09-30": "$8.65", "2012-06-30": "$8.76", "2012-03-31": "$9.21", "2011-12-31": "$6.27", "2011-09-30": "$-1.37", "2011-06-30": "$-2.92", "2011-03-31": "$-1.81", "2010-12-31": "$1.25", "2010-09-30": "$1.54", "2010-06-30": "$3.40", "2010-03-31": "$16.41", "2009-12-31": "$14.69", "2009-09-30": "$28.73", "2009-06-30": "$53.92", "2009-03-31": "$46.27", "2008-12-31": "$41.68", "2008-09-30": "$34.23", "2008-06-30": "$17.83", "2008-03-31": "$26.83", "2007-12-31": "$23.70", "2007-09-30": "$8.81", "2007-06-30": "$15.54", "2007-03-31": "$-3.95", "2006-12-31": "$30.61"}, "net worth": {"value": "$5.21B"}, "current ratio": {"2020-09-30": "0.72", "2020-06-30": "0.70", "2020-03-31": "0.73", "2019-12-31": "0.69", "2019-09-30": "0.71", "2019-06-30": "0.69", "2019-03-31": "0.74", "2018-12-31": "0.74", "2018-09-30": "0.74", "2018-06-30": "0.80", "2018-03-31": "0.80", "2017-12-31": "0.80", "2017-09-30": "0.80", "2017-06-30": "0.79", "2017-03-31": "0.79", "2016-12-31": "0.81", "2016-09-30": "0.83", "2016-06-30": "0.83", "2016-03-31": "0.85", "2015-12-31": "0.85", "2015-09-30": "0.87", "2015-06-30": "0.87", "2015-03-31": "0.87", "2014-12-31": "0.86", "2014-09-30": "0.83", "2014-06-30": "0.83", "2014-03-31": "0.85", "2013-12-31": "0.85", "2013-09-30": "0.84", "2013-06-30": "0.83", "2013-03-31": "0.83", "2012-12-31": "0.84", "2012-09-30": "0.83", "2012-06-30": "0.84", "2012-03-31": "0.83", "2011-12-31": "0.83", "2011-09-30": "0.81", "2011-06-30": "0.82", "2011-03-31": "0.81", "2010-12-31": "0.82", "2010-09-30": "0.82", "2010-06-30": "0.80", "2010-03-31": "0.79", "2009-12-31": "0.79", "2009-09-30": "0.80", "2009-06-30": "0.80", "2009-03-31": "0.82", "2008-12-31": "0.80", "2008-09-30": "0.76", "2008-06-30": "0.79", "2008-03-31": "0.80", "2007-12-31": "0.80", "2007-09-30": "0.82", "2007-06-30": "0.81", "2007-03-31": "0.81", "2006-12-31": "0.79", "2006-09-30": "0.78", "2006-06-30": "0.76", "2006-03-31": "0.76", "2005-12-31": "0.77", "2005-09-30": "0.75", "2005-06-30": "0.74", "2005-03-31": "0.75"}, "quick ratio": {"2020-09-30": "0.00", "2020-06-30": "0.00", "2020-03-31": "0.00", "2019-12-31": "0.00", "2019-09-30": "0.00", "2019-06-30": "0.00", "2019-03-31": "0.00", "2018-12-31": "0.00", "2018-09-30": "0.00", "2018-06-30": "0.00", "2018-03-31": "0.00", "2017-12-31": "0.00", "2017-09-30": "0.00", "2017-06-30": "0.00", "2017-03-31": "0.00", "2016-12-31": "0.00", "2016-09-30": "0.00", "2016-06-30": "0.00", "2016-03-31": "0.00", "2015-12-31": "0.00", "2015-09-30": "0.00", "2015-06-30": "0.00", "2015-03-31": "0.00", "2014-12-31": "0.00", "2014-09-30": "0.00", "2014-06-30": "0.00", "2014-03-31": "0.00", "2013-12-31": "0.00", "2013-09-30": "0.00", "2013-06-30": "0.00", "2013-03-31": "0.00", "2012-12-31": "0.00", "2012-09-30": "0.00", "2012-06-30": "0.00", "2012-03-31": "0.00", "2011-12-31": "0.00", "2011-09-30": "0.00", "2011-06-30": "0.00", "2011-03-31": "0.00", "2010-12-31": "0.00", "2010-09-30": "0.00", "2010-06-30": "0.00", "2010-03-31": "0.00", "2009-12-31": "0.00", "2009-09-30": "0.00", "2009-06-30": "0.00", "2009-03-31": "0.00", "2008-12-31": "0.00", "2008-09-30": "0.00", "2008-06-30": "0.00", "2008-03-31": "0.00", "2007-12-31": "0.00", "2007-09-30": "0.00", "2007-06-30": "0.00", "2007-03-31": "0.00", "2006-12-31": "0.00", "2006-09-30": "0.00", "2006-06-30": "0.00", "2006-03-31": "0.00", "2005-12-31": "0.00", "2005-09-30": "0.00", "2005-06-30": "0.00", "2005-03-31": "0.00"}, "debt equity ratio": {"current": "0.00", "2020-09-30": "10.15", "2020-06-30": "9.87", "2020-03-31": "8.31", "2019-12-31": "7.66", "2019-09-30": "7.88", "2019-06-30": "7.85", "2019-03-31": "7.95", "2018-12-31": "7.76", "2018-09-30": "8.14", "2018-06-30": "7.99", "2018-03-31": "8.03", "2017-12-31": "7.68", "2017-09-30": "7.06", "2017-06-30": "6.81", "2017-03-31": "6.76", "2016-12-31": "6.44", "2016-09-30": "6.26", "2016-06-30": "6.02", "2016-03-31": "5.89", "2015-12-31": "6.01", "2015-09-30": "6.04", "2015-06-30": "6.43", "2015-03-31": "7.14", "2014-12-31": "6.76", "2014-09-30": "6.93", "2014-06-30": "7.59", "2014-03-31": "6.74", "2013-12-31": "6.73", "2013-09-30": "7.21", "2013-06-30": "7.75", "2013-03-31": "8.30", "2012-12-31": "7.88", "2012-09-30": "7.97", "2012-06-30": "8.11", "2012-03-31": "8.34", "2011-12-31": "8.53", "2011-09-30": "8.52", "2011-06-30": "8.84", "2011-03-31": "9.21", "2010-12-31": "9.21", "2010-09-30": "8.88", "2010-06-30": "10.72", "2010-03-31": "12.60", "2009-12-31": "12.68", "2009-09-30": "12.00", "2009-06-30": "11.59", "2009-03-31": "11.04", "2008-12-31": "10.90", "2008-09-30": "12.43", "2008-06-30": "10.25", "2008-03-31": "11.05", "2007-12-31": "11.40", "2007-09-30": "11.43", "2007-06-30": "11.71", "2007-03-31": "11.62", "2006-12-31": "12.09", "2006-09-30": "11.91", "2006-06-30": "12.98", "2006-03-31": "12.93", "2005-12-31": "13.10", "2005-09-30": "13.63", "2005-06-30": "13.07", "2005-03-31": "13.74"}, "return on equity": {"2020-09-30": "8.47%", "2020-06-30": "8.40%", "2020-03-31": "9.16%", "2019-12-31": "11.56%", "2019-09-30": "10.77%", "2019-06-30": "10.66%", "2019-03-31": "12.91%", "2018-12-31": "11.68%", "2018-09-30": "7.84%", "2018-06-30": "5.51%", "2018-03-31": "1.97%", "2017-12-31": "1.99%", "2017-09-30": "3.86%", "2017-06-30": "4.33%", "2017-03-31": "4.18%", "2016-12-31": "4.02%", "2016-09-30": "6.71%", "2016-06-30": "7.57%", "2016-03-31": "17.73%", "2015-12-31": "18.31%", "2015-09-30": "17.25%", "2015-06-30": "17.46%", "2015-03-31": "-7.63%", "2014-12-31": "-7.22%", "2014-09-30": "-4.53%", "2014-06-30": "-0.82%", "2014-03-31": "17.86%", "2013-12-31": "13.87%", "2013-09-30": "12.41%", "2013-06-30": "8.20%", "2013-03-31": "1.81%", "2012-12-31": "5.96%", "2012-09-30": "4.01%", "2012-06-30": "3.54%", "2012-03-31": "4.69%", "2011-12-31": "3.77%", "2011-09-30": "-7.01%", "2011-06-30": "4.95%", "2011-03-31": "1.04%", "2010-12-31": "-1.54%", "2010-09-30": "-16.30%", "2010-06-30": "-14.69%", "2010-03-31": "-21.82%", "2009-12-31": "-20.30%", "2009-09-30": "-13.52%", "2009-06-30": "-54.70%", "2009-03-31": "-44.44%", "2008-12-31": "-38.06%", "2008-09-30": "-24.96%", "2008-06-30": "-4.01%", "2008-03-31": "-2.53%", "2007-12-31": "-2.05%", "2007-09-30": "7.48%", "2007-06-30": "8.82%", "2007-03-31": "9.57%", "2006-12-31": "9.74%", "2006-09-30": "11.86%", "2006-06-30": "13.19%", "2006-03-31": "14.42%", "2005-12-31": "16.24%"}, "return on assets": {"2020-09-30": "0.85%", "2020-06-30": "0.89%", "2020-03-31": "1.03%", "2019-12-31": "1.31%", "2019-09-30": "1.22%", "2019-06-30": "1.19%", "2019-03-31": "1.44%", "2018-12-31": "1.30%", "2018-09-30": "0.88%", "2018-06-30": "0.63%", "2018-03-31": "0.23%", "2017-12-31": "0.25%", "2017-09-30": "0.50%", "2017-06-30": "0.57%", "2017-03-31": "0.57%", "2016-12-31": "0.56%", "2016-09-30": "0.95%", "2016-06-30": "1.08%", "2016-03-31": "2.50%", "2015-12-31": "2.48%", "2015-09-30": "2.28%", "2015-06-30": "2.24%", "2015-03-31": "-0.94%", "2014-12-31": "-0.90%", "2014-09-30": "-0.57%", "2014-06-30": "-0.10%", "2014-03-31": "2.21%", "2013-12-31": "1.64%", "2013-09-30": "1.41%", "2013-06-30": "0.91%", "2013-03-31": "0.20%", "2012-12-31": "0.66%", "2012-09-30": "0.43%", "2012-06-30": "0.38%", "2012-03-31": "0.49%", "2011-12-31": "0.39%", "2011-09-30": "-0.71%", "2011-06-30": "0.49%", "2011-03-31": "0.10%", "2010-12-31": "-0.14%", "2010-09-30": "-1.37%", "2010-06-30": "-1.14%", "2010-03-31": "-1.65%", "2009-12-31": "-1.59%", "2009-09-30": "-1.09%", "2009-06-30": "-4.39%", "2009-03-31": "-3.67%", "2008-12-31": "-3.15%", "2008-09-30": "-2.04%", "2008-06-30": "-0.33%", "2008-03-31": "-0.20%", "2007-12-31": "-0.16%", "2007-09-30": "0.59%", "2007-06-30": "0.69%", "2007-03-31": "0.73%", "2006-12-31": "0.72%", "2006-09-30": "0.86%", "2006-06-30": "0.93%", "2006-03-31": "1.02%", "2005-12-31": "1.13%"}, "return on investments": {"2020-09-30": "inf%", "2020-06-30": "inf%", "2020-03-31": "inf%", "2019-12-31": "inf%", "2019-09-30": "inf%", "2019-06-30": "inf%", "2019-03-31": "inf%", "2018-12-31": "inf%", "2018-09-30": "inf%", "2018-06-30": "inf%", "2018-03-31": "inf%", "2017-12-31": "inf%", "2017-09-30": "inf%", "2017-06-30": "inf%", "2017-03-31": "inf%", "2016-12-31": "inf%", "2016-09-30": "inf%", "2016-06-30": "inf%", "2016-03-31": "inf%", "2015-12-31": "inf%", "2015-09-30": "inf%", "2015-06-30": "inf%", "2015-03-31": "inf%", "2014-12-31": "inf%", "2014-09-30": "inf%", "2014-06-30": "inf%", "2014-03-31": "inf%", "2013-12-31": "inf%", "2013-09-30": "inf%", "2013-06-30": "inf%", "2013-03-31": "inf%", "2012-12-31": "inf%", "2012-09-30": "inf%", "2012-06-30": "inf%", "2012-03-31": "inf%", "2011-12-31": "inf%", "2011-09-30": "inf%", "2011-06-30": "inf%", "2011-03-31": "inf%", "2010-12-31": "inf%", "2010-09-30": "inf%", "2010-06-30": "inf%", "2010-03-31": "inf%", "2009-12-31": "inf%", "2009-09-30": "inf%", "2009-06-30": "inf%", "2009-03-31": "inf%", "2008-12-31": "inf%", "2008-09-30": "inf%", "2008-06-30": "inf%", "2008-03-31": "inf%", "2007-12-31": "inf%", "2007-09-30": "inf%", "2007-06-30": "inf%", "2007-03-31": "inf%", "2006-12-31": "inf%", "2006-09-30": "inf%", "2006-06-30": "70.17%", "2006-03-31": "38.04%", "2005-12-31": "27.67%"}, "return on tangible equity": {"2020-09-30": "9.89%", "2020-06-30": "9.82%", "2020-03-31": "10.72%", "2019-12-31": "13.56%", "2019-09-30": "12.70%", "2019-06-30": "12.67%", "2019-03-31": "15.38%", "2018-12-31": "13.93%", "2018-09-30": "9.36%", "2018-06-30": "6.57%", "2018-03-31": "2.35%", "2017-12-31": "2.38%", "2017-09-30": "4.61%", "2017-06-30": "5.13%", "2017-03-31": "4.96%", "2016-12-31": "4.77%", "2016-09-30": "7.98%", "2016-06-30": "8.97%", "2016-03-31": "20.72%", "2015-12-31": "21.16%", "2015-09-30": "19.77%", "2015-06-30": "20.03%", "2015-03-31": "-8.85%", "2014-12-31": "-8.50%", "2014-09-30": "-5.39%", "2014-06-30": "-1.00%", "2014-03-31": "21.81%", "2013-12-31": "16.93%", "2013-09-30": "15.25%", "2013-06-30": "10.13%", "2013-03-31": "2.27%", "2012-12-31": "7.58%", "2012-09-30": "5.11%", "2012-06-30": "4.53%", "2012-03-31": "5.92%", "2011-12-31": "4.78%", "2011-09-30": "-8.90%", "2011-06-30": "6.27%", "2011-03-31": "1.34%", "2010-12-31": "-2.02%", "2010-09-30": "-21.90%", "2010-06-30": "-20.05%", "2010-03-31": "-30.14%", "2009-12-31": "-26.92%", "2009-09-30": "-17.62%", "2009-06-30": "-71.01%", "2009-03-31": "-56.86%", "2008-12-31": "-48.54%", "2008-09-30": "-31.80%", "2008-06-30": "-5.08%", "2008-03-31": "-3.22%", "2007-12-31": "-2.62%", "2007-09-30": "9.58%", "2007-06-30": "11.35%", "2007-03-31": "12.36%", "2006-12-31": "12.63%", "2006-09-30": "15.18%", "2006-06-30": "16.69%", "2006-03-31": "17.99%", "2005-12-31": "20.05%"}, "dividend yield history": {"last payout": "$1.60", "last yield": "2.59%"}}