{"ticker": "POST", "price": {"title": "Post Holdings Historical Annual Stock Price Data", "value": 96.3, "historical": {"2020": {"Average Stock Price": "92.4128", "Year Open": "108.8800", "Year High": "112.0600", "Year Low": "71.5500", "Year Close": "101.0100", "Annual % Change": "-7.42%"}, "2019": {"Average Stock Price": "104.0717", "Year Open": "89.9300", "Year High": "112.7800", "Year Low": "89.9300", "Year Close": "109.1000", "Annual % Change": "22.41%"}, "2018": {"Average Stock Price": "85.7673", "Year Open": "79.4400", "Year High": "100.6500", "Year Low": "71.6300", "Year Close": "89.1300", "Annual % Change": "12.50%"}, "2017": {"Average Stock Price": "82.8772", "Year Open": "81.9500", "Year High": "88.4100", "Year Low": "76.2400", "Year Close": "79.2300", "Annual % Change": "-1.44%"}, "2016": {"Average Stock Price": "74.9574", "Year Open": "60.5100", "Year High": "87.8500", "Year Low": "53.8600", "Year Close": "80.3900", "Annual % Change": "30.29%"}, "2015": {"Average Stock Price": "54.3817", "Year Open": "42.7400", "Year High": "70.9900", "Year Low": "39.4100", "Year Close": "61.7000", "Annual % Change": "47.29%"}, "2014": {"Average Stock Price": "45.9848", "Year Open": "49.7200", "Year High": "60.1800", "Year Low": "31.6700", "Year Close": "41.8900", "Annual % Change": "-14.98%"}, "2013": {"Average Stock Price": "43.0449", "Year Open": "36.0500", "Year High": "52.6100", "Year Low": "33.9300", "Year Close": "49.2700", "Annual % Change": "43.85%"}, "2012": {"Average Stock Price": "31.1485", "Year Open": "26.7000", "Year High": "35.1300", "Year Low": "26.0200", "Year Close": "34.2500", "Annual % Change": "0.00%"}}}, "market cap": {"value": "$6.34B"}, "income statement": {"Revenue": {"2020-09-30": "5698.70000", "2019-09-30": "5681.10000", "2018-09-30": "6257.20000", "2017-09-30": "5225.80000", "2016-09-30": "5026.80000", "2015-09-30": "4648.20000", "2014-09-30": "2411.10000", "2013-09-30": "1034.10000", "2012-09-30": "958.90000", "2011-09-30": "968.20000", "2010-09-30": "996.70000", "2009-09-30": "1072.10000"}, "Cost Of Goods Sold": {"2020-09-30": "3911.30000", "2019-09-30": "3889.00000", "2018-09-30": "4403.20000", "2017-09-30": "3655.00000", "2016-09-30": "3479.40000", "2015-09-30": "3473.80000", "2014-09-30": "1789.90000", "2013-09-30": "609.20000", "2012-09-30": "530.00000", "2011-09-30": "516.60000", "2010-09-30": "553.70000", "2009-09-30": "570.80000"}, "Gross Profit": {"2020-09-30": "1787.40000", "2019-09-30": "1792.10000", "2018-09-30": "1854.00000", "2017-09-30": "1570.80000", "2016-09-30": "1547.40000", "2015-09-30": "1174.40000", "2014-09-30": "621.20010", "2013-09-30": "424.90000", "2012-09-30": "428.90000", "2011-09-30": "451.60000", "2010-09-30": "443.00000", "2009-09-30": "501.30000"}, "Research And Development Expenses": {"2020-09-30": "", "2019-09-30": "", "2018-09-30": "", "2017-09-30": "", "2016-09-30": "", "2015-09-30": "", "2014-09-30": "", "2013-09-30": "", "2012-09-30": "", "2011-09-30": "", "2010-09-30": "", "2009-09-30": ""}, "SG&A Expenses": {"2020-09-30": "934.30000", "2019-09-30": "911.60000", "2018-09-30": "976.40000", "2017-09-30": "867.70000", "2016-09-30": "839.70000", "2015-09-30": "734.10000", "2014-09-30": "459.50000", "2013-09-30": "298.20000", "2012-09-30": "274.00000", "2011-09-30": "239.50000", "2010-09-30": "218.80000", "2009-09-30": "272.70000"}, "Other Operating Income Or Expenses": {"2020-09-30": "7.70000", "2019-09-30": "61.80000", "2018-09-30": "-126.70000", "2017-09-30": "-27.30000", "2016-09-30": "-9.40000", "2015-09-30": "-85.90000", "2014-09-30": "-298.60000", "2013-09-30": "-4.30000", "2012-09-30": "-3.20000", "2011-09-30": "-568.10000", "2010-09-30": "-20.70000", "2009-09-30": "-0.80000"}, "Operating Expenses": {"2020-09-30": "4998.20000", "2019-09-30": "4900.10000", "2018-09-30": "5683.70000", "2017-09-30": "4709.10000", "2016-09-30": "4481.10000", "2015-09-30": "4435.50000", "2014-09-30": "2618.80000", "2013-09-30": "926.30000", "2012-09-30": "819.80000", "2011-09-30": "1336.80000", "2010-09-30": "805.90000", "2009-09-30": "856.90000"}, "Operating Income": {"2020-09-30": "700.50050", "2019-09-30": "781.00000", "2018-09-30": "573.50000", "2017-09-30": "516.69970", "2016-09-30": "545.69970", "2015-09-30": "212.70020", "2014-09-30": "-207.70020", "2013-09-30": "107.80000", "2012-09-30": "139.10000", "2011-09-30": "-368.59990", "2010-09-30": "190.80000", "2009-09-30": "215.20000"}, "Total Non-Operating Income/Expense": {"2020-09-30": "-637.10000", "2019-09-30": "-621.90000", "2018-09-30": "-308.80000", "2017-09-30": "-442.30000", "2016-09-30": "-575.80000", "2015-09-30": "-380.00000", "2014-09-30": "-219.20000", "2013-09-30": "-85.50000", "2012-09-30": "-58.70000", "2011-09-30": "-62.00000", "2010-09-30": "-49.30000", "2009-09-30": "-58.30000"}, "Pre-Tax Income": {"2020-09-30": "63.40000", "2019-09-30": "159.10000", "2018-09-30": "264.70000", "2017-09-30": "74.40000", "2016-09-30": "-30.10000", "2015-09-30": "-167.30000", "2014-09-30": "-426.90000", "2013-09-30": "22.30000", "2012-09-30": "80.40000", "2011-09-30": "-430.60000", "2010-09-30": "141.50000", "2009-09-30": "156.90000"}, "Income Taxes": {"2020-09-30": "3.50000", "2019-09-30": "-3.90000", "2018-09-30": "-204.00000", "2017-09-30": "26.10000", "2016-09-30": "-26.80000", "2015-09-30": "-52.00000", "2014-09-30": "-83.70000", "2013-09-30": "7.10000", "2012-09-30": "30.50000", "2011-09-30": "-6.30000", "2010-09-30": "49.50000", "2009-09-30": "55.80000"}, "Income After Taxes": {"2020-09-30": "59.90000", "2019-09-30": "163.00000", "2018-09-30": "468.70000", "2017-09-30": "48.30000", "2016-09-30": "-3.30000", "2015-09-30": "-115.30000", "2014-09-30": "-343.20000", "2013-09-30": "15.20000", "2012-09-30": "49.90000", "2011-09-30": "-424.30000", "2010-09-30": "92.00000", "2009-09-30": "101.10000"}, "Other Income": {"2020-09-30": "", "2019-09-30": "", "2018-09-30": "", "2017-09-30": "", "2016-09-30": "", "2015-09-30": "", "2014-09-30": "", "2013-09-30": "", "2012-09-30": "", "2011-09-30": "", "2010-09-30": "", "2009-09-30": ""}, "Income From Continuous Operations": {"2020-09-30": "29.00000", "2019-09-30": "126.00000", "2018-09-30": "468.40000", "2017-09-30": "48.30000", "2016-09-30": "-3.30000", "2015-09-30": "-115.30000", "2014-09-30": "-343.20000", "2013-09-30": "15.20000", "2012-09-30": "49.90000", "2011-09-30": "-424.30000", "2010-09-30": "92.00000", "2009-09-30": "101.10000"}, "Income From Discontinued Operations": {"2020-09-30": "", "2019-09-30": "", "2018-09-30": "", "2017-09-30": "", "2016-09-30": "", "2015-09-30": "", "2014-09-30": "", "2013-09-30": "", "2012-09-30": "", "2011-09-30": "", "2010-09-30": "", "2009-09-30": ""}, "Net Income": {"2020-09-30": "0.80000", "2019-09-30": "121.70000", "2018-09-30": "457.30000", "2017-09-30": "34.80000", "2016-09-30": "-28.40000", "2015-09-30": "-132.30000", "2014-09-30": "-358.60000", "2013-09-30": "9.80000", "2012-09-30": "49.90000", "2011-09-30": "-424.30000", "2010-09-30": "92.00000", "2009-09-30": "101.10000"}, "EBITDA": {"2020-09-30": "1070.80100", "2019-09-30": "1160.60000", "2018-09-30": "971.90000", "2017-09-30": "839.79970", "2016-09-30": "848.49970", "2015-09-30": "485.50020", "2014-09-30": "-36.60020", "2013-09-30": "188.80000", "2012-09-30": "202.30000", "2011-09-30": "-309.89990", "2010-09-30": "246.20000", "2009-09-30": "265.80000"}, "EBIT": {"2020-09-30": "700.50050", "2019-09-30": "781.00000", "2018-09-30": "573.50000", "2017-09-30": "516.69970", "2016-09-30": "545.69970", "2015-09-30": "212.70020", "2014-09-30": "-207.70020", "2013-09-30": "107.80000", "2012-09-30": "139.10000", "2011-09-30": "-368.59990", "2010-09-30": "190.80000", "2009-09-30": "215.20000"}, "Basic Shares Outstanding": {"2020-09-30": "68.90000", "2019-09-30": "70.80000", "2018-09-30": "66.60000", "2017-09-30": "67.80000", "2016-09-30": "68.80000", "2015-09-30": "56.70000", "2014-09-30": "39.70000", "2013-09-30": "32.70000", "2012-09-30": "34.30000", "2011-09-30": "34.40000", "2010-09-30": "34.40000", "2009-09-30": ""}, "Shares Outstanding": {"2020-09-30": "70.10000", "2019-09-30": "75.10000", "2018-09-30": "75.90000", "2017-09-30": "69.90000", "2016-09-30": "68.80000", "2015-09-30": "56.70000", "2014-09-30": "39.70000", "2013-09-30": "33.00000", "2012-09-30": "34.50000", "2011-09-30": "34.40000", "2010-09-30": "34.40000", "2009-09-30": ""}, "Basic EPS": {"2020-09-30": "0.01000", "2019-09-30": "1.72000", "2018-09-30": "6.87000", "2017-09-30": "0.51000", "2016-09-30": "-0.41000", "2015-09-30": "-2.33000", "2014-09-30": "-9.03000", "2013-09-30": "0.30000", "2012-09-30": "1.45000", "2011-09-30": "-12.33000", "2010-09-30": "2.67000", "2009-09-30": ""}, "EPS - Earnings Per Share": {"2020-09-30": "0.01000", "2019-09-30": "1.66000", "2018-09-30": "6.16000", "2017-09-30": "0.50000", "2016-09-30": "-0.41000", "2015-09-30": "-2.33000", "2014-09-30": "-9.03000", "2013-09-30": "0.30000", "2012-09-30": "1.45000", "2011-09-30": "-12.33000", "2010-09-30": "2.67000", "2009-09-30": "0.00000"}}, "income statement, quarterly": {"Revenue": {"2020-12-31": "1458.00000", "2020-09-30": "1411.30000", "2020-06-30": "1336.40000", "2020-03-31": "1494.20000", "2019-12-31": "1456.80000", "2019-09-30": "1442.80000", "2019-06-30": "1439.20000", "2019-03-31": "1387.80000", "2018-12-31": "1411.30000", "2018-09-30": "1629.90000", "2018-06-30": "1608.10000", "2018-03-31": "1586.10000", "2017-12-31": "1433.10000", "2017-09-30": "1448.50000", "2017-06-30": "1272.10000", "2017-03-31": "1255.40000", "2016-12-31": "1249.80000", "2016-09-30": "1260.80000", "2016-06-30": "1246.10000", "2016-03-31": "1271.10000", "2015-12-31": "1248.80000", "2015-09-30": "1309.80000", "2015-06-30": "1211.80000", "2015-03-31": "1052.70000", "2014-12-31": "1073.90000", "2014-09-30": "1043.10000", "2014-06-30": "633.00000", "2014-03-31": "438.00000", "2013-12-31": "297.00000", "2013-09-30": "291.70000", "2013-06-30": "257.30000", "2013-03-31": "248.20000", "2012-12-31": "236.90000", "2012-09-30": "247.20000", "2012-06-30": "241.90000", "2012-03-31": "250.50000", "2011-12-31": "219.30000", "2011-09-30": "237.80000", "2011-06-30": "247.70000", "2011-03-31": "259.00000", "2010-12-31": "223.70000", "2010-09-30": "", "2009-09-30": ""}, "Cost Of Goods Sold": {"2020-12-31": "1002.60000", "2020-09-30": "971.00020", "2020-06-30": "899.60000", "2020-03-31": "1055.40000", "2019-12-31": "985.30000", "2019-09-30": "990.59990", "2019-06-30": "977.10000", "2019-03-31": "936.50000", "2018-12-31": "984.80000", "2018-09-30": "1155.00000", "2018-06-30": "1149.90000", "2018-03-31": "1113.70000", "2017-12-31": "984.60000", "2017-09-30": "1014.70000", "2017-06-30": "878.40000", "2017-03-31": "891.30000", "2016-12-31": "870.60000", "2016-09-30": "883.40000", "2016-06-30": "847.90000", "2016-03-31": "861.80000", "2015-12-31": "886.30000", "2015-09-30": "976.50010", "2015-06-30": "895.30000", "2015-03-31": "777.20000", "2014-12-31": "824.80000", "2014-09-30": "814.40000", "2014-06-30": "484.40000", "2014-03-31": "308.60000", "2013-12-31": "182.50000", "2013-09-30": "179.20000", "2013-06-30": "153.10000", "2013-03-31": "145.70000", "2012-12-31": "131.20000", "2012-09-30": "137.10000", "2012-06-30": "132.10000", "2012-03-31": "139.50000", "2011-12-31": "121.30000", "2011-09-30": "135.00000", "2011-06-30": "133.80000", "2011-03-31": "133.90000", "2010-12-31": "113.90000", "2010-09-30": "", "2009-09-30": ""}, "Gross Profit": {"2020-12-31": "455.40000", "2020-09-30": "440.30010", "2020-06-30": "436.80000", "2020-03-31": "438.79990", "2019-12-31": "471.50010", "2019-09-30": "452.20040", "2019-06-30": "462.10000", "2019-03-31": "451.30000", "2018-12-31": "426.50010", "2018-09-30": "474.89970", "2018-06-30": "458.20000", "2018-03-31": "472.40000", "2017-12-31": "448.50000", "2017-09-30": "433.79970", "2017-06-30": "393.70000", "2017-03-31": "364.10000", "2016-12-31": "379.20010", "2016-09-30": "377.39960", "2016-06-30": "398.20000", "2016-03-31": "409.30000", "2015-12-31": "362.50010", "2015-09-30": "333.30010", "2015-06-30": "316.50010", "2015-03-31": "275.49990", "2014-12-31": "249.10000", "2014-09-30": "228.70010", "2014-06-30": "148.60000", "2014-03-31": "129.40000", "2013-12-31": "114.50000", "2013-09-30": "112.50000", "2013-06-30": "104.20000", "2013-03-31": "102.50000", "2012-12-31": "105.70000", "2012-09-30": "110.10000", "2012-06-30": "109.80000", "2012-03-31": "111.00000", "2011-12-31": "98.00000", "2011-09-30": "102.80000", "2011-06-30": "113.90000", "2011-03-31": "125.10000", "2010-12-31": "109.80000", "2010-09-30": "", "2009-09-30": ""}, "Research And Development Expenses": {"2020-12-31": "", "2020-09-30": "", "2020-06-30": "", "2020-03-31": "", "2019-12-31": "", "2019-09-30": "", "2019-06-30": "", "2019-03-31": "", "2018-12-31": "", "2018-09-30": "", "2018-06-30": "", "2018-03-31": "", "2017-12-31": "", "2017-09-30": "", "2017-06-30": "", "2017-03-31": "", "2016-12-31": "", "2016-09-30": "", "2016-06-30": "", "2016-03-31": "", "2015-12-31": "", "2015-09-30": "", "2015-06-30": "", "2015-03-31": "", "2014-12-31": "", "2014-09-30": "", "2014-06-30": "", "2014-03-31": "", "2013-12-31": "", "2013-09-30": "", "2013-06-30": "", "2013-03-31": "", "2012-12-31": "", "2012-09-30": "", "2012-06-30": "", "2012-03-31": "", "2011-12-31": "", "2011-09-30": "0.00000", "2011-06-30": "", "2011-03-31": "", "2010-12-31": "", "2010-09-30": "", "2009-09-30": ""}, "SG&A Expenses": {"2020-12-31": "251.10000", "2020-09-30": "229.80000", "2020-06-30": "224.20000", "2020-03-31": "245.00000", "2019-12-31": "235.30000", "2019-09-30": "245.50000", "2019-06-30": "223.20000", "2019-03-31": "225.80000", "2018-12-31": "217.10000", "2018-09-30": "239.90000", "2018-06-30": "225.90000", "2018-03-31": "264.60000", "2017-12-31": "246.00000", "2017-09-30": "252.10000", "2017-06-30": "164.20000", "2017-03-31": "187.30000", "2016-12-31": "264.10000", "2016-09-30": "231.10000", "2016-06-30": "216.00000", "2016-03-31": "205.60000", "2015-12-31": "187.00000", "2015-09-30": "197.20000", "2015-06-30": "193.30000", "2015-03-31": "176.40000", "2014-12-31": "167.20000", "2014-09-30": "152.70000", "2014-06-30": "119.90000", "2014-03-31": "105.00000", "2013-12-31": "81.90000", "2013-09-30": "83.40000", "2013-06-30": "72.80000", "2013-03-31": "69.90000", "2012-12-31": "72.10000", "2012-09-30": "71.20000", "2012-06-30": "65.10000", "2012-03-31": "74.20000", "2011-12-31": "63.50000", "2011-09-30": "594.10000", "2011-06-30": "62.10000", "2011-03-31": "63.30000", "2010-12-31": "54.90000", "2010-09-30": "", "2009-09-30": ""}, "Other Operating Income Or Expenses": {"2020-12-31": "2.60000", "2020-09-30": "8.50000", "2020-06-30": "-0.40000", "2020-03-31": "-0.30000", "2019-12-31": "-0.10000", "2019-09-30": "-63.80000", "2019-06-30": "-0.40000", "2019-03-31": "1.20000", "2018-12-31": "124.80000", "2018-09-30": "-125.20000", "2018-06-30": "-0.80000", "2018-03-31": "-0.70000", "2017-12-31": "", "2017-09-30": "-26.90000", "2017-06-30": "-0.10000", "2017-03-31": "-0.30000", "2016-12-31": "", "2016-09-30": "0.20000", "2016-06-30": "-2.00000", "2016-03-31": "-3.10000", "2015-12-31": "-4.50000", "2015-09-30": "-57.50000", "2015-06-30": "-5.20000", "2015-03-31": "-15.70000", "2014-12-31": "-7.50000", "2014-09-30": "-284.60000", "2014-06-30": "-0.30000", "2014-03-31": "-12.00000", "2013-12-31": "-1.70000", "2013-09-30": "-3.00000", "2013-06-30": "-0.70000", "2013-03-31": "-0.50000", "2012-12-31": "-0.10000", "2012-09-30": "-2.60000", "2012-06-30": "-0.10000", "2012-03-31": "-0.50000", "2011-12-31": "0.00000", "2011-09-30": "-534.90000", "2011-06-30": "-32.10000", "2011-03-31": "-0.10000", "2010-12-31": "-1.00000", "2010-09-30": "", "2009-09-30": ""}, "Operating Expenses": {"2020-12-31": "1291.70000", "2020-09-30": "1232.40000", "2020-06-30": "1164.30000", "2020-03-31": "1340.70000", "2019-12-31": "1260.80000", "2019-09-30": "1340.20000", "2019-06-30": "1241.00000", "2019-03-31": "1201.50000", "2018-12-31": "1117.40000", "2018-09-30": "1562.40100", "2018-06-30": "1423.80000", "2018-03-31": "1425.40000", "2017-12-31": "1272.10000", "2017-09-30": "1336.00000", "2017-06-30": "1081.60000", "2017-03-31": "1117.90000", "2016-12-31": "1173.60000", "2016-09-30": "1152.50000", "2016-06-30": "1104.10000", "2016-03-31": "1108.60000", "2015-12-31": "1115.90000", "2015-09-30": "1269.00000", "2015-06-30": "1130.50000", "2015-03-31": "1003.00000", "2014-12-31": "1033.00000", "2014-09-30": "1283.70000", "2014-06-30": "625.00000", "2014-03-31": "438.30000", "2013-12-31": "271.80000", "2013-09-30": "267.30000", "2013-06-30": "233.10000", "2013-03-31": "219.30000", "2012-12-31": "206.60000", "2012-09-30": "214.10000", "2012-06-30": "200.40000", "2012-03-31": "217.30000", "2011-12-31": "188.00000", "2011-09-30": "732.30000", "2011-06-30": "231.10000", "2011-03-31": "200.50000", "2010-12-31": "172.90000", "2010-09-30": "", "2009-09-30": ""}, "Operating Income": {"2020-12-31": "166.30000", "2020-09-30": "178.90060", "2020-06-30": "172.10010", "2020-03-31": "153.49990", "2019-12-31": "196.00000", "2019-09-30": "102.60010", "2019-06-30": "198.20000", "2019-03-31": "186.29990", "2018-12-31": "293.90010", "2018-09-30": "67.49950", "2018-06-30": "184.29990", "2018-03-31": "160.70010", "2017-12-31": "161.00000", "2017-09-30": "112.49960", "2017-06-30": "190.50000", "2017-03-31": "137.50000", "2016-12-31": "76.20010", "2016-09-30": "108.29960", "2016-06-30": "141.99990", "2016-03-31": "162.50000", "2015-12-31": "132.90010", "2015-09-30": "40.80020", "2015-06-30": "81.30010", "2015-03-31": "49.69990", "2014-12-31": "40.90000", "2014-09-30": "-240.60010", "2014-06-30": "8.00000", "2014-03-31": "-0.30000", "2013-12-31": "25.20000", "2013-09-30": "24.40000", "2013-06-30": "24.20000", "2013-03-31": "28.90000", "2012-12-31": "30.30000", "2012-09-30": "33.10000", "2012-06-30": "41.50000", "2012-03-31": "33.20000", "2011-12-31": "31.30000", "2011-09-30": "-494.50000", "2011-06-30": "16.60000", "2011-03-31": "58.50000", "2010-12-31": "50.80000", "2010-09-30": "", "2009-09-30": ""}, "Total Non-Operating Income/Expense": {"2020-12-31": "-44.20000", "2020-09-30": "-88.10000", "2020-06-30": "-122.50000", "2020-03-31": "-375.30000", "2019-12-31": "-51.20000", "2019-09-30": "-195.50000", "2019-06-30": "-168.10000", "2019-03-31": "-144.80000", "2018-12-31": "-113.50000", "2018-09-30": "-70.10000", "2018-06-30": "-72.10000", "2018-03-31": "-45.00000", "2017-12-31": "-121.60000", "2017-09-30": "-90.10000", "2017-06-30": "-282.10000", "2017-03-31": "-141.70000", "2016-12-31": "71.60000", "2016-09-30": "-174.10000", "2016-06-30": "-139.90000", "2016-03-31": "-168.10000", "2015-12-31": "-93.70000", "2015-09-30": "-153.60000", "2015-06-30": "-23.10000", "2015-03-31": "-88.60000", "2014-12-31": "-114.70000", "2014-09-30": "-89.10000", "2014-06-30": "-63.80000", "2014-03-31": "-37.30000", "2013-12-31": "-29.00000", "2013-09-30": "-25.50000", "2013-06-30": "-19.20000", "2013-03-31": "-21.60000", "2012-12-31": "-19.20000", "2012-09-30": "-16.10000", "2012-06-30": "-16.10000", "2012-03-31": "-14.10000", "2011-12-31": "-12.40000", "2011-09-30": "-17.60000", "2011-06-30": "-14.20000", "2011-03-31": "-15.60000", "2010-12-31": "-14.60000", "2010-09-30": "", "2009-09-30": ""}, "Pre-Tax Income": {"2020-12-31": "122.10000", "2020-09-30": "90.80000", "2020-06-30": "49.60000", "2020-03-31": "-221.80000", "2019-12-31": "144.80000", "2019-09-30": "-92.90000", "2019-06-30": "30.10000", "2019-03-31": "41.50000", "2018-12-31": "180.40000", "2018-09-30": "-2.60000", "2018-06-30": "112.20000", "2018-03-31": "115.70000", "2017-12-31": "39.40000", "2017-09-30": "22.40000", "2017-06-30": "-91.60000", "2017-03-31": "-4.20000", "2016-12-31": "147.80000", "2016-09-30": "-65.80000", "2016-06-30": "2.10000", "2016-03-31": "-5.60000", "2015-12-31": "39.20000", "2015-09-30": "-112.80000", "2015-06-30": "58.20000", "2015-03-31": "-38.90000", "2014-12-31": "-73.80000", "2014-09-30": "-329.70000", "2014-06-30": "-55.80000", "2014-03-31": "-37.60000", "2013-12-31": "-3.80000", "2013-09-30": "-1.10000", "2013-06-30": "5.00000", "2013-03-31": "7.30000", "2012-12-31": "11.10000", "2012-09-30": "17.00000", "2012-06-30": "25.40000", "2012-03-31": "19.10000", "2011-12-31": "18.90000", "2011-09-30": "-512.10000", "2011-06-30": "2.40000", "2011-03-31": "42.90000", "2010-12-31": "36.20000", "2010-09-30": "", "2009-09-30": ""}, "Income Taxes": {"2020-12-31": "23.20000", "2020-09-30": "15.20000", "2020-06-30": "5.00000", "2020-03-31": "-47.10000", "2019-12-31": "30.40000", "2019-09-30": "-43.50000", "2019-06-30": "7.40000", "2019-03-31": "-11.60000", "2018-12-31": "43.80000", "2018-09-30": "12.50000", "2018-06-30": "15.40000", "2018-03-31": "23.90000", "2017-12-31": "-255.80000", "2017-09-30": "14.40000", "2017-06-30": "-32.20000", "2017-03-31": "-2.10000", "2016-12-31": "46.00000", "2016-09-30": "-28.80000", "2016-06-30": "-1.20000", "2016-03-31": "-10.50000", "2015-12-31": "13.70000", "2015-09-30": "-40.30000", "2015-06-30": "34.20000", "2015-03-31": "-69.40000", "2014-12-31": "23.50000", "2014-09-30": "-42.30000", "2014-06-30": "-20.70000", "2014-03-31": "-19.30000", "2013-12-31": "-1.40000", "2013-09-30": "-0.20000", "2013-06-30": "1.60000", "2013-03-31": "2.20000", "2012-12-31": "3.50000", "2012-09-30": "6.20000", "2012-06-30": "9.60000", "2012-03-31": "8.60000", "2011-12-31": "6.10000", "2011-09-30": "-32.50000", "2011-06-30": "0.80000", "2011-03-31": "13.80000", "2010-12-31": "11.60000", "2010-09-30": "", "2009-09-30": ""}, "Income After Taxes": {"2020-12-31": "98.90000", "2020-09-30": "75.60000", "2020-06-30": "44.60000", "2020-03-31": "-174.70000", "2019-12-31": "114.40000", "2019-09-30": "-49.40000", "2019-06-30": "22.70000", "2019-03-31": "53.10000", "2018-12-31": "136.60000", "2018-09-30": "-15.10000", "2018-06-30": "96.80000", "2018-03-31": "91.80000", "2017-12-31": "295.20000", "2017-09-30": "8.00000", "2017-06-30": "-59.40000", "2017-03-31": "-2.10000", "2016-12-31": "101.80000", "2016-09-30": "-37.00000", "2016-06-30": "3.30000", "2016-03-31": "4.90000", "2015-12-31": "25.50000", "2015-09-30": "-72.50000", "2015-06-30": "24.00000", "2015-03-31": "30.50000", "2014-12-31": "-97.30000", "2014-09-30": "-287.40000", "2014-06-30": "-35.10000", "2014-03-31": "-18.30000", "2013-12-31": "-2.40000", "2013-09-30": "-0.90000", "2013-06-30": "3.40000", "2013-03-31": "5.10000", "2012-12-31": "7.60000", "2012-09-30": "10.80000", "2012-06-30": "15.80000", "2012-03-31": "10.50000", "2011-12-31": "12.80000", "2011-09-30": "-479.60000", "2011-06-30": "1.60000", "2011-03-31": "29.10000", "2010-12-31": "24.60000", "2010-09-30": "", "2009-09-30": ""}, "Other Income": {"2020-12-31": "", "2020-09-30": "", "2020-06-30": "", "2020-03-31": "", "2019-12-31": "", "2019-09-30": "", "2019-06-30": "", "2019-03-31": "", "2018-12-31": "", "2018-09-30": "", "2018-06-30": "", "2018-03-31": "", "2017-12-31": "", "2017-09-30": "", "2017-06-30": "", "2017-03-31": "", "2016-12-31": "", "2016-09-30": "", "2016-06-30": "", "2016-03-31": "", "2015-12-31": "", "2015-09-30": "", "2015-06-30": "", "2015-03-31": "", "2014-12-31": "", "2014-09-30": "", "2014-06-30": "", "2014-03-31": "", "2013-12-31": "", "2013-09-30": "", "2013-06-30": "", "2013-03-31": "", "2012-12-31": "", "2012-09-30": "", "2012-06-30": "", "2012-03-31": "", "2011-12-31": "", "2011-09-30": "0.00000", "2011-06-30": "", "2011-03-31": "", "2010-12-31": "", "2010-09-30": "", "2009-09-30": ""}, "Income From Continuous Operations": {"2020-12-31": "91.00000", "2020-09-30": "67.30000", "2020-06-30": "40.40000", "2020-03-31": "-185.80000", "2019-12-31": "107.10000", "2019-09-30": "-60.70000", "2019-06-30": "16.50000", "2019-03-31": "44.30000", "2018-12-31": "125.90000", "2018-09-30": "-15.40000", "2018-06-30": "96.80000", "2018-03-31": "91.80000", "2017-12-31": "295.20000", "2017-09-30": "8.00000", "2017-06-30": "-59.40000", "2017-03-31": "-2.10000", "2016-12-31": "101.80000", "2016-09-30": "-37.00000", "2016-06-30": "3.30000", "2016-03-31": "4.90000", "2015-12-31": "25.50000", "2015-09-30": "-72.50000", "2015-06-30": "24.00000", "2015-03-31": "30.50000", "2014-12-31": "-97.30000", "2014-09-30": "-287.40000", "2014-06-30": "-35.10000", "2014-03-31": "-18.30000", "2013-12-31": "-2.40000", "2013-09-30": "-0.90000", "2013-06-30": "3.40000", "2013-03-31": "5.10000", "2012-12-31": "7.60000", "2012-09-30": "10.80000", "2012-06-30": "15.80000", "2012-03-31": "10.50000", "2011-12-31": "12.80000", "2011-09-30": "-479.60000", "2011-06-30": "1.60000", "2011-03-31": "29.10000", "2010-12-31": "24.60000", "2010-09-30": "", "2009-09-30": ""}, "Income From Discontinued Operations": {"2020-12-31": "", "2020-09-30": "", "2020-06-30": "", "2020-03-31": "", "2019-12-31": "", "2019-09-30": "", "2019-06-30": "", "2019-03-31": "", "2018-12-31": "", "2018-09-30": "", "2018-06-30": "", "2018-03-31": "", "2017-12-31": "", "2017-09-30": "", "2017-06-30": "", "2017-03-31": "", "2016-12-31": "", "2016-09-30": "", "2016-06-30": "", "2016-03-31": "", "2015-12-31": "", "2015-09-30": "", "2015-06-30": "", "2015-03-31": "", "2014-12-31": "", "2014-09-30": "", "2014-06-30": "", "2014-03-31": "", "2013-12-31": "", "2013-09-30": "", "2013-06-30": "", "2013-03-31": "", "2012-12-31": "", "2012-09-30": "", "2012-06-30": "", "2012-03-31": "", "2011-12-31": "", "2011-09-30": "0.00000", "2011-06-30": "", "2011-03-31": "", "2010-12-31": "", "2010-09-30": "", "2009-09-30": ""}, "Net Income": {"2020-12-31": "81.20000", "2020-09-30": "57.00000", "2020-06-30": "36.00000", "2020-03-31": "-191.40000", "2019-12-31": "99.20000", "2019-09-30": "-61.10000", "2019-06-30": "16.20000", "2019-03-31": "43.00000", "2018-12-31": "123.60000", "2018-09-30": "-17.60000", "2018-06-30": "94.50000", "2018-03-31": "88.90000", "2017-12-31": "291.50000", "2017-09-30": "4.70000", "2017-06-30": "-62.80000", "2017-03-31": "-5.50000", "2016-12-31": "98.40000", "2016-09-30": "-40.40000", "2016-06-30": "", "2016-03-31": "1.50000", "2015-12-31": "10.50000", "2015-09-30": "-76.80000", "2015-06-30": "19.80000", "2015-03-31": "26.30000", "2014-12-31": "-101.60000", "2014-09-30": "-291.70000", "2014-06-30": "-39.30000", "2014-03-31": "-22.60000", "2013-12-31": "-5.00000", "2013-09-30": "-3.20000", "2013-06-30": "1.10000", "2013-03-31": "4.30000", "2012-12-31": "7.60000", "2012-09-30": "10.80000", "2012-06-30": "15.80000", "2012-03-31": "10.50000", "2011-12-31": "12.80000", "2011-09-30": "-479.60000", "2011-06-30": "1.60000", "2011-03-31": "29.10000", "2010-12-31": "24.60000", "2010-09-30": "", "2009-09-30": ""}, "EBITDA": {"2020-12-31": "", "2020-09-30": "274.70060", "2020-06-30": "264.80010", "2020-03-31": "244.99990", "2019-12-31": "286.30000", "2019-09-30": "194.10010", "2019-06-30": "294.90000", "2019-03-31": "284.09990", "2018-12-31": "387.50020", "2018-09-30": "165.09950", "2018-06-30": "289.99990", "2018-03-31": "265.30010", "2017-12-31": "251.50000", "2017-09-30": "202.69960", "2017-06-30": "268.30000", "2017-03-31": "215.50000", "2016-12-31": "153.30010", "2016-09-30": "184.19960", "2016-06-30": "215.39990", "2016-03-31": "240.10000", "2015-12-31": "208.80010", "2015-09-30": "112.40020", "2015-06-30": "153.60000", "2015-03-31": "114.19990", "2014-12-31": "105.30000", "2014-09-30": "-163.40010", "2014-06-30": "50.70000", "2014-03-31": "29.80000", "2013-12-31": "46.30000", "2013-09-30": "51.20000", "2013-06-30": "46.00000", "2013-03-31": "45.10000", "2012-12-31": "46.50000", "2012-09-30": "49.40000", "2012-06-30": "57.50000", "2012-03-31": "49.20000", "2011-12-31": "46.20000", "2011-09-30": "-479.60000", "2011-06-30": "31.30000", "2011-03-31": "73.00000", "2010-12-31": "65.40000", "2010-09-30": "", "2009-09-30": ""}, "EBIT": {"2020-12-31": "166.30000", "2020-09-30": "178.90050", "2020-06-30": "172.10010", "2020-03-31": "153.49990", "2019-12-31": "196.00000", "2019-09-30": "102.60000", "2019-06-30": "198.20000", "2019-03-31": "186.29990", "2018-12-31": "293.90010", "2018-09-30": "67.50000", "2018-06-30": "184.29990", "2018-03-31": "160.70010", "2017-12-31": "161.00000", "2017-09-30": "112.49960", "2017-06-30": "190.50000", "2017-03-31": "137.50000", "2016-12-31": "76.20010", "2016-09-30": "108.29970", "2016-06-30": "141.99990", "2016-03-31": "162.50000", "2015-12-31": "132.90010", "2015-09-30": "40.80020", "2015-06-30": "81.30010", "2015-03-31": "49.69990", "2014-12-31": "40.90000", "2014-09-30": "-240.60020", "2014-06-30": "8.00000", "2014-03-31": "-0.30000", "2013-12-31": "25.20000", "2013-09-30": "24.40000", "2013-06-30": "24.20000", "2013-03-31": "28.90000", "2012-12-31": "30.30000", "2012-09-30": "33.10010", "2012-06-30": "41.50000", "2012-03-31": "33.20000", "2011-12-31": "31.30000", "2011-09-30": "-494.50000", "2011-06-30": "16.60000", "2011-03-31": "58.50000", "2010-12-31": "50.80000", "2010-09-30": "", "2009-09-30": ""}, "Basic Shares Outstanding": {"2020-12-31": "65.70000", "2020-09-30": "68.90000", "2020-06-30": "68.10000", "2020-03-31": "69.30000", "2019-12-31": "70.70000", "2019-09-30": "70.80000", "2019-06-30": "73.30000", "2019-03-31": "70.60000", "2018-12-31": "66.70000", "2018-09-30": "66.60000", "2018-06-30": "67.00000", "2018-03-31": "66.80000", "2017-12-31": "66.00000", "2017-09-30": "67.80000", "2017-06-30": "67.50000", "2017-03-31": "68.20000", "2016-12-31": "69.20000", "2016-09-30": "68.80000", "2016-06-30": "69.20000", "2016-03-31": "69.10000", "2015-12-31": "67.40000", "2015-09-30": "56.70000", "2015-06-30": "58.90000", "2015-03-31": "54.50000", "2014-12-31": "49.80000", "2014-09-30": "39.70000", "2014-06-30": "42.60000", "2014-03-31": "33.60000", "2013-12-31": "32.70000", "2013-09-30": "32.70000", "2013-06-30": "32.70000", "2013-03-31": "32.70000", "2012-12-31": "32.60000", "2012-09-30": "34.30000", "2012-06-30": "34.30000", "2012-03-31": "34.30000", "2011-12-31": "34.40000", "2011-09-30": "34.40000", "2011-06-30": "34.30000", "2011-03-31": "34.30000", "2010-12-31": "34.40000", "2010-09-30": "", "2009-09-30": ""}, "Shares Outstanding": {"2020-12-31": "66.90000", "2020-09-30": "70.10000", "2020-06-30": "69.20000", "2020-03-31": "69.30000", "2019-12-31": "72.10000", "2019-09-30": "75.10000", "2019-06-30": "75.40000", "2019-03-31": "75.30000", "2018-12-31": "75.10000", "2018-09-30": "75.90000", "2018-06-30": "75.00000", "2018-03-31": "76.00000", "2017-12-31": "77.30000", "2017-09-30": "69.90000", "2017-06-30": "67.50000", "2017-03-31": "68.20000", "2016-12-31": "80.30000", "2016-09-30": "68.80000", "2016-06-30": "69.20000", "2016-03-31": "70.50000", "2015-12-31": "68.80000", "2015-09-30": "56.70000", "2015-06-30": "60.80000", "2015-03-31": "67.60000", "2014-12-31": "49.80000", "2014-09-30": "39.70000", "2014-06-30": "42.60000", "2014-03-31": "33.60000", "2013-12-31": "32.70000", "2013-09-30": "33.00000", "2013-06-30": "33.20000", "2013-03-31": "32.90000", "2012-12-31": "32.70000", "2012-09-30": "34.50000", "2012-06-30": "34.50000", "2012-03-31": "34.50000", "2011-12-31": "34.40000", "2011-09-30": "34.40000", "2011-06-30": "34.40000", "2011-03-31": "34.40000", "2010-12-31": "34.40000", "2010-09-30": "", "2009-09-30": ""}, "Basic EPS": {"2020-12-31": "1.24000", "2020-09-30": "0.84000", "2020-06-30": "0.53000", "2020-03-31": "-2.76000", "2019-12-31": "1.40000", "2019-09-30": "-0.96000", "2019-06-30": "0.22000", "2019-03-31": "0.61000", "2018-12-31": "1.85000", "2018-09-30": "-0.29000", "2018-06-30": "1.41000", "2018-03-31": "1.33000", "2017-12-31": "4.42000", "2017-09-30": "0.10000", "2017-06-30": "-0.93000", "2017-03-31": "-0.08000", "2016-12-31": "1.42000", "2016-09-30": "-0.59000", "2016-06-30": "", "2016-03-31": "0.02000", "2015-12-31": "0.16000", "2015-09-30": "-1.11000", "2015-06-30": "0.34000", "2015-03-31": "0.48000", "2014-12-31": "-2.04000", "2014-09-30": "-7.29000", "2014-06-30": "-0.92000", "2014-03-31": "-0.67000", "2013-12-31": "-0.15000", "2013-09-30": "-0.09000", "2013-06-30": "0.03000", "2013-03-31": "0.13000", "2012-12-31": "0.23000", "2012-09-30": "0.31000", "2012-06-30": "0.46000", "2012-03-31": "0.31000", "2011-12-31": "0.37000", "2011-09-30": "-13.94000", "2011-06-30": "0.05000", "2011-03-31": "0.85000", "2010-12-31": "0.72000", "2010-09-30": "", "2009-09-30": ""}, "EPS - Earnings Per Share": {"2020-12-31": "1.21000", "2020-09-30": "0.87000", "2020-06-30": "0.52000", "2020-03-31": "-2.76000", "2019-12-31": "1.38000", "2019-09-30": "-0.80000", "2019-06-30": "0.21000", "2019-03-31": "0.58000", "2018-12-31": "1.67000", "2018-09-30": "-0.15000", "2018-06-30": "1.29000", "2018-03-31": "1.20000", "2017-12-31": "3.82000", "2017-09-30": "0.24000", "2017-06-30": "-0.93000", "2017-03-31": "-0.08000", "2016-12-31": "1.27000", "2016-09-30": "-0.58000", "2016-06-30": "0.00000", "2016-03-31": "0.02000", "2015-12-31": "0.15000", "2015-09-30": "-1.07000", "2015-06-30": "0.33000", "2015-03-31": "0.45000", "2014-12-31": "-2.04000", "2014-09-30": "-7.29000", "2014-06-30": "-0.92000", "2014-03-31": "-0.67000", "2013-12-31": "-0.15000", "2013-09-30": "-0.09000", "2013-06-30": "0.03000", "2013-03-31": "0.13000", "2012-12-31": "0.23000", "2012-09-30": "0.32000", "2012-06-30": "0.46000", "2012-03-31": "0.30000", "2011-12-31": "0.37000", "2011-09-30": "-13.94000", "2011-06-30": "0.05000", "2011-03-31": "0.85000", "2010-12-31": "0.72000", "2010-09-30": "0.00000", "2009-09-30": "0.00000"}}, "balance sheet": {"Cash On Hand": {"2020-09-30": "1193.40000", "2019-09-30": "1054.50000", "2018-09-30": "994.50000", "2017-09-30": "1530.10000", "2016-09-30": "1152.00000", "2015-09-30": "860.20000", "2014-09-30": "353.20000", "2013-09-30": "440.10000", "2012-09-30": "58.20000", "2011-09-30": "1.70000", "2010-09-30": "4.80000", "2009-09-30": ""}, "Receivables": {"2020-09-30": "441.60000", "2019-09-30": "445.10000", "2018-09-30": "462.30000", "2017-09-30": "480.60000", "2016-09-30": "385.00000", "2015-09-30": "366.20000", "2014-09-30": "413.70000", "2013-09-30": "83.20000", "2012-09-30": "56.50000", "2011-09-30": "51.40000", "2010-09-30": "66.00000", "2009-09-30": ""}, "Inventory": {"2020-09-30": "599.40000", "2019-09-30": "579.80000", "2018-09-30": "484.20000", "2017-09-30": "573.50000", "2016-09-30": "503.10000", "2015-09-30": "465.30000", "2014-09-30": "380.70000", "2013-09-30": "121.90000", "2012-09-30": "78.60000", "2011-09-30": "66.60000", "2010-09-30": "70.40000", "2009-09-30": ""}, "Pre-Paid Expenses": {"2020-09-30": "53.40000", "2019-09-30": "46.90000", "2018-09-30": "64.30000", "2017-09-30": "31.70000", "2016-09-30": "36.80000", "2015-09-30": "33.40000", "2014-09-30": "44.40000", "2013-09-30": "11.00000", "2012-09-30": "15.30000", "2011-09-30": "4.00000", "2010-09-30": "2.30000", "2009-09-30": ""}, "Other Current Assets": {"2020-09-30": "", "2019-09-30": "", "2018-09-30": "195.00000", "2017-09-30": "", "2016-09-30": "", "2015-09-30": "", "2014-09-30": "", "2013-09-30": "", "2012-09-30": "", "2011-09-30": "", "2010-09-30": "", "2009-09-30": ""}, "Total Current Assets": {"2020-09-30": "2287.80000", "2019-09-30": "2126.30000", "2018-09-30": "2200.30000", "2017-09-30": "2615.90000", "2016-09-30": "2076.90000", "2015-09-30": "1772.80000", "2014-09-30": "1219.00000", "2013-09-30": "668.10000", "2012-09-30": "209.70000", "2011-09-30": "135.30000", "2010-09-30": "147.00000", "2009-09-30": ""}, "Property, Plant, And Equipment": {"2020-09-30": "1779.70000", "2019-09-30": "1736.00000", "2018-09-30": "1709.70000", "2017-09-30": "1690.70000", "2016-09-30": "1354.40000", "2015-09-30": "1333.20000", "2014-09-30": "831.90000", "2013-09-30": "388.50000", "2012-09-30": "405.10000", "2011-09-30": "412.10000", "2010-09-30": "445.90000", "2009-09-30": ""}, "Long-Term Investments": {"2020-09-30": "114.10000", "2019-09-30": "145.50000", "2018-09-30": "5.20000", "2017-09-30": "", "2016-09-30": "", "2015-09-30": "", "2014-09-30": "", "2013-09-30": "", "2012-09-30": "", "2011-09-30": "60.20000", "2010-09-30": "60.80000", "2009-09-30": ""}, "Goodwill And Intangible Assets": {"2020-09-30": "7636.10000", "2019-09-30": "7738.30000", "2018-09-30": "8038.90000", "2017-09-30": "7385.90000", "2016-09-30": "5913.40000", "2015-09-30": "6042.10000", "2014-09-30": "5529.70000", "2013-09-30": "2388.10000", "2012-09-30": "2102.60000", "2011-09-30": "2114.80000", "2010-09-30": "2694.00000", "2009-09-30": "0.00000"}, "Other Long-Term Assets": {"2020-09-30": "329.00000", "2019-09-30": "205.50000", "2018-09-30": "1103.40000", "2017-09-30": "184.30000", "2016-09-30": "15.90000", "2015-09-30": "15.80000", "2014-09-30": "150.50000", "2013-09-30": "26.70000", "2012-09-30": "14.90000", "2011-09-30": "0.80000", "2010-09-30": "0.30000", "2009-09-30": ""}, "Total Long-Term Assets": {"2020-09-30": "9858.90000", "2019-09-30": "9825.30000", "2018-09-30": "10857.20000", "2017-09-30": "9260.89900", "2016-09-30": "7283.70000", "2015-09-30": "7391.10000", "2014-09-30": "6512.10000", "2013-09-30": "2805.70000", "2012-09-30": "2522.60000", "2011-09-30": "2587.90000", "2010-09-30": "3201.00000", "2009-09-30": ""}, "Total Assets": {"2020-09-30": "12146.70000", "2019-09-30": "11951.60000", "2018-09-30": "13057.50000", "2017-09-30": "11876.80000", "2016-09-30": "9360.60000", "2015-09-30": "9163.90000", "2014-09-30": "7731.10000", "2013-09-30": "3473.80000", "2012-09-30": "2732.30000", "2011-09-30": "2723.20000", "2010-09-30": "3348.00000", "2009-09-30": "0.00000"}, "Total Current Liabilities": {"2020-09-30": "974.40000", "2019-09-30": "802.90000", "2018-09-30": "792.10000", "2017-09-30": "704.40000", "2016-09-30": "634.00000", "2015-09-30": "611.00000", "2014-09-30": "519.90000", "2013-09-30": "146.00000", "2012-09-30": "126.40000", "2011-09-30": "134.30000", "2010-09-30": "74.20000", "2009-09-30": ""}, "Long Term Debt": {"2020-09-30": "6959.00000", "2019-09-30": "7066.00000", "2018-09-30": "7232.10000", "2017-09-30": "7149.10000", "2016-09-30": "4551.20000", "2015-09-30": "4454.90000", "2014-09-30": "3830.50000", "2013-09-30": "1408.60000", "2012-09-30": "930.30000", "2011-09-30": "716.50000", "2010-09-30": "716.50000", "2009-09-30": ""}, "Other Non-Current Liabilities": {"2020-09-30": "599.80000", "2019-09-30": "456.90000", "2018-09-30": "1194.40000", "2017-09-30": "327.80000", "2016-09-30": "440.30000", "2015-09-30": "290.20000", "2014-09-30": "182.40000", "2013-09-30": "116.30000", "2012-09-30": "129.20000", "2011-09-30": "104.90000", "2010-09-30": "90.70000", "2009-09-30": ""}, "Total Long Term Liabilities": {"2020-09-30": "8343.30000", "2019-09-30": "8211.40000", "2018-09-30": "9204.90000", "2017-09-30": "8382.70000", "2016-09-30": "5718.00000", "2015-09-30": "5576.90000", "2014-09-30": "4928.00000", "2013-09-30": "1829.20000", "2012-09-30": "1374.40000", "2011-09-30": "1154.20000", "2010-09-30": "1212.10000", "2009-09-30": ""}, "Total Liabilities": {"2020-09-30": "9317.70000", "2019-09-30": "9014.30000", "2018-09-30": "9997.00000", "2017-09-30": "9087.10000", "2016-09-30": "6352.00000", "2015-09-30": "6187.90000", "2014-09-30": "5447.90000", "2013-09-30": "1975.20000", "2012-09-30": "1500.80000", "2011-09-30": "1288.50000", "2010-09-30": "1286.30000", "2009-09-30": "0.00000"}, "Common Stock Net": {"2020-09-30": "0.80000", "2019-09-30": "0.80000", "2018-09-30": "0.80000", "2017-09-30": "0.70000", "2016-09-30": "0.70000", "2015-09-30": "0.60000", "2014-09-30": "0.50000", "2013-09-30": "0.30000", "2012-09-30": "0.30000", "2011-09-30": "", "2010-09-30": "", "2009-09-30": "0.00000"}, "Retained Earnings (Accumulated Deficit)": {"2020-09-30": "208.60000", "2019-09-30": "207.80000", "2018-09-30": "88.00000", "2017-09-30": "-376.00000", "2016-09-30": "-424.30000", "2015-09-30": "-421.00000", "2014-09-30": "-305.70000", "2013-09-30": "47.60000", "2012-09-30": "36.60000", "2011-09-30": "", "2010-09-30": "", "2009-09-30": ""}, "Comprehensive Income": {"2020-09-30": "-29.30000", "2019-09-30": "-96.80000", "2018-09-30": "-39.40000", "2017-09-30": "-40.00000", "2016-09-30": "-60.40000", "2015-09-30": "-89.10000", "2014-09-30": "-27.60000", "2013-09-30": "-13.10000", "2012-09-30": "-24.60000", "2011-09-30": "-3.60000", "2010-09-30": "0.60000", "2009-09-30": ""}, "Other Share Holders Equity": {"2020-09-30": "", "2019-09-30": "", "2018-09-30": "", "2017-09-30": "", "2016-09-30": "", "2015-09-30": "", "2014-09-30": "", "2013-09-30": "", "2012-09-30": "", "2011-09-30": "1438.30000", "2010-09-30": "2061.10000", "2009-09-30": "0.00000"}, "Share Holder Equity": {"2020-09-30": "2829.00000", "2019-09-30": "2937.30000", "2018-09-30": "3060.50000", "2017-09-30": "2789.70000", "2016-09-30": "3008.60000", "2015-09-30": "2976.00000", "2014-09-30": "2283.20000", "2013-09-30": "1498.60000", "2012-09-30": "1231.50000", "2011-09-30": "1434.70000", "2010-09-30": "2061.70000", "2009-09-30": "0.00000"}, "Total Liabilities And Share Holders Equity": {"2020-09-30": "12146.70000", "2019-09-30": "11951.60000", "2018-09-30": "13057.50000", "2017-09-30": "11876.80000", "2016-09-30": "9360.60000", "2015-09-30": "9163.90000", "2014-09-30": "7731.10000", "2013-09-30": "3473.80000", "2012-09-30": "2732.30000", "2011-09-30": "2723.20000", "2010-09-30": "3348.00000", "2009-09-30": "0.00000"}}, "balance sheet, quarterly": {"Cash On Hand": {"2020-12-31": "1118.50000", "2020-09-30": "1193.40000", "2020-06-30": "1054.70000", "2020-03-31": "1196.60000", "2019-12-31": "815.10000", "2019-09-30": "1054.50000", "2019-06-30": "366.50000", "2019-03-31": "151.90000", "2018-12-31": "233.50000", "2018-09-30": "994.50000", "2018-06-30": "348.60000", "2018-03-31": "311.50000", "2017-12-31": "1947.10000", "2017-09-30": "1530.10000", "2017-06-30": "2478.60000", "2017-03-31": "1491.10000", "2016-12-31": "882.10000", "2016-09-30": "1152.00000", "2016-06-30": "1035.90000", "2016-03-31": "876.60000", "2015-12-31": "816.50000", "2015-09-30": "860.20000", "2015-06-30": "285.00000", "2015-03-31": "592.60000", "2014-12-31": "190.30000", "2014-09-30": "353.20000", "2014-06-30": "382.60000", "2014-03-31": "827.70000", "2013-12-31": "886.00000", "2013-09-30": "440.10000", "2013-06-30": "243.60000", "2013-03-31": "365.40000", "2012-12-31": "310.90000", "2012-09-30": "58.20000", "2012-06-30": "83.50000", "2012-03-31": "64.10000", "2011-12-31": "12.90000", "2011-09-30": "1.70000", "2011-06-30": "", "2011-03-31": "", "2010-12-31": "", "2010-09-30": "4.80000", "2009-09-30": ""}, "Receivables": {"2020-12-31": "452.70000", "2020-09-30": "441.60000", "2020-06-30": "419.50000", "2020-03-31": "551.20000", "2019-12-31": "451.80000", "2019-09-30": "445.10000", "2019-06-30": "473.40000", "2019-03-31": "500.40000", "2018-12-31": "452.50000", "2018-09-30": "462.30000", "2018-06-30": "530.40000", "2018-03-31": "569.00000", "2017-12-31": "468.30000", "2017-09-30": "480.60000", "2017-06-30": "480.30000", "2017-03-31": "484.30000", "2016-12-31": "410.40000", "2016-09-30": "385.00000", "2016-06-30": "367.00000", "2016-03-31": "386.80000", "2015-12-31": "367.50000", "2015-09-30": "366.20000", "2015-06-30": "399.20000", "2015-03-31": "348.70000", "2014-12-31": "409.00000", "2014-09-30": "413.70000", "2014-06-30": "404.10000", "2014-03-31": "185.50000", "2013-12-31": "84.90000", "2013-09-30": "83.20000", "2013-06-30": "72.80000", "2013-03-31": "74.30000", "2012-12-31": "67.60000", "2012-09-30": "56.50000", "2012-06-30": "62.70000", "2012-03-31": "67.60000", "2011-12-31": "52.90000", "2011-09-30": "51.40000", "2011-06-30": "", "2011-03-31": "", "2010-12-31": "", "2010-09-30": "66.00000", "2009-09-30": ""}, "Inventory": {"2020-12-31": "584.40000", "2020-09-30": "599.40000", "2020-06-30": "609.60000", "2020-03-31": "569.00000", "2019-12-31": "588.20000", "2019-09-30": "579.80000", "2019-06-30": "560.60000", "2019-03-31": "555.10000", "2018-12-31": "498.90000", "2018-09-30": "484.20000", "2018-06-30": "579.10000", "2018-03-31": "591.40000", "2017-12-31": "587.20000", "2017-09-30": "573.50000", "2017-06-30": "526.60000", "2017-03-31": "513.00000", "2016-12-31": "513.40000", "2016-09-30": "503.10000", "2016-06-30": "508.60000", "2016-03-31": "491.50000", "2015-12-31": "487.20000", "2015-09-30": "465.30000", "2015-06-30": "491.30000", "2015-03-31": "461.90000", "2014-12-31": "436.50000", "2014-09-30": "380.70000", "2014-06-30": "391.20000", "2014-03-31": "224.50000", "2013-12-31": "120.80000", "2013-09-30": "121.90000", "2013-06-30": "99.80000", "2013-03-31": "97.30000", "2012-12-31": "100.10000", "2012-09-30": "78.60000", "2012-06-30": "77.70000", "2012-03-31": "71.10000", "2011-12-31": "79.30000", "2011-09-30": "66.60000", "2011-06-30": "", "2011-03-31": "", "2010-12-31": "", "2010-09-30": "70.40000", "2009-09-30": ""}, "Pre-Paid Expenses": {"2020-12-31": "100.90000", "2020-09-30": "53.40000", "2020-06-30": "48.50000", "2020-03-31": "66.90000", "2019-12-31": "66.10000", "2019-09-30": "46.90000", "2019-06-30": "42.50000", "2019-03-31": "46.40000", "2018-12-31": "57.50000", "2018-09-30": "64.30000", "2018-06-30": "71.00000", "2018-03-31": "79.60000", "2017-12-31": "47.00000", "2017-09-30": "31.70000", "2017-06-30": "34.70000", "2017-03-31": "36.70000", "2016-12-31": "44.00000", "2016-09-30": "36.80000", "2016-06-30": "51.60000", "2016-03-31": "55.00000", "2015-12-31": "45.40000", "2015-09-30": "33.40000", "2015-06-30": "71.00000", "2015-03-31": "49.20000", "2014-12-31": "38.70000", "2014-09-30": "44.40000", "2014-06-30": "31.00000", "2014-03-31": "53.20000", "2013-12-31": "10.80000", "2013-09-30": "11.00000", "2013-06-30": "14.90000", "2013-03-31": "20.60000", "2012-12-31": "9.60000", "2012-09-30": "15.30000", "2012-06-30": "6.60000", "2012-03-31": "6.30000", "2011-12-31": "2.10000", "2011-09-30": "4.00000", "2011-06-30": "", "2011-03-31": "", "2010-12-31": "", "2010-09-30": "", "2009-09-30": ""}, "Other Current Assets": {"2020-12-31": "", "2020-09-30": "", "2020-06-30": "", "2020-03-31": "", "2019-12-31": "", "2019-09-30": "", "2019-06-30": "", "2019-03-31": "", "2018-12-31": "", "2018-09-30": "195.00000", "2018-06-30": "", "2018-03-31": "", "2017-12-31": "", "2017-09-30": "", "2017-06-30": "", "2017-03-31": "", "2016-12-31": "", "2016-09-30": "", "2016-06-30": "", "2016-03-31": "", "2015-12-31": "", "2015-09-30": "", "2015-06-30": "", "2015-03-31": "", "2014-12-31": "", "2014-09-30": "", "2014-06-30": "", "2014-03-31": "", "2013-12-31": "", "2013-09-30": "", "2013-06-30": "", "2013-03-31": "", "2012-12-31": "", "2012-09-30": "", "2012-06-30": "", "2012-03-31": "", "2011-12-31": "", "2011-09-30": "", "2011-06-30": "", "2011-03-31": "", "2010-12-31": "", "2010-09-30": "", "2009-09-30": ""}, "Total Current Assets": {"2020-12-31": "2256.50000", "2020-09-30": "2287.80000", "2020-06-30": "2132.30000", "2020-03-31": "2383.70000", "2019-12-31": "1921.20000", "2019-09-30": "2126.30000", "2019-06-30": "1443.00000", "2019-03-31": "1253.80000", "2018-12-31": "1242.40000", "2018-09-30": "2200.30000", "2018-06-30": "1529.10000", "2018-03-31": "1551.50000", "2017-12-31": "3049.60000", "2017-09-30": "2615.90000", "2017-06-30": "3520.20000", "2017-03-31": "2525.10000", "2016-12-31": "1849.90000", "2016-09-30": "2076.90000", "2016-06-30": "1963.10000", "2016-03-31": "1809.90000", "2015-12-31": "1716.60000", "2015-09-30": "1772.80000", "2015-06-30": "1269.30000", "2015-03-31": "1475.20000", "2014-12-31": "1096.30000", "2014-09-30": "1219.00000", "2014-06-30": "1240.60000", "2014-03-31": "1315.60000", "2013-12-31": "1114.60000", "2013-09-30": "668.10000", "2013-06-30": "431.10000", "2013-03-31": "557.60000", "2012-12-31": "489.80000", "2012-09-30": "209.70000", "2012-06-30": "233.60000", "2012-03-31": "210.60000", "2011-12-31": "151.00000", "2011-09-30": "135.30000", "2011-06-30": "", "2011-03-31": "", "2010-12-31": "", "2010-09-30": "147.00000", "2009-09-30": ""}, "Property, Plant, And Equipment": {"2020-12-31": "1776.00000", "2020-09-30": "1779.70000", "2020-06-30": "1721.80000", "2020-03-31": "1729.20000", "2019-12-31": "1764.20000", "2019-09-30": "1736.00000", "2019-06-30": "1722.00000", "2019-03-31": "1718.70000", "2018-12-31": "1715.00000", "2018-09-30": "1709.70000", "2018-06-30": "1834.50000", "2018-03-31": "1848.80000", "2017-12-31": "1678.40000", "2017-09-30": "1690.70000", "2017-06-30": "1366.90000", "2017-03-31": "1345.80000", "2016-12-31": "1350.80000", "2016-09-30": "1354.40000", "2016-06-30": "1339.90000", "2016-03-31": "1341.90000", "2015-12-31": "1368.60000", "2015-09-30": "1333.20000", "2015-06-30": "1344.60000", "2015-03-31": "827.40000", "2014-12-31": "860.10000", "2014-09-30": "831.90000", "2014-06-30": "850.00000", "2014-03-31": "491.10000", "2013-12-31": "387.70000", "2013-09-30": "388.50000", "2013-06-30": "390.20000", "2013-03-31": "388.00000", "2012-12-31": "396.30000", "2012-09-30": "405.10000", "2012-06-30": "409.40000", "2012-03-31": "417.40000", "2011-12-31": "411.00000", "2011-09-30": "412.10000", "2011-06-30": "", "2011-03-31": "", "2010-12-31": "", "2010-09-30": "534.10000", "2009-09-30": ""}, "Long-Term Investments": {"2020-12-31": "106.80000", "2020-09-30": "114.10000", "2020-06-30": "122.30000", "2020-03-31": "126.40000", "2019-12-31": "138.50000", "2019-09-30": "145.50000", "2019-06-30": "157.10000", "2019-03-31": "163.10000", "2018-12-31": "168.10000", "2018-09-30": "5.20000", "2018-06-30": "", "2018-03-31": "", "2017-12-31": "", "2017-09-30": "", "2017-06-30": "", "2017-03-31": "", "2016-12-31": "", "2016-09-30": "", "2016-06-30": "", "2016-03-31": "", "2015-12-31": "", "2015-09-30": "", "2015-06-30": "", "2015-03-31": "", "2014-12-31": "", "2014-09-30": "", "2014-06-30": "", "2014-03-31": "", "2013-12-31": "", "2013-09-30": "", "2013-06-30": "", "2013-03-31": "", "2012-12-31": "", "2012-09-30": "", "2012-06-30": "", "2012-03-31": "", "2011-12-31": "60.40000", "2011-09-30": "60.20000", "2011-06-30": "", "2011-03-31": "", "2010-12-31": "", "2010-09-30": "", "2009-09-30": ""}, "Goodwill And Intangible Assets": {"2020-12-31": "7674.50000", "2020-09-30": "7636.10000", "2020-06-30": "7620.90000", "2020-03-31": "7665.70000", "2019-12-31": "7789.00000", "2019-09-30": "7738.30000", "2019-06-30": "7882.90000", "2019-03-31": "7957.50000", "2018-12-31": "7967.30000", "2018-09-30": "8038.90000", "2018-06-30": "8912.50000", "2018-03-31": "9047.70000", "2017-12-31": "7355.80000", "2017-09-30": "7385.90000", "2017-06-30": "5894.30000", "2017-03-31": "5933.10000", "2016-12-31": "5970.40000", "2016-09-30": "5913.40000", "2016-06-30": "5954.60000", "2016-03-31": "5992.70000", "2015-12-31": "6016.00000", "2015-09-30": "6042.10000", "2015-06-30": "6161.20000", "2015-03-31": "5637.30000", "2014-12-31": "5685.90000", "2014-09-30": "5529.70000", "2014-06-30": "5846.70000", "2014-03-31": "3331.50000", "2013-12-31": "2382.30000", "2013-09-30": "2388.10000", "2013-06-30": "2234.70000", "2013-03-31": "2103.40000", "2012-12-31": "2106.70000", "2012-09-30": "2102.60000", "2012-06-30": "2105.60000", "2012-03-31": "2108.80000", "2011-12-31": "2111.90000", "2011-09-30": "2114.80000", "2011-06-30": "0.00000", "2011-03-31": "0.00000", "2010-12-31": "0.00000", "2010-09-30": "0.00000", "2009-09-30": "0.00000"}, "Other Long-Term Assets": {"2020-12-31": "326.50000", "2020-09-30": "329.00000", "2020-06-30": "330.40000", "2020-03-31": "332.60000", "2019-12-31": "330.60000", "2019-09-30": "205.50000", "2019-06-30": "192.90000", "2019-03-31": "189.70000", "2018-12-31": "192.00000", "2018-09-30": "1103.40000", "2018-06-30": "246.00000", "2018-03-31": "225.20000", "2017-12-31": "196.00000", "2017-09-30": "184.30000", "2017-06-30": "22.80000", "2017-03-31": "21.60000", "2016-12-31": "16.70000", "2016-09-30": "15.90000", "2016-06-30": "58.10000", "2016-03-31": "60.00000", "2015-12-31": "62.20000", "2015-09-30": "15.80000", "2015-06-30": "84.60000", "2015-03-31": "75.30000", "2014-12-31": "74.40000", "2014-09-30": "150.50000", "2014-06-30": "79.10000", "2014-03-31": "43.80000", "2013-12-31": "36.10000", "2013-09-30": "26.70000", "2013-06-30": "25.20000", "2013-03-31": "25.60000", "2012-12-31": "22.00000", "2012-09-30": "14.90000", "2012-06-30": "14.90000", "2012-03-31": "15.90000", "2011-12-31": "1.40000", "2011-09-30": "0.80000", "2011-06-30": "", "2011-03-31": "", "2010-12-31": "", "2010-09-30": "", "2009-09-30": ""}, "Total Long-Term Assets": {"2020-12-31": "9883.80000", "2020-09-30": "9858.90000", "2020-06-30": "9795.40000", "2020-03-31": "9853.89900", "2019-12-31": "10022.30000", "2019-09-30": "9825.30000", "2019-06-30": "9954.90000", "2019-03-31": "10029.00000", "2018-12-31": "10042.40000", "2018-09-30": "10857.20000", "2018-06-30": "10993.00000", "2018-03-31": "11121.70000", "2017-12-31": "9230.20000", "2017-09-30": "9260.89900", "2017-06-30": "7284.00000", "2017-03-31": "7300.50000", "2016-12-31": "7337.90000", "2016-09-30": "7283.70000", "2016-06-30": "7352.60000", "2016-03-31": "7394.60000", "2015-12-31": "7446.80000", "2015-09-30": "7391.10000", "2015-06-30": "7590.40000", "2015-03-31": "6540.00000", "2014-12-31": "6620.40000", "2014-09-30": "6512.10000", "2014-06-30": "6777.60000", "2014-03-31": "3868.50000", "2013-12-31": "3174.50000", "2013-09-30": "2805.70000", "2013-06-30": "2650.10000", "2013-03-31": "2517.00000", "2012-12-31": "2525.00000", "2012-09-30": "2522.60000", "2012-06-30": "2529.90000", "2012-03-31": "2542.10000", "2011-12-31": "2584.70000", "2011-09-30": "2587.90000", "2011-06-30": "", "2011-03-31": "", "2010-12-31": "", "2010-09-30": "534.10000", "2009-09-30": ""}, "Total Assets": {"2020-12-31": "12140.30000", "2020-09-30": "12146.70000", "2020-06-30": "11927.70000", "2020-03-31": "12237.60000", "2019-12-31": "11943.50000", "2019-09-30": "11951.60000", "2019-06-30": "11397.90000", "2019-03-31": "11282.80000", "2018-12-31": "11284.80000", "2018-09-30": "13057.50000", "2018-06-30": "12522.10000", "2018-03-31": "12673.20000", "2017-12-31": "12279.80000", "2017-09-30": "11876.80000", "2017-06-30": "10804.20000", "2017-03-31": "9825.60000", "2016-12-31": "9187.80000", "2016-09-30": "9360.60000", "2016-06-30": "9315.70000", "2016-03-31": "9204.50000", "2015-12-31": "9163.40000", "2015-09-30": "9163.90000", "2015-06-30": "8859.70000", "2015-03-31": "8015.20000", "2014-12-31": "7716.70000", "2014-09-30": "7731.10000", "2014-06-30": "8018.20000", "2014-03-31": "5184.10000", "2013-12-31": "4289.10000", "2013-09-30": "3473.80000", "2013-06-30": "3081.20000", "2013-03-31": "3074.60000", "2012-12-31": "3014.80000", "2012-09-30": "2732.30000", "2012-06-30": "2763.50000", "2012-03-31": "2752.70000", "2011-12-31": "2735.70000", "2011-09-30": "2723.20000", "2011-06-30": "0.00000", "2011-03-31": "0.00000", "2010-12-31": "0.00000", "2010-09-30": "3348.00000", "2009-09-30": "0.00000"}, "Total Current Liabilities": {"2020-12-31": "890.10000", "2020-09-30": "974.40000", "2020-06-30": "748.00000", "2020-03-31": "736.90000", "2019-12-31": "883.10000", "2019-09-30": "802.90000", "2019-06-30": "715.70000", "2019-03-31": "649.40000", "2018-12-31": "797.10000", "2018-09-30": "792.10000", "2018-06-30": "787.90000", "2018-03-31": "693.30000", "2017-12-31": "752.20000", "2017-09-30": "704.40000", "2017-06-30": "547.30000", "2017-03-31": "456.40000", "2016-12-31": "542.20000", "2016-09-30": "634.00000", "2016-06-30": "613.90000", "2016-03-31": "556.60000", "2015-12-31": "564.40000", "2015-09-30": "611.00000", "2015-06-30": "585.60000", "2015-03-31": "537.10000", "2014-12-31": "584.70000", "2014-09-30": "519.90000", "2014-06-30": "468.30000", "2014-03-31": "229.70000", "2013-12-31": "151.10000", "2013-09-30": "146.00000", "2013-06-30": "118.30000", "2013-03-31": "110.80000", "2012-12-31": "139.40000", "2012-09-30": "126.40000", "2012-06-30": "111.10000", "2012-03-31": "105.30000", "2011-12-31": "148.70000", "2011-09-30": "134.30000", "2011-06-30": "", "2011-03-31": "", "2010-12-31": "", "2010-09-30": "74.20000", "2009-09-30": ""}, "Long Term Debt": {"2020-12-31": "6972.10000", "2020-09-30": "6959.00000", "2020-06-30": "6776.90000", "2020-03-31": "7171.30000", "2019-12-31": "6382.60000", "2019-09-30": "7066.00000", "2019-06-30": "6324.50000", "2019-03-31": "6326.20000", "2018-12-31": "6336.50000", "2018-09-30": "7232.10000", "2018-06-30": "7235.80000", "2018-03-31": "7392.60000", "2017-12-31": "7512.60000", "2017-09-30": "7149.10000", "2017-06-30": "6368.50000", "2017-03-31": "5266.00000", "2016-12-31": "4552.50000", "2016-09-30": "4551.20000", "2016-06-30": "4493.00000", "2016-03-31": "4498.20000", "2015-12-31": "4506.20000", "2015-09-30": "4454.90000", "2015-06-30": "4495.90000", "2015-03-31": "3815.10000", "2014-12-31": "3823.40000", "2014-09-30": "3830.50000", "2014-06-30": "3838.60000", "2014-03-31": "2302.10000", "2013-12-31": "1932.90000", "2013-09-30": "1408.60000", "2013-06-30": "1039.20000", "2013-03-31": "1039.50000", "2012-12-31": "1190.70000", "2012-09-30": "930.30000", "2012-06-30": "934.70000", "2012-03-31": "939.10000", "2011-12-31": "716.50000", "2011-09-30": "716.50000", "2011-06-30": "", "2011-03-31": "", "2010-12-31": "", "2010-09-30": "716.50000", "2009-09-30": ""}, "Other Non-Current Liabilities": {"2020-12-31": "565.10000", "2020-09-30": "599.80000", "2020-06-30": "755.90000", "2020-03-31": "693.20000", "2019-12-31": "523.80000", "2019-09-30": "456.90000", "2019-06-30": "416.50000", "2019-03-31": "310.70000", "2018-12-31": "213.60000", "2018-09-30": "1194.40000", "2018-06-30": "549.60000", "2018-03-31": "597.10000", "2017-12-31": "331.00000", "2017-09-30": "327.80000", "2017-06-30": "344.20000", "2017-03-31": "301.00000", "2016-12-31": "302.60000", "2016-09-30": "440.30000", "2016-06-30": "431.20000", "2016-03-31": "368.60000", "2015-12-31": "313.00000", "2015-09-30": "290.20000", "2015-06-30": "237.70000", "2015-03-31": "279.90000", "2014-12-31": "240.20000", "2014-09-30": "182.40000", "2014-06-30": "138.00000", "2014-03-31": "120.70000", "2013-12-31": "117.00000", "2013-09-30": "116.30000", "2013-06-30": "135.70000", "2013-03-31": "131.90000", "2012-12-31": "129.50000", "2012-09-30": "129.20000", "2012-06-30": "105.20000", "2012-03-31": "106.40000", "2011-12-31": "107.20000", "2011-09-30": "104.90000", "2011-06-30": "", "2011-03-31": "", "2010-12-31": "", "2010-09-30": "", "2009-09-30": ""}, "Total Long Term Liabilities": {"2020-12-31": "8345.70000", "2020-09-30": "8343.30000", "2020-06-30": "8300.10000", "2020-03-31": "8635.50000", "2019-12-31": "7748.80000", "2019-09-30": "8211.40000", "2019-06-30": "7464.90000", "2019-03-31": "7388.50000", "2018-12-31": "7331.30000", "2018-09-30": "9204.90000", "2018-06-30": "8655.19900", "2018-03-31": "8850.19900", "2017-12-31": "8487.20000", "2017-09-30": "8382.70000", "2017-06-30": "7505.80000", "2017-03-31": "6381.00000", "2016-12-31": "5661.60000", "2016-09-30": "5718.00000", "2016-06-30": "5661.60000", "2016-03-31": "5641.20000", "2015-12-31": "5619.40000", "2015-09-30": "5576.90000", "2015-06-30": "5605.10000", "2015-03-31": "4954.20000", "2014-12-31": "4958.70000", "2014-09-30": "4928.00000", "2014-06-30": "4953.70000", "2014-03-31": "2863.00000", "2013-12-31": "2352.30000", "2013-09-30": "1829.20000", "2013-06-30": "1478.40000", "2013-03-31": "1481.50000", "2012-12-31": "1634.20000", "2012-09-30": "1374.40000", "2012-06-30": "1368.40000", "2012-03-31": "1378.80000", "2011-12-31": "1152.60000", "2011-09-30": "1154.20000", "2011-06-30": "", "2011-03-31": "", "2010-12-31": "", "2010-09-30": "716.50000", "2009-09-30": ""}, "Total Liabilities": {"2020-12-31": "9235.80000", "2020-09-30": "9317.70000", "2020-06-30": "9048.10000", "2020-03-31": "9372.40000", "2019-12-31": "8631.90000", "2019-09-30": "9014.30000", "2019-06-30": "8180.60000", "2019-03-31": "8037.90000", "2018-12-31": "8128.40000", "2018-09-30": "9997.00000", "2018-06-30": "9443.10000", "2018-03-31": "9543.50000", "2017-12-31": "9239.40000", "2017-09-30": "9087.10000", "2017-06-30": "8053.10000", "2017-03-31": "6837.40000", "2016-12-31": "6203.80000", "2016-09-30": "6352.00000", "2016-06-30": "6275.50000", "2016-03-31": "6197.80000", "2015-12-31": "6183.80000", "2015-09-30": "6187.90000", "2015-06-30": "6190.70000", "2015-03-31": "5491.30000", "2014-12-31": "5543.40000", "2014-09-30": "5447.90000", "2014-06-30": "5422.00000", "2014-03-31": "3092.70000", "2013-12-31": "2503.40000", "2013-09-30": "1975.20000", "2013-06-30": "1596.70000", "2013-03-31": "1592.30000", "2012-12-31": "1773.60000", "2012-09-30": "1500.80000", "2012-06-30": "1479.50000", "2012-03-31": "1484.10000", "2011-12-31": "1301.30000", "2011-09-30": "1288.50000", "2011-06-30": "0.00000", "2011-03-31": "0.00000", "2010-12-31": "0.00000", "2010-09-30": "1286.30000", "2009-09-30": "0.00000"}, "Common Stock Net": {"2020-12-31": "0.80000", "2020-09-30": "0.80000", "2020-06-30": "0.80000", "2020-03-31": "0.80000", "2019-12-31": "0.80000", "2019-09-30": "0.80000", "2019-06-30": "0.80000", "2019-03-31": "0.80000", "2018-12-31": "0.80000", "2018-09-30": "0.80000", "2018-06-30": "0.80000", "2018-03-31": "0.80000", "2017-12-31": "0.70000", "2017-09-30": "0.70000", "2017-06-30": "0.70000", "2017-03-31": "0.70000", "2016-12-31": "0.70000", "2016-09-30": "0.70000", "2016-06-30": "0.70000", "2016-03-31": "0.70000", "2015-12-31": "0.70000", "2015-09-30": "0.60000", "2015-06-30": "0.60000", "2015-03-31": "0.50000", "2014-12-31": "0.50000", "2014-09-30": "0.50000", "2014-06-30": "0.50000", "2014-03-31": "0.40000", "2013-12-31": "0.30000", "2013-09-30": "0.30000", "2013-06-30": "0.30000", "2013-03-31": "0.30000", "2012-12-31": "0.30000", "2012-09-30": "0.30000", "2012-06-30": "0.30000", "2012-03-31": "0.30000", "2011-12-31": "", "2011-09-30": "", "2011-06-30": "0.00000", "2011-03-31": "0.00000", "2010-12-31": "0.00000", "2010-09-30": "0.00000", "2009-09-30": "0.00000"}, "Retained Earnings (Accumulated Deficit)": {"2020-12-31": "289.80000", "2020-09-30": "208.60000", "2020-06-30": "151.60000", "2020-03-31": "115.60000", "2019-12-31": "307.00000", "2019-09-30": "207.80000", "2019-06-30": "268.90000", "2019-03-31": "252.70000", "2018-12-31": "210.70000", "2018-09-30": "88.00000", "2018-06-30": "106.30000", "2018-03-31": "11.80000", "2017-12-31": "-81.10000", "2017-09-30": "-376.00000", "2017-06-30": "-390.20000", "2017-03-31": "-330.70000", "2016-12-31": "-326.70000", "2016-09-30": "-424.30000", "2016-06-30": "-387.30000", "2016-03-31": "-390.60000", "2015-12-31": "-395.50000", "2015-09-30": "-421.00000", "2015-06-30": "-348.50000", "2015-03-31": "-372.50000", "2014-12-31": "-403.00000", "2014-09-30": "-305.70000", "2014-06-30": "-18.40000", "2014-03-31": "21.00000", "2013-12-31": "42.90000", "2013-09-30": "47.60000", "2013-06-30": "50.70000", "2013-03-31": "49.30000", "2012-12-31": "44.20000", "2012-09-30": "36.60000", "2012-06-30": "25.80000", "2012-03-31": "10.00000", "2011-12-31": "", "2011-09-30": "", "2011-06-30": "", "2011-03-31": "", "2010-12-31": "", "2010-09-30": "", "2009-09-30": ""}, "Comprehensive Income": {"2020-12-31": "72.30000", "2020-09-30": "-29.30000", "2020-06-30": "-71.10000", "2020-03-31": "-66.50000", "2019-12-31": "-1.80000", "2019-09-30": "-96.80000", "2019-06-30": "-38.40000", "2019-03-31": "-7.00000", "2018-12-31": "-42.70000", "2018-09-30": "-39.40000", "2018-06-30": "-30.20000", "2018-03-31": "42.80000", "2017-12-31": "-27.60000", "2017-09-30": "-40.00000", "2017-06-30": "-62.00000", "2017-03-31": "-62.40000", "2016-12-31": "-62.70000", "2016-09-30": "-60.40000", "2016-06-30": "-57.50000", "2016-03-31": "-56.90000", "2015-12-31": "-98.60000", "2015-09-30": "-89.10000", "2015-06-30": "-60.50000", "2015-03-31": "-67.90000", "2014-12-31": "-41.50000", "2014-09-30": "-27.60000", "2014-06-30": "-2.60000", "2014-03-31": "-14.90000", "2013-12-31": "-15.40000", "2013-09-30": "-13.10000", "2013-06-30": "-27.70000", "2013-03-31": "-26.10000", "2012-12-31": "-25.10000", "2012-09-30": "-24.60000", "2012-06-30": "-13.40000", "2012-03-31": "-12.00000", "2011-12-31": "-3.70000", "2011-09-30": "-3.60000", "2011-06-30": "", "2011-03-31": "", "2010-12-31": "", "2010-09-30": "", "2009-09-30": ""}, "Other Share Holders Equity": {"2020-12-31": "", "2020-09-30": "", "2020-06-30": "", "2020-03-31": "", "2019-12-31": "", "2019-09-30": "", "2019-06-30": "", "2019-03-31": "", "2018-12-31": "", "2018-09-30": "", "2018-06-30": "", "2018-03-31": "", "2017-12-31": "", "2017-09-30": "", "2017-06-30": "", "2017-03-31": "", "2016-12-31": "", "2016-09-30": "", "2016-06-30": "", "2016-03-31": "", "2015-12-31": "", "2015-09-30": "", "2015-06-30": "", "2015-03-31": "", "2014-12-31": "", "2014-09-30": "", "2014-06-30": "", "2014-03-31": "", "2013-12-31": "", "2013-09-30": "", "2013-06-30": "", "2013-03-31": "", "2012-12-31": "", "2012-09-30": "", "2012-06-30": "", "2012-03-31": "", "2011-12-31": "1438.10000", "2011-09-30": "1438.30000", "2011-06-30": "0.00000", "2011-03-31": "0.00000", "2010-12-31": "0.00000", "2010-09-30": "0.00000", "2009-09-30": "0.00000"}, "Share Holder Equity": {"2020-12-31": "2904.50000", "2020-09-30": "2829.00000", "2020-06-30": "2879.60000", "2020-03-31": "2865.20000", "2019-12-31": "3311.60000", "2019-09-30": "2937.30000", "2019-06-30": "3217.30000", "2019-03-31": "3244.90000", "2018-12-31": "3156.40000", "2018-09-30": "3060.50000", "2018-06-30": "3079.00000", "2018-03-31": "3129.70000", "2017-12-31": "3040.40000", "2017-09-30": "2789.70000", "2017-06-30": "2751.10000", "2017-03-31": "2988.20000", "2016-12-31": "2984.00000", "2016-09-30": "3008.60000", "2016-06-30": "3040.20000", "2016-03-31": "3006.70000", "2015-12-31": "2979.60000", "2015-09-30": "2976.00000", "2015-06-30": "2669.00000", "2015-03-31": "2523.90000", "2014-12-31": "2173.30000", "2014-09-30": "2283.20000", "2014-06-30": "2596.20000", "2014-03-31": "2091.40000", "2013-12-31": "1785.70000", "2013-09-30": "1498.60000", "2013-06-30": "1484.50000", "2013-03-31": "1482.30000", "2012-12-31": "1241.20000", "2012-09-30": "1231.50000", "2012-06-30": "1284.00000", "2012-03-31": "1268.60000", "2011-12-31": "1434.40000", "2011-09-30": "1434.70000", "2011-06-30": "0.00000", "2011-03-31": "0.00000", "2010-12-31": "0.00000", "2010-09-30": "2061.70000", "2009-09-30": "0.00000"}, "Total Liabilities And Share Holders Equity": {"2020-12-31": "12140.30000", "2020-09-30": "12146.70000", "2020-06-30": "11927.70000", "2020-03-31": "12237.60000", "2019-12-31": "11943.50000", "2019-09-30": "11951.60000", "2019-06-30": "11397.90000", "2019-03-31": "11282.80000", "2018-12-31": "11284.80000", "2018-09-30": "13057.50000", "2018-06-30": "12522.10000", "2018-03-31": "12673.20000", "2017-12-31": "12279.80000", "2017-09-30": "11876.80000", "2017-06-30": "10804.20000", "2017-03-31": "9825.60000", "2016-12-31": "9187.80000", "2016-09-30": "9360.60000", "2016-06-30": "9315.70000", "2016-03-31": "9204.50000", "2015-12-31": "9163.40000", "2015-09-30": "9163.90000", "2015-06-30": "8859.70000", "2015-03-31": "8015.20000", "2014-12-31": "7716.70000", "2014-09-30": "7731.10000", "2014-06-30": "8018.20000", "2014-03-31": "5184.10000", "2013-12-31": "4289.10000", "2013-09-30": "3473.80000", "2013-06-30": "3081.20000", "2013-03-31": "3074.60000", "2012-12-31": "3014.80000", "2012-09-30": "2732.30000", "2012-06-30": "2763.50000", "2012-03-31": "2752.70000", "2011-12-31": "2735.70000", "2011-09-30": "2723.20000", "2011-06-30": "0.00000", "2011-03-31": "0.00000", "2010-12-31": "0.00000", "2010-09-30": "0.00000", "2009-09-30": "0.00000"}}, "cash flow statement": {"Net Income/Loss": {"2020-09-30": "29.00000", "2019-09-30": "126.00000", "2018-09-30": "468.40000", "2017-09-30": "48.30000", "2016-09-30": "-3.30000", "2015-09-30": "-115.30000", "2014-09-30": "-343.20000", "2013-09-30": "15.20000", "2012-09-30": "49.90000", "2011-09-30": "-424.30000", "2010-09-30": "92.00000", "2009-09-30": "101.10000"}, "Total Depreciation And Amortization - Cash Flow": {"2020-09-30": "370.30000", "2019-09-30": "379.60000", "2018-09-30": "398.40000", "2017-09-30": "323.10000", "2016-09-30": "302.80000", "2015-09-30": "272.80000", "2014-09-30": "171.10000", "2013-09-30": "81.00000", "2012-09-30": "63.20000", "2011-09-30": "58.70000", "2010-09-30": "55.40000", "2009-09-30": "50.60000"}, "Other Non-Cash Items": {"2020-09-30": "236.80000", "2019-09-30": "240.20000", "2018-09-30": "-156.80000", "2017-09-30": "172.70000", "2016-09-30": "224.10000", "2015-09-30": "133.50000", "2014-09-30": "291.20000", "2013-09-30": "16.10000", "2012-09-30": "6.00000", "2011-09-30": "500.80000", "2010-09-30": "17.40000", "2009-09-30": "-6.10000"}, "Total Non-Cash Items": {"2020-09-30": "607.10000", "2019-09-30": "619.80000", "2018-09-30": "241.60000", "2017-09-30": "495.80000", "2016-09-30": "526.90000", "2015-09-30": "406.30000", "2014-09-30": "462.30000", "2013-09-30": "97.10000", "2012-09-30": "69.20000", "2011-09-30": "559.50000", "2010-09-30": "72.80000", "2009-09-30": "44.50000"}, "Change In Accounts Receivable": {"2020-09-30": "20.30000", "2019-09-30": "19.30000", "2018-09-30": "-6.00000", "2017-09-30": "-45.90000", "2016-09-30": "-4.00000", "2015-09-30": "89.50000", "2014-09-30": "-50.30000", "2013-09-30": "-9.70000", "2012-09-30": "-4.60000", "2011-09-30": "14.30000", "2010-09-30": "14.80000", "2009-09-30": "-4.60000"}, "Change In Inventories": {"2020-09-30": "-4.60000", "2019-09-30": "-97.90000", "2018-09-30": "3.60000", "2017-09-30": "-2.50000", "2016-09-30": "-37.20000", "2015-09-30": "30.50000", "2014-09-30": "30.70000", "2013-09-30": "-10.80000", "2012-09-30": "-11.70000", "2011-09-30": "3.70000", "2010-09-30": "14.40000", "2009-09-30": "-3.60000"}, "Change In Accounts Payable": {"2020-09-30": "", "2019-09-30": "", "2018-09-30": "", "2017-09-30": "", "2016-09-30": "", "2015-09-30": "", "2014-09-30": "", "2013-09-30": "", "2012-09-30": "", "2011-09-30": "", "2010-09-30": "", "2009-09-30": ""}, "Change In Assets/Liabilities": {"2020-09-30": "0.60000", "2019-09-30": "16.40000", "2018-09-30": "-18.40000", "2017-09-30": "0.00000", "2016-09-30": "1.20000", "2015-09-30": "-5.40000", "2014-09-30": "2.50000", "2013-09-30": "6.80000", "2012-09-30": "-8.70000", "2011-09-30": "-1.80000", "2010-09-30": "-15.30000", "2009-09-30": "63.40000"}, "Total Change In Assets/Liabilities": {"2020-09-30": "-10.50000", "2019-09-30": "-57.80000", "2018-09-30": "8.60000", "2017-09-30": "-157.40000", "2016-09-30": "-21.20000", "2015-09-30": "160.60000", "2014-09-30": "64.00000", "2013-09-30": "6.90000", "2012-09-30": "24.90000", "2011-09-30": "8.60000", "2010-09-30": "-29.20000", "2009-09-30": "75.50000"}, "Cash Flow From Operating Activities": {"2020-09-30": "625.60000", "2019-09-30": "688.00000", "2018-09-30": "718.60000", "2017-09-30": "386.70000", "2016-09-30": "502.40000", "2015-09-30": "451.60000", "2014-09-30": "183.10000", "2013-09-30": "119.20000", "2012-09-30": "144.00000", "2011-09-30": "143.80000", "2010-09-30": "135.60000", "2009-09-30": "221.10000"}, "Net Change In Property, Plant, And Equipment": {"2020-09-30": "-224.60000", "2019-09-30": "-273.90000", "2018-09-30": "-225.00000", "2017-09-30": "-179.80000", "2016-09-30": "-119.40000", "2015-09-30": "-85.40000", "2014-09-30": "-111.20000", "2013-09-30": "-32.80000", "2012-09-30": "-30.90000", "2011-09-30": "-14.90000", "2010-09-30": "-24.30000", "2009-09-30": "-36.70000"}, "Net Change In Intangible Assets": {"2020-09-30": "", "2019-09-30": "", "2018-09-30": "", "2017-09-30": "", "2016-09-30": "", "2015-09-30": "", "2014-09-30": "", "2013-09-30": "", "2012-09-30": "", "2011-09-30": "", "2010-09-30": "", "2009-09-30": ""}, "Net Acquisitions/Divestitures": {"2020-09-30": "-19.90000", "2019-09-30": "266.80000", "2018-09-30": "-1454.40000", "2017-09-30": "-1915.20000", "2016-09-30": "-87.10000", "2015-09-30": "-1235.40000", "2014-09-30": "-3639.10000", "2013-09-30": "-352.90000", "2012-09-30": "", "2011-09-30": "", "2010-09-30": "", "2009-09-30": ""}, "Net Change In Short-term Investments": {"2020-09-30": "-29.20000", "2019-09-30": "", "2018-09-30": "", "2017-09-30": "", "2016-09-30": "", "2015-09-30": "", "2014-09-30": "", "2013-09-30": "", "2012-09-30": "", "2011-09-30": "", "2010-09-30": "", "2009-09-30": ""}, "Net Change In Long-Term Investments": {"2020-09-30": "", "2019-09-30": "", "2018-09-30": "", "2017-09-30": "", "2016-09-30": "", "2015-09-30": "", "2014-09-30": "", "2013-09-30": "", "2012-09-30": "", "2011-09-30": "", "2010-09-30": "", "2009-09-30": ""}, "Net Change In Investments - Total": {"2020-09-30": "-29.20000", "2019-09-30": "", "2018-09-30": "", "2017-09-30": "", "2016-09-30": "", "2015-09-30": "", "2014-09-30": "", "2013-09-30": "", "2012-09-30": "", "2011-09-30": "", "2010-09-30": "", "2009-09-30": ""}, "Investing Activities - Other": {"2020-09-30": "55.20000", "2019-09-30": "33.80000", "2018-09-30": "3.80000", "2017-09-30": "", "2016-09-30": "10.40000", "2015-09-30": "72.10000", "2014-09-30": "-43.30000", "2013-09-30": "-38.10000", "2012-09-30": "", "2011-09-30": "", "2010-09-30": "", "2009-09-30": ""}, "Cash Flow From Investing Activities": {"2020-09-30": "-218.50000", "2019-09-30": "26.70000", "2018-09-30": "-1675.60000", "2017-09-30": "-2095.00000", "2016-09-30": "-196.10000", "2015-09-30": "-1248.70000", "2014-09-30": "-3793.60000", "2013-09-30": "-423.80000", "2012-09-30": "-30.90000", "2011-09-30": "-14.90000", "2010-09-30": "-24.30000", "2009-09-30": "-36.70000"}, "Net Long-Term Debt": {"2020-09-30": "-90.89990", "2019-09-30": "-169.10000", "2018-09-30": "712.90000", "2017-09-30": "2652.80000", "2016-09-30": "117.80000", "2015-09-30": "671.40000", "2014-09-30": "2378.70000", "2013-09-30": "429.40000", "2012-09-30": "53.40000", "2011-09-30": "60.20000", "2010-09-30": "", "2009-09-30": "-300.00000"}, "Net Current Debt": {"2020-09-30": "", "2019-09-30": "", "2018-09-30": "", "2017-09-30": "", "2016-09-30": "", "2015-09-30": "", "2014-09-30": "", "2013-09-30": "", "2012-09-30": "", "2011-09-30": "", "2010-09-30": "", "2009-09-30": ""}, "Debt Issuance/Retirement Net - Total": {"2020-09-30": "-90.89990", "2019-09-30": "-169.10000", "2018-09-30": "712.90000", "2017-09-30": "2652.80000", "2016-09-30": "117.80000", "2015-09-30": "671.40000", "2014-09-30": "2378.70000", "2013-09-30": "429.40000", "2012-09-30": "53.40000", "2011-09-30": "60.20000", "2010-09-30": "", "2009-09-30": "-300.00000"}, "Net Common Equity Issued/Repurchased": {"2020-09-30": "-60.79990", "2019-09-30": "-209.50000", "2018-09-30": "-213.00000", "2017-09-30": "-304.40000", "2016-09-30": "6.60000", "2015-09-30": "748.20000", "2014-09-30": "873.30000", "2013-09-30": "", "2012-09-30": "-53.40000", "2011-09-30": "", "2010-09-30": "", "2009-09-30": ""}, "Net Total Equity Issued/Repurchased": {"2020-09-30": "-60.79990", "2019-09-30": "-209.50000", "2018-09-30": "-213.00000", "2017-09-30": "-304.40000", "2016-09-30": "-4.30000", "2015-09-30": "748.20000", "2014-09-30": "1183.50000", "2013-09-30": "234.00000", "2012-09-30": "-53.40000", "2011-09-30": "", "2010-09-30": "", "2009-09-30": ""}, "Total Common And Preferred Stock Dividends Paid": {"2020-09-30": "", "2019-09-30": "-4.00000", "2018-09-30": "-10.80000", "2017-09-30": "-13.50000", "2016-09-30": "-14.40000", "2015-09-30": "-17.10000", "2014-09-30": "-14.40000", "2013-09-30": "-4.20000", "2012-09-30": "", "2011-09-30": "", "2010-09-30": "", "2009-09-30": ""}, "Financial Activities - Other": {"2020-09-30": "-120.30000", "2019-09-30": "-269.80000", "2018-09-30": "-65.70000", "2017-09-30": "-281.80000", "2016-09-30": "-103.60000", "2015-09-30": "-30.10000", "2014-09-30": "-63.60000", "2013-09-30": "-10.40000", "2012-09-30": "-57.10000", "2011-09-30": "-192.30000", "2010-09-30": "-112.40000", "2009-09-30": "116.70000"}, "Cash Flow From Financial Activities": {"2020-09-30": "-272.00000", "2019-09-30": "-652.40000", "2018-09-30": "423.40000", "2017-09-30": "2053.10000", "2016-09-30": "-4.50000", "2015-09-30": "1372.40000", "2014-09-30": "3484.20000", "2013-09-30": "648.80000", "2012-09-30": "-57.10000", "2011-09-30": "-132.10000", "2010-09-30": "-112.40000", "2009-09-30": "-183.30000"}, "Net Cash Flow": {"2020-09-30": "138.90000", "2019-09-30": "60.00000", "2018-09-30": "-535.60000", "2017-09-30": "378.10000", "2016-09-30": "302.20000", "2015-09-30": "573.00000", "2014-09-30": "-133.60000", "2013-09-30": "343.80000", "2012-09-30": "56.50000", "2011-09-30": "-3.10000", "2010-09-30": "-0.90000", "2009-09-30": "2.50000"}, "Stock-Based Compensation": {"2020-09-30": "49.70000", "2019-09-30": "38.90000", "2018-09-30": "30.90000", "2017-09-30": "23.60000", "2016-09-30": "17.20000", "2015-09-30": "22.70000", "2014-09-30": "14.50000", "2013-09-30": "10.50000", "2012-09-30": "4.50000", "2011-09-30": "1.70000", "2010-09-30": "1.90000", "2009-09-30": "1.40000"}, "Common Stock Dividends Paid": {"2020-09-30": "", "2019-09-30": "", "2018-09-30": "", "2017-09-30": "", "2016-09-30": "", "2015-09-30": "", "2014-09-30": "", "2013-09-30": "", "2012-09-30": "", "2011-09-30": "", "2010-09-30": "", "2009-09-30": ""}}, "cash flow statement, quarterly": {"Net Income/Loss": {"2020-12-31": "0.00000", "2020-09-30": 67.3, "2020-06-30": 40.4, "2020-03-31": -185.8, "2019-12-31": "107.10000", "2019-09-30": -60.7, "2019-06-30": 16.5, "2019-03-31": 44.3, "2018-12-31": "125.90000", "2018-09-30": -15.4, "2018-06-30": 96.8, "2018-03-31": 91.8, "2017-12-31": "295.20000", "2017-09-30": 8, "2017-06-30": -59.4, "2017-03-31": -2.1, "2016-12-31": "101.80000", "2016-09-30": -37, "2016-06-30": 3.3, "2016-03-31": 4.9, "2015-12-31": "25.50000", "2015-09-30": -72.5, "2015-06-30": 24, "2015-03-31": 30.5, "2014-12-31": "-97.30000", "2014-09-30": -287.4, "2014-06-30": -35.1, "2014-03-31": -18.3, "2013-12-31": "-2.40000", "2013-09-30": -0.9, "2013-06-30": 3.4, "2013-03-31": 5.1, "2012-12-31": "7.60000", "2012-09-30": 10.8, "2012-06-30": 15.8, "2012-03-31": 10.5, "2011-12-31": "12.80000", "2011-09-30": -416.6, "2011-06-30": 1.6, "2011-03-31": 29.1, "2010-12-31": "24.60000", "2010-09-30": -101.1, "2009-09-30": 101.1}, "Total Depreciation And Amortization - Cash Flow": {"2020-12-31": "", "2020-09-30": 95.8, "2020-06-30": 92.7, "2020-03-31": 91.5, "2019-12-31": "90.30000", "2019-09-30": 91.5, "2019-06-30": 96.7, "2019-03-31": 97.8, "2018-12-31": "93.60000", "2018-09-30": 97.6, "2018-06-30": 105.7, "2018-03-31": 104.6, "2017-12-31": "90.50000", "2017-09-30": 90.2, "2017-06-30": 77.8, "2017-03-31": 78, "2016-12-31": "77.10000", "2016-09-30": 75.9, "2016-06-30": 73.4, "2016-03-31": 77.6, "2015-12-31": "75.90000", "2015-09-30": 71.6, "2015-06-30": 72.3, "2015-03-31": 64.5, "2014-12-31": "64.40000", "2014-09-30": 77.2, "2014-06-30": 42.7, "2014-03-31": 30.1, "2013-12-31": "21.10000", "2013-09-30": 26.8, "2013-06-30": 21.8, "2013-03-31": 16.2, "2012-12-31": "16.20000", "2012-09-30": 16.3, "2012-06-30": 16, "2012-03-31": 16, "2011-12-31": "14.90000", "2011-09-30": 14.9, "2011-06-30": 14.7, "2011-03-31": 14.5, "2010-12-31": "14.60000", "2010-09-30": -50.6, "2009-09-30": 50.6}, "Other Non-Cash Items": {"2020-12-31": "", "2020-09-30": 3.4, "2020-06-30": 19.6, "2020-03-31": 233.3, "2019-12-31": "-19.50000", "2019-09-30": 143.1, "2019-06-30": 76, "2019-03-31": 60.1, "2018-12-31": "-39.00000", "2018-09-30": 90.5, "2018-06-30": -6.1, "2018-03-31": -21.8, "2017-12-31": "-219.40000", "2017-09-30": 15, "2017-06-30": 162.6, "2017-03-31": 73.3, "2016-12-31": "-78.20000", "2016-09-30": 93.3, "2016-06-30": 34.5, "2016-03-31": 55.7, "2015-12-31": "40.60000", "2015-09-30": 105, "2015-06-30": -32.7, "2015-03-31": 27.5, "2014-12-31": "33.70000", "2014-09-30": 269.2, "2014-06-30": 5.6, "2014-03-31": 16.7, "2013-12-31": "-0.30000", "2013-09-30": 11.3, "2013-06-30": -4.2, "2013-03-31": -4.9, "2012-12-31": "13.90000", "2012-09-30": 0.1, "2012-06-30": -2.8, "2012-03-31": 12.2, "2011-12-31": "-3.50000", "2011-09-30": 485.3, "2011-06-30": 24, "2011-03-31": -7.6, "2010-12-31": "-0.90000", "2010-09-30": 0, "2009-09-30": 0}, "Total Non-Cash Items": {"2020-12-31": "", "2020-09-30": 99.2, "2020-06-30": 112.3, "2020-03-31": 324.8, "2019-12-31": "70.80000", "2019-09-30": 234.6, "2019-06-30": 172.7, "2019-03-31": 157.9, "2018-12-31": "54.60000", "2018-09-30": 188.1, "2018-06-30": 99.6, "2018-03-31": 82.8, "2017-12-31": "-128.90000", "2017-09-30": 105.2, "2017-06-30": 240.4, "2017-03-31": 151.3, "2016-12-31": "-1.10000", "2016-09-30": 169.2, "2016-06-30": 107.9, "2016-03-31": 133.3, "2015-12-31": "116.50000", "2015-09-30": 176.6, "2015-06-30": 39.6, "2015-03-31": 92, "2014-12-31": "98.10000", "2014-09-30": 346.4, "2014-06-30": 48.3, "2014-03-31": 46.8, "2013-12-31": "20.80000", "2013-09-30": 38.1, "2013-06-30": 17.6, "2013-03-31": 11.3, "2012-12-31": "30.10000", "2012-09-30": 16.4, "2012-06-30": 13.2, "2012-03-31": 28.2, "2011-12-31": "11.40000", "2011-09-30": -0.6, "2011-06-30": 38.7, "2011-03-31": 6.9, "2010-12-31": "13.70000", "2010-09-30": -50.6, "2009-09-30": 50.6}, "Change In Accounts Receivable": {"2020-12-31": "", "2020-09-30": -11.2, "2020-06-30": 121.9, "2020-03-31": -83.7, "2019-12-31": "-6.70000", "2019-09-30": 27.4, "2019-06-30": 26.7, "2019-03-31": -65.6, "2018-12-31": "30.80000", "2018-09-30": -11.7, "2018-06-30": 36.5, "2018-03-31": -42.4, "2017-12-31": "11.60000", "2017-09-30": 41.1, "2017-06-30": -1.5, "2017-03-31": -67.5, "2016-12-31": "-18.00000", "2016-09-30": -18.3, "2016-06-30": 19.1, "2016-03-31": -15.5, "2015-12-31": "10.70000", "2015-09-30": 20.5, "2015-06-30": -8.7, "2015-03-31": 56.1, "2014-12-31": "21.60000", "2014-09-30": -16.7, "2014-06-30": 1, "2014-03-31": -32.6, "2013-12-31": "-2.00000", "2013-09-30": 1.1, "2013-06-30": 6.7, "2013-03-31": -6.8, "2012-12-31": "-10.70000", "2012-09-30": 6.4, "2012-06-30": 4.9, "2012-03-31": -14.7, "2011-12-31": "-1.20000", "2011-09-30": -4.2, "2011-06-30": 24.4, "2011-03-31": -4.8, "2010-12-31": "-1.10000", "2010-09-30": 0, "2009-09-30": 0}, "Change In Inventories": {"2020-12-31": "", "2020-09-30": 25.5, "2020-06-30": -40, "2020-03-31": 16, "2019-12-31": "-6.10000", "2019-09-30": -20.5, "2019-06-30": -5.8, "2019-03-31": -55.5, "2018-12-31": "-16.10000", "2018-09-30": -16.9, "2018-06-30": 9.9, "2018-03-31": 24, "2017-12-31": "-13.40000", "2017-09-30": 18.5, "2017-06-30": -12.9, "2017-03-31": 0.6, "2016-12-31": "-8.70000", "2016-09-30": 4.2, "2016-06-30": -19.5, "2016-03-31": -5.9, "2015-12-31": "-16.00000", "2015-09-30": 13.5, "2015-06-30": 66.5, "2015-03-31": -31.3, "2014-12-31": "-18.20000", "2014-09-30": 14.3, "2014-06-30": 6.4, "2014-03-31": 9.2, "2013-12-31": "0.80000", "2013-09-30": 2, "2013-06-30": 3.6, "2013-03-31": 2.6, "2012-12-31": "-19.00000", "2012-09-30": -0.6, "2012-06-30": -6.9, "2012-03-31": 8.3, "2011-12-31": "-12.50000", "2011-09-30": 22, "2011-06-30": -2.7, "2011-03-31": -5, "2010-12-31": "-10.60000", "2010-09-30": 0, "2009-09-30": 0}, "Change In Accounts Payable": {"2020-12-31": "", "2020-09-30": 0, "2020-06-30": 0, "2020-03-31": 0, "2019-12-31": "", "2019-09-30": 0, "2019-06-30": 0, "2019-03-31": 0, "2018-12-31": "", "2018-09-30": 0, "2018-06-30": 0, "2018-03-31": 0, "2017-12-31": "", "2017-09-30": 0, "2017-06-30": 0, "2017-03-31": 0, "2016-12-31": "", "2016-09-30": 0, "2016-06-30": 0, "2016-03-31": 0, "2015-12-31": "", "2015-09-30": 0, "2015-06-30": 0, "2015-03-31": 0, "2014-12-31": "", "2014-09-30": 0, "2014-06-30": 0, "2014-03-31": 0, "2013-12-31": "", "2013-09-30": 0, "2013-06-30": 0, "2013-03-31": 0, "2012-12-31": "", "2012-09-30": 0, "2012-06-30": 0, "2012-03-31": 0, "2011-12-31": "", "2011-09-30": 0, "2011-06-30": 0, "2011-03-31": 0, "2010-12-31": "", "2010-09-30": 0, "2009-09-30": 0}, "Change In Assets/Liabilities": {"2020-12-31": "", "2020-09-30": 19.3, "2020-06-30": 17.6, "2020-03-31": -20.9, "2019-12-31": "-15.40000", "2019-09-30": -3.1, "2019-06-30": -0.2, "2019-03-31": 22.9, "2018-12-31": "-3.20000", "2018-09-30": 14.2, "2018-06-30": -14.5, "2018-03-31": 3.8, "2017-12-31": "-21.90000", "2017-09-30": 2.4, "2017-06-30": -3.5, "2017-03-31": 4.3, "2016-12-31": "-3.20000", "2016-09-30": 4.6, "2016-06-30": 2.1, "2016-03-31": -5, "2015-12-31": "-0.50000", "2015-09-30": -11.3, "2015-06-30": 5.9, "2015-03-31": 1.1, "2014-12-31": "-1.10000", "2014-09-30": 4.2, "2014-06-30": 11.2, "2014-03-31": -14.3, "2013-12-31": "1.40000", "2013-09-30": 3.2, "2013-06-30": 6.8, "2013-03-31": -8.9, "2012-12-31": "5.70000", "2012-09-30": -8.7, "2012-06-30": -0.3, "2012-03-31": -1.6, "2011-12-31": "1.90000", "2011-09-30": -2.4, "2011-06-30": -0.4, "2011-03-31": -0.7, "2010-12-31": "1.70000", "2010-09-30": 0, "2009-09-30": 0}, "Total Change In Assets/Liabilities": {"2020-12-31": "", "2020-09-30": 50.7, "2020-06-30": 166.7, "2020-03-31": -158.4, "2019-12-31": "-69.50000", "2019-09-30": 9.3, "2019-06-30": 110.8, "2019-03-31": -236.1, "2018-12-31": "58.20000", "2018-09-30": -45.2, "2018-06-30": 131.1, "2018-03-31": -115.5, "2017-12-31": "38.20000", "2017-09-30": 59.1, "2017-06-30": 55.1, "2017-03-31": -151.5, "2016-12-31": "-120.10000", "2016-09-30": 2.7, "2016-06-30": 59.9, "2016-03-31": -30.5, "2015-12-31": "-53.30000", "2015-09-30": 85.8, "2015-06-30": 39.7, "2015-03-31": -21.3, "2014-12-31": "56.40000", "2014-09-30": 49.6, "2014-06-30": 42.8, "2014-03-31": -34.9, "2013-12-31": "6.50000", "2013-09-30": 15.8, "2013-06-30": 26.6, "2013-03-31": -21.4, "2012-12-31": "-14.10000", "2012-09-30": 11.5, "2012-06-30": -0.8, "2012-03-31": 12.2, "2011-12-31": "2.00000", "2011-09-30": 5.09, "2011-06-30": 17.5, "2011-03-31": -13.4, "2010-12-31": "-0.60000", "2010-09-30": -75.5, "2009-09-30": 75.5}, "Cash Flow From Operating Activities": {"2020-12-31": "114.50000", "2020-09-30": 217.2, "2020-06-30": 319.4, "2020-03-31": -19.4, "2019-12-31": "108.40000", "2019-09-30": 183.2, "2019-06-30": 300, "2019-03-31": -33.9, "2018-12-31": "238.70000", "2018-09-30": 127.5, "2018-06-30": 327.5, "2018-03-31": 59.1, "2017-12-31": "204.50000", "2017-09-30": 172.3, "2017-06-30": 236.1, "2017-03-31": -2.3, "2016-12-31": "-19.40000", "2016-09-30": 134.9, "2016-06-30": 171.1, "2016-03-31": 107.7, "2015-12-31": "88.70000", "2015-09-30": 189.9, "2015-06-30": 103.3, "2015-03-31": 101.2, "2014-12-31": "57.20000", "2014-09-30": 108.6, "2014-06-30": 56, "2014-03-31": -6.4, "2013-12-31": "24.90000", "2013-09-30": 53, "2013-06-30": 47.6, "2013-03-31": -5, "2012-12-31": "23.60000", "2012-09-30": 38.7, "2012-06-30": 28.2, "2012-03-31": 50.9, "2011-12-31": "26.20000", "2011-09-30": 25.7, "2011-06-30": 57.8, "2011-03-31": 22.6, "2010-12-31": "37.70000", "2010-09-30": -221.1, "2009-09-30": 221.1}, "Net Change In Property, Plant, And Equipment": {"2020-12-31": "", "2020-09-30": -77.1, "2020-06-30": -32.4, "2020-03-31": -37.9, "2019-12-31": "-77.20000", "2019-09-30": -73.3, "2019-06-30": -67.1, "2019-03-31": -56.7, "2018-12-31": "-76.80000", "2018-09-30": -83.2, "2018-06-30": -55.9, "2018-03-31": -39.3, "2017-12-31": "-46.60000", "2017-09-30": -65.3, "2017-06-30": -60.9, "2017-03-31": -27.8, "2016-12-31": "-25.80000", "2016-09-30": -40.1, "2016-06-30": -35.1, "2016-03-31": -26, "2015-12-31": "-18.20000", "2015-09-30": -12.9, "2015-06-30": -28.7, "2015-03-31": -20.1, "2014-12-31": "-23.70000", "2014-09-30": -32.5, "2014-06-30": -52, "2014-03-31": -10.2, "2013-12-31": "-16.50000", "2013-09-30": -15, "2013-06-30": -6.8, "2013-03-31": -6, "2012-12-31": "-5.00000", "2012-09-30": -8.6, "2012-06-30": -6.5, "2012-03-31": -6.7, "2011-12-31": "-9.10000", "2011-09-30": -5.1, "2011-06-30": -2.8, "2011-03-31": -3.7, "2010-12-31": "-3.30000", "2010-09-30": 36.7, "2009-09-30": -36.7}, "Net Change In Intangible Assets": {"2020-12-31": "", "2020-09-30": 0, "2020-06-30": 0, "2020-03-31": 0, "2019-12-31": "", "2019-09-30": 0, "2019-06-30": 0, "2019-03-31": 0, "2018-12-31": "", "2018-09-30": 0, "2018-06-30": 0, "2018-03-31": 0, "2017-12-31": "", "2017-09-30": 0, "2017-06-30": 0, "2017-03-31": 0, "2016-12-31": "", "2016-09-30": 0, "2016-06-30": 0, "2016-03-31": 0, "2015-12-31": "", "2015-09-30": 0, "2015-06-30": 0, "2015-03-31": 0, "2014-12-31": "", "2014-09-30": 0, "2014-06-30": 0, "2014-03-31": 0, "2013-12-31": "", "2013-09-30": 0, "2013-06-30": 0, "2013-03-31": 0, "2012-12-31": "", "2012-09-30": 0, "2012-06-30": 0, "2012-03-31": 0, "2011-12-31": "", "2011-09-30": 0, "2011-06-30": 0, "2011-03-31": 0, "2010-12-31": "", "2010-09-30": 0, "2009-09-30": 0}, "Net Acquisitions/Divestitures": {"2020-12-31": "", "2020-09-30": -19.9, "2020-06-30": 0, "2020-03-31": 0, "2019-12-31": "", "2019-09-30": 0, "2019-06-30": 0, "2019-03-31": 16.8, "2018-12-31": "250.00000", "2018-09-30": -0.4, "2018-06-30": 0, "2018-03-31": -1454, "2017-12-31": "", "2017-09-30": -1825, "2017-06-30": 0, "2017-03-31": 1.2, "2016-12-31": "-91.40000", "2016-09-30": 0.6, "2016-06-30": 0.5, "2016-03-31": 6.2, "2015-12-31": "-94.40000", "2015-09-30": 5, "2015-06-30": -1052.5, "2015-03-31": -3.7, "2014-12-31": "-184.20000", "2014-09-30": -95.4, "2014-06-30": -2483.5, "2014-03-31": -694, "2013-12-31": "-366.20000", "2013-09-30": -183.7, "2013-06-30": -160, "2013-03-31": 0, "2012-12-31": "-9.20000", "2012-09-30": 0, "2012-06-30": 0, "2012-03-31": 0, "2011-12-31": "", "2011-09-30": 0, "2011-06-30": 0, "2011-03-31": 0, "2010-12-31": "", "2010-09-30": 0, "2009-09-30": 0}, "Net Change In Short-term Investments": {"2020-12-31": "", "2020-09-30": -29.2, "2020-06-30": 0, "2020-03-31": 0, "2019-12-31": "", "2019-09-30": 0, "2019-06-30": 0, "2019-03-31": 0, "2018-12-31": "", "2018-09-30": 0, "2018-06-30": 0, "2018-03-31": 0, "2017-12-31": "", "2017-09-30": 0, "2017-06-30": 0, "2017-03-31": 0, "2016-12-31": "", "2016-09-30": 0, "2016-06-30": 0, "2016-03-31": 0, "2015-12-31": "", "2015-09-30": 0, "2015-06-30": 0, "2015-03-31": 0, "2014-12-31": "", "2014-09-30": 0, "2014-06-30": 0, "2014-03-31": 0, "2013-12-31": "", "2013-09-30": 0, "2013-06-30": 0, "2013-03-31": 0, "2012-12-31": "", "2012-09-30": 0, "2012-06-30": 0, "2012-03-31": 0, "2011-12-31": "", "2011-09-30": 0, "2011-06-30": 0, "2011-03-31": 0, "2010-12-31": "", "2010-09-30": 0, "2009-09-30": 0}, "Net Change In Long-Term Investments": {"2020-12-31": "", "2020-09-30": 0, "2020-06-30": 0, "2020-03-31": 0, "2019-12-31": "", "2019-09-30": 0, "2019-06-30": 0, "2019-03-31": 0, "2018-12-31": "", "2018-09-30": 0, "2018-06-30": 0, "2018-03-31": 0, "2017-12-31": "", "2017-09-30": 0, "2017-06-30": 0, "2017-03-31": 0, "2016-12-31": "", "2016-09-30": 0, "2016-06-30": 0, "2016-03-31": 0, "2015-12-31": "", "2015-09-30": 0, "2015-06-30": 0, "2015-03-31": 0, "2014-12-31": "", "2014-09-30": 0, "2014-06-30": 0, "2014-03-31": 0, "2013-12-31": "", "2013-09-30": 0, "2013-06-30": 0, "2013-03-31": 0, "2012-12-31": "", "2012-09-30": 0, "2012-06-30": 0, "2012-03-31": 0, "2011-12-31": "", "2011-09-30": 0, "2011-06-30": 0, "2011-03-31": 0, "2010-12-31": "", "2010-09-30": 0, "2009-09-30": 0}, "Net Change In Investments - Total": {"2020-12-31": "", "2020-09-30": -29.2, "2020-06-30": 0, "2020-03-31": 0, "2019-12-31": "", "2019-09-30": 0, "2019-06-30": 0, "2019-03-31": 0, "2018-12-31": "", "2018-09-30": 0, "2018-06-30": 0, "2018-03-31": 0, "2017-12-31": "", "2017-09-30": 0, "2017-06-30": 0, "2017-03-31": 0, "2016-12-31": "", "2016-09-30": 0, "2016-06-30": 0, "2016-03-31": 0, "2015-12-31": "", "2015-09-30": 0, "2015-06-30": 0, "2015-03-31": 0, "2014-12-31": "", "2014-09-30": 0, "2014-06-30": 0, "2014-03-31": 0, "2013-12-31": "", "2013-09-30": 0, "2013-06-30": 0, "2013-03-31": 0, "2012-12-31": "", "2012-09-30": 0, "2012-06-30": 0, "2012-03-31": 0, "2011-12-31": "", "2011-09-30": 0, "2011-06-30": 0, "2011-03-31": 0, "2010-12-31": "", "2010-09-30": 0, "2009-09-30": 0}, "Investing Activities - Other": {"2020-12-31": "", "2020-09-30": 2.5, "2020-06-30": 0, "2020-03-31": 51.3, "2019-12-31": "1.40000", "2019-09-30": 3.3, "2019-06-30": 0.9, "2019-03-31": 1.3, "2018-12-31": "28.30000", "2018-09-30": 5, "2018-06-30": 0, "2018-03-31": 0, "2017-12-31": "-1.20000", "2017-09-30": -2.5, "2017-06-30": 0.3, "2017-03-31": 6.8, "2016-12-31": "-4.60000", "2016-09-30": -5.7, "2016-06-30": 5.7, "2016-03-31": 5.7, "2015-12-31": "4.70000", "2015-09-30": -2.1, "2015-06-30": 3.1, "2015-03-31": -0.1, "2014-12-31": "71.20000", "2014-09-30": -78.1, "2014-06-30": -1.5, "2014-03-31": -0.7, "2013-12-31": "37.00000", "2013-09-30": -38.1, "2013-06-30": 0, "2013-03-31": 0, "2012-12-31": "", "2012-09-30": 0, "2012-06-30": 0, "2012-03-31": 0, "2011-12-31": "", "2011-09-30": 0, "2011-06-30": 0, "2011-03-31": 0, "2010-12-31": "", "2010-09-30": 0, "2009-09-30": 0}, "Cash Flow From Investing Activities": {"2020-12-31": "-41.50000", "2020-09-30": -123.7, "2020-06-30": -32.4, "2020-03-31": 13.4, "2019-12-31": "-75.80000", "2019-09-30": -70, "2019-06-30": -66.2, "2019-03-31": -38.6, "2018-12-31": "201.50000", "2018-09-30": -78.6, "2018-06-30": -55.9, "2018-03-31": -1493.3, "2017-12-31": "-47.80000", "2017-09-30": -1892.8, "2017-06-30": -60.6, "2017-03-31": -19.8, "2016-12-31": "-121.80000", "2016-09-30": -45.2, "2016-06-30": -28.9, "2016-03-31": -14.1, "2015-12-31": "-107.90000", "2015-09-30": -10, "2015-06-30": -1078.1, "2015-03-31": -23.9, "2014-12-31": "-136.70000", "2014-09-30": -206, "2014-06-30": -2537, "2014-03-31": -704.9, "2013-12-31": "-345.70000", "2013-09-30": -236.8, "2013-06-30": -166.8, "2013-03-31": -6, "2012-12-31": "-14.20000", "2012-09-30": -8.6, "2012-06-30": -6.5, "2012-03-31": -6.7, "2011-12-31": "-9.10000", "2011-09-30": -5.1, "2011-06-30": -2.8, "2011-03-31": -3.7, "2010-12-31": "-3.30000", "2010-09-30": 36.7, "2009-09-30": -36.7}, "Net Long-Term Debt": {"2020-12-31": "", "2020-09-30": 191.3999, "2020-06-30": -396.7998, "2020-03-31": 658, "2019-12-31": "-543.50000", "2019-09-30": 750, "2019-06-30": 0, "2019-03-31": -0.1, "2018-12-31": "-919.00000", "2018-09-30": 613.4, "2018-06-30": -148.8, "2018-03-31": -116.2, "2017-12-31": "364.50000", "2017-09-30": 785, "2017-06-30": 1133.7, "2017-03-31": 737.7, "2016-12-31": "-3.60000", "2016-09-30": 129.4, "2016-06-30": -3.5, "2016-03-31": -4.5, "2015-12-31": "-3.60000", "2015-09-30": -4.4, "2015-06-30": 689, "2015-03-31": -6.5, "2014-12-31": "-6.70000", "2014-09-30": -6.9, "2014-06-30": 1510.6, "2014-03-31": 350, "2013-12-31": "525.00000", "2013-09-30": 350, "2013-06-30": 0, "2013-03-31": -168.4, "2012-12-31": "247.80000", "2012-09-30": -2.2, "2012-06-30": -2.2, "2012-03-31": 50, "2011-12-31": "7.80000", "2011-09-30": 60.2, "2011-06-30": 0, "2011-03-31": 0, "2010-12-31": "", "2010-09-30": 0, "2009-09-30": 0}, "Net Current Debt": {"2020-12-31": "", "2020-09-30": 0, "2020-06-30": 0, "2020-03-31": 0, "2019-12-31": "", "2019-09-30": 0, "2019-06-30": 0, "2019-03-31": 0, "2018-12-31": "", "2018-09-30": 0, "2018-06-30": 0, "2018-03-31": 0, "2017-12-31": "", "2017-09-30": 0, "2017-06-30": 0, "2017-03-31": 0, "2016-12-31": "", "2016-09-30": 0, "2016-06-30": 0, "2016-03-31": 0, "2015-12-31": "", "2015-09-30": 0, "2015-06-30": 0, "2015-03-31": 0, "2014-12-31": "", "2014-09-30": 0, "2014-06-30": 0, "2014-03-31": 0, "2013-12-31": "", "2013-09-30": 0, "2013-06-30": 0, "2013-03-31": 0, "2012-12-31": "", "2012-09-30": 0, "2012-06-30": 0, "2012-03-31": 0, "2011-12-31": "", "2011-09-30": 0, "2011-06-30": 0, "2011-03-31": 0, "2010-12-31": "", "2010-09-30": 0, "2009-09-30": 0}, "Debt Issuance/Retirement Net - Total": {"2020-12-31": "", "2020-09-30": 191.3999, "2020-06-30": -396.7998, "2020-03-31": 658, "2019-12-31": "-543.50000", "2019-09-30": 750, "2019-06-30": 0, "2019-03-31": -0.1, "2018-12-31": "-919.00000", "2018-09-30": 613.4, "2018-06-30": -148.8, "2018-03-31": -116.2, "2017-12-31": "364.50000", "2017-09-30": 785, "2017-06-30": 1133.7, "2017-03-31": 737.7, "2016-12-31": "-3.60000", "2016-09-30": 129.4, "2016-06-30": -3.5, "2016-03-31": -4.5, "2015-12-31": "-3.60000", "2015-09-30": -4.4, "2015-06-30": 689, "2015-03-31": -6.5, "2014-12-31": "-6.70000", "2014-09-30": -6.9, "2014-06-30": 1510.6, "2014-03-31": 350, "2013-12-31": "525.00000", "2013-09-30": 350, "2013-06-30": 0, "2013-03-31": -168.4, "2012-12-31": "247.80000", "2012-09-30": -2.2, "2012-06-30": -2.2, "2012-03-31": 50, "2011-12-31": "7.80000", "2011-09-30": 60.2, "2011-06-30": 0, "2011-03-31": 0, "2010-12-31": "", "2010-09-30": 300, "2009-09-30": -300}, "Net Common Equity Issued/Repurchased": {"2020-12-31": "", "2020-09-30": -120.1, "2020-06-30": -30.7, "2020-03-31": -205.3999, "2019-12-31": "295.40000", "2019-09-30": -166.3, "2019-06-30": -18.9, "2019-03-31": 1, "2018-12-31": "-25.30000", "2018-09-30": 1.7, "2018-06-30": -79.9, "2018-03-31": -78.8, "2017-12-31": "-56.00000", "2017-09-30": -4, "2017-06-30": -176.7, "2017-03-31": 0, "2016-12-31": "-123.70000", "2016-09-30": 0, "2016-06-30": 0.4, "2016-03-31": 6.2, "2015-12-31": "", "2015-09-30": 406.8, "2015-06-30": 0, "2015-03-31": 341.4, "2014-12-31": "", "2014-09-30": 0, "2014-06-30": 569.8, "2014-03-31": 303.5, "2013-12-31": "", "2013-09-30": 0, "2013-06-30": 0, "2013-03-31": 0, "2012-12-31": "", "2012-09-30": -53.4, "2012-06-30": 0, "2012-03-31": 0, "2011-12-31": "", "2011-09-30": 0, "2011-06-30": 0, "2011-03-31": 0, "2010-12-31": "", "2010-09-30": 0, "2009-09-30": 0}, "Net Total Equity Issued/Repurchased": {"2020-12-31": "", "2020-09-30": -120.1, "2020-06-30": -30.7, "2020-03-31": -205.3999, "2019-12-31": "295.40000", "2019-09-30": -166.3, "2019-06-30": -18.9, "2019-03-31": 1, "2018-12-31": "-25.30000", "2018-09-30": 1.7, "2018-06-30": -79.9, "2018-03-31": -78.8, "2017-12-31": "-56.00000", "2017-09-30": -4, "2017-06-30": -176.7, "2017-03-31": 0, "2016-12-31": "-123.70000", "2016-09-30": 0, "2016-06-30": 0.4, "2016-03-31": 6.2, "2015-12-31": "-10.90000", "2015-09-30": 406.8, "2015-06-30": 0, "2015-03-31": 341.4, "2014-12-31": "", "2014-09-30": 0, "2014-06-30": 569.8, "2014-03-31": 322.9, "2013-12-31": "290.80000", "2013-09-30": 0, "2013-06-30": -0.1, "2013-03-31": 234.1, "2012-12-31": "", "2012-09-30": -53.4, "2012-06-30": 0, "2012-03-31": 0, "2011-12-31": "", "2011-09-30": 0, "2011-06-30": 0, "2011-03-31": 0, "2010-12-31": "", "2010-09-30": 0, "2009-09-30": 0}, "Total Common And Preferred Stock Dividends Paid": {"2020-12-31": "", "2020-09-30": 0, "2020-06-30": 0, "2020-03-31": 0, "2019-12-31": "", "2019-09-30": 0, "2019-06-30": 0, "2019-03-31": -2, "2018-12-31": "-2.00000", "2018-09-30": -2, "2018-06-30": -2, "2018-03-31": -3.4, "2017-12-31": "-3.40000", "2017-09-30": -3.3, "2017-06-30": -3.4, "2017-03-31": -3.4, "2016-12-31": "-3.40000", "2016-09-30": -3.4, "2016-06-30": -3.3, "2016-03-31": -3.4, "2015-12-31": "-4.30000", "2015-09-30": -4.3, "2015-06-30": -4.3, "2015-03-31": -4.2, "2014-12-31": "-4.30000", "2014-09-30": -4.2, "2014-06-30": -4.3, "2014-03-31": -3.6, "2013-12-31": "-2.30000", "2013-09-30": -2.2, "2013-06-30": -2, "2013-03-31": 0, "2012-12-31": "", "2012-09-30": 0, "2012-06-30": 0, "2012-03-31": 0, "2011-12-31": "", "2011-09-30": 0, "2011-06-30": 0, "2011-03-31": 0, "2010-12-31": "", "2010-09-30": 0, "2009-09-30": 0}, "Financial Activities - Other": {"2020-12-31": "", "2020-09-30": -29.4, "2020-06-30": -2.3, "2020-03-31": -61.8, "2019-12-31": "-26.80000", "2019-09-30": -7.8, "2019-06-30": 0, "2019-03-31": -8.7, "2018-12-31": "-253.30000", "2018-09-30": -15.8, "2018-06-30": -0.1, "2018-03-31": -4.3, "2017-12-31": "-45.50000", "2017-09-30": -6.6, "2017-06-30": -176.6, "2017-03-31": -96.7, "2016-12-31": "-1.90000", "2016-09-30": -104.9, "2016-06-30": 29.3, "2016-03-31": -27.4, "2015-12-31": "-0.60000", "2015-09-30": -9.9, "2015-06-30": -14.8, "2015-03-31": -4.8, "2014-12-31": "-0.60000", "2014-09-30": 0, "2014-06-30": -44, "2014-03-31": -10.7, "2013-12-31": "-8.90000", "2013-09-30": -5.8, "2013-06-30": -0.2, "2013-03-31": 0, "2012-12-31": "-4.40000", "2012-09-30": 0, "2012-06-30": 0, "2012-03-31": -43.3, "2011-12-31": "-13.80000", "2011-09-30": -85.7, "2011-06-30": -56.5, "2011-03-31": -14.7, "2010-12-31": "-35.40000", "2010-09-30": -116.7, "2009-09-30": 116.7}, "Cash Flow From Financial Activities": {"2020-12-31": "-154.50000", "2020-09-30": 41.9, "2020-06-30": -429.8, "2020-03-31": 390.8, "2019-12-31": "-274.90000", "2019-09-30": 575.9, "2019-06-30": -18.9, "2019-03-31": -9.8, "2018-12-31": "-1199.60000", "2018-09-30": 597.3, "2018-06-30": -230.8, "2018-03-31": -202.7, "2017-12-31": "259.60000", "2017-09-30": 771.1, "2017-06-30": 777, "2017-03-31": 637.6, "2016-12-31": "-132.60000", "2016-09-30": 21.1, "2016-06-30": 22.9, "2016-03-31": -29.1, "2015-12-31": "-19.40000", "2015-09-30": 388.2, "2015-06-30": 669.9, "2015-03-31": 325.9, "2014-12-31": "-11.60000", "2014-09-30": -11.1, "2014-06-30": 2032.1, "2014-03-31": 658.6, "2013-12-31": "804.60000", "2013-09-30": 342, "2013-06-30": -2.3, "2013-03-31": 65.7, "2012-12-31": "243.40000", "2012-09-30": -55.6, "2012-06-30": -2.2, "2012-03-31": 6.7, "2011-12-31": "-6.00000", "2011-09-30": -25.5, "2011-06-30": -56.5, "2011-03-31": -14.7, "2010-12-31": "-35.40000", "2010-09-30": 183.3, "2009-09-30": -183.3}, "Net Cash Flow": {"2020-12-31": "-74.90000", "2020-09-30": 138.7, "2020-06-30": -141.9, "2020-03-31": 381.5, "2019-12-31": "-239.40000", "2019-09-30": 688, "2019-06-30": 214.6, "2019-03-31": -81.6, "2018-12-31": "-761.00000", "2018-09-30": 645.9, "2018-06-30": 37.1, "2018-03-31": -1635.6, "2017-12-31": "417.00000", "2017-09-30": -951, "2017-06-30": 987.8, "2017-03-31": 615.8, "2016-12-31": "-274.50000", "2016-09-30": 110.4, "2016-06-30": 165, "2016-03-31": 65.8, "2015-12-31": "-39.00000", "2015-09-30": 567.1, "2015-06-30": -304.7, "2015-03-31": 402.3, "2014-12-31": "-91.70000", "2014-09-30": -108.9, "2014-06-30": -448.6, "2014-03-31": -59, "2013-12-31": "482.90000", "2013-09-30": 158.4, "2013-06-30": -121.8, "2013-03-31": 54.5, "2012-12-31": "252.70000", "2012-09-30": -25.3, "2012-06-30": 19.4, "2012-03-31": 51.2, "2011-12-31": "11.20000", "2011-09-30": -5.3, "2011-06-30": -1.4, "2011-03-31": 4.4, "2010-12-31": "-0.80000", "2010-09-30": -2.5, "2009-09-30": 2.5}, "Stock-Based Compensation": {"2020-12-31": "", "2020-09-30": 12.5, "2020-06-30": 12.5, "2020-03-31": 13.3, "2019-12-31": "11.40000", "2019-09-30": 10.5, "2019-06-30": 10.3, "2019-03-31": 9.4, "2018-12-31": "8.70000", "2018-09-30": 7.7, "2018-06-30": 7.4, "2018-03-31": 9, "2017-12-31": "6.80000", "2017-09-30": 6.2, "2017-06-30": 6, "2017-03-31": 6.5, "2016-12-31": "4.90000", "2016-09-30": 4.3, "2016-06-30": 4.5, "2016-03-31": 4.9, "2015-12-31": "3.50000", "2015-09-30": 2.5, "2015-06-30": 3.5, "2015-03-31": 10.4, "2014-12-31": "6.30000", "2014-09-30": 3.5, "2014-06-30": 3.6, "2014-03-31": 4, "2013-12-31": "3.40000", "2013-09-30": 2.6, "2013-06-30": 2.5, "2013-03-31": 2.9, "2012-12-31": "2.50000", "2012-09-30": 2.3, "2012-06-30": 1, "2012-03-31": 0.4, "2011-12-31": "0.80000", "2011-09-30": 0.7, "2011-06-30": 0, "2011-03-31": 0.5, "2010-12-31": "0.50000", "2010-09-30": 0, "2009-09-30": 0}, "Common Stock Dividends Paid": {"2020-12-31": "", "2020-09-30": 0, "2020-06-30": 0, "2020-03-31": 0, "2019-12-31": "", "2019-09-30": 0, "2019-06-30": 0, "2019-03-31": 0, "2018-12-31": "", "2018-09-30": 0, "2018-06-30": 0, "2018-03-31": 0, "2017-12-31": "", "2017-09-30": 0, "2017-06-30": 0, "2017-03-31": 0, "2016-12-31": "", "2016-09-30": 0, "2016-06-30": 0, "2016-03-31": 0, "2015-12-31": "", "2015-09-30": 0, "2015-06-30": 0, "2015-03-31": 0, "2014-12-31": "", "2014-09-30": 0, "2014-06-30": 0, "2014-03-31": 0, "2013-12-31": "", "2013-09-30": 0, "2013-06-30": 0, "2013-03-31": 0, "2012-12-31": "", "2012-09-30": 0, "2012-06-30": 0, "2012-03-31": 0, "2011-12-31": "", "2011-09-30": 0, "2011-06-30": 0, "2011-03-31": 0, "2010-12-31": "", "2010-09-30": 0, "2009-09-30": 0}}, "financial ratios": {"Current Ratio": {"2020-09-30": "2.34790", "2019-09-30": "2.64830", "2018-09-30": "2.77780", "2017-09-30": "3.71370", "2016-09-30": "3.27590", "2015-09-30": "2.90150", "2014-09-30": "2.34470", "2013-09-30": "4.57600", "2012-09-30": "1.65900", "2011-09-30": "1.00740", "2010-09-30": "1.98110", "2009-09-30": ""}, "Long-term Debt / Capital": {"2020-09-30": "0.71100", "2019-09-30": "0.70640", "2018-09-30": "0.70270", "2017-09-30": "0.71930", "2016-09-30": "0.60200", "2015-09-30": "0.59950", "2014-09-30": "0.62650", "2013-09-30": "0.48450", "2012-09-30": "0.43030", "2011-09-30": "0.33310", "2010-09-30": "0.25790", "2009-09-30": ""}, "Debt/Equity Ratio": {"2020-09-30": "2.48280", "2019-09-30": "2.41020", "2018-09-30": "2.37030", "2017-09-30": "2.57060", "2016-09-30": "1.51680", "2015-09-30": "1.50230", "2014-09-30": "1.68890", "2013-09-30": "0.93990", "2012-09-30": "0.76780", "2011-09-30": "0.54680", "2010-09-30": "0.34750", "2009-09-30": ""}, "Gross Margin": {"2020-09-30": "31.36510", "2019-09-30": "31.54500", "2018-09-30": "29.62990", "2017-09-30": "30.05860", "2016-09-30": "30.78300", "2015-09-30": "25.26570", "2014-09-30": "25.76420", "2013-09-30": "41.08890", "2012-09-30": "44.72830", "2011-09-30": "46.64330", "2010-09-30": "44.44670", "2009-09-30": "46.75870"}, "Operating Margin": {"2020-09-30": "12.29230", "2019-09-30": "13.74730", "2018-09-30": "9.16540", "2017-09-30": "9.88750", "2016-09-30": "10.85580", "2015-09-30": "4.57600", "2014-09-30": "-8.61430", "2013-09-30": "10.42450", "2012-09-30": "14.50620", "2011-09-30": "-38.07060", "2010-09-30": "19.14320", "2009-09-30": "20.07280"}, "EBIT Margin": {"2020-09-30": "12.29230", "2019-09-30": "13.74730", "2018-09-30": "9.16540", "2017-09-30": "9.88750", "2016-09-30": "10.85580", "2015-09-30": "4.57600", "2014-09-30": "-8.61430", "2013-09-30": "10.42450", "2012-09-30": "14.50620", "2011-09-30": "-38.07060", "2010-09-30": "19.14320", "2009-09-30": "20.07280"}, "EBITDA Margin": {"2020-09-30": "18.79030", "2019-09-30": "20.42910", "2018-09-30": "15.53250", "2017-09-30": "16.07030", "2016-09-30": "16.87950", "2015-09-30": "10.44490", "2014-09-30": "-1.51800", "2013-09-30": "18.25740", "2012-09-30": "21.09710", "2011-09-30": "-32.00780", "2010-09-30": "24.70150", "2009-09-30": "24.79250"}, "Pre-Tax Profit Margin": {"2020-09-30": "1.11250", "2019-09-30": "2.80050", "2018-09-30": "4.23030", "2017-09-30": "1.42370", "2016-09-30": "-0.59880", "2015-09-30": "-3.59920", "2014-09-30": "-17.70560", "2013-09-30": "2.15650", "2012-09-30": "8.38460", "2011-09-30": "-44.47430", "2010-09-30": "14.19690", "2009-09-30": "14.63480"}, "Net Profit Margin": {"2020-09-30": "0.01400", "2019-09-30": "2.14220", "2018-09-30": "7.30840", "2017-09-30": "0.66590", "2016-09-30": "-0.56500", "2015-09-30": "-2.84630", "2014-09-30": "-14.87290", "2013-09-30": "0.94770", "2012-09-30": "5.20390", "2011-09-30": "-43.82360", "2010-09-30": "9.23050", "2009-09-30": "9.43010"}, "Asset Turnover": {"2020-09-30": "0.46920", "2019-09-30": "0.47530", "2018-09-30": "0.47920", "2017-09-30": "0.44000", "2016-09-30": "0.53700", "2015-09-30": "0.50720", "2014-09-30": "0.31190", "2013-09-30": "0.29770", "2012-09-30": "0.35090", "2011-09-30": "0.35550", "2010-09-30": "0.29770", "2009-09-30": ""}, "Inventory Turnover Ratio": {"2020-09-30": "6.52540", "2019-09-30": "6.70750", "2018-09-30": "9.09380", "2017-09-30": "6.37310", "2016-09-30": "6.91590", "2015-09-30": "7.46570", "2014-09-30": "4.70160", "2013-09-30": "4.99750", "2012-09-30": "6.74300", "2011-09-30": "7.75680", "2010-09-30": "7.86510", "2009-09-30": ""}, "Receiveable Turnover": {"2020-09-30": "12.90470", "2019-09-30": "12.76370", "2018-09-30": "13.53490", "2017-09-30": "10.87350", "2016-09-30": "13.05660", "2015-09-30": "12.69310", "2014-09-30": "5.82810", "2013-09-30": "12.42910", "2012-09-30": "16.97170", "2011-09-30": "18.83660", "2010-09-30": "15.10150", "2009-09-30": ""}, "Days Sales In Receivables": {"2020-09-30": "28.28440", "2019-09-30": "28.59680", "2018-09-30": "26.96730", "2017-09-30": "33.56790", "2016-09-30": "27.95520", "2015-09-30": "28.75590", "2014-09-30": "62.62720", "2013-09-30": "29.36660", "2012-09-30": "21.50640", "2011-09-30": "19.37720", "2010-09-30": "24.16980", "2009-09-30": ""}, "ROE - Return On Equity": {"2020-09-30": "1.02510", "2019-09-30": "4.28970", "2018-09-30": "15.30470", "2017-09-30": "1.73140", "2016-09-30": "-0.10970", "2015-09-30": "-3.87450", "2014-09-30": "-15.03220", "2013-09-30": "1.01430", "2012-09-30": "4.05200", "2011-09-30": "-29.57410", "2010-09-30": "4.46230", "2009-09-30": ""}, "Return On Tangible Equity": {"2020-09-30": "-0.60330", "2019-09-30": "-2.62450", "2018-09-30": "-9.40860", "2017-09-30": "-1.05090", "2016-09-30": "0.11360", "2015-09-30": "3.76050", "2014-09-30": "10.57140", "2013-09-30": "-1.70880", "2012-09-30": "-5.72840", "2011-09-30": "62.38790", "2010-09-30": "-14.55010", "2009-09-30": ""}, "ROA - Return On Assets": {"2020-09-30": "0.23870", "2019-09-30": "1.05430", "2018-09-30": "3.58720", "2017-09-30": "0.40670", "2016-09-30": "-0.03530", "2015-09-30": "-1.25820", "2014-09-30": "-4.43920", "2013-09-30": "0.43760", "2012-09-30": "1.82630", "2011-09-30": "-15.58090", "2010-09-30": "2.74790", "2009-09-30": ""}, "ROI - Return On Investment": {"2020-09-30": "0.29630", "2019-09-30": "1.25960", "2018-09-30": "4.55080", "2017-09-30": "0.48600", "2016-09-30": "-0.04370", "2015-09-30": "-1.55160", "2014-09-30": "-5.61360", "2013-09-30": "0.52280", "2012-09-30": "2.30830", "2011-09-30": "-19.72390", "2010-09-30": "3.31150", "2009-09-30": ""}, "Book Value Per Share": {"2020-09-30": "42.60540", "2019-09-30": "40.73930", "2018-09-30": "45.88460", "2017-09-30": "42.20420", "2016-09-30": "46.35750", "2015-09-30": "47.92270", "2014-09-30": "50.96430", "2013-09-30": "45.82870", "2012-09-30": "37.66060", "2011-09-30": "", "2010-09-30": "", "2009-09-30": ""}, "Operating Cash Flow Per Share": {"2020-09-30": -0.2367, "2019-09-30": -0.3066, "2018-09-30": 3.9355, "2017-09-30": -1.7701, "2016-09-30": -0.6624, "2015-09-30": 3.3526, "2014-09-30": 1, "2013-09-30": -0.5618, "2012-09-30": -0.0063, "2011-09-30": 0.2383, "2010-09-30": 3.9419, "2009-09-30": 0}, "Free Cash Flow Per Share": {"2020-09-30": 0.2064, "2019-09-30": -0.9893, "2018-09-30": 3.5434, "2017-09-30": -2.607, "2016-09-30": -0.8917, "2015-09-30": 4.6475, "2014-09-30": -0.8071, "2013-09-30": -0.6601, "2012-09-30": -0.4688, "2011-09-30": 0.5116, "2010-09-30": 3.2355, "2009-09-30": 0}}, "financial ratios, quarterly": {"Current Ratio": {"2020-09-30": "2.34790", "2020-06-30": "2.85070", "2020-03-31": "3.23480", "2019-12-31": "2.17550", "2019-09-30": "2.64830", "2019-06-30": "2.01620", "2019-03-31": "1.93070", "2018-12-31": "1.55870", "2018-09-30": "2.77780", "2018-06-30": "1.94070", "2018-03-31": "2.23780", "2017-12-31": "4.05420", "2017-09-30": "3.71370", "2017-06-30": "6.43190", "2017-03-31": "5.53260", "2016-12-31": "3.41180", "2016-09-30": "3.27590", "2016-06-30": "3.19780", "2016-03-31": "3.25170", "2015-12-31": "3.04150", "2015-09-30": "2.90150", "2015-06-30": "2.16750", "2015-03-31": "2.74660", "2014-12-31": "1.87500", "2014-09-30": "2.34470", "2014-06-30": "2.64920", "2014-03-31": "5.72750", "2013-12-31": "7.37660", "2013-09-30": "4.57600", "2013-06-30": "3.64410", "2013-03-31": "5.03250", "2012-12-31": "3.51360", "2012-09-30": "1.65900", "2012-06-30": "2.10260", "2012-03-31": "2.00000", "2011-12-31": "1.01550", "2011-09-30": "1.00740", "2011-06-30": "", "2011-03-31": "", "2010-12-31": "", "2010-09-30": "", "2009-09-30": ""}, "Long-term Debt / Capital": {"2020-09-30": "0.71100", "2020-06-30": "0.70180", "2020-03-31": "0.71450", "2019-12-31": "0.65840", "2019-09-30": "0.70640", "2019-06-30": "0.66280", "2019-03-31": "0.66100", "2018-12-31": "0.66750", "2018-09-30": "0.70270", "2018-06-30": "0.70150", "2018-03-31": "0.70260", "2017-12-31": "0.71190", "2017-09-30": "0.71930", "2017-06-30": "0.69830", "2017-03-31": "0.63800", "2016-12-31": "0.60410", "2016-09-30": "0.60200", "2016-06-30": "0.59640", "2016-03-31": "0.59940", "2015-12-31": "0.60200", "2015-09-30": "0.59950", "2015-06-30": "0.62750", "2015-03-31": "0.60180", "2014-12-31": "0.63760", "2014-09-30": "0.62650", "2014-06-30": "0.59650", "2014-03-31": "0.52400", "2013-12-31": "0.51980", "2013-09-30": "0.48450", "2013-06-30": "0.41180", "2013-03-31": "0.41220", "2012-12-31": "0.48960", "2012-09-30": "0.43030", "2012-06-30": "0.42130", "2012-03-31": "0.42540", "2011-12-31": "0.33310", "2011-09-30": "0.33310", "2011-06-30": "", "2011-03-31": "", "2010-12-31": "", "2010-09-30": "", "2009-09-30": ""}, "Debt/Equity Ratio": {"2020-09-30": "2.48280", "2020-06-30": "2.36600", "2020-03-31": "2.51550", "2019-12-31": "1.97460", "2019-09-30": "2.41020", "2019-06-30": "1.96890", "2019-03-31": "1.95160", "2018-12-31": "2.00860", "2018-09-30": "2.37030", "2018-06-30": "2.35930", "2018-03-31": "2.37010", "2017-12-31": "2.47820", "2017-09-30": "2.57060", "2017-06-30": "2.32310", "2017-03-31": "1.76380", "2016-12-31": "1.52860", "2016-09-30": "1.51680", "2016-06-30": "1.48310", "2016-03-31": "1.50130", "2015-12-31": "1.51780", "2015-09-30": "1.50230", "2015-06-30": "1.69650", "2015-03-31": "1.52150", "2014-12-31": "1.77060", "2014-09-30": "1.68890", "2014-06-30": "1.48840", "2014-03-31": "1.10070", "2013-12-31": "1.08240", "2013-09-30": "0.93990", "2013-06-30": "0.70000", "2013-03-31": "0.70130", "2012-12-31": "0.97340", "2012-09-30": "0.76780", "2012-06-30": "0.73820", "2012-03-31": "0.74890", "2011-12-31": "0.54690", "2011-09-30": "0.54680", "2011-06-30": "", "2011-03-31": "", "2010-12-31": "", "2010-09-30": "", "2009-09-30": ""}, "Gross Margin": {"2020-09-30": "31.19820", "2020-06-30": "32.68480", "2020-03-31": "29.36690", "2019-12-31": "32.36550", "2019-09-30": "31.34180", "2019-06-30": "32.10810", "2019-03-31": "32.51910", "2018-12-31": "30.22040", "2018-09-30": "29.13680", "2018-06-30": "28.49330", "2018-03-31": "29.78380", "2017-12-31": "31.29580", "2017-09-30": "29.94820", "2017-06-30": "30.94880", "2017-03-31": "29.00270", "2016-12-31": "30.34090", "2016-09-30": "29.93340", "2016-06-30": "31.95570", "2016-03-31": "32.20050", "2015-12-31": "29.02790", "2015-09-30": "25.44660", "2015-06-30": "26.11820", "2015-03-31": "26.17080", "2014-12-31": "23.19580", "2014-09-30": "21.92500", "2014-06-30": "23.47550", "2014-03-31": "29.54340", "2013-12-31": "38.55220", "2013-09-30": "38.56700", "2013-06-30": "40.49750", "2013-03-31": "41.29730", "2012-12-31": "44.61800", "2012-09-30": "44.53880", "2012-06-30": "45.39070", "2012-03-31": "44.31140", "2011-12-31": "44.68760", "2011-09-30": "43.98650", "2011-06-30": "45.98310", "2011-03-31": "48.30120", "2010-12-31": "49.08360", "2010-09-30": "", "2009-09-30": ""}, "Operating Margin": {"2020-09-30": "12.67630", "2020-06-30": "12.87790", "2020-03-31": "10.27310", "2019-12-31": "13.45420", "2019-09-30": "7.11120", "2019-06-30": "13.77150", "2019-03-31": "13.42410", "2018-12-31": "20.82480", "2018-09-30": "4.14130", "2018-06-30": "11.46070", "2018-03-31": "10.13180", "2017-12-31": "11.23440", "2017-09-30": "7.76660", "2017-06-30": "14.97520", "2017-03-31": "10.95270", "2016-12-31": "6.09700", "2016-09-30": "8.58980", "2016-06-30": "11.39560", "2016-03-31": "12.78420", "2015-12-31": "10.64220", "2015-09-30": "3.11500", "2015-06-30": "6.70900", "2015-03-31": "4.72120", "2014-12-31": "3.80860", "2014-09-30": "-23.06590", "2014-06-30": "1.26380", "2014-03-31": "-0.06850", "2013-12-31": "8.48480", "2013-09-30": "8.36480", "2013-06-30": "9.40540", "2013-03-31": "11.64380", "2012-12-31": "12.79020", "2012-09-30": "13.39000", "2012-06-30": "17.15580", "2012-03-31": "13.25350", "2011-12-31": "14.27270", "2011-09-30": "-207.94780", "2011-06-30": "6.70170", "2011-03-31": "22.58690", "2010-12-31": "22.70900", "2010-09-30": "", "2009-09-30": ""}, "EBIT Margin": {"2020-09-30": "12.67630", "2020-06-30": "12.87790", "2020-03-31": "10.27310", "2019-12-31": "13.45420", "2019-09-30": "7.11120", "2019-06-30": "13.77150", "2019-03-31": "13.42410", "2018-12-31": "20.82480", "2018-09-30": "4.14140", "2018-06-30": "11.46070", "2018-03-31": "10.13180", "2017-12-31": "11.23440", "2017-09-30": "7.76660", "2017-06-30": "14.97520", "2017-03-31": "10.95270", "2016-12-31": "6.09700", "2016-09-30": "8.58980", "2016-06-30": "11.39560", "2016-03-31": "12.78420", "2015-12-31": "10.64220", "2015-09-30": "3.11500", "2015-06-30": "6.70900", "2015-03-31": "4.72120", "2014-12-31": "3.80860", "2014-09-30": "-23.06590", "2014-06-30": "1.26380", "2014-03-31": "-0.06850", "2013-12-31": "8.48480", "2013-09-30": "8.36480", "2013-06-30": "9.40540", "2013-03-31": "11.64380", "2012-12-31": "12.79020", "2012-09-30": "13.39000", "2012-06-30": "17.15580", "2012-03-31": "13.25350", "2011-12-31": "14.27270", "2011-09-30": "-207.94780", "2011-06-30": "6.70170", "2011-03-31": "22.58690", "2010-12-31": "22.70900", "2010-09-30": "", "2009-09-30": ""}, "EBITDA Margin": {"2020-09-30": "", "2020-06-30": "", "2020-03-31": "", "2019-12-31": "", "2019-09-30": "", "2019-06-30": "", "2019-03-31": "", "2018-12-31": "", "2018-09-30": "", "2018-06-30": "", "2018-03-31": "", "2017-12-31": "", "2017-09-30": "", "2017-06-30": "", "2017-03-31": "", "2016-12-31": "", "2016-09-30": "", "2016-06-30": "", "2016-03-31": "", "2015-12-31": "", "2015-09-30": "", "2015-06-30": "", "2015-03-31": "", "2014-12-31": "", "2014-09-30": "", "2014-06-30": "", "2014-03-31": "", "2013-12-31": "", "2013-09-30": "", "2013-06-30": "", "2013-03-31": "", "2012-12-31": "", "2012-09-30": "", "2012-06-30": "", "2012-03-31": "", "2011-12-31": "", "2011-09-30": "", "2011-06-30": "", "2011-03-31": "", "2010-12-31": "", "2010-09-30": "", "2009-09-30": ""}, "Pre-Tax Profit Margin": {"2020-09-30": "6.43380", "2020-06-30": "3.71150", "2020-03-31": "-14.84410", "2019-12-31": "9.93960", "2019-09-30": "-6.43890", "2019-06-30": "2.09140", "2019-03-31": "2.99030", "2018-12-31": "12.78250", "2018-09-30": "-0.15950", "2018-06-30": "6.97720", "2018-03-31": "7.29460", "2017-12-31": "2.74930", "2017-09-30": "1.54640", "2017-06-30": "-7.20070", "2017-03-31": "-0.33460", "2016-12-31": "11.82590", "2016-09-30": "-5.21890", "2016-06-30": "0.16850", "2016-03-31": "-0.44060", "2015-12-31": "3.13900", "2015-09-30": "-8.61200", "2015-06-30": "4.80280", "2015-03-31": "-3.69530", "2014-12-31": "-6.87210", "2014-09-30": "-31.60770", "2014-06-30": "-8.81520", "2014-03-31": "-8.58450", "2013-12-31": "-1.27950", "2013-09-30": "-0.37710", "2013-06-30": "1.94330", "2013-03-31": "2.94120", "2012-12-31": "4.68550", "2012-09-30": "6.87700", "2012-06-30": "10.50020", "2012-03-31": "7.62480", "2011-12-31": "8.61830", "2011-09-30": "-215.34900", "2011-06-30": "0.96890", "2011-03-31": "16.56370", "2010-12-31": "16.18240", "2010-09-30": "", "2009-09-30": ""}, "Net Profit Margin": {"2020-09-30": "4.03880", "2020-06-30": "2.69380", "2020-03-31": "-12.80950", "2019-12-31": "6.80940", "2019-09-30": "-4.23480", "2019-06-30": "1.12560", "2019-03-31": "3.09840", "2018-12-31": "8.75790", "2018-09-30": "-1.07980", "2018-06-30": "5.87650", "2018-03-31": "5.60490", "2017-12-31": "20.34050", "2017-09-30": "0.32450", "2017-06-30": "-4.93670", "2017-03-31": "-0.43810", "2016-12-31": "7.87330", "2016-09-30": "-3.20430", "2016-06-30": "", "2016-03-31": "0.11800", "2015-12-31": "0.84080", "2015-09-30": "-5.86350", "2015-06-30": "1.63390", "2015-03-31": "2.49830", "2014-12-31": "-9.46080", "2014-09-30": "-27.96470", "2014-06-30": "-6.20850", "2014-03-31": "-5.15980", "2013-12-31": "-1.68350", "2013-09-30": "-1.09700", "2013-06-30": "0.42750", "2013-03-31": "1.73250", "2012-12-31": "3.20810", "2012-09-30": "4.36890", "2012-06-30": "6.53160", "2012-03-31": "4.19160", "2011-12-31": "5.83680", "2011-09-30": "-201.68210", "2011-06-30": "0.64590", "2011-03-31": "11.23550", "2010-12-31": "10.99690", "2010-09-30": "", "2009-09-30": ""}, "Asset Turnover": {"2020-09-30": "0.11620", "2020-06-30": "0.11200", "2020-03-31": "0.12210", "2019-12-31": "0.12200", "2019-09-30": "0.12070", "2019-06-30": "0.12630", "2019-03-31": "0.12300", "2018-12-31": "0.12510", "2018-09-30": "0.12480", "2018-06-30": "0.12840", "2018-03-31": "0.12520", "2017-12-31": "0.11670", "2017-09-30": "0.12200", "2017-06-30": "0.11770", "2017-03-31": "0.12780", "2016-12-31": "0.13600", "2016-09-30": "0.13470", "2016-06-30": "0.13380", "2016-03-31": "0.13810", "2015-12-31": "0.13630", "2015-09-30": "0.14290", "2015-06-30": "0.13680", "2015-03-31": "0.13130", "2014-12-31": "0.13920", "2014-09-30": "0.13490", "2014-06-30": "0.07890", "2014-03-31": "0.08450", "2013-12-31": "0.06920", "2013-09-30": "0.08400", "2013-06-30": "0.08350", "2013-03-31": "0.08070", "2012-12-31": "0.07860", "2012-09-30": "0.09050", "2012-06-30": "0.08750", "2012-03-31": "0.09100", "2011-12-31": "0.08020", "2011-09-30": "0.08730", "2011-06-30": "", "2011-03-31": "", "2010-12-31": "", "2010-09-30": "", "2009-09-30": ""}, "Inventory Turnover Ratio": {"2020-09-30": "1.62000", "2020-06-30": "1.47570", "2020-03-31": "1.85480", "2019-12-31": "1.67510", "2019-09-30": "1.70850", "2019-06-30": "1.74300", "2019-03-31": "1.68710", "2018-12-31": "1.97390", "2018-09-30": "2.38540", "2018-06-30": "1.98570", "2018-03-31": "1.88320", "2017-12-31": "1.67680", "2017-09-30": "1.76930", "2017-06-30": "1.66810", "2017-03-31": "1.73740", "2016-12-31": "1.69580", "2016-09-30": "1.75590", "2016-06-30": "1.66710", "2016-03-31": "1.75340", "2015-12-31": "1.81920", "2015-09-30": "2.09860", "2015-06-30": "1.82230", "2015-03-31": "1.68260", "2014-12-31": "1.88960", "2014-09-30": "2.13920", "2014-06-30": "1.23820", "2014-03-31": "1.37460", "2013-12-31": "1.51080", "2013-09-30": "1.47010", "2013-06-30": "1.53410", "2013-03-31": "1.49740", "2012-12-31": "1.31070", "2012-09-30": "1.74430", "2012-06-30": "1.70010", "2012-03-31": "1.96200", "2011-12-31": "1.52960", "2011-09-30": "2.02700", "2011-06-30": "", "2011-03-31": "", "2010-12-31": "", "2010-09-30": "", "2009-09-30": ""}, "Receiveable Turnover": {"2020-09-30": "3.19590", "2020-06-30": "3.18570", "2020-03-31": "2.71080", "2019-12-31": "3.22440", "2019-09-30": "3.24150", "2019-06-30": "3.04010", "2019-03-31": "2.77340", "2018-12-31": "3.11890", "2018-09-30": "3.52560", "2018-06-30": "3.03190", "2018-03-31": "2.78750", "2017-12-31": "3.06020", "2017-09-30": "3.01390", "2017-06-30": "2.64860", "2017-03-31": "2.59220", "2016-12-31": "3.04530", "2016-09-30": "3.27480", "2016-06-30": "3.39540", "2016-03-31": "3.28620", "2015-12-31": "3.39810", "2015-09-30": "3.57670", "2015-06-30": "3.03560", "2015-03-31": "3.01890", "2014-12-31": "2.62570", "2014-09-30": "2.52140", "2014-06-30": "1.56640", "2014-03-31": "2.36120", "2013-12-31": "3.49820", "2013-09-30": "3.50600", "2013-06-30": "3.53430", "2013-03-31": "3.34050", "2012-12-31": "3.50440", "2012-09-30": "4.37520", "2012-06-30": "3.85810", "2012-03-31": "3.70560", "2011-12-31": "4.14560", "2011-09-30": "4.62650", "2011-06-30": "", "2011-03-31": "", "2010-12-31": "", "2010-09-30": "", "2009-09-30": ""}, "Days Sales In Receivables": {"2020-09-30": "28.16130", "2020-06-30": "28.25130", "2020-03-31": "33.20040", "2019-12-31": "27.91190", "2019-09-30": "27.76480", "2019-06-30": "29.60400", "2019-03-31": "32.45140", "2018-12-31": "28.85640", "2018-09-30": "25.52730", "2018-06-30": "29.68470", "2018-03-31": "32.28670", "2017-12-31": "29.40970", "2017-09-30": "29.86120", "2017-06-30": "33.98080", "2017-03-31": "34.71960", "2016-12-31": "29.55350", "2016-09-30": "27.48260", "2016-06-30": "26.50670", "2016-03-31": "27.38730", "2015-12-31": "26.48540", "2015-09-30": "25.16260", "2015-06-30": "29.64850", "2015-03-31": "29.81190", "2014-12-31": "34.27690", "2014-09-30": "35.69460", "2014-06-30": "57.45500", "2014-03-31": "38.11640", "2013-12-31": "25.72730", "2013-09-30": "25.67020", "2013-06-30": "25.46440", "2013-03-31": "26.94200", "2012-12-31": "25.68170", "2012-09-30": "20.57040", "2012-06-30": "23.32780", "2012-03-31": "24.28740", "2011-12-31": "21.71000", "2011-09-30": "19.45330", "2011-06-30": "", "2011-03-31": "", "2010-12-31": "", "2010-09-30": "", "2009-09-30": ""}, "ROE - Return On Equity": {"2020-09-30": "2.37890", "2020-06-30": "1.40300", "2020-03-31": "-6.48470", "2019-12-31": "3.23410", "2019-09-30": "-2.06650", "2019-06-30": "0.51290", "2019-03-31": "1.36520", "2018-12-31": "3.98870", "2018-09-30": "-0.50320", "2018-06-30": "3.14390", "2018-03-31": "2.93320", "2017-12-31": "9.70920", "2017-09-30": "0.28680", "2017-06-30": "-2.15910", "2017-03-31": "-0.07030", "2016-12-31": "3.41150", "2016-09-30": "-1.22980", "2016-06-30": "0.10850", "2016-03-31": "0.16300", "2015-12-31": "0.85580", "2015-09-30": "-2.43620", "2015-06-30": "0.89920", "2015-03-31": "1.20850", "2014-12-31": "-4.47730", "2014-09-30": "-12.58820", "2014-06-30": "-1.35200", "2014-03-31": "-0.87510", "2013-12-31": "-0.13440", "2013-09-30": "-0.06010", "2013-06-30": "0.22900", "2013-03-31": "0.34410", "2012-12-31": "0.61230", "2012-09-30": "0.87700", "2012-06-30": "1.23050", "2012-03-31": "0.82770", "2011-12-31": "0.89240", "2011-09-30": "-33.42860", "2011-06-30": "", "2011-03-31": "", "2010-12-31": "", "2010-09-30": "", "2009-09-30": ""}, "Return On Tangible Equity": {"2020-09-30": "-1.40000", "2020-06-30": "-0.85210", "2020-03-31": "3.87040", "2019-12-31": "-2.39200", "2019-09-30": "1.26430", "2019-06-30": "-0.35370", "2019-03-31": "-0.94000", "2018-12-31": "-2.61700", "2018-09-30": "0.30930", "2018-06-30": "-1.65940", "2018-03-31": "-1.55120", "2017-12-31": "-6.84060", "2017-09-30": "-0.17410", "2017-06-30": "1.88980", "2017-03-31": "0.07130", "2016-12-31": "-3.40880", "2016-09-30": "1.27380", "2016-06-30": "-0.11320", "2016-03-31": "-0.16410", "2015-12-31": "-0.83980", "2015-09-30": "2.36460", "2015-06-30": "-0.68720", "2015-03-31": "-0.97960", "2014-12-31": "2.77000", "2014-09-30": "8.85260", "2014-06-30": "1.07980", "2014-03-31": "1.47570", "2013-12-31": "0.40230", "2013-09-30": "0.10120", "2013-06-30": "-0.45320", "2013-03-31": "-0.82110", "2012-12-31": "-0.87810", "2012-09-30": "-1.23980", "2012-06-30": "-1.92310", "2012-03-31": "-1.24970", "2011-12-31": "-1.88930", "2011-09-30": "70.51910", "2011-06-30": "", "2011-03-31": "", "2010-12-31": "", "2010-09-30": "", "2009-09-30": ""}, "ROA - Return On Assets": {"2020-09-30": "0.55410", "2020-06-30": "0.33870", "2020-03-31": "-1.51830", "2019-12-31": "0.89670", "2019-09-30": "-0.50790", "2019-06-30": "0.14480", "2019-03-31": "0.39260", "2018-12-31": "1.11570", "2018-09-30": "-0.11790", "2018-06-30": "0.77300", "2018-03-31": "0.72440", "2017-12-31": "2.40390", "2017-09-30": "0.06740", "2017-06-30": "-0.54980", "2017-03-31": "-0.02140", "2016-12-31": "1.10800", "2016-09-30": "-0.39530", "2016-06-30": "0.03540", "2016-03-31": "0.05320", "2015-12-31": "0.27830", "2015-09-30": "-0.79110", "2015-06-30": "0.27090", "2015-03-31": "0.38050", "2014-12-31": "-1.26090", "2014-09-30": "-3.71750", "2014-06-30": "-0.43780", "2014-03-31": "-0.35300", "2013-12-31": "-0.05600", "2013-09-30": "-0.02590", "2013-06-30": "0.11030", "2013-03-31": "0.16590", "2012-12-31": "0.25210", "2012-09-30": "0.39530", "2012-06-30": "0.57170", "2012-03-31": "0.38140", "2011-12-31": "0.46790", "2011-09-30": "-17.61160", "2011-06-30": "", "2011-03-31": "", "2010-12-31": "", "2010-09-30": "", "2009-09-30": ""}, "ROI - Return On Investment": {"2020-09-30": "0.68760", "2020-06-30": "0.41840", "2020-03-31": "-1.85120", "2019-12-31": "1.10480", "2019-09-30": "-0.60680", "2019-06-30": "0.17290", "2019-03-31": "0.46290", "2018-12-31": "1.32630", "2018-09-30": "-0.14960", "2018-06-30": "0.93850", "2018-03-31": "0.87240", "2017-12-31": "2.79730", "2017-09-30": "0.08050", "2017-06-30": "-0.65130", "2017-03-31": "-0.02540", "2016-12-31": "1.35080", "2016-09-30": "-0.48940", "2016-06-30": "0.04380", "2016-03-31": "0.06530", "2015-12-31": "0.34060", "2015-09-30": "-0.97570", "2015-06-30": "0.33500", "2015-03-31": "0.48110", "2014-12-31": "-1.62260", "2014-09-30": "-4.70090", "2014-06-30": "-0.54550", "2014-03-31": "-0.41650", "2013-12-31": "-0.06450", "2013-09-30": "-0.03100", "2013-06-30": "0.13470", "2013-03-31": "0.20220", "2012-12-31": "0.31250", "2012-09-30": "0.49960", "2012-06-30": "0.71210", "2012-03-31": "0.47560", "2011-12-31": "0.59510", "2011-09-30": "-22.29450", "2011-06-30": "", "2011-03-31": "", "2010-12-31": "", "2010-09-30": "", "2009-09-30": ""}, "Book Value Per Share": {"2020-09-30": "42.60540", "2020-06-30": "42.53220", "2020-03-31": "42.02590", "2019-12-31": "47.37150", "2019-09-30": "40.73930", "2019-06-30": "44.03220", "2019-03-31": "44.26510", "2018-12-31": "47.46820", "2018-09-30": "45.88460", "2018-06-30": "46.21670", "2018-03-31": "46.51130", "2017-12-31": "46.36450", "2017-09-30": "42.20420", "2017-06-30": "41.58440", "2017-03-31": "45.09330", "2016-12-31": "46.42260", "2016-09-30": "46.35750", "2016-06-30": "47.06190", "2016-03-31": "46.76050", "2015-12-31": "46.48360", "2015-09-30": "47.92270", "2015-06-30": "48.65820", "2015-03-31": "46.01960", "2014-12-31": "41.52040", "2014-09-30": "50.96430", "2014-06-30": "57.91990", "2014-03-31": "54.38420", "2013-12-31": "54.62030", "2013-09-30": "45.82870", "2013-06-30": "45.41280", "2013-03-31": "45.37050", "2012-12-31": "37.99320", "2012-09-30": "37.66060", "2012-06-30": "37.32560", "2012-03-31": "36.87790", "2011-12-31": "41.69770", "2011-09-30": "", "2011-06-30": "", "2011-03-31": "", "2010-12-31": "", "2010-09-30": "", "2009-09-30": ""}, "Operating Cash Flow Per Share": {"2020-09-30": 3.0227, "2020-06-30": 4.6174, "2020-03-31": -0.2192, "2019-12-31": "1.50350", "2019-09-30": 2.4661, "2019-06-30": 3.9752, "2019-03-31": -0.4586, "2018-12-31": "3.17840", "2018-09-30": 1.5864, "2018-06-30": 4.4129, "2018-03-31": 0.8229, "2017-12-31": "2.64550", "2017-09-30": 2.3559, "2017-06-30": 3.4945, "2017-03-31": -0.0766, "2016-12-31": "-0.24160", "2016-09-30": 1.9916, "2016-06-30": 2.5249, "2016-03-31": 1.4966, "2015-12-31": "1.28920", "2015-09-30": 3.6604, "2015-06-30": 1.9611, "2015-03-31": 1.1946, "2014-12-31": "1.14860", "2014-09-30": 2.8633, "2014-06-30": 1.1982, "2014-03-31": -0.2109, "2013-12-31": "0.76150", "2013-09-30": 1.6181, "2013-06-30": 1.4287, "2013-03-31": -0.1564, "2012-12-31": "0.72170", "2012-09-30": 1.1217, "2012-06-30": 0.8174, "2012-03-31": 1.4732, "2011-12-31": "0.76160", "2011-09-30": 0.7471, "2011-06-30": 1.6802, "2011-03-31": 0.657, "2010-12-31": "1.09590", "2010-09-30": 0, "2009-09-30": 0}, "Free Cash Flow Per Share": {"2020-09-30": 1.9502, "2020-06-30": 4.1468, "2020-03-31": -0.8093, "2019-12-31": "0.43270", "2019-09-30": 1.4795, "2019-06-30": 3.0876, "2019-03-31": -1.2089, "2018-12-31": "2.15580", "2018-09-30": 0.5126, "2018-06-30": 3.6525, "2018-03-31": 0.2955, "2017-12-31": "2.04270", "2017-09-30": 1.4799, "2017-06-30": 2.5841, "2017-03-31": -0.5412, "2016-12-31": "-0.56290", "2016-09-30": 1.4022, "2016-06-30": 2.0058, "2016-03-31": 1.1342, "2015-12-31": "1.02470", "2015-09-30": 3.3468, "2015-06-30": 1.4165, "2015-03-31": 1.0226, "2014-12-31": "0.67270", "2014-09-30": 1.9097, "2014-06-30": 0.1454, "2014-03-31": -0.5009, "2013-12-31": "0.25690", "2013-09-30": 1.1604, "2013-06-30": 1.2268, "2013-03-31": -0.3378, "2012-12-31": "0.56880", "2012-09-30": 0.8725, "2012-06-30": 0.629, "2012-03-31": 1.2797, "2011-12-31": "0.49710", "2011-09-30": 0.5988, "2011-06-30": 1.5989, "2011-03-31": 0.5494, "2010-12-31": "1.00000", "2010-09-30": 0, "2009-09-30": 0}}, "revenue": {"Post Holdings Annual Revenue (Millions of US $)": {"2020": "$5,699", "2019": "$5,681", "2018": "$6,257", "2017": "$5,226", "2016": "$5,027", "2015": "$4,648", "2014": "$2,411", "2013": "$1,034", "2012": "$959", "2011": "$968", "2010": "$997", "2009": "$1,072"}, "Post Holdings Quarterly Revenue (Millions of US $)": {"2020-12-31": "$1,458", "2020-09-30": "$1,411", "2020-06-30": "$1,336", "2020-03-31": "$1,494", "2019-12-31": "$1,457", "2019-09-30": "$1,443", "2019-06-30": "$1,439", "2019-03-31": "$1,388", "2018-12-31": "$1,411", "2018-09-30": "$1,630", "2018-06-30": "$1,608", "2018-03-31": "$1,586", "2017-12-31": "$1,433", "2017-09-30": "$1,449", "2017-06-30": "$1,272", "2017-03-31": "$1,255", "2016-12-31": "$1,250", "2016-09-30": "$1,261", "2016-06-30": "$1,246", "2016-03-31": "$1,271", "2015-12-31": "$1,249", "2015-09-30": "$1,310", "2015-06-30": "$1,212", "2015-03-31": "$1,053", "2014-12-31": "$1,074", "2014-09-30": "$1,043", "2014-06-30": "$633", "2014-03-31": "$438", "2013-12-31": "$297", "2013-09-30": "$292", "2013-06-30": "$257", "2013-03-31": "$248", "2012-12-31": "$237", "2012-09-30": "$247", "2012-06-30": "$242", "2012-03-31": "$251", "2011-12-31": "$219", "2011-09-30": "$238", "2011-06-30": "$248", "2011-03-31": "$259", "2010-12-31": "$224", "2010-09-30": "", "2009-09-30": ""}}, "gross-profit": {"Post Holdings Annual Gross Profit (Millions of US $)": {"2020": "$1,787", "2019": "$1,792", "2018": "$1,854", "2017": "$1,571", "2016": "$1,547", "2015": "$1,174", "2014": "$621", "2013": "$425", "2012": "$429", "2011": "$452", "2010": "$443", "2009": "$501"}, "Post Holdings Quarterly Gross Profit (Millions of US $)": {"2020-12-31": "$455", "2020-09-30": "$440", "2020-06-30": "$437", "2020-03-31": "$439", "2019-12-31": "$472", "2019-09-30": "$452", "2019-06-30": "$462", "2019-03-31": "$451", "2018-12-31": "$427", "2018-09-30": "$475", "2018-06-30": "$458", "2018-03-31": "$472", "2017-12-31": "$449", "2017-09-30": "$434", "2017-06-30": "$394", "2017-03-31": "$364", "2016-12-31": "$379", "2016-09-30": "$377", "2016-06-30": "$398", "2016-03-31": "$409", "2015-12-31": "$363", "2015-09-30": "$333", "2015-06-30": "$317", "2015-03-31": "$276", "2014-12-31": "$249", "2014-09-30": "$229", "2014-06-30": "$149", "2014-03-31": "$129", "2013-12-31": "$115", "2013-09-30": "$113", "2013-06-30": "$104", "2013-03-31": "$103", "2012-12-31": "$106", "2012-09-30": "$110", "2012-06-30": "$110", "2012-03-31": "$111", "2011-12-31": "$98", "2011-09-30": "$103", "2011-06-30": "$114", "2011-03-31": "$125", "2010-12-31": "$110", "2010-09-30": "", "2009-09-30": ""}}, "operating-income": {"Post Holdings Annual Operating Income (Millions of US $)": {"2020": "$701", "2019": "$781", "2018": "$574", "2017": "$517", "2016": "$546", "2015": "$213", "2014": "$-208", "2013": "$108", "2012": "$139", "2011": "$-369", "2010": "$191", "2009": "$215"}, "Post Holdings Quarterly Operating Income (Millions of US $)": {"2020-12-31": "$166", "2020-09-30": "$179", "2020-06-30": "$172", "2020-03-31": "$154", "2019-12-31": "$196", "2019-09-30": "$103", "2019-06-30": "$198", "2019-03-31": "$186", "2018-12-31": "$294", "2018-09-30": "$68", "2018-06-30": "$184", "2018-03-31": "$161", "2017-12-31": "$161", "2017-09-30": "$113", "2017-06-30": "$191", "2017-03-31": "$138", "2016-12-31": "$76", "2016-09-30": "$108", "2016-06-30": "$142", "2016-03-31": "$163", "2015-12-31": "$133", "2015-09-30": "$41", "2015-06-30": "$81", "2015-03-31": "$50", "2014-12-31": "$41", "2014-09-30": "$-241", "2014-06-30": "$8", "2014-03-31": "$-0", "2013-12-31": "$25", "2013-09-30": "$24", "2013-06-30": "$24", "2013-03-31": "$29", "2012-12-31": "$30", "2012-09-30": "$33", "2012-06-30": "$42", "2012-03-31": "$33", "2011-12-31": "$31", "2011-09-30": "$-495", "2011-06-30": "$17", "2011-03-31": "$59", "2010-12-31": "$51", "2010-09-30": "", "2009-09-30": ""}}, "ebitda": {"Post Holdings Annual EBITDA (Millions of US $)": {"2020": "$1,071", "2019": "$1,161", "2018": "$972", "2017": "$840", "2016": "$849", "2015": "$486", "2014": "$-37", "2013": "$189", "2012": "$202", "2011": "$-310", "2010": "$246", "2009": "$266"}, "Post Holdings Quarterly EBITDA (Millions of US $)": {"2020-09-30": "$275", "2020-06-30": "$265", "2020-03-31": "$245", "2019-12-31": "$286", "2019-09-30": "$194", "2019-06-30": "$295", "2019-03-31": "$284", "2018-12-31": "$388", "2018-09-30": "$165", "2018-06-30": "$290", "2018-03-31": "$265", "2017-12-31": "$252", "2017-09-30": "$203", "2017-06-30": "$268", "2017-03-31": "$216", "2016-12-31": "$153", "2016-09-30": "$184", "2016-06-30": "$215", "2016-03-31": "$240", "2015-12-31": "$209", "2015-09-30": "$112", "2015-06-30": "$154", "2015-03-31": "$114", "2014-12-31": "$105", "2014-09-30": "$-163", "2014-06-30": "$51", "2014-03-31": "$30", "2013-12-31": "$46", "2013-09-30": "$51", "2013-06-30": "$46", "2013-03-31": "$45", "2012-12-31": "$47", "2012-09-30": "$49", "2012-06-30": "$58", "2012-03-31": "$49", "2011-12-31": "$46", "2011-09-30": "$-480", "2011-06-30": "$31", "2011-03-31": "$73", "2010-12-31": "$65", "2010-09-30": "", "2009-09-30": ""}}, "net-income": {"Post Holdings Annual Net Income (Millions of US $)": {"2020": "$1", "2019": "$122", "2018": "$457", "2017": "$35", "2016": "$-28", "2015": "$-132", "2014": "$-359", "2013": "$10", "2012": "$50", "2011": "$-424", "2010": "$92", "2009": "$101"}, "Post Holdings Quarterly Net Income (Millions of US $)": {"2020-12-31": "$81", "2020-09-30": "$57", "2020-06-30": "$36", "2020-03-31": "$-191", "2019-12-31": "$99", "2019-09-30": "$-61", "2019-06-30": "$16", "2019-03-31": "$43", "2018-12-31": "$124", "2018-09-30": "$-18", "2018-06-30": "$95", "2018-03-31": "$89", "2017-12-31": "$292", "2017-09-30": "$5", "2017-06-30": "$-63", "2017-03-31": "$-6", "2016-12-31": "$98", "2016-09-30": "$-40", "2016-06-30": "", "2016-03-31": "$2", "2015-12-31": "$11", "2015-09-30": "$-77", "2015-06-30": "$20", "2015-03-31": "$26", "2014-12-31": "$-102", "2014-09-30": "$-292", "2014-06-30": "$-39", "2014-03-31": "$-23", "2013-12-31": "$-5", "2013-09-30": "$-3", "2013-06-30": "$1", "2013-03-31": "$4", "2012-12-31": "$8", "2012-09-30": "$11", "2012-06-30": "$16", "2012-03-31": "$11", "2011-12-31": "$13", "2011-09-30": "$-480", "2011-06-30": "$2", "2011-03-31": "$29", "2010-12-31": "$25", "2010-09-30": "", "2009-09-30": ""}}, "eps-earnings-per-share-diluted": {"Post Holdings Annual EPS": {"2020": "$0.01", "2019": "$1.66", "2018": "$6.16", "2017": "$0.50", "2016": "$-0.41", "2015": "$-2.33", "2014": "$-9.03", "2013": "$0.30", "2012": "$1.45", "2011": "$-12.33", "2010": "$2.67", "2009": "$0.00"}, "Post Holdings Quarterly EPS": {"2020-12-31": "$1.21", "2020-09-30": "$0.87", "2020-06-30": "$0.52", "2020-03-31": "$-2.76", "2019-12-31": "$1.38", "2019-09-30": "$-0.80", "2019-06-30": "$0.21", "2019-03-31": "$0.58", "2018-12-31": "$1.67", "2018-09-30": "$-0.15", "2018-06-30": "$1.29", "2018-03-31": "$1.20", "2017-12-31": "$3.82", "2017-09-30": "$0.24", "2017-06-30": "$-0.93", "2017-03-31": "$-0.08", "2016-12-31": "$1.27", "2016-09-30": "$-0.58", "2016-06-30": "$0.00", "2016-03-31": "$0.02", "2015-12-31": "$0.15", "2015-09-30": "$-1.07", "2015-06-30": "$0.33", "2015-03-31": "$0.45", "2014-12-31": "$-2.04", "2014-09-30": "$-7.29", "2014-06-30": "$-0.92", "2014-03-31": "$-0.67", "2013-12-31": "$-0.15", "2013-09-30": "$-0.09", "2013-06-30": "$0.03", "2013-03-31": "$0.13", "2012-12-31": "$0.23", "2012-09-30": "$0.32", "2012-06-30": "$0.46", "2012-03-31": "$0.30", "2011-12-31": "$0.37", "2011-09-30": "$-13.94", "2011-06-30": "$0.05", "2011-03-31": "$0.85", "2010-12-31": "$0.72", "2010-09-30": "$0.00", "2009-09-30": "$0.00"}}, "shares-outstanding": {"Post Holdings Annual Shares Outstanding (Millions of Shares)": {"2020": "70", "2019": "75", "2018": "76", "2017": "70", "2016": "69", "2015": "57", "2014": "40", "2013": "33", "2012": "35", "2011": "34", "2010": "34", "2009": ""}, "Post Holdings Quarterly Shares Outstanding (Millions of Shares)": {"2020-12-31": "67", "2020-09-30": "70", "2020-06-30": "69", "2020-03-31": "69", "2019-12-31": "72", "2019-09-30": "75", "2019-06-30": "75", "2019-03-31": "75", "2018-12-31": "75", "2018-09-30": "76", "2018-06-30": "75", "2018-03-31": "76", "2017-12-31": "77", "2017-09-30": "70", "2017-06-30": "68", "2017-03-31": "68", "2016-12-31": "80", "2016-09-30": "69", "2016-06-30": "69", "2016-03-31": "71", "2015-12-31": "69", "2015-09-30": "57", "2015-06-30": "61", "2015-03-31": "68", "2014-12-31": "50", "2014-09-30": "40", "2014-06-30": "43", "2014-03-31": "34", "2013-12-31": "33", "2013-09-30": "33", "2013-06-30": "33", "2013-03-31": "33", "2012-12-31": "33", "2012-09-30": "35", "2012-06-30": "35", "2012-03-31": "35", "2011-12-31": "34", "2011-09-30": "34", "2011-06-30": "34", "2011-03-31": "34", "2010-12-31": "34", "2010-09-30": "", "2009-09-30": ""}}, "total-assets": {"Post Holdings Annual Total Assets (Millions of US $)": {"2020": "$12,147", "2019": "$11,952", "2018": "$13,058", "2017": "$11,877", "2016": "$9,361", "2015": "$9,164", "2014": "$7,731", "2013": "$3,474", "2012": "$2,732", "2011": "$2,723", "2010": "$3,348", "2009": "$0"}, "Post Holdings Quarterly Total Assets (Millions of US $)": {"2020-09-30": "$12,147", "2020-06-30": "$11,928", "2020-03-31": "$12,238", "2019-12-31": "$11,944", "2019-09-30": "$11,952", "2019-06-30": "$11,398", "2019-03-31": "$11,283", "2018-12-31": "$11,285", "2018-09-30": "$13,058", "2018-06-30": "$12,522", "2018-03-31": "$12,673", "2017-12-31": "$12,280", "2017-09-30": "$11,877", "2017-06-30": "$10,804", "2017-03-31": "$9,826", "2016-12-31": "$9,188", "2016-09-30": "$9,361", "2016-06-30": "$9,316", "2016-03-31": "$9,205", "2015-12-31": "$9,163", "2015-09-30": "$9,164", "2015-06-30": "$8,860", "2015-03-31": "$8,015", "2014-12-31": "$7,717", "2014-09-30": "$7,731", "2014-06-30": "$8,018", "2014-03-31": "$5,184", "2013-12-31": "$4,289", "2013-09-30": "$3,474", "2013-06-30": "$3,081", "2013-03-31": "$3,075", "2012-12-31": "$3,015", "2012-09-30": "$2,732", "2012-06-30": "$2,764", "2012-03-31": "$2,753", "2011-12-31": "$2,736", "2011-09-30": "$2,723", "2011-06-30": "$0", "2011-03-31": "$0", "2010-12-31": "$0", "2010-09-30": "$3,348", "2009-09-30": "$0"}}, "cash-on-hand": {"Post Holdings Annual Cash on Hand (Millions of US $)": {"2020": "$1,193", "2019": "$1,055", "2018": "$995", "2017": "$1,530", "2016": "$1,152", "2015": "$860", "2014": "$353", "2013": "$440", "2012": "$58", "2011": "$2", "2010": "$5", "2009": "$"}, "Post Holdings Quarterly Cash on Hand (Millions of US $)": {"2020-09-30": "$1,193", "2020-06-30": "$1,055", "2020-03-31": "$1,197", "2019-12-31": "$815", "2019-09-30": "$1,055", "2019-06-30": "$367", "2019-03-31": "$152", "2018-12-31": "$234", "2018-09-30": "$995", "2018-06-30": "$349", "2018-03-31": "$312", "2017-12-31": "$1,947", "2017-09-30": "$1,530", "2017-06-30": "$2,479", "2017-03-31": "$1,491", "2016-12-31": "$882", "2016-09-30": "$1,152", "2016-06-30": "$1,036", "2016-03-31": "$877", "2015-12-31": "$817", "2015-09-30": "$860", "2015-06-30": "$285", "2015-03-31": "$593", "2014-12-31": "$190", "2014-09-30": "$353", "2014-06-30": "$383", "2014-03-31": "$828", "2013-12-31": "$886", "2013-09-30": "$440", "2013-06-30": "$244", "2013-03-31": "$365", "2012-12-31": "$311", "2012-09-30": "$58", "2012-06-30": "$84", "2012-03-31": "$64", "2011-12-31": "$13", "2011-09-30": "$2", "2011-06-30": "", "2011-03-31": "", "2010-12-31": "", "2010-09-30": "$5", "2009-09-30": ""}}, "long-term-debt": {"Post Holdings Annual Long Term Debt (Millions of US $)": {"2020": "$6,959", "2019": "$7,066", "2018": "$7,232", "2017": "$7,149", "2016": "$4,551", "2015": "$4,455", "2014": "$3,831", "2013": "$1,409", "2012": "$930", "2011": "$717", "2010": "$717", "2009": "$"}, "Post Holdings Quarterly Long Term Debt (Millions of US $)": {"2020-09-30": "$6,959", "2020-06-30": "$6,777", "2020-03-31": "$7,171", "2019-12-31": "$6,383", "2019-09-30": "$7,066", "2019-06-30": "$6,325", "2019-03-31": "$6,326", "2018-12-31": "$6,337", "2018-09-30": "$7,232", "2018-06-30": "$7,236", "2018-03-31": "$7,393", "2017-12-31": "$7,513", "2017-09-30": "$7,149", "2017-06-30": "$6,369", "2017-03-31": "$5,266", "2016-12-31": "$4,553", "2016-09-30": "$4,551", "2016-06-30": "$4,493", "2016-03-31": "$4,498", "2015-12-31": "$4,506", "2015-09-30": "$4,455", "2015-06-30": "$4,496", "2015-03-31": "$3,815", "2014-12-31": "$3,823", "2014-09-30": "$3,831", "2014-06-30": "$3,839", "2014-03-31": "$2,302", "2013-12-31": "$1,933", "2013-09-30": "$1,409", "2013-06-30": "$1,039", "2013-03-31": "$1,040", "2012-12-31": "$1,191", "2012-09-30": "$930", "2012-06-30": "$935", "2012-03-31": "$939", "2011-12-31": "$717", "2011-09-30": "$717", "2011-06-30": "", "2011-03-31": "", "2010-12-31": "", "2010-09-30": "$717", "2009-09-30": ""}}, "total-liabilities": {"Post Holdings Annual Total Liabilities (Millions of US $)": {"2020": "$9,318", "2019": "$9,014", "2018": "$9,997", "2017": "$9,087", "2016": "$6,352", "2015": "$6,188", "2014": "$5,448", "2013": "$1,975", "2012": "$1,501", "2011": "$1,289", "2010": "$1,286", "2009": "$0"}, "Post Holdings Quarterly Total Liabilities (Millions of US $)": {"2020-09-30": "$9,318", "2020-06-30": "$9,048", "2020-03-31": "$9,372", "2019-12-31": "$8,632", "2019-09-30": "$9,014", "2019-06-30": "$8,181", "2019-03-31": "$8,038", "2018-12-31": "$8,128", "2018-09-30": "$9,997", "2018-06-30": "$9,443", "2018-03-31": "$9,544", "2017-12-31": "$9,239", "2017-09-30": "$9,087", "2017-06-30": "$8,053", "2017-03-31": "$6,837", "2016-12-31": "$6,204", "2016-09-30": "$6,352", "2016-06-30": "$6,276", "2016-03-31": "$6,198", "2015-12-31": "$6,184", "2015-09-30": "$6,188", "2015-06-30": "$6,191", "2015-03-31": "$5,491", "2014-12-31": "$5,543", "2014-09-30": "$5,448", "2014-06-30": "$5,422", "2014-03-31": "$3,093", "2013-12-31": "$2,503", "2013-09-30": "$1,975", "2013-06-30": "$1,597", "2013-03-31": "$1,592", "2012-12-31": "$1,774", "2012-09-30": "$1,501", "2012-06-30": "$1,480", "2012-03-31": "$1,484", "2011-12-31": "$1,301", "2011-09-30": "$1,289", "2011-06-30": "$0", "2011-03-31": "$0", "2010-12-31": "$0", "2010-09-30": "$1,286", "2009-09-30": "$0"}}, "total-share-holder-equity": {"Post Holdings Annual Share Holder Equity (Millions of US $)": {"2020": "$2,829", "2019": "$2,937", "2018": "$3,061", "2017": "$2,790", "2016": "$3,009", "2015": "$2,976", "2014": "$2,283", "2013": "$1,499", "2012": "$1,232", "2011": "$1,435", "2010": "$2,062", "2009": "$0"}, "Post Holdings Quarterly Share Holder Equity (Millions of US $)": {"2020-09-30": "$2,829", "2020-06-30": "$2,880", "2020-03-31": "$2,865", "2019-12-31": "$3,312", "2019-09-30": "$2,937", "2019-06-30": "$3,217", "2019-03-31": "$3,245", "2018-12-31": "$3,156", "2018-09-30": "$3,061", "2018-06-30": "$3,079", "2018-03-31": "$3,130", "2017-12-31": "$3,040", "2017-09-30": "$2,790", "2017-06-30": "$2,751", "2017-03-31": "$2,988", "2016-12-31": "$2,984", "2016-09-30": "$3,009", "2016-06-30": "$3,040", "2016-03-31": "$3,007", "2015-12-31": "$2,980", "2015-09-30": "$2,976", "2015-06-30": "$2,669", "2015-03-31": "$2,524", "2014-12-31": "$2,173", "2014-09-30": "$2,283", "2014-06-30": "$2,596", "2014-03-31": "$2,091", "2013-12-31": "$1,786", "2013-09-30": "$1,499", "2013-06-30": "$1,485", "2013-03-31": "$1,482", "2012-12-31": "$1,241", "2012-09-30": "$1,232", "2012-06-30": "$1,284", "2012-03-31": "$1,269", "2011-12-31": "$1,434", "2011-09-30": "$1,435", "2011-06-30": "$0", "2011-03-31": "$0", "2010-12-31": "$0", "2010-09-30": "$2,062", "2009-09-30": "$0"}}, "profit-margins": {"current": "-0.3%"}, "gross margin": {"2020-12-31": "31.08%", "2020-09-30": "31.38%", "2020-06-30": "31.41%", "2020-03-31": "31.29%", "2019-12-31": "32.08%", "2019-09-30": "31.54%", "2019-06-30": "30.93%", "2019-03-31": "30.00%", "2018-12-31": "29.38%", "2018-09-30": "29.63%", "2018-06-30": "29.84%", "2018-03-31": "30.47%", "2017-12-31": "30.34%", "2017-09-30": "30.06%", "2017-06-30": "30.05%", "2017-03-31": "30.29%", "2016-12-31": "31.09%", "2016-09-30": "30.77%", "2016-06-30": "29.61%", "2016-03-31": "28.20%", "2015-12-31": "26.70%", "2015-09-30": "25.25%", "2015-06-30": "24.42%", "2015-03-31": "23.72%", "2014-12-31": "23.71%", "2014-09-30": "25.80%", "2014-06-30": "30.48%", "2014-03-31": "35.90%", "2013-12-31": "39.76%", "2013-09-30": "41.20%", "2013-06-30": "42.77%", "2013-03-31": "44.05%", "2012-12-31": "44.73%", "2012-09-30": "44.73%", "2012-06-30": "44.42%", "2012-03-31": "44.56%", "2011-12-31": "45.64%", "2011-09-30": "46.65%"}, "operating margin": {"2020-12-31": "11.76%", "2020-09-30": "12.29%", "2020-06-30": "10.89%", "2020-03-31": "11.14%", "2019-12-31": "11.93%", "2019-09-30": "13.75%", "2019-06-30": "12.70%", "2019-03-31": "12.11%", "2018-12-31": "11.32%", "2018-09-30": "9.16%", "2018-06-30": "10.17%", "2018-03-31": "10.89%", "2017-12-31": "11.13%", "2017-09-30": "9.89%", "2017-06-30": "10.18%", "2017-03-31": "9.26%", "2016-12-31": "9.73%", "2016-09-30": "10.86%", "2016-06-30": "9.44%", "2016-03-31": "8.29%", "2015-12-31": "6.32%", "2015-09-30": "4.58%", "2015-06-30": "-1.57%", "2015-03-31": "-3.73%", "2014-12-31": "-6.02%", "2014-09-30": "-8.63%", "2014-06-30": "3.43%", "2014-03-31": "5.69%", "2013-12-31": "9.32%", "2013-09-30": "10.35%", "2013-06-30": "11.73%", "2013-03-31": "13.76%", "2012-12-31": "14.12%", "2012-09-30": "14.49%", "2012-06-30": "-40.95%", "2012-03-31": "-43.31%", "2011-12-31": "-40.25%", "2011-09-30": "-37.98%"}, "ebitda margin": {"2020-09-30": "18.80%", "2020-06-30": "17.28%", "2020-03-31": "17.49%", "2019-12-31": "18.49%", "2019-09-30": "20.44%", "2019-06-30": "19.29%", "2019-03-31": "18.67%", "2018-12-31": "17.77%", "2018-09-30": "15.53%", "2018-06-30": "16.62%", "2018-03-31": "17.21%", "2017-12-31": "17.36%", "2017-09-30": "16.07%", "2017-06-30": "16.30%", "2017-03-31": "15.32%", "2016-12-31": "15.75%", "2016-09-30": "16.87%", "2016-06-30": "15.29%", "2016-03-31": "14.18%", "2015-12-31": "12.21%", "2015-09-30": "10.43%", "2015-06-30": "4.79%", "2015-03-31": "2.81%", "2014-12-31": "0.72%", "2014-09-30": "-1.49%", "2014-06-30": "10.72%", "2014-03-31": "13.47%", "2013-12-31": "17.18%", "2013-09-30": "18.28%", "2013-06-30": "18.91%", "2013-03-31": "20.43%", "2012-12-31": "20.78%", "2012-09-30": "21.06%", "2012-06-30": "-34.42%", "2012-03-31": "-37.03%", "2011-12-31": "-34.23%", "2011-09-30": "-32.09%"}, "pre tax profit margin": {"2020-12-31": "0.72%", "2020-09-30": "1.12%", "2020-06-30": "-2.09%", "2020-03-31": "-2.40%", "2019-12-31": "2.17%", "2019-09-30": "2.80%", "2019-06-30": "4.24%", "2019-03-31": "5.48%", "2018-12-31": "6.50%", "2018-09-30": "4.22%", "2018-06-30": "4.76%", "2018-03-31": "1.48%", "2017-12-31": "-0.65%", "2017-09-30": "1.42%", "2017-06-30": "-0.28%", "2017-03-31": "1.60%", "2016-12-31": "1.55%", "2016-09-30": "-0.62%", "2016-06-30": "-1.54%", "2016-03-31": "-0.44%", "2015-12-31": "-1.14%", "2015-09-30": "-3.61%", "2015-06-30": "-8.79%", "2015-03-31": "-13.12%", "2014-12-31": "-15.62%", "2014-09-30": "-17.75%", "2014-06-30": "-5.96%", "2014-03-31": "-2.96%", "2013-12-31": "0.64%", "2013-09-30": "2.13%", "2013-06-30": "4.04%", "2013-03-31": "6.16%", "2012-12-31": "7.37%", "2012-09-30": "8.34%", "2012-06-30": "-47.26%", "2012-03-31": "-49.37%", "2011-12-31": "-46.47%", "2011-09-30": "-44.48%"}, "net profit margin": {"2020-12-31": "-0.30%", "2020-09-30": "0.02%", "2020-06-30": "-2.04%", "2020-03-31": "-2.35%", "2019-12-31": "1.69%", "2019-09-30": "2.15%", "2019-06-30": "2.81%", "2019-03-31": "4.04%", "2018-12-31": "4.65%", "2018-09-30": "7.32%", "2018-06-30": "7.92%", "2018-03-31": "5.63%", "2017-12-31": "4.22%", "2017-09-30": "0.65%", "2017-06-30": "-0.22%", "2017-03-31": "1.04%", "2016-12-31": "1.19%", "2016-09-30": "-0.54%", "2016-06-30": "-1.26%", "2016-03-31": "-0.87%", "2015-12-31": "-0.41%", "2015-09-30": "-2.86%", "2015-06-30": "-7.94%", "2015-03-31": "-10.70%", "2014-12-31": "-14.30%", "2014-09-30": "-14.89%", "2014-06-30": "-4.22%", "2014-03-31": "-2.34%", "2013-12-31": "-0.27%", "2013-09-30": "0.97%", "2013-06-30": "2.43%", "2013-03-31": "4.00%", "2012-12-31": "4.71%", "2012-09-30": "5.32%", "2012-06-30": "-46.32%", "2012-03-31": "-47.49%", "2011-12-31": "-45.23%", "2011-09-30": "-43.76%"}, "pe ratio": {"current": "35.67", "2021-02-05": "0.00", "2020-12-31": "0.00", "2020-09-30": "0.00", "2020-06-30": "0.00", "2020-03-31": "0.00", "2019-12-31": "82.03", "2019-09-30": "65.33", "2019-06-30": "47.26", "2019-03-31": "33.35", "2018-12-31": "22.85", "2018-09-30": "16.20", "2018-06-30": "13.30", "2018-03-31": "17.83", "2017-12-31": "26.95", "2017-09-30": "259.62", "2017-06-30": "0.00", "2017-03-31": "165.13", "2016-12-31": "121.80", "2016-09-30": "0.00", "2016-06-30": "0.00", "2016-03-31": "0.00", "2015-12-31": "0.00", "2015-09-30": "0.00", "2015-06-30": "0.00", "2015-03-31": "0.00", "2014-12-31": "0.00", "2014-09-30": "0.00", "2014-06-30": "0.00", "2014-03-31": "0.00", "2013-12-31": "0.00", "2013-09-30": "139.21", "2013-06-30": "62.37", "2013-03-31": "37.99", "2012-12-31": "26.35"}, "price sales": {"2021-02-05": "1.16", "2020-12-31": "1.22", "2020-09-30": "1.06", "2020-06-30": "1.09", "2020-03-31": "1.04", "2019-12-31": "1.42", "2019-09-30": "1.40", "2019-06-30": "1.34", "2019-03-31": "1.37", "2018-12-31": "1.08", "2018-09-30": "1.19", "2018-06-30": "1.05", "2018-03-31": "0.96", "2017-12-31": "1.04", "2017-09-30": "1.20", "2017-06-30": "1.09", "2017-03-31": "1.24", "2016-12-31": "1.15", "2016-09-30": "1.06", "2016-06-30": "1.07", "2016-03-31": "0.87", "2015-12-31": "0.80", "2015-09-30": "0.74", "2015-06-30": "0.65", "2015-03-31": "0.60", "2014-12-31": "0.55", "2014-09-30": "0.52", "2014-06-30": "1.11", "2014-03-31": "1.42", "2013-12-31": "1.48", "2013-09-30": "1.29", "2013-06-30": "1.47", "2013-03-31": "1.48", "2012-12-31": "1.19"}, "price book": {"current": "2.30", "2021-02-05": "2.26", "2020-09-30": "2.02", "2020-06-30": "2.06", "2020-03-31": "1.97", "2019-12-31": "2.30", "2019-09-30": "2.60", "2019-06-30": "2.36", "2019-03-31": "2.47", "2018-12-31": "1.88", "2018-09-30": "2.14", "2018-06-30": "1.86", "2018-03-31": "1.63", "2017-12-31": "1.71", "2017-09-30": "2.09", "2017-06-30": "1.87", "2017-03-31": "1.94", "2016-12-31": "1.73", "2016-09-30": "1.66", "2016-06-30": "1.76", "2016-03-31": "1.47", "2015-12-31": "1.33", "2015-09-30": "1.23", "2015-06-30": "1.11", "2015-03-31": "1.02", "2014-12-31": "1.01", "2014-09-30": "0.65", "2014-06-30": "0.88", "2014-03-31": "1.01", "2013-12-31": "0.90", "2013-09-30": "0.88", "2013-06-30": "0.96", "2013-03-31": "0.95", "2012-12-31": "0.90", "2012-09-30": "0.80", "2012-06-30": "0.82", "2012-03-31": "0.89"}, "price fcf": {"2021-02-05": "", "2020-09-30": "$5.72", "2020-06-30": "$5.25", "2020-03-31": "$4.19", "2019-12-31": "$3.79", "2019-09-30": "$5.51", "2019-06-30": "$4.55", "2019-03-31": "$5.11", "2018-12-31": "$6.62", "2018-09-30": "$6.50", "2018-06-30": "$7.47", "2018-03-31": "$6.40", "2017-12-31": "$5.57", "2017-09-30": "$2.96", "2017-06-30": "$2.88", "2017-03-31": "$2.30", "2016-12-31": "$3.98", "2016-09-30": "$5.57", "2016-06-30": "$7.51", "2016-03-31": "$6.92", "2015-12-31": "$6.81", "2015-09-30": "$6.46", "2015-06-30": "$5.02", "2015-03-31": "$3.75", "2014-12-31": "$2.23", "2014-09-30": "$1.81", "2014-06-30": "$1.06", "2014-03-31": "$2.14", "2013-12-31": "$2.31", "2013-09-30": "$2.62", "2013-06-30": "$2.33", "2013-03-31": "$1.73", "2012-12-31": "$3.85"}, "net worth": {"value": "$6.34B"}, "current ratio": {"2020-12-31": "2.54", "2020-09-30": "2.35", "2020-06-30": "2.85", "2020-03-31": "3.24", "2019-12-31": "2.18", "2019-09-30": "2.65", "2019-06-30": "2.02", "2019-03-31": "1.93", "2018-12-31": "1.56", "2018-09-30": "2.78", "2018-06-30": "1.94", "2018-03-31": "2.24", "2017-12-31": "4.05", "2017-09-30": "3.71", "2017-06-30": "6.43", "2017-03-31": "5.53", "2016-12-31": "3.41", "2016-09-30": "3.28", "2016-06-30": "3.20", "2016-03-31": "3.25", "2015-12-31": "3.04", "2015-09-30": "2.90", "2015-06-30": "2.17", "2015-03-31": "2.75", "2014-12-31": "1.88", "2014-09-30": "2.35", "2014-06-30": "2.65", "2014-03-31": "5.73", "2013-12-31": "7.38", "2013-09-30": "4.58", "2013-06-30": "3.64", "2013-03-31": "5.03", "2012-12-31": "3.51", "2012-09-30": "1.66", "2012-06-30": "2.10", "2012-03-31": "2.00", "2011-12-31": "1.02", "2011-09-30": "1.01", "2011-06-30": "0.00", "2011-03-31": "0.00", "2010-12-31": "0.00", "2010-09-30": "1.98", "2009-09-30": "0.00"}, "quick ratio": {"2020-12-31": "1.88", "2020-09-30": "1.73", "2020-06-30": "2.04", "2020-03-31": "2.46", "2019-12-31": "1.51", "2019-09-30": "1.93", "2019-06-30": "1.23", "2019-03-31": "1.08", "2018-12-31": "0.93", "2018-09-30": "2.17", "2018-06-30": "1.21", "2018-03-31": "1.39", "2017-12-31": "3.27", "2017-09-30": "2.90", "2017-06-30": "5.47", "2017-03-31": "4.41", "2016-12-31": "2.47", "2016-09-30": "2.48", "2016-06-30": "2.37", "2016-03-31": "2.37", "2015-12-31": "2.18", "2015-09-30": "2.14", "2015-06-30": "1.33", "2015-03-31": "1.89", "2014-12-31": "1.13", "2014-09-30": "1.61", "2014-06-30": "1.81", "2014-03-31": "4.75", "2013-12-31": "6.58", "2013-09-30": "3.74", "2013-06-30": "2.80", "2013-03-31": "4.15", "2012-12-31": "2.80", "2012-09-30": "1.04", "2012-06-30": "1.40", "2012-03-31": "1.33", "2011-12-31": "0.48", "2011-09-30": "0.51", "2011-06-30": "0.00", "2011-03-31": "0.00", "2010-12-31": "0.00", "2010-09-30": "1.03", "2009-09-30": "0.00"}, "debt equity ratio": {"current": "2.46", "2020-12-31": "3.18", "2020-09-30": "3.29", "2020-06-30": "3.14", "2020-03-31": "3.27", "2019-12-31": "2.61", "2019-09-30": "3.07", "2019-06-30": "2.54", "2019-03-31": "2.48", "2018-12-31": "2.58", "2018-09-30": "3.27", "2018-06-30": "3.07", "2018-03-31": "3.05", "2017-12-31": "3.04", "2017-09-30": "3.26", "2017-06-30": "2.93", "2017-03-31": "2.29", "2016-12-31": "2.08", "2016-09-30": "2.11", "2016-06-30": "2.06", "2016-03-31": "2.06", "2015-12-31": "2.08", "2015-09-30": "2.08", "2015-06-30": "2.32", "2015-03-31": "2.18", "2014-12-31": "2.55", "2014-09-30": "2.39", "2014-06-30": "2.09", "2014-03-31": "1.48", "2013-12-31": "1.40", "2013-09-30": "1.32", "2013-06-30": "1.08", "2013-03-31": "1.07", "2012-12-31": "1.43", "2012-09-30": "1.22", "2012-06-30": "1.15", "2012-03-31": "1.17", "2011-12-31": "0.91", "2011-09-30": "0.90", "2011-06-30": "0.00", "2011-03-31": "0.00", "2010-12-31": "0.00", "2010-09-30": "0.62", "2009-09-30": "0.00"}, "return on equity": {"2020-12-31": "-0.59%", "2020-09-30": "0.03%", "2020-06-30": "-3.90%", "2020-03-31": "-4.44%", "2019-12-31": "3.05%", "2019-09-30": "3.89%", "2019-06-30": "5.21%", "2019-03-31": "7.78%", "2018-12-31": "9.34%", "2018-09-30": "14.88%", "2018-06-30": "15.98%", "2018-03-31": "11.03%", "2017-12-31": "7.88%", "2017-09-30": "1.18%", "2017-06-30": "-0.38%", "2016-12-31": "1.99%", "2016-09-30": "-0.90%", "2016-03-31": "-1.51%", "2015-12-31": "-0.72%", "2015-09-30": "-5.14%", "2015-06-30": "-14.43%", "2015-03-31": "-17.00%", "2014-12-31": "-19.95%", "2014-09-30": "-16.40%", "2014-06-30": "-3.51%", "2014-03-31": "-1.75%", "2013-12-31": "-0.19%", "2013-09-30": "0.70%", "2013-06-30": "1.76%", "2013-03-31": "2.98%", "2012-12-31": "3.66%", "2012-09-30": "3.91%", "2012-06-30": "-32.46%", "2012-03-31": "-43.89%", "2011-12-31": "-60.79%", "2011-09-30": "-118.19%"}, "return on assets": {"2020-12-31": "-0.14%", "2020-09-30": "0.01%", "2020-06-30": "-0.97%", "2020-03-31": "-1.15%", "2019-12-31": "0.83%", "2019-09-30": "1.06%", "2019-06-30": "1.40%", "2019-03-31": "2.03%", "2018-12-31": "2.34%", "2018-09-30": "3.63%", "2018-06-30": "3.90%", "2018-03-31": "2.71%", "2017-12-31": "2.04%", "2017-09-30": "0.33%", "2017-06-30": "-0.11%", "2016-12-31": "0.65%", "2016-09-30": "-0.29%", "2016-03-31": "-0.48%", "2015-12-31": "-0.23%", "2015-09-30": "-1.58%", "2015-06-30": "-4.31%", "2015-03-31": "-5.17%", "2014-12-31": "-6.37%", "2014-09-30": "-5.69%", "2014-06-30": "-1.34%", "2014-03-31": "-0.75%", "2013-12-31": "-0.09%", "2013-09-30": "0.32%", "2013-06-30": "0.81%", "2013-03-31": "1.35%", "2012-12-31": "1.63%", "2012-09-30": "1.86%", "2012-06-30": "-16.03%", "2012-03-31": "-22.11%", "2011-12-31": "-31.95%", "2011-09-30": "-62.28%"}, "return on investments": {"2020-12-31": "6.81%", "2020-09-30": "7.15%", "2020-06-30": "6.34%", "2020-03-31": "6.62%", "2019-12-31": "7.04%", "2019-09-30": "8.09%", "2019-06-30": "7.66%", "2019-03-31": "7.37%", "2018-12-31": "6.95%", "2018-09-30": "5.50%", "2018-06-30": "5.98%", "2018-03-31": "6.23%", "2017-12-31": "6.36%", "2017-09-30": "5.93%", "2017-06-30": "6.32%", "2017-03-31": "6.01%", "2016-12-31": "6.49%", "2016-09-30": "7.26%", "2016-06-30": "6.40%", "2016-03-31": "5.65%", "2015-12-31": "4.29%", "2015-09-30": "3.16%", "2015-06-30": "-1.08%", "2015-03-31": "-2.28%", "2014-12-31": "-3.35%", "2014-09-30": "-4.03%", "2014-06-30": "1.31%", "2014-03-31": "2.16%", "2013-12-31": "3.50%", "2013-09-30": "4.12%", "2013-06-30": "4.81%", "2013-03-31": "5.74%", "2012-12-31": "6.12%", "2012-09-30": "6.36%", "2012-06-30": "-17.83%", "2012-03-31": "-25.44%", "2011-12-31": "-36.08%", "2011-09-30": "-68.43%"}, "return on tangible equity": {"2020-09-30": "-0.02%", "2020-06-30": "2.49%", "2020-03-31": "2.92%", "2019-12-31": "-2.08%", "2019-09-30": "-2.57%", "2019-06-30": "-3.44%", "2019-03-31": "-4.80%", "2018-12-31": "-5.39%", "2018-09-30": "-8.71%", "2018-06-30": "-9.31%", "2018-03-31": "-7.19%", "2017-12-31": "-6.08%", "2017-09-30": "-0.99%", "2017-06-30": "0.37%", "2016-12-31": "-2.04%", "2016-09-30": "0.91%", "2016-03-31": "1.40%", "2015-12-31": "0.63%", "2015-09-30": "4.04%", "2015-06-30": "10.42%", "2015-03-31": "12.40%", "2014-12-31": "16.21%", "2014-09-30": "17.23%", "2014-06-30": "4.68%", "2014-03-31": "3.45%", "2013-12-31": "0.42%", "2013-09-30": "-1.28%", "2013-06-30": "-3.09%", "2013-03-31": "-4.91%", "2012-12-31": "-5.41%", "2012-09-30": "-6.35%", "2012-06-30": "58.28%", "2012-03-31": "82.62%", "2011-12-31": "128.42%", "2011-09-30": "249.41%"}, "dividend yield history": {"last payout": "$0.00", "last yield": "0.00%"}}