{"ticker": "PPG", "price": {"title": "PPG Industries Historical Annual Stock Price Data", "value": 140.11, "historical": {"2021": {"Average Stock Price": "143.7908", "Year Open": "141.3100", "Year High": "152.0100", "Year Low": "134.7100", "Year Close": "140.1100", "Annual % Change": "-2.85%"}, "2020": {"Average Stock Price": "115.9983", "Year Open": "131.6000", "Year High": "149.1100", "Year Low": "72.5000", "Year Close": "144.2200", "Annual % Change": "8.04%"}, "2019": {"Average Stock Price": "115.8580", "Year Open": "101.6900", "Year High": "133.7600", "Year Low": "97.9700", "Year Close": "133.4900", "Annual % Change": "30.58%"}, "2018": {"Average Stock Price": "108.4257", "Year Open": "118.0000", "Year High": "121.4700", "Year Low": "95.0900", "Year Close": "102.2300", "Annual % Change": "-12.49%"}, "2017": {"Average Stock Price": "107.8471", "Year Open": "95.2500", "Year High": "118.6700", "Year Low": "95.2500", "Year Close": "116.8200", "Annual % Change": "23.28%"}, "2016": {"Average Stock Price": "102.0483", "Year Open": "97.9600", "Year High": "116.5500", "Year Low": "89.2700", "Year Close": "94.7600", "Annual % Change": "-4.11%"}, "2015": {"Average Stock Price": "107.7845", "Year Open": "114.7000", "Year High": "118.8500", "Year Low": "84.5100", "Year Close": "98.8200", "Annual % Change": "-14.50%"}, "2014": {"Average Stock Price": "99.9831", "Year Open": "94.4700", "Year High": "116.2300", "Year Low": "88.2950", "Year Close": "115.5750", "Annual % Change": "21.88%"}, "2013": {"Average Stock Price": "78.4643", "Year Open": "69.2750", "Year High": "94.8300", "Year Low": "65.0400", "Year Close": "94.8300", "Annual % Change": "40.13%"}, "2012": {"Average Stock Price": "53.0776", "Year Open": "42.5600", "Year High": "67.6750", "Year Low": "42.1650", "Year Close": "67.6750", "Annual % Change": "62.12%"}, "2011": {"Average Stock Price": "42.2116", "Year Open": "42.3450", "Year High": "48.2450", "Year Low": "34.3400", "Year Close": "41.7450", "Annual % Change": "-0.69%"}, "2010": {"Average Stock Price": "34.3509", "Year Open": "30.3000", "Year High": "42.1050", "Year Low": "28.8400", "Year Close": "42.0350", "Annual % Change": "43.61%"}, "2009": {"Average Stock Price": "24.2670", "Year Open": "21.7750", "Year High": "31.0400", "Year Low": "14.2400", "Year Close": "29.2700", "Annual % Change": "37.97%"}, "2008": {"Average Stock Price": "29.0839", "Year Open": "34.3000", "Year High": "34.3000", "Year Low": "18.4900", "Year Close": "21.2150", "Annual % Change": "-39.58%"}, "2007": {"Average Stock Price": "36.1906", "Year Open": "32.2700", "Year High": "41.1000", "Year Low": "32.1500", "Year Close": "35.1150", "Annual % Change": "9.38%"}, "2006": {"Average Stock Price": "32.0414", "Year Open": "29.0000", "Year High": "34.6400", "Year Low": "28.4600", "Year Close": "32.1050", "Annual % Change": "10.90%"}, "2005": {"Average Stock Price": "32.2933", "Year Open": "33.6250", "Year High": "36.9000", "Year Low": "27.9750", "Year Close": "28.9500", "Annual % Change": "-15.05%"}, "2004": {"Average Stock Price": "30.4600", "Year Open": "31.8200", "Year High": "34.2750", "Year Low": "27.5900", "Year Close": "34.0800", "Annual % Change": "6.47%"}, "2003": {"Average Stock Price": "26.1189", "Year Open": "25.8400", "Year High": "32.2100", "Year Low": "21.3200", "Year Close": "32.0100", "Annual % Change": "27.66%"}, "2002": {"Average Stock Price": "26.2344", "Year Open": "25.6800", "Year High": "31.2200", "Year Low": "20.7050", "Year Close": "25.0750", "Annual % Change": "-3.04%"}, "2001": {"Average Stock Price": "25.6665", "Year Open": "22.7200", "Year High": "29.7700", "Year Low": "20.3550", "Year Close": "25.8600", "Annual % Change": "11.68%"}, "2000": {"Average Stock Price": "23.5521", "Year Open": "30.0000", "Year High": "32.1900", "Year Low": "18.0650", "Year Close": "23.1550", "Annual % Change": "-25.98%"}, "1999": {"Average Stock Price": "29.5798", "Year Open": "29.9400", "Year High": "34.8450", "Year Low": "24.0300", "Year Close": "31.2800", "Annual % Change": "7.40%"}, "1998": {"Average Stock Price": "31.3288", "Year Open": "28.7500", "Year High": "38.1550", "Year Low": "25.2500", "Year Close": "29.1250", "Annual % Change": "1.96%"}, "1997": {"Average Stock Price": "29.0161", "Year Open": "27.5000", "Year High": "33.6250", "Year Low": "24.5000", "Year Close": "28.5650", "Annual % Change": "1.80%"}, "1996": {"Average Stock Price": "25.6301", "Year Open": "23.1900", "Year High": "30.8750", "Year Low": "22.2500", "Year Close": "28.0600", "Annual % Change": "22.67%"}, "1995": {"Average Stock Price": "20.7523", "Year Open": "18.6900", "Year High": "23.8750", "Year Low": "17.5650", "Year Close": "22.8750", "Annual % Change": "23.22%"}, "1994": {"Average Stock Price": "19.1733", "Year Open": "18.7500", "Year High": "20.9400", "Year Low": "16.9400", "Year Close": "18.5650", "Annual % Change": "-2.13%"}, "1993": {"Average Stock Price": "17.2208", "Year Open": "16.3750", "Year High": "18.9700", "Year Low": "15.4375", "Year Close": "18.9700", "Annual % Change": "15.18%"}, "1992": {"Average Stock Price": "15.3467", "Year Open": "12.6875", "Year High": "17.0625", "Year Low": "12.6875", "Year Close": "16.4700", "Annual % Change": "30.46%"}, "1991": {"Average Stock Price": "12.7404", "Year Open": "11.3450", "Year High": "14.6550", "Year Low": "10.5300", "Year Close": "12.6250", "Annual % Change": "7.45%"}, "1990": {"Average Stock Price": "10.9892", "Year Open": "10.0950", "Year High": "13.5000", "Year Low": "8.6550", "Year Close": "11.7500", "Annual % Change": "18.24%"}, "1989": {"Average Stock Price": "10.7275", "Year Open": "10.0300", "Year High": "11.4700", "Year Low": "9.2500", "Year Close": "9.9375", "Annual % Change": "-1.56%"}, "1988": {"Average Stock Price": "10.1529", "Year Open": "8.9375", "Year High": "11.5950", "Year Low": "7.8750", "Year Close": "10.0950", "Annual % Change": "21.92%"}, "1987": {"Average Stock Price": "10.4807", "Year Open": "9.3125", "Year High": "12.5000", "Year Low": "7.0300", "Year Close": "8.2800", "Annual % Change": "-9.11%"}, "1986": {"Average Stock Price": "7.9738", "Year Open": "6.3275", "Year High": "9.5625", "Year Low": "5.7188", "Year Close": "9.1100", "Annual % Change": "42.90%"}, "1985": {"Average Stock Price": "5.2441", "Year Open": "4.1563", "Year High": "6.4225", "Year Low": "4.1250", "Year Close": "6.3750", "Annual % Change": "55.11%"}, "1984": {"Average Stock Price": "3.9224", "Year Open": "4.3438", "Year High": "4.6725", "Year Low": "3.1250", "Year Close": "4.1100", "Annual % Change": "-5.73%"}}}, "market cap": {"value": "$33.09B"}, "income statement": {"Revenue": {"2020-12-31": "13834.00000", "2019-12-31": "15146.00000", "2018-12-31": "15374.00000", "2017-12-31": "14748.00000", "2016-12-31": "14270.00000", "2015-12-31": "14241.00000", "2014-12-31": "14791.00000", "2013-12-31": "14265.00000", "2012-12-31": "12686.00000", "2011-12-31": "13153.00000", "2010-12-31": "13423.00000", "2009-12-31": "12239.00000", "2008-12-31": "15849.00000", "2007-12-31": "12220.00000", "2006-12-31": "10938.00000", "2005-12-31": "9028.00000"}, "Cost Of Goods Sold": {"2020-12-31": "7777.00000", "2019-12-31": "8653.00000", "2018-12-31": "9001.00000", "2017-12-31": "8209.00000", "2016-12-31": "7665.00000", "2015-12-31": "7786.00000", "2014-12-31": "8348.00000", "2013-12-31": "8314.00000", "2012-12-31": "7599.00000", "2011-12-31": "7865.00000", "2010-12-31": "8214.00000", "2009-12-31": "7539.00000", "2008-12-31": "10155.00000", "2007-12-31": "7828.00000", "2006-12-31": "6957.00000", "2005-12-31": "5597.00000"}, "Gross Profit": {"2020-12-31": "6057.00000", "2019-12-31": "6493.00000", "2018-12-31": "6373.00000", "2017-12-31": "6539.00000", "2016-12-31": "6605.00000", "2015-12-31": "6455.00000", "2014-12-31": "6443.00000", "2013-12-31": "5951.00000", "2012-12-31": "5087.00000", "2011-12-31": "5288.00000", "2010-12-31": "5209.00000", "2009-12-31": "4700.00000", "2008-12-31": "5694.00000", "2007-12-31": "4392.00000", "2006-12-31": "3981.00000", "2005-12-31": "3431.00000"}, "Research And Development Expenses": {"2020-12-31": "379.00000", "2019-12-31": "432.00000", "2018-12-31": "441.00000", "2017-12-31": "451.00000", "2016-12-31": "453.00000", "2015-12-31": "466.00000", "2014-12-31": "483.00000", "2013-12-31": "463.00000", "2012-12-31": "430.00000", "2011-12-31": "428.00000", "2010-12-31": "394.00000", "2009-12-31": "388.00000", "2008-12-31": "451.00000", "2007-12-31": "348.00000", "2006-12-31": "314.00000", "2005-12-31": "294.00000"}, "SG&A Expenses": {"2020-12-31": "3389.00000", "2019-12-31": "3604.00000", "2018-12-31": "3573.00000", "2017-12-31": "3554.00000", "2016-12-31": "3555.00000", "2015-12-31": "3584.00000", "2014-12-31": "3696.00000", "2013-12-31": "3486.00000", "2012-12-31": "2987.00000", "2011-12-31": "3122.00000", "2010-12-31": "2979.00000", "2009-12-31": "2936.00000", "2008-12-31": "3432.00000", "2007-12-31": "2310.00000", "2006-12-31": "1979.00000", "2005-12-31": "1628.00000"}, "Other Operating Income Or Expenses": {"2020-12-31": "", "2019-12-31": "", "2018-12-31": "", "2017-12-31": "", "2016-12-31": "", "2015-12-31": "", "2014-12-31": "", "2013-12-31": "", "2012-12-31": "", "2011-12-31": "", "2010-12-31": "", "2009-12-31": "", "2008-12-31": "", "2007-12-31": "", "2006-12-31": "", "2005-12-31": ""}, "Operating Expenses": {"2020-12-31": "12228.00000", "2019-12-31": "13376.00000", "2018-12-31": "13578.00000", "2017-12-31": "12674.00000", "2016-12-31": "12304.00000", "2015-12-31": "12418.00000", "2014-12-31": "12977.00000", "2013-12-31": "12813.00000", "2012-12-31": "11591.00000", "2011-12-31": "11840.00000", "2010-12-31": "12057.00000", "2009-12-31": "11529.00000", "2008-12-31": "14787.00000", "2007-12-31": "10889.00000", "2006-12-31": "9662.00000", "2005-12-31": "7844.00000"}, "Operating Income": {"2020-12-31": "1606.00000", "2019-12-31": "1770.00000", "2018-12-31": "1796.00000", "2017-12-31": "2074.00000", "2016-12-31": "1966.00000", "2015-12-31": "1823.00000", "2014-12-31": "1814.00000", "2013-12-31": "1452.00000", "2012-12-31": "1095.00000", "2011-12-31": "1313.00000", "2010-12-31": "1366.00000", "2009-12-31": "710.00000", "2008-12-31": "1062.00000", "2007-12-31": "1331.00000", "2006-12-31": "1276.00000", "2005-12-31": "1184.00000"}, "Total Non-Operating Income/Expense": {"2020-12-31": "-244.00000", "2019-12-31": "-109.00000", "2018-12-31": "-103.00000", "2017-12-31": "-69.00000", "2016-12-31": "-1187.00000", "2015-12-31": "-78.00000", "2014-12-31": "-468.00000", "2013-12-31": "-226.00000", "2012-12-31": "-267.00000", "2011-12-31": "-91.00000", "2010-12-31": "-71.00000", "2009-12-31": "-93.00000", "2008-12-31": "-154.00000", "2007-12-31": "-16.00000", "2006-12-31": "-223.00000", "2005-12-31": "-304.00000"}, "Pre-Tax Income": {"2020-12-31": "1362.00000", "2019-12-31": "1661.00000", "2018-12-31": "1693.00000", "2017-12-31": "2005.00000", "2016-12-31": "779.00000", "2015-12-31": "1745.00000", "2014-12-31": "1346.00000", "2013-12-31": "1226.00000", "2012-12-31": "828.00000", "2011-12-31": "1222.00000", "2010-12-31": "1295.00000", "2009-12-31": "617.00000", "2008-12-31": "908.00000", "2007-12-31": "1315.00000", "2006-12-31": "1053.00000", "2005-12-31": "880.00000"}, "Income Taxes": {"2020-12-31": "291.00000", "2019-12-31": "392.00000", "2018-12-31": "353.00000", "2017-12-31": "615.00000", "2016-12-31": "214.00000", "2015-12-31": "413.00000", "2014-12-31": "237.00000", "2013-12-31": "253.00000", "2012-12-31": "148.00000", "2011-12-31": "260.00000", "2010-12-31": "415.00000", "2009-12-31": "191.00000", "2008-12-31": "284.00000", "2007-12-31": "383.00000", "2006-12-31": "275.00000", "2005-12-31": "255.00000"}, "Income After Taxes": {"2020-12-31": "1071.00000", "2019-12-31": "1269.00000", "2018-12-31": "1340.00000", "2017-12-31": "1390.00000", "2016-12-31": "565.00000", "2015-12-31": "1332.00000", "2014-12-31": "1109.00000", "2013-12-31": "973.00000", "2012-12-31": "680.00000", "2011-12-31": "962.00000", "2010-12-31": "880.00000", "2009-12-31": "426.00000", "2008-12-31": "624.00000", "2007-12-31": "932.00000", "2006-12-31": "778.00000", "2005-12-31": "625.00000"}, "Other Income": {"2020-12-31": "", "2019-12-31": "", "2018-12-31": "", "2017-12-31": "", "2016-12-31": "", "2015-12-31": "", "2014-12-31": "", "2013-12-31": "", "2012-12-31": "", "2011-12-31": "", "2010-12-31": "", "2009-12-31": "", "2008-12-31": "", "2007-12-31": "", "2006-12-31": "", "2005-12-31": ""}, "Income From Continuous Operations": {"2020-12-31": "1071.00000", "2019-12-31": "1269.00000", "2018-12-31": "1340.00000", "2017-12-31": "1390.00000", "2016-12-31": "565.00000", "2015-12-31": "1332.00000", "2014-12-31": "1109.00000", "2013-12-31": "973.00000", "2012-12-31": "680.00000", "2011-12-31": "962.00000", "2010-12-31": "880.00000", "2009-12-31": "426.00000", "2008-12-31": "624.00000", "2007-12-31": "932.00000", "2006-12-31": "707.00000", "2005-12-31": "558.00000"}, "Income From Discontinued Operations": {"2020-12-31": "3.00000", "2019-12-31": "", "2018-12-31": "18.00000", "2017-12-31": "225.00000", "2016-12-31": "330.00000", "2015-12-31": "95.00000", "2014-12-31": "1050.00000", "2013-12-31": "2380.00000", "2012-12-31": "384.00000", "2011-12-31": "250.00000", "2010-12-31": "", "2009-12-31": "", "2008-12-31": "", "2007-12-31": "-22.00000", "2006-12-31": "4.00000", "2005-12-31": "38.00000"}, "Net Income": {"2020-12-31": "1059.00000", "2019-12-31": "1243.00000", "2018-12-31": "1341.00000", "2017-12-31": "1594.00000", "2016-12-31": "873.00000", "2015-12-31": "1406.00000", "2014-12-31": "2102.00000", "2013-12-31": "3231.00000", "2012-12-31": "941.00000", "2011-12-31": "1095.00000", "2010-12-31": "769.00000", "2009-12-31": "336.00000", "2008-12-31": "538.00000", "2007-12-31": "834.00000", "2006-12-31": "711.00000", "2005-12-31": "596.00000"}, "EBITDA": {"2020-12-31": "1606.00000", "2019-12-31": "2281.00000", "2018-12-31": "2293.00000", "2017-12-31": "2534.00000", "2016-12-31": "2406.00000", "2015-12-31": "2269.00000", "2014-12-31": "2264.00000", "2013-12-31": "1904.00000", "2012-12-31": "1494.00000", "2011-12-31": "1738.00000", "2010-12-31": "1836.00000", "2009-12-31": "1190.00000", "2008-12-31": "1625.00000", "2007-12-31": "1734.00000", "2006-12-31": "1651.00000", "2005-12-31": "1509.00000"}, "EBIT": {"2020-12-31": "1606.00000", "2019-12-31": "1770.00000", "2018-12-31": "1796.00000", "2017-12-31": "2074.00000", "2016-12-31": "1966.00000", "2015-12-31": "1823.00000", "2014-12-31": "1814.00000", "2013-12-31": "1452.00000", "2012-12-31": "1095.00000", "2011-12-31": "1313.00000", "2010-12-31": "1366.00000", "2009-12-31": "710.00000", "2008-12-31": "1062.00000", "2007-12-31": "1331.00000", "2006-12-31": "1276.00000", "2005-12-31": "1184.00000"}, "Basic Shares Outstanding": {"2020-12-31": "236.80000", "2019-12-31": "236.90000", "2018-12-31": "243.90000", "2017-12-31": "256.10000", "2016-12-31": "265.60000", "2015-12-31": "271.40000", "2014-12-31": "276.60000", "2013-12-31": "286.80000", "2012-12-31": "306.80000", "2011-12-31": "314.60000", "2010-12-31": "329.00000", "2009-12-31": "329.60000", "2008-12-31": "329.20000", "2007-12-31": "329.00000", "2006-12-31": "331.40000", "2005-12-31": "339.20000"}, "Shares Outstanding": {"2020-12-31": "237.90000", "2019-12-31": "238.20000", "2018-12-31": "245.40000", "2017-12-31": "257.80000", "2016-12-31": "267.40000", "2015-12-31": "273.60000", "2014-12-31": "279.60000", "2013-12-31": "290.20000", "2012-12-31": "310.20000", "2011-12-31": "318.60000", "2010-12-31": "331.80000", "2009-12-31": "331.00000", "2008-12-31": "330.80000", "2007-12-31": "331.80000", "2006-12-31": "333.00000", "2005-12-31": "341.80000"}, "Basic EPS": {"2020-12-31": "4.47000", "2019-12-31": "5.25000", "2018-12-31": "5.50000", "2017-12-31": "6.22000", "2016-12-31": "3.29000", "2015-12-31": "5.18000", "2014-12-31": "7.60000", "2013-12-31": "11.27000", "2012-12-31": "3.06500", "2011-12-31": "3.48000", "2010-12-31": "2.33500", "2009-12-31": "1.02000", "2008-12-31": "1.63500", "2007-12-31": "2.53500", "2006-12-31": "2.14500", "2005-12-31": "1.75500"}, "EPS - Earnings Per Share": {"2020-12-31": "4.45000", "2019-12-31": "5.22000", "2018-12-31": "5.47000", "2017-12-31": "6.18000", "2016-12-31": "3.27000", "2015-12-31": "5.14000", "2014-12-31": "7.52000", "2013-12-31": "11.13000", "2012-12-31": "3.03000", "2011-12-31": "3.43500", "2010-12-31": "2.31500", "2009-12-31": "1.01500", "2008-12-31": "1.62500", "2007-12-31": "2.51500", "2006-12-31": "2.13500", "2005-12-31": "1.74500"}}, "income statement, quarterly": {"Revenue": {"2020-12-31": "3757.00000", "2020-09-30": "3685.00000", "2020-06-30": "3015.00000", "2020-03-31": "3377.00000", "2019-12-31": "3672.00000", "2019-09-30": "3826.00000", "2019-06-30": "4024.00000", "2019-03-31": "3624.00000", "2018-12-31": "3645.00000", "2018-09-30": "3817.00000", "2018-06-30": "4131.00000", "2018-03-31": "3781.00000", "2017-12-31": "3682.00000", "2017-09-30": "3776.00000", "2017-06-30": "3804.00000", "2017-03-31": "3486.00000", "2016-12-31": "3284.00000", "2016-09-30": "3660.00000", "2016-06-30": "3782.00000", "2016-03-31": "3544.00000", "2015-12-31": "2754.00000", "2015-09-30": "3725.00000", "2015-06-30": "4100.00000", "2015-03-31": "3662.00000", "2014-12-31": "3138.00000", "2014-09-30": "3935.00000", "2014-06-30": "4082.00000", "2014-03-31": "3636.00000", "2013-12-31": "3500.00000", "2013-09-30": "3774.00000", "2013-06-30": "3883.00000", "2013-03-31": "3108.00000", "2012-12-31": "2417.00000", "2012-09-30": "3408.00000", "2012-06-30": "3528.00000", "2012-03-31": "3333.00000", "2011-12-31": "3517.00000", "2011-09-30": "3849.00000", "2011-06-30": "3986.00000", "2011-03-31": "3533.00000", "2010-12-31": "3379.00000", "2010-09-30": "3460.00000", "2010-06-30": "3458.00000", "2010-03-31": "3126.00000", "2009-12-31": "3116.00000", "2009-09-30": "3225.00000", "2009-06-30": "3115.00000", "2009-03-31": "2783.00000", "2008-12-31": "3188.00000", "2008-09-30": "4225.00000", "2008-06-30": "4474.00000", "2008-03-31": "3962.00000", "2007-12-31": "3360.00000", "2007-09-30": "3073.00000", "2007-06-30": "3155.00000", "2007-03-31": "2632.00000", "2006-12-31": "2972.00000", "2006-09-30": "2504.00000", "2006-06-30": "2824.00000", "2006-03-31": "2638.00000", "2005-12-31": "2505.00000", "2005-09-30": "2547.00000", "2005-06-30": "2656.00000", "2005-03-31": "2493.00000"}, "Cost Of Goods Sold": {"2020-12-31": "2140.00000", "2020-09-30": "2026.00000", "2020-06-30": "1703.00000", "2020-03-31": "1908.00000", "2019-12-31": "2111.00000", "2019-09-30": "2181.00000", "2019-06-30": "2288.00000", "2019-03-31": "2073.00000", "2018-12-31": "2188.00000", "2018-09-30": "2253.00000", "2018-06-30": "2379.00000", "2018-03-31": "2181.00000", "2017-12-31": "2120.00000", "2017-09-30": "2104.00000", "2017-06-30": "2083.00000", "2017-03-31": "1902.00000", "2016-12-31": "1779.00000", "2016-09-30": "1978.00000", "2016-06-30": "1988.00000", "2016-03-31": "1920.00000", "2015-12-31": "1389.00000", "2015-09-30": "2049.00000", "2015-06-30": "2283.00000", "2015-03-31": "2065.00000", "2014-12-31": "1722.00000", "2014-09-30": "2229.00000", "2014-06-30": "2306.00000", "2014-03-31": "2091.00000", "2013-12-31": "2028.00000", "2013-09-30": "2161.00000", "2013-06-30": "2263.00000", "2013-03-31": "1862.00000", "2012-12-31": "1604.00000", "2012-09-30": "1983.00000", "2012-06-30": "2066.00000", "2012-03-31": "1946.00000", "2011-12-31": "2184.00000", "2011-09-30": "2353.00000", "2011-06-30": "2417.00000", "2011-03-31": "2127.00000", "2010-12-31": "2086.00000", "2010-09-30": "2108.00000", "2010-06-30": "2076.00000", "2010-03-31": "1944.00000", "2009-12-31": "1934.00000", "2009-09-30": "1989.00000", "2009-06-30": "1898.00000", "2009-03-31": "1718.00000", "2008-12-31": "2029.00000", "2008-09-30": "2701.00000", "2008-06-30": "2829.00000", "2008-03-31": "2596.00000", "2007-12-31": "2203.00000", "2007-09-30": "1947.00000", "2007-06-30": "2001.00000", "2007-03-31": "1677.00000", "2006-12-31": "1944.00000", "2006-09-30": "1575.00000", "2006-06-30": "1747.00000", "2006-03-31": "1691.00000", "2005-12-31": "1651.00000", "2005-09-30": "1614.00000", "2005-06-30": "1650.00000", "2005-03-31": "1558.00000"}, "Gross Profit": {"2020-12-31": "1617.00000", "2020-09-30": "1659.00000", "2020-06-30": "1312.00000", "2020-03-31": "1469.00000", "2019-12-31": "1561.00000", "2019-09-30": "1645.00000", "2019-06-30": "1736.00000", "2019-03-31": "1551.00000", "2018-12-31": "1457.00000", "2018-09-30": "1564.00000", "2018-06-30": "1752.00000", "2018-03-31": "1600.00000", "2017-12-31": "1562.00000", "2017-09-30": "1672.00000", "2017-06-30": "1721.00000", "2017-03-31": "1584.00000", "2016-12-31": "1505.00000", "2016-09-30": "1682.00000", "2016-06-30": "1794.00000", "2016-03-31": "1624.00000", "2015-12-31": "1365.00000", "2015-09-30": "1676.00000", "2015-06-30": "1817.00000", "2015-03-31": "1597.00000", "2014-12-31": "1416.00000", "2014-09-30": "1706.00000", "2014-06-30": "1776.00000", "2014-03-31": "1545.00000", "2013-12-31": "1472.00000", "2013-09-30": "1613.00000", "2013-06-30": "1620.00000", "2013-03-31": "1246.00000", "2012-12-31": "813.00000", "2012-09-30": "1425.00000", "2012-06-30": "1462.00000", "2012-03-31": "1387.00000", "2011-12-31": "1333.00000", "2011-09-30": "1496.00000", "2011-06-30": "1569.00000", "2011-03-31": "1406.00000", "2010-12-31": "1293.00000", "2010-09-30": "1352.00000", "2010-06-30": "1382.00000", "2010-03-31": "1182.00000", "2009-12-31": "1182.00000", "2009-09-30": "1236.00000", "2009-06-30": "1217.00000", "2009-03-31": "1065.00000", "2008-12-31": "1159.00000", "2008-09-30": "1524.00000", "2008-06-30": "1645.00000", "2008-03-31": "1366.00000", "2007-12-31": "1157.00000", "2007-09-30": "1126.00000", "2007-06-30": "1154.00000", "2007-03-31": "955.00000", "2006-12-31": "1028.00000", "2006-09-30": "929.00000", "2006-06-30": "1077.00000", "2006-03-31": "947.00000", "2005-12-31": "854.00000", "2005-09-30": "933.00000", "2005-06-30": "1006.00000", "2005-03-31": "935.00000"}, "Research And Development Expenses": {"2020-12-31": "100.00000", "2020-09-30": "92.00000", "2020-06-30": "86.00000", "2020-03-31": "101.00000", "2019-12-31": "109.00000", "2019-09-30": "107.00000", "2019-06-30": "111.00000", "2019-03-31": "105.00000", "2018-12-31": "105.00000", "2018-09-30": "110.00000", "2018-06-30": "114.00000", "2018-03-31": "112.00000", "2017-12-31": "116.00000", "2017-09-30": "114.00000", "2017-06-30": "112.00000", "2017-03-31": "109.00000", "2016-12-31": "107.00000", "2016-09-30": "115.00000", "2016-06-30": "115.00000", "2016-03-31": "116.00000", "2015-12-31": "107.00000", "2015-09-30": "117.00000", "2015-06-30": "123.00000", "2015-03-31": "119.00000", "2014-12-31": "117.00000", "2014-09-30": "120.00000", "2014-06-30": "126.00000", "2014-03-31": "120.00000", "2013-12-31": "119.00000", "2013-09-30": "117.00000", "2013-06-30": "118.00000", "2013-03-31": "109.00000", "2012-12-31": "95.00000", "2012-09-30": "112.00000", "2012-06-30": "113.00000", "2012-03-31": "110.00000", "2011-12-31": "107.00000", "2011-09-30": "108.00000", "2011-06-30": "110.00000", "2011-03-31": "103.00000", "2010-12-31": "104.00000", "2010-09-30": "97.00000", "2010-06-30": "97.00000", "2010-03-31": "96.00000", "2009-12-31": "102.00000", "2009-09-30": "95.00000", "2009-06-30": "97.00000", "2009-03-31": "94.00000", "2008-12-31": "107.00000", "2008-09-30": "114.00000", "2008-06-30": "118.00000", "2008-03-31": "112.00000", "2007-12-31": "94.00000", "2007-09-30": "86.00000", "2007-06-30": "87.00000", "2007-03-31": "81.00000", "2006-12-31": "85.00000", "2006-09-30": "76.00000", "2006-06-30": "78.00000", "2006-03-31": "75.00000", "2005-12-31": "64.00000", "2005-09-30": "77.00000", "2005-06-30": "76.00000", "2005-03-31": "77.00000"}, "SG&A Expenses": {"2020-12-31": "882.00000", "2020-09-30": "836.00000", "2020-06-30": "766.00000", "2020-03-31": "905.00000", "2019-12-31": "894.00000", "2019-09-30": "887.00000", "2019-06-30": "934.00000", "2019-03-31": "889.00000", "2018-12-31": "855.00000", "2018-09-30": "867.00000", "2018-06-30": "945.00000", "2018-03-31": "906.00000", "2017-12-31": "909.00000", "2017-09-30": "894.00000", "2017-06-30": "876.00000", "2017-03-31": "875.00000", "2016-12-31": "826.00000", "2016-09-30": "893.00000", "2016-06-30": "930.00000", "2016-03-31": "906.00000", "2015-12-31": "841.00000", "2015-09-30": "875.00000", "2015-06-30": "954.00000", "2015-03-31": "914.00000", "2014-12-31": "870.00000", "2014-09-30": "941.00000", "2014-06-30": "985.00000", "2014-03-31": "900.00000", "2013-12-31": "905.00000", "2013-09-30": "910.00000", "2013-06-30": "925.00000", "2013-03-31": "746.00000", "2012-12-31": "593.00000", "2012-09-30": "779.00000", "2012-06-30": "792.00000", "2012-03-31": "823.00000", "2011-12-31": "911.00000", "2011-09-30": "806.00000", "2011-06-30": "829.00000", "2011-03-31": "797.00000", "2010-12-31": "871.00000", "2010-09-30": "739.00000", "2010-06-30": "745.00000", "2010-03-31": "727.00000", "2009-12-31": "757.00000", "2009-09-30": "732.00000", "2009-06-30": "731.00000", "2009-03-31": "716.00000", "2008-12-31": "748.00000", "2008-09-30": "877.00000", "2008-06-30": "936.00000", "2008-03-31": "871.00000", "2007-12-31": "649.00000", "2007-09-30": "595.00000", "2007-06-30": "564.00000", "2007-03-31": "502.00000", "2006-12-31": "562.00000", "2006-09-30": "462.00000", "2006-06-30": "495.00000", "2006-03-31": "460.00000", "2005-12-31": "502.00000", "2005-09-30": "437.00000", "2005-06-30": "461.00000", "2005-03-31": "450.00000"}, "Other Operating Income Or Expenses": {"2020-12-31": "", "2020-09-30": "", "2020-06-30": "", "2020-03-31": "", "2019-12-31": "", "2019-09-30": "", "2019-06-30": "", "2019-03-31": "", "2018-12-31": "", "2018-09-30": "", "2018-06-30": "", "2018-03-31": "", "2017-12-31": "", "2017-09-30": "", "2017-06-30": "", "2017-03-31": "", "2016-12-31": "", "2016-09-30": "", "2016-06-30": "", "2016-03-31": "", "2015-12-31": "", "2015-09-30": "", "2015-06-30": "", "2015-03-31": "", "2014-12-31": "", "2014-09-30": "", "2014-06-30": "", "2014-03-31": "", "2013-12-31": "", "2013-09-30": "", "2013-06-30": "", "2013-03-31": "", "2012-12-31": "", "2012-09-30": "", "2012-06-30": "", "2012-03-31": "", "2011-12-31": "", "2011-09-30": "", "2011-06-30": "", "2011-03-31": "", "2010-12-31": "", "2010-09-30": "", "2010-06-30": "", "2010-03-31": "", "2009-12-31": "", "2009-09-30": "", "2009-06-30": "", "2009-03-31": "", "2008-12-31": "", "2008-09-30": "", "2008-06-30": "", "2008-03-31": "", "2007-12-31": "", "2007-09-30": "", "2007-06-30": "", "2007-03-31": "", "2006-12-31": "", "2006-09-30": "", "2006-06-30": "", "2006-03-31": "", "2005-12-31": "", "2005-09-30": "", "2005-06-30": "", "2005-03-31": ""}, "Operating Expenses": {"2020-12-31": "3249.00000", "2020-09-30": "3086.00000", "2020-06-30": "2843.00000", "2020-03-31": "3050.00000", "2019-12-31": "3249.00000", "2019-09-30": "3310.00000", "2019-06-30": "3635.00000", "2019-03-31": "3182.00000", "2018-12-31": "3270.00000", "2018-09-30": "3340.00000", "2018-06-30": "3646.00000", "2018-03-31": "3322.00000", "2017-12-31": "3265.00000", "2017-09-30": "3229.00000", "2017-06-30": "3184.00000", "2017-03-31": "2996.00000", "2016-12-31": "3006.00000", "2016-09-30": "3099.00000", "2016-06-30": "3142.00000", "2016-03-31": "3057.00000", "2015-12-31": "2414.00000", "2015-09-30": "3161.00000", "2015-06-30": "3625.00000", "2015-03-31": "3218.00000", "2014-12-31": "2806.00000", "2014-09-30": "3409.00000", "2014-06-30": "3532.00000", "2014-03-31": "3230.00000", "2013-12-31": "3171.00000", "2013-09-30": "3399.00000", "2013-06-30": "3425.00000", "2013-03-31": "2818.00000", "2012-12-31": "2344.00000", "2012-09-30": "2979.00000", "2012-06-30": "3073.00000", "2012-03-31": "3195.00000", "2011-12-31": "3210.00000", "2011-09-30": "3383.00000", "2011-06-30": "3475.00000", "2011-03-31": "3144.00000", "2010-12-31": "3075.00000", "2010-09-30": "3060.00000", "2010-06-30": "3033.00000", "2010-03-31": "2888.00000", "2009-12-31": "2916.00000", "2009-09-30": "2936.00000", "2009-06-30": "2845.00000", "2009-03-31": "2832.00000", "2008-12-31": "3002.00000", "2008-09-30": "3994.00000", "2008-06-30": "4048.00000", "2008-03-31": "3743.00000", "2007-12-31": "3050.00000", "2007-09-30": "2732.00000", "2007-06-30": "2755.00000", "2007-03-31": "2352.00000", "2006-12-31": "2693.00000", "2006-09-30": "2201.00000", "2006-06-30": "2416.00000", "2006-03-31": "2352.00000", "2005-12-31": "2245.00000", "2005-09-30": "2220.00000", "2005-06-30": "2280.00000", "2005-03-31": "2180.00000"}, "Operating Income": {"2020-12-31": "508.00000", "2020-09-30": "599.00000", "2020-06-30": "172.00000", "2020-03-31": "327.00000", "2019-12-31": "423.00000", "2019-09-30": "516.00000", "2019-06-30": "389.00000", "2019-03-31": "442.00000", "2018-12-31": "375.00000", "2018-09-30": "477.00000", "2018-06-30": "485.00000", "2018-03-31": "459.00000", "2017-12-31": "417.00000", "2017-09-30": "547.00000", "2017-06-30": "620.00000", "2017-03-31": "490.00000", "2016-12-31": "278.00000", "2016-09-30": "561.00000", "2016-06-30": "640.00000", "2016-03-31": "487.00000", "2015-12-31": "340.00000", "2015-09-30": "564.00000", "2015-06-30": "475.00000", "2015-03-31": "444.00000", "2014-12-31": "332.00000", "2014-09-30": "526.00000", "2014-06-30": "550.00000", "2014-03-31": "406.00000", "2013-12-31": "329.00000", "2013-09-30": "375.00000", "2013-06-30": "458.00000", "2013-03-31": "290.00000", "2012-12-31": "73.00000", "2012-09-30": "429.00000", "2012-06-30": "455.00000", "2012-03-31": "138.00000", "2011-12-31": "307.00000", "2011-09-30": "466.00000", "2011-06-30": "511.00000", "2011-03-31": "389.00000", "2010-12-31": "304.00000", "2010-09-30": "400.00000", "2010-06-30": "425.00000", "2010-03-31": "238.00000", "2009-12-31": "200.00000", "2009-09-30": "289.00000", "2009-06-30": "270.00000", "2009-03-31": "-49.00000", "2008-12-31": "186.00000", "2008-09-30": "231.00000", "2008-06-30": "426.00000", "2008-03-31": "219.00000", "2007-12-31": "310.00000", "2007-09-30": "341.00000", "2007-06-30": "400.00000", "2007-03-31": "280.00000", "2006-12-31": "279.00000", "2006-09-30": "303.00000", "2006-06-30": "408.00000", "2006-03-31": "286.00000", "2005-12-31": "260.00000", "2005-09-30": "327.00000", "2005-06-30": "376.00000", "2005-03-31": "313.00000"}, "Total Non-Operating Income/Expense": {"2020-12-31": "-163.00000", "2020-09-30": "-27.00000", "2020-06-30": "-46.00000", "2020-03-31": "-8.00000", "2019-12-31": "-25.00000", "2019-09-30": "-35.00000", "2019-06-30": "-26.00000", "2019-03-31": "-23.00000", "2018-12-31": "-33.00000", "2018-09-30": "-26.00000", "2018-06-30": "-6.00000", "2018-03-31": "-38.00000", "2017-12-31": "-40.00000", "2017-09-30": "-24.00000", "2017-06-30": "39.00000", "2017-03-31": "-44.00000", "2016-12-31": "-159.00000", "2016-09-30": "-987.00000", "2016-06-30": "-10.00000", "2016-03-31": "-31.00000", "2015-12-31": "-31.00000", "2015-09-30": "-10.00000", "2015-06-30": "-23.00000", "2015-03-31": "-14.00000", "2014-12-31": "-381.00000", "2014-09-30": "-27.00000", "2014-06-30": "-26.00000", "2014-03-31": "-34.00000", "2013-12-31": "-13.00000", "2013-09-30": "-128.00000", "2013-06-30": "-36.00000", "2013-03-31": "-49.00000", "2012-12-31": "-26.00000", "2012-09-30": "-27.00000", "2012-06-30": "-29.00000", "2012-03-31": "-185.00000", "2011-12-31": "-23.00000", "2011-09-30": "-4.00000", "2011-06-30": "-11.00000", "2011-03-31": "-38.00000", "2010-12-31": "-13.00000", "2010-09-30": "-14.00000", "2010-06-30": "-13.00000", "2010-03-31": "-32.00000", "2009-12-31": "", "2009-09-30": "-14.00000", "2009-06-30": "-17.00000", "2009-03-31": "-62.00000", "2008-12-31": "-58.00000", "2008-09-30": "-28.00000", "2008-06-30": "-32.00000", "2008-03-31": "-36.00000", "2007-12-31": "20.00000", "2007-09-30": "-5.00000", "2007-06-30": "-2.00000", "2007-03-31": "-29.00000", "2006-12-31": "-1.00000", "2006-09-30": "-202.00000", "2006-06-30": "-3.00000", "2006-03-31": "-17.00000", "2005-12-31": "-73.00000", "2005-09-30": "-72.00000", "2005-06-30": "-16.00000", "2005-03-31": "-168.00000"}, "Pre-Tax Income": {"2020-12-31": "345.00000", "2020-09-30": "572.00000", "2020-06-30": "126.00000", "2020-03-31": "319.00000", "2019-12-31": "398.00000", "2019-09-30": "481.00000", "2019-06-30": "363.00000", "2019-03-31": "419.00000", "2018-12-31": "342.00000", "2018-09-30": "451.00000", "2018-06-30": "479.00000", "2018-03-31": "421.00000", "2017-12-31": "377.00000", "2017-09-30": "523.00000", "2017-06-30": "659.00000", "2017-03-31": "446.00000", "2016-12-31": "119.00000", "2016-09-30": "-426.00000", "2016-06-30": "630.00000", "2016-03-31": "456.00000", "2015-12-31": "309.00000", "2015-09-30": "554.00000", "2015-06-30": "452.00000", "2015-03-31": "430.00000", "2014-12-31": "-49.00000", "2014-09-30": "499.00000", "2014-06-30": "524.00000", "2014-03-31": "372.00000", "2013-12-31": "316.00000", "2013-09-30": "247.00000", "2013-06-30": "422.00000", "2013-03-31": "241.00000", "2012-12-31": "47.00000", "2012-09-30": "402.00000", "2012-06-30": "426.00000", "2012-03-31": "-47.00000", "2011-12-31": "284.00000", "2011-09-30": "462.00000", "2011-06-30": "500.00000", "2011-03-31": "351.00000", "2010-12-31": "291.00000", "2010-09-30": "386.00000", "2010-06-30": "412.00000", "2010-03-31": "206.00000", "2009-12-31": "200.00000", "2009-09-30": "275.00000", "2009-06-30": "253.00000", "2009-03-31": "-111.00000", "2008-12-31": "128.00000", "2008-09-30": "203.00000", "2008-06-30": "394.00000", "2008-03-31": "183.00000", "2007-12-31": "330.00000", "2007-09-30": "336.00000", "2007-06-30": "398.00000", "2007-03-31": "251.00000", "2006-12-31": "278.00000", "2006-09-30": "101.00000", "2006-06-30": "405.00000", "2006-03-31": "269.00000", "2005-12-31": "187.00000", "2005-09-30": "255.00000", "2005-06-30": "360.00000", "2005-03-31": "145.00000"}, "Income Taxes": {"2020-12-31": "67.00000", "2020-09-30": "124.00000", "2020-06-30": "29.00000", "2020-03-31": "71.00000", "2019-12-31": "95.00000", "2019-09-30": "109.00000", "2019-06-30": "86.00000", "2019-03-31": "102.00000", "2018-12-31": "83.00000", "2018-09-30": "79.00000", "2018-06-30": "104.00000", "2018-03-31": "87.00000", "2017-12-31": "224.00000", "2017-09-30": "124.00000", "2017-06-30": "157.00000", "2017-03-31": "110.00000", "2016-12-31": "37.00000", "2016-09-30": "-220.00000", "2016-06-30": "285.00000", "2016-03-31": "112.00000", "2015-12-31": "66.00000", "2015-09-30": "133.00000", "2015-06-30": "110.00000", "2015-03-31": "104.00000", "2014-12-31": "-93.00000", "2014-09-30": "116.00000", "2014-06-30": "125.00000", "2014-03-31": "89.00000", "2013-12-31": "71.00000", "2013-09-30": "40.00000", "2013-06-30": "98.00000", "2013-03-31": "44.00000", "2012-12-31": "-11.00000", "2012-09-30": "92.00000", "2012-06-30": "98.00000", "2012-03-31": "-31.00000", "2011-12-31": "45.00000", "2011-09-30": "120.00000", "2011-06-30": "128.00000", "2011-03-31": "92.00000", "2010-12-31": "63.00000", "2010-09-30": "94.00000", "2010-06-30": "111.00000", "2010-03-31": "147.00000", "2009-12-31": "37.00000", "2009-09-30": "90.00000", "2009-06-30": "84.00000", "2009-03-31": "-20.00000", "2008-12-31": "46.00000", "2008-09-30": "65.00000", "2008-06-30": "116.00000", "2008-03-31": "57.00000", "2007-12-31": "96.00000", "2007-09-30": "105.00000", "2007-06-30": "125.00000", "2007-03-31": "57.00000", "2006-12-31": "88.00000", "2006-09-30": "14.00000", "2006-06-30": "107.00000", "2006-03-31": "66.00000", "2005-12-31": "60.00000", "2005-09-30": "77.00000", "2005-06-30": "111.00000", "2005-03-31": "34.00000"}, "Income After Taxes": {"2020-12-31": "278.00000", "2020-09-30": "448.00000", "2020-06-30": "97.00000", "2020-03-31": "248.00000", "2019-12-31": "303.00000", "2019-09-30": "372.00000", "2019-06-30": "277.00000", "2019-03-31": "317.00000", "2018-12-31": "259.00000", "2018-09-30": "372.00000", "2018-06-30": "375.00000", "2018-03-31": "334.00000", "2017-12-31": "153.00000", "2017-09-30": "399.00000", "2017-06-30": "502.00000", "2017-03-31": "336.00000", "2016-12-31": "82.00000", "2016-09-30": "-206.00000", "2016-06-30": "345.00000", "2016-03-31": "344.00000", "2015-12-31": "243.00000", "2015-09-30": "421.00000", "2015-06-30": "342.00000", "2015-03-31": "326.00000", "2014-12-31": "44.00000", "2014-09-30": "383.00000", "2014-06-30": "399.00000", "2014-03-31": "283.00000", "2013-12-31": "245.00000", "2013-09-30": "207.00000", "2013-06-30": "324.00000", "2013-03-31": "197.00000", "2012-12-31": "58.00000", "2012-09-30": "310.00000", "2012-06-30": "328.00000", "2012-03-31": "-16.00000", "2011-12-31": "239.00000", "2011-09-30": "342.00000", "2011-06-30": "372.00000", "2011-03-31": "259.00000", "2010-12-31": "228.00000", "2010-09-30": "292.00000", "2010-06-30": "301.00000", "2010-03-31": "59.00000", "2009-12-31": "163.00000", "2009-09-30": "185.00000", "2009-06-30": "169.00000", "2009-03-31": "-91.00000", "2008-12-31": "82.00000", "2008-09-30": "138.00000", "2008-06-30": "278.00000", "2008-03-31": "126.00000", "2007-12-31": "234.00000", "2007-09-30": "231.00000", "2007-06-30": "273.00000", "2007-03-31": "194.00000", "2006-12-31": "190.00000", "2006-09-30": "87.00000", "2006-06-30": "298.00000", "2006-03-31": "203.00000", "2005-12-31": "127.00000", "2005-09-30": "178.00000", "2005-06-30": "249.00000", "2005-03-31": "111.00000"}, "Other Income": {"2020-12-31": "", "2020-09-30": "", "2020-06-30": "", "2020-03-31": "", "2019-12-31": "", "2019-09-30": "", "2019-06-30": "", "2019-03-31": "", "2018-12-31": "", "2018-09-30": "", "2018-06-30": "", "2018-03-31": "", "2017-12-31": "", "2017-09-30": "", "2017-06-30": "", "2017-03-31": "", "2016-12-31": "", "2016-09-30": "", "2016-06-30": "", "2016-03-31": "", "2015-12-31": "", "2015-09-30": "", "2015-06-30": "", "2015-03-31": "", "2014-12-31": "", "2014-09-30": "", "2014-06-30": "", "2014-03-31": "", "2013-12-31": "", "2013-09-30": "", "2013-06-30": "", "2013-03-31": "", "2012-12-31": "", "2012-09-30": "", "2012-06-30": "", "2012-03-31": "", "2011-12-31": "", "2011-09-30": "", "2011-06-30": "", "2011-03-31": "", "2010-12-31": "", "2010-09-30": "", "2010-06-30": "", "2010-03-31": "", "2009-12-31": "", "2009-09-30": "", "2009-06-30": "", "2009-03-31": "", "2008-12-31": "", "2008-09-30": "", "2008-06-30": "", "2008-03-31": "", "2007-12-31": "", "2007-09-30": "", "2007-06-30": "", "2007-03-31": "", "2006-12-31": "", "2006-09-30": "", "2006-06-30": "", "2006-03-31": "", "2005-12-31": "", "2005-09-30": "", "2005-06-30": "", "2005-03-31": ""}, "Income From Continuous Operations": {"2020-12-31": "278.00000", "2020-09-30": "448.00000", "2020-06-30": "97.00000", "2020-03-31": "248.00000", "2019-12-31": "303.00000", "2019-09-30": "372.00000", "2019-06-30": "277.00000", "2019-03-31": "317.00000", "2018-12-31": "259.00000", "2018-09-30": "372.00000", "2018-06-30": "375.00000", "2018-03-31": "334.00000", "2017-12-31": "153.00000", "2017-09-30": "399.00000", "2017-06-30": "502.00000", "2017-03-31": "336.00000", "2016-12-31": "82.00000", "2016-09-30": "-206.00000", "2016-06-30": "345.00000", "2016-03-31": "344.00000", "2015-12-31": "243.00000", "2015-09-30": "421.00000", "2015-06-30": "342.00000", "2015-03-31": "326.00000", "2014-12-31": "44.00000", "2014-09-30": "383.00000", "2014-06-30": "399.00000", "2014-03-31": "283.00000", "2013-12-31": "245.00000", "2013-09-30": "207.00000", "2013-06-30": "324.00000", "2013-03-31": "197.00000", "2012-12-31": "58.00000", "2012-09-30": "310.00000", "2012-06-30": "328.00000", "2012-03-31": "-16.00000", "2011-12-31": "239.00000", "2011-09-30": "342.00000", "2011-06-30": "372.00000", "2011-03-31": "259.00000", "2010-12-31": "228.00000", "2010-09-30": "292.00000", "2010-06-30": "301.00000", "2010-03-31": "59.00000", "2009-12-31": "163.00000", "2009-09-30": "185.00000", "2009-06-30": "169.00000", "2009-03-31": "-91.00000", "2008-12-31": "157.00000", "2008-09-30": "117.00000", "2008-06-30": "250.00000", "2008-03-31": "100.00000", "2007-12-31": "293.00000", "2007-09-30": "213.00000", "2007-06-30": "250.00000", "2007-03-31": "176.00000", "2006-12-31": "173.00000", "2006-09-30": "70.00000", "2006-06-30": "280.00000", "2006-03-31": "184.00000", "2005-12-31": "113.00000", "2005-09-30": "157.00000", "2005-06-30": "231.00000", "2005-03-31": "95.00000"}, "Income From Discontinued Operations": {"2020-12-31": "", "2020-09-30": "", "2020-06-30": "3.00000", "2020-03-31": "", "2019-12-31": "", "2019-09-30": "1.00000", "2019-06-30": "2.00000", "2019-03-31": "", "2018-12-31": "2.00000", "2018-09-30": "10.00000", "2018-06-30": "", "2018-03-31": "6.00000", "2017-12-31": "3.00000", "2017-09-30": "217.00000", "2017-06-30": "-1.00000", "2017-03-31": "6.00000", "2016-12-31": "262.00000", "2016-09-30": "27.00000", "2016-06-30": "31.00000", "2016-03-31": "10.00000", "2015-12-31": "76.00000", "2015-09-30": "18.00000", "2015-06-30": "", "2015-03-31": "1.00000", "2014-12-31": "45.00000", "2014-09-30": "-6.00000", "2014-06-30": "-7.00000", "2014-03-31": "1018.00000", "2013-12-31": "37.00000", "2013-09-30": "48.00000", "2013-06-30": "47.00000", "2013-03-31": "2248.00000", "2012-12-31": "195.00000", "2012-09-30": "54.00000", "2012-06-30": "68.00000", "2012-03-31": "67.00000", "2011-12-31": "", "2011-09-30": "", "2011-06-30": "", "2011-03-31": "", "2010-12-31": "", "2010-09-30": "", "2010-06-30": "", "2010-03-31": "", "2009-12-31": "", "2009-09-30": "", "2009-06-30": "", "2009-03-31": "", "2008-12-31": "", "2008-09-30": "", "2008-06-30": "", "2008-03-31": "", "2007-12-31": "-17.00000", "2007-09-30": "-22.00000", "2007-06-30": "-1.00000", "2007-03-31": "18.00000", "2006-12-31": "-16.00000", "2006-09-30": "20.00000", "2006-06-30": "", "2006-03-31": "", "2005-12-31": "", "2005-09-30": "", "2005-06-30": "", "2005-03-31": ""}, "Net Income": {"2020-12-31": "272.00000", "2020-09-30": "442.00000", "2020-06-30": "102.00000", "2020-03-31": "243.00000", "2019-12-31": "292.00000", "2019-09-30": "367.00000", "2019-06-30": "272.00000", "2019-03-31": "312.00000", "2018-12-31": "258.00000", "2018-09-30": "378.00000", "2018-06-30": "371.00000", "2018-03-31": "334.00000", "2017-12-31": "151.00000", "2017-09-30": "610.00000", "2017-06-30": "496.00000", "2017-03-31": "337.00000", "2016-12-31": "340.00000", "2016-09-30": "-184.00000", "2016-06-30": "370.00000", "2016-03-31": "347.00000", "2015-12-31": "314.00000", "2015-09-30": "433.00000", "2015-06-30": "337.00000", "2015-03-31": "322.00000", "2014-12-31": "83.00000", "2014-09-30": "371.00000", "2014-06-30": "386.00000", "2014-03-31": "1262.00000", "2013-12-31": "254.00000", "2013-09-30": "226.00000", "2013-06-30": "341.00000", "2013-03-31": "2410.00000", "2012-12-31": "227.00000", "2012-09-30": "339.00000", "2012-06-30": "362.00000", "2012-03-31": "13.00000", "2011-12-31": "216.00000", "2011-09-30": "311.00000", "2011-06-30": "340.00000", "2011-03-31": "228.00000", "2010-12-31": "205.00000", "2010-09-30": "262.00000", "2010-06-30": "272.00000", "2010-03-31": "30.00000", "2009-12-31": "142.00000", "2009-09-30": "159.00000", "2009-06-30": "146.00000", "2009-03-31": "-111.00000", "2008-12-31": "71.00000", "2008-09-30": "117.00000", "2008-06-30": "250.00000", "2008-03-31": "100.00000", "2007-12-31": "200.00000", "2007-09-30": "191.00000", "2007-06-30": "249.00000", "2007-03-31": "194.00000", "2006-12-31": "157.00000", "2006-09-30": "90.00000", "2006-06-30": "280.00000", "2006-03-31": "184.00000", "2005-12-31": "113.00000", "2005-09-30": "157.00000", "2005-06-30": "231.00000", "2005-03-31": "95.00000"}, "EBITDA": {"2020-12-31": "", "2020-09-30": "731.00000", "2020-06-30": "295.00000", "2020-03-31": "456.00000", "2019-12-31": "557.00000", "2019-09-30": "649.00000", "2019-06-30": "515.00000", "2019-03-31": "560.00000", "2018-12-31": "502.00000", "2018-09-30": "599.00000", "2018-06-30": "610.00000", "2018-03-31": "582.00000", "2017-12-31": "537.00000", "2017-09-30": "664.00000", "2017-06-30": "733.00000", "2017-03-31": "600.00000", "2016-12-31": "387.00000", "2016-09-30": "674.00000", "2016-06-30": "743.00000", "2016-03-31": "602.00000", "2015-12-31": "434.00000", "2015-09-30": "671.00000", "2015-06-30": "600.00000", "2015-03-31": "564.00000", "2014-12-31": "429.00000", "2014-09-30": "645.00000", "2014-06-30": "665.00000", "2014-03-31": "525.00000", "2013-12-31": "448.00000", "2013-09-30": "488.00000", "2013-06-30": "577.00000", "2013-03-31": "391.00000", "2012-12-31": "157.00000", "2012-09-30": "533.00000", "2012-06-30": "558.00000", "2012-03-31": "246.00000", "2011-12-31": "380.00000", "2011-09-30": "582.00000", "2011-06-30": "630.00000", "2011-03-31": "506.00000", "2010-12-31": "422.00000", "2010-09-30": "516.00000", "2010-06-30": "540.00000", "2010-03-31": "359.00000", "2009-12-31": "200.00000", "2009-09-30": "289.00000", "2009-06-30": "270.00000", "2009-03-31": "-49.00000", "2008-12-31": "186.00000", "2008-09-30": "231.00000", "2008-06-30": "426.00000", "2008-03-31": "219.00000", "2007-12-31": "310.00000", "2007-09-30": "341.00000", "2007-06-30": "400.00000", "2007-03-31": "280.00000", "2006-12-31": "279.00000", "2006-09-30": "303.00000", "2006-06-30": "408.00000", "2006-03-31": "286.00000", "2005-12-31": "260.00000", "2005-09-30": "327.00000", "2005-06-30": "376.00000", "2005-03-31": "313.00000"}, "EBIT": {"2020-12-31": "508.00000", "2020-09-30": "599.00000", "2020-06-30": "172.00000", "2020-03-31": "327.00000", "2019-12-31": "423.00000", "2019-09-30": "516.00000", "2019-06-30": "389.00000", "2019-03-31": "442.00000", "2018-12-31": "375.00000", "2018-09-30": "477.00000", "2018-06-30": "485.00000", "2018-03-31": "459.00000", "2017-12-31": "417.00000", "2017-09-30": "547.00000", "2017-06-30": "620.00000", "2017-03-31": "490.00000", "2016-12-31": "278.00000", "2016-09-30": "561.00000", "2016-06-30": "640.00000", "2016-03-31": "487.00000", "2015-12-31": "340.00000", "2015-09-30": "564.00000", "2015-06-30": "475.00000", "2015-03-31": "444.00000", "2014-12-31": "332.00000", "2014-09-30": "526.00000", "2014-06-30": "550.00000", "2014-03-31": "406.00000", "2013-12-31": "329.00000", "2013-09-30": "375.00000", "2013-06-30": "458.00000", "2013-03-31": "290.00000", "2012-12-31": "73.00000", "2012-09-30": "429.00000", "2012-06-30": "455.00000", "2012-03-31": "138.00000", "2011-12-31": "307.00000", "2011-09-30": "466.00000", "2011-06-30": "511.00000", "2011-03-31": "389.00000", "2010-12-31": "304.00000", "2010-09-30": "400.00000", "2010-06-30": "425.00000", "2010-03-31": "238.00000", "2009-12-31": "200.00000", "2009-09-30": "289.00000", "2009-06-30": "270.00000", "2009-03-31": "-49.00000", "2008-12-31": "186.00000", "2008-09-30": "231.00000", "2008-06-30": "426.00000", "2008-03-31": "219.00000", "2007-12-31": "310.00000", "2007-09-30": "341.00000", "2007-06-30": "400.00000", "2007-03-31": "280.00000", "2006-12-31": "279.00000", "2006-09-30": "303.00000", "2006-06-30": "408.00000", "2006-03-31": "286.00000", "2005-12-31": "260.00000", "2005-09-30": "327.00000", "2005-06-30": "376.00000", "2005-03-31": "313.00000"}, "Basic Shares Outstanding": {"2020-12-31": "237.20000", "2020-09-30": "236.80000", "2020-06-30": "236.60000", "2020-03-31": "236.50000", "2019-12-31": "236.90000", "2019-09-30": "237.10000", "2019-06-30": "236.90000", "2019-03-31": "236.70000", "2018-12-31": "243.90000", "2018-09-30": "242.20000", "2018-06-30": "244.90000", "2018-03-31": "249.80000", "2017-12-31": "256.10000", "2017-09-30": "256.40000", "2017-06-30": "257.10000", "2017-03-31": "257.60000", "2016-12-31": "265.60000", "2016-09-30": "266.30000", "2016-06-30": "267.20000", "2016-03-31": "267.60000", "2015-12-31": "271.40000", "2015-09-30": "271.10000", "2015-06-30": "272.50000", "2015-03-31": "273.20000", "2014-12-31": "276.60000", "2014-09-30": "276.40000", "2014-06-30": "277.20000", "2014-03-31": "278.20000", "2013-12-31": "286.80000", "2013-09-30": "286.40000", "2013-06-30": "286.80000", "2013-03-31": "292.20000", "2012-12-31": "306.80000", "2012-09-30": "307.40000", "2012-06-30": "306.40000", "2012-03-31": "305.60000", "2011-12-31": "307.40000", "2011-09-30": "313.60000", "2011-06-30": "316.40000", "2011-03-31": "320.80000", "2010-12-31": "325.60000", "2010-09-30": "328.40000", "2010-06-30": "330.80000", "2010-03-31": "331.80000", "2009-12-31": "329.60000", "2009-09-30": "330.40000", "2009-06-30": "327.60000", "2009-03-31": "328.00000", "2008-12-31": "329.20000", "2008-09-30": "329.40000", "2008-06-30": "329.20000", "2008-03-31": "329.00000", "2007-12-31": "329.00000", "2007-09-30": "328.80000", "2007-06-30": "329.60000", "2007-03-31": "329.20000", "2006-12-31": "331.40000", "2006-09-30": "331.40000", "2006-06-30": "331.80000", "2006-03-31": "330.80000", "2005-12-31": "332.00000", "2005-09-30": "337.80000", "2005-06-30": "342.20000", "2005-03-31": "345.00000"}, "Shares Outstanding": {"2020-12-31": "238.60000", "2020-09-30": "237.90000", "2020-06-30": "237.60000", "2020-03-31": "237.70000", "2019-12-31": "238.20000", "2019-09-30": "238.50000", "2019-06-30": "238.30000", "2019-03-31": "238.00000", "2018-12-31": "245.40000", "2018-09-30": "243.60000", "2018-06-30": "246.40000", "2018-03-31": "251.40000", "2017-12-31": "257.80000", "2017-09-30": "258.20000", "2017-06-30": "259.00000", "2017-03-31": "259.50000", "2016-12-31": "267.40000", "2016-09-30": "266.30000", "2016-06-30": "269.10000", "2016-03-31": "269.40000", "2015-12-31": "273.60000", "2015-09-30": "273.10000", "2015-06-30": "274.70000", "2015-03-31": "275.60000", "2014-12-31": "279.60000", "2014-09-30": "279.40000", "2014-06-30": "280.20000", "2014-03-31": "281.40000", "2013-12-31": "290.20000", "2013-09-30": "289.80000", "2013-06-30": "290.00000", "2013-03-31": "295.40000", "2012-12-31": "310.20000", "2012-09-30": "311.00000", "2012-06-30": "310.00000", "2012-03-31": "309.00000", "2011-12-31": "311.60000", "2011-09-30": "317.20000", "2011-06-30": "320.60000", "2011-03-31": "325.00000", "2010-12-31": "329.80000", "2010-09-30": "330.80000", "2010-06-30": "333.20000", "2010-03-31": "334.00000", "2009-12-31": "331.00000", "2009-09-30": "332.00000", "2009-06-30": "328.80000", "2009-03-31": "328.80000", "2008-12-31": "330.80000", "2008-09-30": "331.20000", "2008-06-30": "331.20000", "2008-03-31": "331.20000", "2007-12-31": "331.80000", "2007-09-30": "332.00000", "2007-06-30": "332.80000", "2007-03-31": "331.80000", "2006-12-31": "333.00000", "2006-09-30": "331.40000", "2006-06-30": "333.80000", "2006-03-31": "333.00000", "2005-12-31": "334.20000", "2005-09-30": "340.00000", "2005-06-30": "345.20000", "2005-03-31": "348.40000"}, "Basic EPS": {"2020-12-31": "1.15000", "2020-09-30": "1.87000", "2020-06-30": "0.43000", "2020-03-31": "1.03000", "2019-12-31": "1.23000", "2019-09-30": "1.55000", "2019-06-30": "1.15000", "2019-03-31": "1.32000", "2018-12-31": "1.09000", "2018-09-30": "1.56000", "2018-06-30": "1.51000", "2018-03-31": "1.34000", "2017-12-31": "0.60000", "2017-09-30": "2.38000", "2017-06-30": "1.93000", "2017-03-31": "1.31000", "2016-12-31": "1.30000", "2016-09-30": "-0.69000", "2016-06-30": "1.38000", "2016-03-31": "1.30000", "2015-12-31": "1.16000", "2015-09-30": "1.60000", "2015-06-30": "1.24000", "2015-03-31": "1.18000", "2014-12-31": "0.33500", "2014-09-30": "1.34000", "2014-06-30": "1.39000", "2014-03-31": "4.53500", "2013-12-31": "1.04500", "2013-09-30": "0.79000", "2013-06-30": "1.19000", "2013-03-31": "8.24500", "2012-12-31": "0.73500", "2012-09-30": "1.10500", "2012-06-30": "1.18500", "2012-03-31": "0.04000", "2011-12-31": "0.70500", "2011-09-30": "0.99000", "2011-06-30": "1.07500", "2011-03-31": "0.71000", "2010-12-31": "0.63000", "2010-09-30": "0.79500", "2010-06-30": "0.82000", "2010-03-31": "0.09000", "2009-12-31": "0.43500", "2009-09-30": "0.48000", "2009-06-30": "0.44500", "2009-03-31": "-0.34000", "2008-12-31": "0.21500", "2008-09-30": "0.35500", "2008-06-30": "0.76000", "2008-03-31": "0.30500", "2007-12-31": "0.61000", "2007-09-30": "0.58000", "2007-06-30": "0.75500", "2007-03-31": "0.59000", "2006-12-31": "0.47500", "2006-09-30": "0.27000", "2006-06-30": "0.84500", "2006-03-31": "0.55500", "2005-12-31": "0.34000", "2005-09-30": "0.46500", "2005-06-30": "0.67500", "2005-03-31": "0.27500"}, "EPS - Earnings Per Share": {"2020-12-31": "1.14000", "2020-09-30": "1.86000", "2020-06-30": "0.43000", "2020-03-31": "1.02000", "2019-12-31": "1.23000", "2019-09-30": "1.54000", "2019-06-30": "1.14000", "2019-03-31": "1.31000", "2018-12-31": "1.08000", "2018-09-30": "1.55000", "2018-06-30": "1.51000", "2018-03-31": "1.33000", "2017-12-31": "0.60000", "2017-09-30": "2.36000", "2017-06-30": "1.92000", "2017-03-31": "1.30000", "2016-12-31": "1.30000", "2016-09-30": "-0.69000", "2016-06-30": "1.37000", "2016-03-31": "1.29000", "2015-12-31": "1.15000", "2015-09-30": "1.59000", "2015-06-30": "1.23000", "2015-03-31": "1.17000", "2014-12-31": "0.32500", "2014-09-30": "1.33000", "2014-06-30": "1.38000", "2014-03-31": "4.48500", "2013-12-31": "1.02000", "2013-09-30": "0.78000", "2013-06-30": "1.17500", "2013-03-31": "8.15500", "2012-12-31": "0.73000", "2012-09-30": "1.09000", "2012-06-30": "1.17000", "2012-03-31": "0.04000", "2011-12-31": "0.69500", "2011-09-30": "0.98000", "2011-06-30": "1.06000", "2011-03-31": "0.70000", "2010-12-31": "0.62000", "2010-09-30": "0.79000", "2010-06-30": "0.81500", "2010-03-31": "0.09000", "2009-12-31": "0.43000", "2009-09-30": "0.48000", "2009-06-30": "0.44500", "2009-03-31": "-0.34000", "2008-12-31": "0.21500", "2008-09-30": "0.35000", "2008-06-30": "0.75500", "2008-03-31": "0.30500", "2007-12-31": "0.60500", "2007-09-30": "0.57500", "2007-06-30": "0.75000", "2007-03-31": "0.58500", "2006-12-31": "0.47000", "2006-09-30": "0.27000", "2006-06-30": "0.84000", "2006-03-31": "0.55500", "2005-12-31": "0.34000", "2005-09-30": "0.46000", "2005-06-30": "0.67000", "2005-03-31": "0.27500"}}, "balance sheet": {"Cash On Hand": {"2020-12-31": "1922.00000", "2019-12-31": "1273.00000", "2018-12-31": "963.00000", "2017-12-31": "1491.00000", "2016-12-31": "1863.00000", "2015-12-31": "1455.00000", "2014-12-31": "1183.00000", "2013-12-31": "1745.00000", "2012-12-31": "2393.00000", "2011-12-31": "1482.00000", "2010-12-31": "1978.00000", "2009-12-31": "1064.00000", "2008-12-31": "1021.00000", "2007-12-31": "2232.00000", "2006-12-31": "443.00000", "2005-12-31": "466.00000"}, "Receivables": {"2020-12-31": "2726.00000", "2019-12-31": "2756.00000", "2018-12-31": "2845.00000", "2017-12-31": "2903.00000", "2016-12-31": "2654.00000", "2015-12-31": "2709.00000", "2014-12-31": "2815.00000", "2013-12-31": "2736.00000", "2012-12-31": "2813.00000", "2011-12-31": "2830.00000", "2010-12-31": "2778.00000", "2009-12-31": "2628.00000", "2008-12-31": "2804.00000", "2007-12-31": "2522.00000", "2006-12-31": "2016.00000", "2005-12-31": "1871.00000"}, "Inventory": {"2020-12-31": "1735.00000", "2019-12-31": "1710.00000", "2018-12-31": "1783.00000", "2017-12-31": "1730.00000", "2016-12-31": "1514.00000", "2015-12-31": "1659.00000", "2014-12-31": "1825.00000", "2013-12-31": "1824.00000", "2012-12-31": "1687.00000", "2011-12-31": "1607.00000", "2010-12-31": "1573.00000", "2009-12-31": "1548.00000", "2008-12-31": "1702.00000", "2007-12-31": "1532.00000", "2006-12-31": "1203.00000", "2005-12-31": "1119.00000"}, "Pre-Paid Expenses": {"2020-12-31": "", "2019-12-31": "", "2018-12-31": "", "2017-12-31": "", "2016-12-31": "", "2015-12-31": "", "2014-12-31": "", "2013-12-31": "", "2012-12-31": "", "2011-12-31": "", "2010-12-31": "", "2009-12-31": "", "2008-12-31": "", "2007-12-31": "", "2006-12-31": "", "2005-12-31": ""}, "Other Current Assets": {"2020-12-31": "415.00000", "2019-12-31": "431.00000", "2018-12-31": "370.00000", "2017-12-31": "353.00000", "2016-12-31": "543.00000", "2015-12-31": "889.00000", "2014-12-31": "620.00000", "2013-12-31": "484.00000", "2012-12-31": "392.00000", "2011-12-31": "302.00000", "2010-12-31": "278.00000", "2009-12-31": "256.00000", "2008-12-31": "306.00000", "2007-12-31": "237.00000", "2006-12-31": "801.00000", "2005-12-31": "218.00000"}, "Total Current Assets": {"2020-12-31": "6798.00000", "2019-12-31": "6170.00000", "2018-12-31": "5961.00000", "2017-12-31": "6477.00000", "2016-12-31": "6574.00000", "2015-12-31": "6712.00000", "2014-12-31": "6443.00000", "2013-12-31": "7214.00000", "2012-12-31": "7715.00000", "2011-12-31": "6694.00000", "2010-12-31": "7058.00000", "2009-12-31": "5981.00000", "2008-12-31": "6348.00000", "2007-12-31": "6941.00000", "2006-12-31": "4855.00000", "2005-12-31": "4019.00000"}, "Property, Plant, And Equipment": {"2020-12-31": "", "2019-12-31": "2983.00000", "2018-12-31": "2805.00000", "2017-12-31": "2824.00000", "2016-12-31": "2608.00000", "2015-12-31": "2822.00000", "2014-12-31": "3092.00000", "2013-12-31": "2876.00000", "2012-12-31": "2888.00000", "2011-12-31": "2721.00000", "2010-12-31": "2686.00000", "2009-12-31": "2754.00000", "2008-12-31": "2798.00000", "2007-12-31": "2578.00000", "2006-12-31": "2307.00000", "2005-12-31": "2304.00000"}, "Long-Term Investments": {"2020-12-31": "", "2019-12-31": "258.00000", "2018-12-31": "251.00000", "2017-12-31": "268.00000", "2016-12-31": "179.00000", "2015-12-31": "367.00000", "2014-12-31": "443.00000", "2013-12-31": "393.00000", "2012-12-31": "422.00000", "2011-12-31": "387.00000", "2010-12-31": "550.00000", "2009-12-31": "499.00000", "2008-12-31": "509.00000", "2007-12-31": "370.00000", "2006-12-31": "343.00000", "2005-12-31": "311.00000"}, "Goodwill And Intangible Assets": {"2020-12-31": "", "2019-12-31": "6601.00000", "2018-12-31": "6042.00000", "2017-12-31": "5987.00000", "2016-12-31": "5555.00000", "2015-12-31": "5847.00000", "2014-12-31": "6212.00000", "2013-12-31": "4347.00000", "2012-12-31": "3846.00000", "2011-12-31": "3785.00000", "2010-12-31": "3987.00000", "2009-12-31": "4200.00000", "2008-12-31": "4113.00000", "2007-12-31": "2121.00000", "2006-12-31": "1919.00000", "2005-12-31": "1654.00000"}, "Other Long-Term Assets": {"2020-12-31": "", "2019-12-31": "694.00000", "2018-12-31": "727.00000", "2017-12-31": "677.00000", "2016-12-31": "669.00000", "2015-12-31": "617.00000", "2014-12-31": "470.00000", "2013-12-31": "542.00000", "2012-12-31": "338.00000", "2011-12-31": "795.00000", "2010-12-31": "694.00000", "2009-12-31": "806.00000", "2008-12-31": "930.00000", "2007-12-31": "619.00000", "2006-12-31": "643.00000", "2005-12-31": "393.00000"}, "Total Long-Term Assets": {"2020-12-31": "", "2019-12-31": "11538.00000", "2018-12-31": "10054.00000", "2017-12-31": "10061.00000", "2016-12-31": "9197.00000", "2015-12-31": "10364.00000", "2014-12-31": "11092.00000", "2013-12-31": "8649.00000", "2012-12-31": "8163.00000", "2011-12-31": "7688.00000", "2010-12-31": "7917.00000", "2009-12-31": "8259.00000", "2008-12-31": "8350.00000", "2007-12-31": "5688.00000", "2006-12-31": "5212.00000", "2005-12-31": "4662.00000"}, "Total Assets": {"2020-12-31": "6798.00000", "2019-12-31": "17708.00000", "2018-12-31": "16015.00000", "2017-12-31": "16538.00000", "2016-12-31": "15771.00000", "2015-12-31": "17076.00000", "2014-12-31": "17535.00000", "2013-12-31": "15863.00000", "2012-12-31": "15878.00000", "2011-12-31": "14382.00000", "2010-12-31": "14975.00000", "2009-12-31": "14240.00000", "2008-12-31": "14698.00000", "2007-12-31": "12629.00000", "2006-12-31": "10067.00000", "2005-12-31": "8681.00000"}, "Total Current Liabilities": {"2020-12-31": "4816.00000", "2019-12-31": "4375.00000", "2018-12-31": "4373.00000", "2017-12-31": "3895.00000", "2016-12-31": "4253.00000", "2015-12-31": "4695.00000", "2014-12-31": "4875.00000", "2013-12-31": "4135.00000", "2012-12-31": "4461.00000", "2011-12-31": "3702.00000", "2010-12-31": "3625.00000", "2009-12-31": "3577.00000", "2008-12-31": "4210.00000", "2007-12-31": "4632.00000", "2006-12-31": "2816.00000", "2005-12-31": "2349.00000"}, "Long Term Debt": {"2020-12-31": "5171.00000", "2019-12-31": "4539.00000", "2018-12-31": "4365.00000", "2017-12-31": "4134.00000", "2016-12-31": "3787.00000", "2015-12-31": "4026.00000", "2014-12-31": "3533.00000", "2013-12-31": "3372.00000", "2012-12-31": "3368.00000", "2011-12-31": "3574.00000", "2010-12-31": "4043.00000", "2009-12-31": "3074.00000", "2008-12-31": "3009.00000", "2007-12-31": "1201.00000", "2006-12-31": "1155.00000", "2005-12-31": "1169.00000"}, "Other Non-Current Liabilities": {"2020-12-31": "", "2019-12-31": "911.00000", "2018-12-31": "842.00000", "2017-12-31": "967.00000", "2016-12-31": "935.00000", "2015-12-31": "1116.00000", "2014-12-31": "1069.00000", "2013-12-31": "1174.00000", "2012-12-31": "1152.00000", "2011-12-31": "1113.00000", "2010-12-31": "1211.00000", "2009-12-31": "1385.00000", "2008-12-31": "1243.00000", "2007-12-31": "927.00000", "2006-12-31": "903.00000", "2005-12-31": "764.00000"}, "Total Long Term Liabilities": {"2020-12-31": "5171.00000", "2019-12-31": "7930.00000", "2018-12-31": "6910.00000", "2017-12-31": "6971.00000", "2016-12-31": "6603.00000", "2015-12-31": "7312.00000", "2014-12-31": "7395.00000", "2013-12-31": "6530.00000", "2012-12-31": "7095.00000", "2011-12-31": "7234.00000", "2010-12-31": "7517.00000", "2009-12-31": "6741.00000", "2008-12-31": "6999.00000", "2007-12-31": "3846.00000", "2006-12-31": "3971.00000", "2005-12-31": "3279.00000"}, "Total Liabilities": {"2020-12-31": "9987.00000", "2019-12-31": "12305.00000", "2018-12-31": "11283.00000", "2017-12-31": "10866.00000", "2016-12-31": "10856.00000", "2015-12-31": "12007.00000", "2014-12-31": "12270.00000", "2013-12-31": "10665.00000", "2012-12-31": "11556.00000", "2011-12-31": "10936.00000", "2010-12-31": "11142.00000", "2009-12-31": "10318.00000", "2008-12-31": "11209.00000", "2007-12-31": "8478.00000", "2006-12-31": "6787.00000", "2005-12-31": "5628.00000"}, "Common Stock Net": {"2020-12-31": "", "2019-12-31": "969.00000", "2018-12-31": "969.00000", "2017-12-31": "969.00000", "2016-12-31": "969.00000", "2015-12-31": "969.00000", "2014-12-31": "484.00000", "2013-12-31": "484.00000", "2012-12-31": "484.00000", "2011-12-31": "484.00000", "2010-12-31": "484.00000", "2009-12-31": "484.00000", "2008-12-31": "484.00000", "2007-12-31": "484.00000", "2006-12-31": "484.00000", "2005-12-31": "484.00000"}, "Retained Earnings (Accumulated Deficit)": {"2020-12-31": "", "2019-12-31": "18906.00000", "2018-12-31": "18131.00000", "2017-12-31": "17140.00000", "2016-12-31": "15980.00000", "2015-12-31": "15521.00000", "2014-12-31": "14498.00000", "2013-12-31": "12757.00000", "2012-12-31": "9871.00000", "2011-12-31": "9288.00000", "2010-12-31": "8548.00000", "2009-12-31": "8139.00000", "2008-12-31": "8156.00000", "2007-12-31": "7963.00000", "2006-12-31": "7453.00000", "2005-12-31": "7057.00000"}, "Comprehensive Income": {"2020-12-31": "", "2019-12-31": "-2350.00000", "2018-12-31": "-2300.00000", "2017-12-31": "-2057.00000", "2016-12-31": "-2356.00000", "2015-12-31": "-2702.00000", "2014-12-31": "-2116.00000", "2013-12-31": "-1260.00000", "2012-12-31": "-1666.00000", "2011-12-31": "-1800.00000", "2010-12-31": "-1411.00000", "2009-12-31": "-1261.00000", "2008-12-31": "-1628.00000", "2007-12-31": "-582.00000", "2006-12-31": "-939.00000", "2005-12-31": "-819.00000"}, "Other Share Holders Equity": {"2020-12-31": "", "2019-12-31": "", "2018-12-31": "", "2017-12-31": "", "2016-12-31": "", "2015-12-31": "", "2014-12-31": "", "2013-12-31": "", "2012-12-31": "", "2011-12-31": "", "2010-12-31": "", "2009-12-31": "", "2008-12-31": "", "2007-12-31": "", "2006-12-31": "", "2005-12-31": ""}, "Share Holder Equity": {"2020-12-31": "", "2019-12-31": "5403.00000", "2018-12-31": "4732.00000", "2017-12-31": "5672.00000", "2016-12-31": "4915.00000", "2015-12-31": "5069.00000", "2014-12-31": "5265.00000", "2013-12-31": "5198.00000", "2012-12-31": "4322.00000", "2011-12-31": "3446.00000", "2010-12-31": "3833.00000", "2009-12-31": "3922.00000", "2008-12-31": "3489.00000", "2007-12-31": "4151.00000", "2006-12-31": "3280.00000", "2005-12-31": "3053.00000"}, "Total Liabilities And Share Holders Equity": {"2020-12-31": "9987.00000", "2019-12-31": "17708.00000", "2018-12-31": "16015.00000", "2017-12-31": "16538.00000", "2016-12-31": "15771.00000", "2015-12-31": "17076.00000", "2014-12-31": "17535.00000", "2013-12-31": "15863.00000", "2012-12-31": "15878.00000", "2011-12-31": "14382.00000", "2010-12-31": "14975.00000", "2009-12-31": "14240.00000", "2008-12-31": "14698.00000", "2007-12-31": "12629.00000", "2006-12-31": "10067.00000", "2005-12-31": "8681.00000"}}, "balance sheet, quarterly": {"Cash On Hand": {"2020-12-31": "1922.00000", "2020-09-30": "2095.00000", "2020-06-30": "2297.00000", "2020-03-31": "1936.00000", "2019-12-31": "1273.00000", "2019-09-30": "1490.00000", "2019-06-30": "1016.00000", "2019-03-31": "839.00000", "2018-12-31": "963.00000", "2018-09-30": "1160.00000", "2018-06-30": "1083.00000", "2018-03-31": "1404.00000", "2017-12-31": "1491.00000", "2017-09-30": "2328.00000", "2017-06-30": "1617.00000", "2017-03-31": "1389.00000", "2016-12-31": "1863.00000", "2016-09-30": "975.00000", "2016-06-30": "1669.00000", "2016-03-31": "1030.00000", "2015-12-31": "1455.00000", "2015-09-30": "1414.00000", "2015-06-30": "1182.00000", "2015-03-31": "1170.00000", "2014-12-31": "1183.00000", "2014-09-30": "3038.00000", "2014-06-30": "2913.00000", "2014-03-31": "3039.00000", "2013-12-31": "1745.00000", "2013-09-30": "2249.00000", "2013-06-30": "1781.00000", "2013-03-31": "2380.00000", "2012-12-31": "2393.00000", "2012-09-30": "2011.00000", "2012-06-30": "1247.00000", "2012-03-31": "1034.00000", "2011-12-31": "1482.00000", "2011-09-30": "1338.00000", "2011-06-30": "1245.00000", "2011-03-31": "1383.00000", "2010-12-31": "1978.00000", "2010-09-30": "930.00000", "2010-06-30": "784.00000", "2010-03-31": "689.00000", "2009-12-31": "1064.00000", "2009-09-30": "898.00000", "2009-06-30": "1052.00000", "2009-03-31": "531.00000", "2008-12-31": "1021.00000", "2008-09-30": "558.00000", "2008-06-30": "278.00000", "2008-03-31": "310.00000", "2007-12-31": "2232.00000", "2007-09-30": "227.00000", "2007-06-30": "197.00000", "2007-03-31": "182.00000", "2006-12-31": "443.00000", "2006-09-30": "316.00000", "2006-06-30": "419.00000", "2006-03-31": "416.00000", "2005-12-31": "466.00000", "2005-09-30": "489.00000", "2005-06-30": "470.00000", "2005-03-31": "677.00000"}, "Receivables": {"2020-12-31": "2726.00000", "2020-09-30": "2843.00000", "2020-06-30": "2673.00000", "2020-03-31": "2804.00000", "2019-12-31": "2756.00000", "2019-09-30": "3028.00000", "2019-06-30": "3332.00000", "2019-03-31": "3197.00000", "2018-12-31": "2845.00000", "2018-09-30": "3217.00000", "2018-06-30": "3438.00000", "2018-03-31": "3343.00000", "2017-12-31": "2903.00000", "2017-09-30": "3155.00000", "2017-06-30": "3191.00000", "2017-03-31": "3057.00000", "2016-12-31": "2654.00000", "2016-09-30": "2962.00000", "2016-06-30": "3108.00000", "2016-03-31": "3106.00000", "2015-12-31": "2709.00000", "2015-09-30": "3062.00000", "2015-06-30": "3286.00000", "2015-03-31": "2961.00000", "2014-12-31": "2815.00000", "2014-09-30": "2968.00000", "2014-06-30": "3184.00000", "2014-03-31": "3016.00000", "2013-12-31": "2736.00000", "2013-09-30": "3122.00000", "2013-06-30": "3223.00000", "2013-03-31": "2824.00000", "2012-12-31": "2813.00000", "2012-09-30": "3190.00000", "2012-06-30": "3310.00000", "2012-03-31": "3236.00000", "2011-12-31": "2830.00000", "2011-09-30": "3088.00000", "2011-06-30": "3345.00000", "2011-03-31": "3126.00000", "2010-12-31": "2778.00000", "2010-09-30": "2958.00000", "2010-06-30": "2781.00000", "2010-03-31": "2809.00000", "2009-12-31": "2628.00000", "2009-09-30": "2853.00000", "2009-06-30": "2847.00000", "2009-03-31": "2713.00000", "2008-12-31": "2804.00000", "2008-09-30": "3453.00000", "2008-06-30": "3907.00000", "2008-03-31": "3433.00000", "2007-12-31": "2522.00000", "2007-09-30": "2497.00000", "2007-06-30": "2583.00000", "2007-03-31": "2434.00000", "2006-12-31": "2016.00000", "2006-09-30": "2240.00000", "2006-06-30": "2248.00000", "2006-03-31": "2038.00000", "2005-12-31": "1871.00000", "2005-09-30": "1968.00000", "2005-06-30": "1987.00000", "2005-03-31": "1920.00000"}, "Inventory": {"2020-12-31": "1735.00000", "2020-09-30": "1672.00000", "2020-06-30": "1706.00000", "2020-03-31": "1859.00000", "2019-12-31": "1710.00000", "2019-09-30": "1860.00000", "2019-06-30": "1945.00000", "2019-03-31": "1965.00000", "2018-12-31": "1783.00000", "2018-09-30": "1962.00000", "2018-06-30": "1956.00000", "2018-03-31": "1963.00000", "2017-12-31": "1730.00000", "2017-09-30": "1805.00000", "2017-06-30": "1766.00000", "2017-03-31": "1727.00000", "2016-12-31": "1514.00000", "2016-09-30": "1676.00000", "2016-06-30": "1803.00000", "2016-03-31": "1863.00000", "2015-12-31": "1659.00000", "2015-09-30": "1841.00000", "2015-06-30": "1861.00000", "2015-03-31": "1881.00000", "2014-12-31": "1825.00000", "2014-09-30": "1905.00000", "2014-06-30": "1964.00000", "2014-03-31": "1929.00000", "2013-12-31": "1824.00000", "2013-09-30": "1878.00000", "2013-06-30": "1862.00000", "2013-03-31": "1698.00000", "2012-12-31": "1687.00000", "2012-09-30": "1777.00000", "2012-06-30": "1775.00000", "2012-03-31": "1830.00000", "2011-12-31": "1607.00000", "2011-09-30": "1737.00000", "2011-06-30": "1821.00000", "2011-03-31": "1755.00000", "2010-12-31": "1573.00000", "2010-09-30": "1638.00000", "2010-06-30": "1541.00000", "2010-03-31": "1599.00000", "2009-12-31": "1548.00000", "2009-09-30": "1656.00000", "2009-06-30": "1672.00000", "2009-03-31": "1677.00000", "2008-12-31": "1702.00000", "2008-09-30": "1818.00000", "2008-06-30": "2124.00000", "2008-03-31": "1977.00000", "2007-12-31": "1532.00000", "2007-09-30": "1385.00000", "2007-06-30": "1480.00000", "2007-03-31": "1459.00000", "2006-12-31": "1203.00000", "2006-09-30": "1377.00000", "2006-06-30": "1273.00000", "2006-03-31": "1195.00000", "2005-12-31": "1119.00000", "2005-09-30": "1116.00000", "2005-06-30": "1105.00000", "2005-03-31": "1130.00000"}, "Pre-Paid Expenses": {"2020-12-31": "", "2020-09-30": "", "2020-06-30": "", "2020-03-31": "", "2019-12-31": "", "2019-09-30": "", "2019-06-30": "", "2019-03-31": "", "2018-12-31": "", "2018-09-30": "", "2018-06-30": "", "2018-03-31": "", "2017-12-31": "", "2017-09-30": "", "2017-06-30": "", "2017-03-31": "", "2016-12-31": "", "2016-09-30": "", "2016-06-30": "", "2016-03-31": "", "2015-12-31": "", "2015-09-30": "", "2015-06-30": "", "2015-03-31": "", "2014-12-31": "", "2014-09-30": "", "2014-06-30": "", "2014-03-31": "", "2013-12-31": "", "2013-09-30": "", "2013-06-30": "", "2013-03-31": "", "2012-12-31": "", "2012-09-30": "", "2012-06-30": "", "2012-03-31": "", "2011-12-31": "", "2011-09-30": "", "2011-06-30": "", "2011-03-31": "", "2010-12-31": "", "2010-09-30": "", "2010-06-30": "", "2010-03-31": "", "2009-12-31": "", "2009-09-30": "", "2009-06-30": "", "2009-03-31": "", "2008-12-31": "", "2008-09-30": "", "2008-06-30": "", "2008-03-31": "", "2007-12-31": "", "2007-09-30": "", "2007-06-30": "", "2007-03-31": "", "2006-12-31": "", "2006-09-30": "", "2006-06-30": "", "2006-03-31": "", "2005-12-31": "", "2005-09-30": "", "2005-06-30": "", "2005-03-31": ""}, "Other Current Assets": {"2020-12-31": "415.00000", "2020-09-30": "392.00000", "2020-06-30": "401.00000", "2020-03-31": "467.00000", "2019-12-31": "431.00000", "2019-09-30": "439.00000", "2019-06-30": "414.00000", "2019-03-31": "408.00000", "2018-12-31": "370.00000", "2018-09-30": "402.00000", "2018-06-30": "402.00000", "2018-03-31": "400.00000", "2017-12-31": "353.00000", "2017-09-30": "350.00000", "2017-06-30": "571.00000", "2017-03-31": "473.00000", "2016-12-31": "543.00000", "2016-09-30": "804.00000", "2016-06-30": "527.00000", "2016-03-31": "719.00000", "2015-12-31": "889.00000", "2015-09-30": "589.00000", "2015-06-30": "651.00000", "2015-03-31": "699.00000", "2014-12-31": "620.00000", "2014-09-30": "566.00000", "2014-06-30": "544.00000", "2014-03-31": "471.00000", "2013-12-31": "484.00000", "2013-09-30": "447.00000", "2013-06-30": "844.00000", "2013-03-31": "824.00000", "2012-12-31": "392.00000", "2012-09-30": "799.00000", "2012-06-30": "819.00000", "2012-03-31": "844.00000", "2011-12-31": "302.00000", "2011-09-30": "777.00000", "2011-06-30": "828.00000", "2011-03-31": "820.00000", "2010-12-31": "278.00000", "2010-09-30": "779.00000", "2010-06-30": "780.00000", "2010-03-31": "825.00000", "2009-12-31": "256.00000", "2009-09-30": "841.00000", "2009-06-30": "851.00000", "2009-03-31": "849.00000", "2008-12-31": "306.00000", "2008-09-30": "750.00000", "2008-06-30": "782.00000", "2008-03-31": "1229.00000", "2007-12-31": "237.00000", "2007-09-30": "1307.00000", "2007-06-30": "691.00000", "2007-03-31": "654.00000", "2006-12-31": "801.00000", "2006-09-30": "614.00000", "2006-06-30": "577.00000", "2006-03-31": "525.00000", "2005-12-31": "218.00000", "2005-09-30": "500.00000", "2005-06-30": "495.00000", "2005-03-31": "482.00000"}, "Total Current Assets": {"2020-12-31": "6798.00000", "2020-09-30": "7002.00000", "2020-06-30": "7077.00000", "2020-03-31": "7066.00000", "2019-12-31": "6170.00000", "2019-09-30": "6817.00000", "2019-06-30": "6707.00000", "2019-03-31": "6409.00000", "2018-12-31": "5961.00000", "2018-09-30": "6741.00000", "2018-06-30": "6879.00000", "2018-03-31": "7110.00000", "2017-12-31": "6477.00000", "2017-09-30": "7638.00000", "2017-06-30": "7145.00000", "2017-03-31": "6646.00000", "2016-12-31": "6574.00000", "2016-09-30": "6417.00000", "2016-06-30": "7107.00000", "2016-03-31": "6718.00000", "2015-12-31": "6712.00000", "2015-09-30": "7292.00000", "2015-06-30": "7374.00000", "2015-03-31": "7084.00000", "2014-12-31": "6443.00000", "2014-09-30": "8898.00000", "2014-06-30": "9035.00000", "2014-03-31": "8888.00000", "2013-12-31": "7214.00000", "2013-09-30": "8120.00000", "2013-06-30": "7710.00000", "2013-03-31": "7726.00000", "2012-12-31": "7715.00000", "2012-09-30": "7777.00000", "2012-06-30": "7151.00000", "2012-03-31": "6944.00000", "2011-12-31": "6694.00000", "2011-09-30": "6940.00000", "2011-06-30": "7239.00000", "2011-03-31": "7084.00000", "2010-12-31": "7058.00000", "2010-09-30": "6305.00000", "2010-06-30": "5886.00000", "2010-03-31": "5922.00000", "2009-12-31": "5981.00000", "2009-09-30": "6248.00000", "2009-06-30": "6422.00000", "2009-03-31": "5770.00000", "2008-12-31": "6348.00000", "2008-09-30": "6579.00000", "2008-06-30": "7091.00000", "2008-03-31": "6949.00000", "2007-12-31": "6941.00000", "2007-09-30": "5416.00000", "2007-06-30": "4951.00000", "2007-03-31": "4729.00000", "2006-12-31": "4855.00000", "2006-09-30": "4547.00000", "2006-06-30": "4517.00000", "2006-03-31": "4174.00000", "2005-12-31": "4019.00000", "2005-09-30": "4073.00000", "2005-06-30": "4057.00000", "2005-03-31": "4209.00000"}, "Property, Plant, And Equipment": {"2020-12-31": "", "2020-09-30": "2897.00000", "2020-06-30": "2865.00000", "2020-03-31": "2863.00000", "2019-12-31": "2983.00000", "2019-09-30": "2862.00000", "2019-06-30": "2929.00000", "2019-03-31": "2866.00000", "2018-12-31": "2805.00000", "2018-09-30": "2738.00000", "2018-06-30": "2738.00000", "2018-03-31": "2862.00000", "2017-12-31": "2824.00000", "2017-09-30": "2730.00000", "2017-06-30": "2710.00000", "2017-03-31": "2806.00000", "2016-12-31": "2608.00000", "2016-09-30": "2863.00000", "2016-06-30": "2950.00000", "2016-03-31": "3038.00000", "2015-12-31": "2822.00000", "2015-09-30": "2919.00000", "2015-06-30": "2917.00000", "2015-03-31": "2965.00000", "2014-12-31": "3092.00000", "2014-09-30": "2720.00000", "2014-06-30": "2777.00000", "2014-03-31": "2724.00000", "2013-12-31": "2876.00000", "2013-09-30": "2687.00000", "2013-06-30": "2637.00000", "2013-03-31": "2461.00000", "2012-12-31": "2888.00000", "2012-09-30": "2759.00000", "2012-06-30": "2719.00000", "2012-03-31": "2785.00000", "2011-12-31": "2721.00000", "2011-09-30": "2669.00000", "2011-06-30": "2759.00000", "2011-03-31": "2696.00000", "2010-12-31": "2686.00000", "2010-09-30": "2620.00000", "2010-06-30": "2533.00000", "2010-03-31": "2660.00000", "2009-12-31": "2754.00000", "2009-09-30": "2765.00000", "2009-06-30": "2745.00000", "2009-03-31": "2658.00000", "2008-12-31": "2798.00000", "2008-09-30": "2833.00000", "2008-06-30": "3363.00000", "2008-03-31": "3253.00000", "2007-12-31": "2578.00000", "2007-09-30": "2391.00000", "2007-06-30": "2535.00000", "2007-03-31": "2512.00000", "2006-12-31": "2307.00000", "2006-09-30": "2412.00000", "2006-06-30": "2364.00000", "2006-03-31": "2283.00000", "2005-12-31": "2304.00000", "2005-09-30": "2336.00000", "2005-06-30": "2356.00000", "2005-03-31": "2412.00000"}, "Long-Term Investments": {"2020-12-31": "", "2020-09-30": "267.00000", "2020-06-30": "251.00000", "2020-03-31": "245.00000", "2019-12-31": "258.00000", "2019-09-30": "254.00000", "2019-06-30": "251.00000", "2019-03-31": "261.00000", "2018-12-31": "251.00000", "2018-09-30": "266.00000", "2018-06-30": "258.00000", "2018-03-31": "270.00000", "2017-12-31": "268.00000", "2017-09-30": "261.00000", "2017-06-30": "256.00000", "2017-03-31": "175.00000", "2016-12-31": "179.00000", "2016-09-30": "328.00000", "2016-06-30": "322.00000", "2016-03-31": "370.00000", "2015-12-31": "367.00000", "2015-09-30": "453.00000", "2015-06-30": "459.00000", "2015-03-31": "449.00000", "2014-12-31": "443.00000", "2014-09-30": "449.00000", "2014-06-30": "381.00000", "2014-03-31": "380.00000", "2013-12-31": "393.00000", "2013-09-30": "404.00000", "2013-06-30": "402.00000", "2013-03-31": "418.00000", "2012-12-31": "422.00000", "2012-09-30": "424.00000", "2012-06-30": "419.00000", "2012-03-31": "426.00000", "2011-12-31": "387.00000", "2011-09-30": "400.00000", "2011-06-30": "405.00000", "2011-03-31": "554.00000", "2010-12-31": "550.00000", "2010-09-30": "536.00000", "2010-06-30": "525.00000", "2010-03-31": "503.00000", "2009-12-31": "499.00000", "2009-09-30": "506.00000", "2009-06-30": "499.00000", "2009-03-31": "493.00000", "2008-12-31": "509.00000", "2008-09-30": "571.00000", "2008-06-30": "395.00000", "2008-03-31": "382.00000", "2007-12-31": "370.00000", "2007-09-30": "357.00000", "2007-06-30": "374.00000", "2007-03-31": "356.00000", "2006-12-31": "343.00000", "2006-09-30": "336.00000", "2006-06-30": "341.00000", "2006-03-31": "351.00000", "2005-12-31": "311.00000", "2005-09-30": "332.00000", "2005-06-30": "322.00000", "2005-03-31": "312.00000"}, "Goodwill And Intangible Assets": {"2020-12-31": "", "2020-09-30": "6349.00000", "2020-06-30": "6223.00000", "2020-03-31": "6161.00000", "2019-12-31": "6601.00000", "2019-09-30": "6418.00000", "2019-06-30": "6393.00000", "2019-03-31": "6123.00000", "2018-12-31": "6042.00000", "2018-09-30": "5943.00000", "2018-06-30": "5906.00000", "2018-03-31": "6232.00000", "2017-12-31": "5987.00000", "2017-09-30": "5980.00000", "2017-06-30": "5963.00000", "2017-03-31": "5800.00000", "2016-12-31": "5555.00000", "2016-09-30": "5774.00000", "2016-06-30": "5675.00000", "2016-03-31": "5913.00000", "2015-12-31": "5847.00000", "2015-09-30": "5867.00000", "2015-06-30": "5881.00000", "2015-03-31": "5818.00000", "2014-12-31": "6212.00000", "2014-09-30": "4172.00000", "2014-06-30": "4282.00000", "2014-03-31": "4295.00000", "2013-12-31": "4347.00000", "2013-09-30": "4394.00000", "2013-06-30": "4311.00000", "2013-03-31": "3727.00000", "2012-12-31": "3846.00000", "2012-09-30": "3772.00000", "2012-06-30": "3711.00000", "2012-03-31": "3861.00000", "2011-12-31": "3785.00000", "2011-09-30": "3872.00000", "2011-06-30": "4151.00000", "2011-03-31": "4097.00000", "2010-12-31": "3987.00000", "2010-09-30": "4022.00000", "2010-06-30": "3764.00000", "2010-03-31": "4030.00000", "2009-12-31": "4200.00000", "2009-09-30": "4254.00000", "2009-06-30": "4142.00000", "2009-03-31": "3932.00000", "2008-12-31": "4113.00000", "2008-09-30": "4272.00000", "2008-06-30": "4599.00000", "2008-03-31": "4573.00000", "2007-12-31": "2121.00000", "2007-09-30": "2091.00000", "2007-06-30": "2103.00000", "2007-03-31": "2092.00000", "2006-12-31": "1919.00000", "2006-09-30": "1947.00000", "2006-06-30": "1797.00000", "2006-03-31": "1665.00000", "2005-12-31": "1654.00000", "2005-09-30": "1650.00000", "2005-06-30": "1654.00000", "2005-03-31": "1680.00000"}, "Other Long-Term Assets": {"2020-12-31": "", "2020-09-30": "699.00000", "2020-06-30": "740.00000", "2020-03-31": "762.00000", "2019-12-31": "694.00000", "2019-09-30": "777.00000", "2019-06-30": "745.00000", "2019-03-31": "744.00000", "2018-12-31": "727.00000", "2018-09-30": "724.00000", "2018-06-30": "723.00000", "2018-03-31": "719.00000", "2017-12-31": "677.00000", "2017-09-30": "585.00000", "2017-06-30": "582.00000", "2017-03-31": "588.00000", "2016-12-31": "669.00000", "2016-09-30": "592.00000", "2016-06-30": "654.00000", "2016-03-31": "628.00000", "2015-12-31": "617.00000", "2015-09-30": "669.00000", "2015-06-30": "561.00000", "2015-03-31": "602.00000", "2014-12-31": "470.00000", "2014-09-30": "596.00000", "2014-06-30": "595.00000", "2014-03-31": "560.00000", "2013-12-31": "542.00000", "2013-09-30": "404.00000", "2013-06-30": "1006.00000", "2013-03-31": "1044.00000", "2012-12-31": "338.00000", "2012-09-30": "874.00000", "2012-06-30": "817.00000", "2012-03-31": "818.00000", "2011-12-31": "795.00000", "2011-09-30": "662.00000", "2011-06-30": "713.00000", "2011-03-31": "672.00000", "2010-12-31": "694.00000", "2010-09-30": "637.00000", "2010-06-30": "658.00000", "2010-03-31": "641.00000", "2009-12-31": "806.00000", "2009-09-30": "796.00000", "2009-06-30": "757.00000", "2009-03-31": "750.00000", "2008-12-31": "930.00000", "2008-09-30": "791.00000", "2008-06-30": "759.00000", "2008-03-31": "742.00000", "2007-12-31": "619.00000", "2007-09-30": "652.00000", "2007-06-30": "721.00000", "2007-03-31": "656.00000", "2006-12-31": "643.00000", "2006-09-30": "531.00000", "2006-06-30": "483.00000", "2006-03-31": "445.00000", "2005-12-31": "393.00000", "2005-09-30": "403.00000", "2005-06-30": "401.00000", "2005-03-31": "409.00000"}, "Total Long-Term Assets": {"2020-12-31": "", "2020-09-30": "11298.00000", "2020-06-30": "11093.00000", "2020-03-31": "10998.00000", "2019-12-31": "11538.00000", "2019-09-30": "11247.00000", "2019-06-30": "11248.00000", "2019-03-31": "10962.00000", "2018-12-31": "10054.00000", "2018-09-30": "9977.00000", "2018-06-30": "9915.00000", "2018-03-31": "10434.00000", "2017-12-31": "10061.00000", "2017-09-30": "9977.00000", "2017-06-30": "9832.00000", "2017-03-31": "9508.00000", "2016-12-31": "9197.00000", "2016-09-30": "10073.00000", "2016-06-30": "10141.00000", "2016-03-31": "10597.00000", "2015-12-31": "10364.00000", "2015-09-30": "10282.00000", "2015-06-30": "10222.00000", "2015-03-31": "10284.00000", "2014-12-31": "11092.00000", "2014-09-30": "8189.00000", "2014-06-30": "8265.00000", "2014-03-31": "8229.00000", "2013-12-31": "8649.00000", "2013-09-30": "8518.00000", "2013-06-30": "8356.00000", "2013-03-31": "7650.00000", "2012-12-31": "8163.00000", "2012-09-30": "7829.00000", "2012-06-30": "7666.00000", "2012-03-31": "7890.00000", "2011-12-31": "7688.00000", "2011-09-30": "7603.00000", "2011-06-30": "8028.00000", "2011-03-31": "8019.00000", "2010-12-31": "7917.00000", "2010-09-30": "7815.00000", "2010-06-30": "7480.00000", "2010-03-31": "7834.00000", "2009-12-31": "8259.00000", "2009-09-30": "8321.00000", "2009-06-30": "8143.00000", "2009-03-31": "7833.00000", "2008-12-31": "8350.00000", "2008-09-30": "8467.00000", "2008-06-30": "9116.00000", "2008-03-31": "8950.00000", "2007-12-31": "5688.00000", "2007-09-30": "5491.00000", "2007-06-30": "5733.00000", "2007-03-31": "5616.00000", "2006-12-31": "5212.00000", "2006-09-30": "5226.00000", "2006-06-30": "4985.00000", "2006-03-31": "4744.00000", "2005-12-31": "4662.00000", "2005-09-30": "4721.00000", "2005-06-30": "4733.00000", "2005-03-31": "4813.00000"}, "Total Assets": {"2020-12-31": "6798.00000", "2020-09-30": "18300.00000", "2020-06-30": "18170.00000", "2020-03-31": "18064.00000", "2019-12-31": "17708.00000", "2019-09-30": "18064.00000", "2019-06-30": "17955.00000", "2019-03-31": "17371.00000", "2018-12-31": "16015.00000", "2018-09-30": "16718.00000", "2018-06-30": "16794.00000", "2018-03-31": "17544.00000", "2017-12-31": "16538.00000", "2017-09-30": "17615.00000", "2017-06-30": "16977.00000", "2017-03-31": "16154.00000", "2016-12-31": "15771.00000", "2016-09-30": "16490.00000", "2016-06-30": "17248.00000", "2016-03-31": "17315.00000", "2015-12-31": "17076.00000", "2015-09-30": "17574.00000", "2015-06-30": "17596.00000", "2015-03-31": "17368.00000", "2014-12-31": "17535.00000", "2014-09-30": "17087.00000", "2014-06-30": "17300.00000", "2014-03-31": "17117.00000", "2013-12-31": "15863.00000", "2013-09-30": "16638.00000", "2013-06-30": "16066.00000", "2013-03-31": "15376.00000", "2012-12-31": "15878.00000", "2012-09-30": "15606.00000", "2012-06-30": "14817.00000", "2012-03-31": "14834.00000", "2011-12-31": "14382.00000", "2011-09-30": "14543.00000", "2011-06-30": "15267.00000", "2011-03-31": "15103.00000", "2010-12-31": "14975.00000", "2010-09-30": "14120.00000", "2010-06-30": "13366.00000", "2010-03-31": "13756.00000", "2009-12-31": "14240.00000", "2009-09-30": "14569.00000", "2009-06-30": "14565.00000", "2009-03-31": "13603.00000", "2008-12-31": "14698.00000", "2008-09-30": "15046.00000", "2008-06-30": "16207.00000", "2008-03-31": "15899.00000", "2007-12-31": "12629.00000", "2007-09-30": "10907.00000", "2007-06-30": "10684.00000", "2007-03-31": "10345.00000", "2006-12-31": "10067.00000", "2006-09-30": "9773.00000", "2006-06-30": "9502.00000", "2006-03-31": "8918.00000", "2005-12-31": "8681.00000", "2005-09-30": "8794.00000", "2005-06-30": "8790.00000", "2005-03-31": "9022.00000"}, "Total Current Liabilities": {"2020-12-31": "4816.00000", "2020-09-30": "4613.00000", "2020-06-30": "5234.00000", "2020-03-31": "5195.00000", "2019-12-31": "4375.00000", "2019-09-30": "4578.00000", "2019-06-30": "4706.00000", "2019-03-31": "4588.00000", "2018-12-31": "4373.00000", "2018-09-30": "3933.00000", "2018-06-30": "4047.00000", "2018-03-31": "4030.00000", "2017-12-31": "3895.00000", "2017-09-30": "4618.00000", "2017-06-30": "4441.00000", "2017-03-31": "4273.00000", "2016-12-31": "4253.00000", "2016-09-30": "4460.00000", "2016-06-30": "4375.00000", "2016-03-31": "4556.00000", "2015-12-31": "4695.00000", "2015-09-30": "4770.00000", "2015-06-30": "4825.00000", "2015-03-31": "4773.00000", "2014-12-31": "4875.00000", "2014-09-30": "4896.00000", "2014-06-30": "4962.00000", "2014-03-31": "4566.00000", "2013-12-31": "4135.00000", "2013-09-30": "4362.00000", "2013-06-30": "4106.00000", "2013-03-31": "3727.00000", "2012-12-31": "4461.00000", "2012-09-30": "4490.00000", "2012-06-30": "4565.00000", "2012-03-31": "4558.00000", "2011-12-31": "3702.00000", "2011-09-30": "3788.00000", "2011-06-30": "3922.00000", "2011-03-31": "3749.00000", "2010-12-31": "3625.00000", "2010-09-30": "3523.00000", "2010-06-30": "3373.00000", "2010-03-31": "3418.00000", "2009-12-31": "3577.00000", "2009-09-30": "3869.00000", "2009-06-30": "4102.00000", "2009-03-31": "3970.00000", "2008-12-31": "4210.00000", "2008-09-30": "4469.00000", "2008-06-30": "4745.00000", "2008-03-31": "4492.00000", "2007-12-31": "4632.00000", "2007-09-30": "3032.00000", "2007-06-30": "2962.00000", "2007-03-31": "2949.00000", "2006-12-31": "2816.00000", "2006-09-30": "2754.00000", "2006-06-30": "2638.00000", "2006-03-31": "2344.00000", "2005-12-31": "2349.00000", "2005-09-30": "2335.00000", "2005-06-30": "2233.00000", "2005-03-31": "2321.00000"}, "Long Term Debt": {"2020-12-31": "5171.00000", "2020-09-30": "4828.00000", "2020-06-30": "4613.00000", "2020-03-31": "4751.00000", "2019-12-31": "4539.00000", "2019-09-30": "4885.00000", "2019-06-30": "4845.00000", "2019-03-31": "4626.00000", "2018-12-31": "4365.00000", "2018-09-30": "5023.00000", "2018-06-30": "5048.00000", "2018-03-31": "5199.00000", "2017-12-31": "4134.00000", "2017-09-30": "4089.00000", "2017-06-30": "3998.00000", "2017-03-31": "3817.00000", "2016-12-31": "3787.00000", "2016-09-30": "3752.00000", "2016-06-30": "4426.00000", "2016-03-31": "4226.00000", "2015-12-31": "4026.00000", "2015-09-30": "4250.00000", "2015-06-30": "4222.00000", "2015-03-31": "4023.00000", "2014-12-31": "3533.00000", "2014-09-30": "2954.00000", "2014-06-30": "2958.00000", "2014-03-31": "3373.00000", "2013-12-31": "3372.00000", "2013-09-30": "3368.00000", "2013-06-30": "3355.00000", "2013-03-31": "3353.00000", "2012-12-31": "3368.00000", "2012-09-30": "3365.00000", "2012-06-30": "2964.00000", "2012-03-31": "2988.00000", "2011-12-31": "3574.00000", "2011-09-30": "3590.00000", "2011-06-30": "3613.00000", "2011-03-31": "3993.00000", "2010-12-31": "4043.00000", "2010-09-30": "3066.00000", "2010-06-30": "3017.00000", "2010-03-31": "3051.00000", "2009-12-31": "3074.00000", "2009-09-30": "3082.00000", "2009-06-30": "3306.00000", "2009-03-31": "2986.00000", "2008-12-31": "3009.00000", "2008-09-30": "3221.00000", "2008-06-30": "3440.00000", "2008-03-31": "3639.00000", "2007-12-31": "1201.00000", "2007-09-30": "1181.00000", "2007-06-30": "1151.00000", "2007-03-31": "1158.00000", "2006-12-31": "1155.00000", "2006-09-30": "1195.00000", "2006-06-30": "1196.00000", "2006-03-31": "1174.00000", "2005-12-31": "1169.00000", "2005-09-30": "1181.00000", "2005-06-30": "1188.00000", "2005-03-31": "1137.00000"}, "Other Non-Current Liabilities": {"2020-12-31": "", "2020-09-30": "965.00000", "2020-06-30": "936.00000", "2020-03-31": "862.00000", "2019-12-31": "911.00000", "2019-09-30": "960.00000", "2019-06-30": "1005.00000", "2019-03-31": "865.00000", "2018-12-31": "842.00000", "2018-09-30": "913.00000", "2018-06-30": "929.00000", "2018-03-31": "985.00000", "2017-12-31": "967.00000", "2017-09-30": "928.00000", "2017-06-30": "910.00000", "2017-03-31": "939.00000", "2016-12-31": "935.00000", "2016-09-30": "824.00000", "2016-06-30": "837.00000", "2016-03-31": "1107.00000", "2015-12-31": "1116.00000", "2015-09-30": "1074.00000", "2015-06-30": "994.00000", "2015-03-31": "1009.00000", "2014-12-31": "1069.00000", "2014-09-30": "1066.00000", "2014-06-30": "1041.00000", "2014-03-31": "1084.00000", "2013-12-31": "1174.00000", "2013-09-30": "1182.00000", "2013-06-30": "1050.00000", "2013-03-31": "1043.00000", "2012-12-31": "1152.00000", "2012-09-30": "1138.00000", "2012-06-30": "1159.00000", "2012-03-31": "1237.00000", "2011-12-31": "1113.00000", "2011-09-30": "1145.00000", "2011-06-30": "1270.00000", "2011-03-31": "1230.00000", "2010-12-31": "1211.00000", "2010-09-30": "1293.00000", "2010-06-30": "1087.00000", "2010-03-31": "1249.00000", "2009-12-31": "1385.00000", "2009-09-30": "1460.00000", "2009-06-30": "1322.00000", "2009-03-31": "1214.00000", "2008-12-31": "1243.00000", "2008-09-30": "1012.00000", "2008-06-30": "1040.00000", "2008-03-31": "1076.00000", "2007-12-31": "927.00000", "2007-09-30": "950.00000", "2007-06-30": "1496.00000", "2007-03-31": "1454.00000", "2006-12-31": "903.00000", "2006-09-30": "1444.00000", "2006-06-30": "1332.00000", "2006-03-31": "1373.00000", "2005-12-31": "764.00000", "2005-09-30": "1125.00000", "2005-06-30": "1131.00000", "2005-03-31": "1194.00000"}, "Total Long Term Liabilities": {"2020-12-31": "5171.00000", "2020-09-30": "8263.00000", "2020-06-30": "7998.00000", "2020-03-31": "8032.00000", "2019-12-31": "7930.00000", "2019-09-30": "8131.00000", "2019-06-30": "8062.00000", "2019-03-31": "7773.00000", "2018-12-31": "6910.00000", "2018-09-30": "7707.00000", "2018-06-30": "7764.00000", "2018-03-31": "8047.00000", "2017-12-31": "6971.00000", "2017-09-30": "6987.00000", "2017-06-30": "6801.00000", "2017-03-31": "6595.00000", "2016-12-31": "6603.00000", "2016-09-30": "6909.00000", "2016-06-30": "7440.00000", "2016-03-31": "7511.00000", "2015-12-31": "7312.00000", "2015-09-30": "7608.00000", "2015-06-30": "7515.00000", "2015-03-31": "7437.00000", "2014-12-31": "7395.00000", "2014-09-30": "5986.00000", "2014-06-30": "6017.00000", "2014-03-31": "6462.00000", "2013-12-31": "6530.00000", "2013-09-30": "6795.00000", "2013-06-30": "6659.00000", "2013-03-31": "6608.00000", "2012-12-31": "7095.00000", "2012-09-30": "6984.00000", "2012-06-30": "6577.00000", "2012-03-31": "6760.00000", "2011-12-31": "7234.00000", "2011-09-30": "6849.00000", "2011-06-30": "7057.00000", "2011-03-31": "7359.00000", "2010-12-31": "7517.00000", "2010-09-30": "6495.00000", "2010-06-30": "6354.00000", "2010-03-31": "6549.00000", "2009-12-31": "6741.00000", "2009-09-30": "6966.00000", "2009-06-30": "7095.00000", "2009-03-31": "6630.00000", "2008-12-31": "6999.00000", "2008-09-30": "6373.00000", "2008-06-30": "6838.00000", "2008-03-31": "7033.00000", "2007-12-31": "3846.00000", "2007-09-30": "3872.00000", "2007-06-30": "4037.00000", "2007-03-31": "3960.00000", "2006-12-31": "3971.00000", "2006-09-30": "3536.00000", "2006-06-30": "3387.00000", "2006-03-31": "3360.00000", "2005-12-31": "3279.00000", "2005-09-30": "3141.00000", "2005-06-30": "3144.00000", "2005-03-31": "3152.00000"}, "Total Liabilities": {"2020-12-31": "9987.00000", "2020-09-30": "12876.00000", "2020-06-30": "13232.00000", "2020-03-31": "13227.00000", "2019-12-31": "12305.00000", "2019-09-30": "12709.00000", "2019-06-30": "12768.00000", "2019-03-31": "12361.00000", "2018-12-31": "11283.00000", "2018-09-30": "11640.00000", "2018-06-30": "11811.00000", "2018-03-31": "12077.00000", "2017-12-31": "10866.00000", "2017-09-30": "11605.00000", "2017-06-30": "11242.00000", "2017-03-31": "10868.00000", "2016-12-31": "10856.00000", "2016-09-30": "11369.00000", "2016-06-30": "11815.00000", "2016-03-31": "12067.00000", "2015-12-31": "12007.00000", "2015-09-30": "12378.00000", "2015-06-30": "12340.00000", "2015-03-31": "12210.00000", "2014-12-31": "12270.00000", "2014-09-30": "10882.00000", "2014-06-30": "10979.00000", "2014-03-31": "11028.00000", "2013-12-31": "10665.00000", "2013-09-30": "11157.00000", "2013-06-30": "10765.00000", "2013-03-31": "10335.00000", "2012-12-31": "11556.00000", "2012-09-30": "11474.00000", "2012-06-30": "11142.00000", "2012-03-31": "11318.00000", "2011-12-31": "10936.00000", "2011-09-30": "10637.00000", "2011-06-30": "10979.00000", "2011-03-31": "11108.00000", "2010-12-31": "11142.00000", "2010-09-30": "10018.00000", "2010-06-30": "9727.00000", "2010-03-31": "9967.00000", "2009-12-31": "10318.00000", "2009-09-30": "10835.00000", "2009-06-30": "11197.00000", "2009-03-31": "10600.00000", "2008-12-31": "11209.00000", "2008-09-30": "10842.00000", "2008-06-30": "11583.00000", "2008-03-31": "11525.00000", "2007-12-31": "8478.00000", "2007-09-30": "6904.00000", "2007-06-30": "6999.00000", "2007-03-31": "6909.00000", "2006-12-31": "6787.00000", "2006-09-30": "6290.00000", "2006-06-30": "6025.00000", "2006-03-31": "5704.00000", "2005-12-31": "5628.00000", "2005-09-30": "5476.00000", "2005-06-30": "5377.00000", "2005-03-31": "5473.00000"}, "Common Stock Net": {"2020-12-31": "", "2020-09-30": "969.00000", "2020-06-30": "969.00000", "2020-03-31": "969.00000", "2019-12-31": "969.00000", "2019-09-30": "969.00000", "2019-06-30": "969.00000", "2019-03-31": "969.00000", "2018-12-31": "969.00000", "2018-09-30": "969.00000", "2018-06-30": "969.00000", "2018-03-31": "969.00000", "2017-12-31": "969.00000", "2017-09-30": "969.00000", "2017-06-30": "969.00000", "2017-03-31": "969.00000", "2016-12-31": "969.00000", "2016-09-30": "969.00000", "2016-06-30": "969.00000", "2016-03-31": "969.00000", "2015-12-31": "969.00000", "2015-09-30": "969.00000", "2015-06-30": "969.00000", "2015-03-31": "484.00000", "2014-12-31": "484.00000", "2014-09-30": "484.00000", "2014-06-30": "484.00000", "2014-03-31": "484.00000", "2013-12-31": "484.00000", "2013-09-30": "484.00000", "2013-06-30": "484.00000", "2013-03-31": "484.00000", "2012-12-31": "484.00000", "2012-09-30": "484.00000", "2012-06-30": "484.00000", "2012-03-31": "484.00000", "2011-12-31": "484.00000", "2011-09-30": "484.00000", "2011-06-30": "484.00000", "2011-03-31": "484.00000", "2010-12-31": "484.00000", "2010-09-30": "484.00000", "2010-06-30": "484.00000", "2010-03-31": "484.00000", "2009-12-31": "484.00000", "2009-09-30": "484.00000", "2009-06-30": "484.00000", "2009-03-31": "484.00000", "2008-12-31": "484.00000", "2008-09-30": "484.00000", "2008-06-30": "484.00000", "2008-03-31": "484.00000", "2007-12-31": "484.00000", "2007-09-30": "484.00000", "2007-06-30": "484.00000", "2007-03-31": "484.00000", "2006-12-31": "484.00000", "2006-09-30": "484.00000", "2006-06-30": "484.00000", "2006-03-31": "484.00000", "2005-12-31": "484.00000", "2005-09-30": "484.00000", "2005-06-30": "484.00000", "2005-03-31": "484.00000"}, "Retained Earnings (Accumulated Deficit)": {"2020-12-31": "", "2020-09-30": "19325.00000", "2020-06-30": "19010.00000", "2020-03-31": "19029.00000", "2019-12-31": "18906.00000", "2019-09-30": "18735.00000", "2019-06-30": "18488.00000", "2019-03-31": "18330.00000", "2018-12-31": "18131.00000", "2018-09-30": "17987.00000", "2018-06-30": "17725.00000", "2018-03-31": "17464.00000", "2017-12-31": "17140.00000", "2017-09-30": "17106.00000", "2017-06-30": "16613.00000", "2017-03-31": "16214.00000", "2016-12-31": "15980.00000", "2016-09-30": "15744.00000", "2016-06-30": "16034.00000", "2016-03-31": "15770.00000", "2015-12-31": "15521.00000", "2015-09-30": "15302.00000", "2015-06-30": "14966.00000", "2015-03-31": "14728.00000", "2014-12-31": "14498.00000", "2014-09-30": "14506.00000", "2014-06-30": "14227.00000", "2014-03-31": "13934.00000", "2013-12-31": "12757.00000", "2013-09-30": "12589.00000", "2013-06-30": "12450.00000", "2013-03-31": "12196.00000", "2012-12-31": "9871.00000", "2012-09-30": "9734.00000", "2012-06-30": "9486.00000", "2012-03-31": "9213.00000", "2011-12-31": "9288.00000", "2011-09-30": "9159.00000", "2011-06-30": "8938.00000", "2011-03-31": "8687.00000", "2010-12-31": "8548.00000", "2010-09-30": "8433.00000", "2010-06-30": "8262.00000", "2010-03-31": "8080.00000", "2009-12-31": "8139.00000", "2009-09-30": "8088.00000", "2009-06-30": "8017.00000", "2009-03-31": "7958.00000", "2008-12-31": "8156.00000", "2008-09-30": "8172.00000", "2008-06-30": "8141.00000", "2008-03-31": "7976.00000", "2007-12-31": "7963.00000", "2007-09-30": "7848.00000", "2007-06-30": "7742.00000", "2007-03-31": "7576.00000", "2006-12-31": "7453.00000", "2006-09-30": "7375.00000", "2006-06-30": "7364.00000", "2006-03-31": "7163.00000", "2005-12-31": "7057.00000", "2005-09-30": "7021.00000", "2005-06-30": "6944.00000", "2005-03-31": "6793.00000"}, "Comprehensive Income": {"2020-12-31": "", "2020-09-30": "-2788.00000", "2020-06-30": "-2925.00000", "2020-03-31": "-3042.00000", "2019-12-31": "-2350.00000", "2019-09-30": "-2328.00000", "2019-06-30": "-2230.00000", "2019-03-31": "-2224.00000", "2018-12-31": "-2300.00000", "2018-09-30": "-2197.00000", "2018-06-30": "-2275.00000", "2018-03-31": "-2005.00000", "2017-12-31": "-2057.00000", "2017-09-30": "-2063.00000", "2017-06-30": "-2059.00000", "2017-03-31": "-2076.00000", "2016-12-31": "-2356.00000", "2016-09-30": "-2541.00000", "2016-06-30": "-2749.00000", "2016-03-31": "-2643.00000", "2015-12-31": "-2702.00000", "2015-09-30": "-2592.00000", "2015-06-30": "-2332.00000", "2015-03-31": "-2309.00000", "2014-12-31": "-2116.00000", "2014-09-30": "-1447.00000", "2014-06-30": "-1181.00000", "2014-03-31": "-1230.00000", "2013-12-31": "-1260.00000", "2013-09-30": "-1469.00000", "2013-06-30": "-1639.00000", "2013-03-31": "-1608.00000", "2012-12-31": "-1666.00000", "2012-09-30": "-1704.00000", "2012-06-30": "-1793.00000", "2012-03-31": "-1653.00000", "2011-12-31": "-1800.00000", "2011-09-30": "-1464.00000", "2011-06-30": "-1083.00000", "2011-03-31": "-1187.00000", "2010-12-31": "-1411.00000", "2010-09-30": "-1280.00000", "2010-06-30": "-1603.00000", "2010-03-31": "-1353.00000", "2009-12-31": "-1261.00000", "2009-09-30": "-1431.00000", "2009-06-30": "-1613.00000", "2009-03-31": "-1877.00000", "2008-12-31": "-1628.00000", "2008-09-30": "-766.00000", "2008-06-30": "-300.00000", "2008-03-31": "-378.00000", "2007-12-31": "-582.00000", "2007-09-30": "-596.00000", "2007-06-30": "-832.00000", "2007-03-31": "-923.00000", "2006-12-31": "-939.00000", "2006-09-30": "-726.00000", "2006-06-30": "-706.00000", "2006-03-31": "-786.00000", "2005-12-31": "-819.00000", "2005-09-30": "-613.00000", "2005-06-30": "-620.00000", "2005-03-31": "-514.00000"}, "Other Share Holders Equity": {"2020-12-31": "", "2020-09-30": "", "2020-06-30": "", "2020-03-31": "", "2019-12-31": "", "2019-09-30": "", "2019-06-30": "", "2019-03-31": "", "2018-12-31": "", "2018-09-30": "", "2018-06-30": "", "2018-03-31": "", "2017-12-31": "", "2017-09-30": "", "2017-06-30": "", "2017-03-31": "", "2016-12-31": "", "2016-09-30": "", "2016-06-30": "", "2016-03-31": "", "2015-12-31": "", "2015-09-30": "", "2015-06-30": "", "2015-03-31": "", "2014-12-31": "", "2014-09-30": "", "2014-06-30": "", "2014-03-31": "", "2013-12-31": "", "2013-09-30": "", "2013-06-30": "", "2013-03-31": "", "2012-12-31": "", "2012-09-30": "", "2012-06-30": "", "2012-03-31": "", "2011-12-31": "", "2011-09-30": "", "2011-06-30": "", "2011-03-31": "", "2010-12-31": "", "2010-09-30": "", "2010-06-30": "", "2010-03-31": "", "2009-12-31": "", "2009-09-30": "", "2009-06-30": "", "2009-03-31": "", "2008-12-31": "", "2008-09-30": "", "2008-06-30": "", "2008-03-31": "", "2007-12-31": "", "2007-09-30": "", "2007-06-30": "", "2007-03-31": "", "2006-12-31": "", "2006-09-30": "", "2006-06-30": "", "2006-03-31": "", "2005-12-31": "", "2005-09-30": "", "2005-06-30": "", "2005-03-31": ""}, "Share Holder Equity": {"2020-12-31": "", "2020-09-30": "5424.00000", "2020-06-30": "4938.00000", "2020-03-31": "4837.00000", "2019-12-31": "5403.00000", "2019-09-30": "5355.00000", "2019-06-30": "5187.00000", "2019-03-31": "5010.00000", "2018-12-31": "4732.00000", "2018-09-30": "5078.00000", "2018-06-30": "4983.00000", "2018-03-31": "5467.00000", "2017-12-31": "5672.00000", "2017-09-30": "6010.00000", "2017-06-30": "5735.00000", "2017-03-31": "5286.00000", "2016-12-31": "4915.00000", "2016-09-30": "5121.00000", "2016-06-30": "5433.00000", "2016-03-31": "5248.00000", "2015-12-31": "5069.00000", "2015-09-30": "5196.00000", "2015-06-30": "5256.00000", "2015-03-31": "5158.00000", "2014-12-31": "5265.00000", "2014-09-30": "6205.00000", "2014-06-30": "6321.00000", "2014-03-31": "6089.00000", "2013-12-31": "5198.00000", "2013-09-30": "5481.00000", "2013-06-30": "5301.00000", "2013-03-31": "5041.00000", "2012-12-31": "4322.00000", "2012-09-30": "4132.00000", "2012-06-30": "3675.00000", "2012-03-31": "3516.00000", "2011-12-31": "3446.00000", "2011-09-30": "3906.00000", "2011-06-30": "4288.00000", "2011-03-31": "3995.00000", "2010-12-31": "3833.00000", "2010-09-30": "4102.00000", "2010-06-30": "3639.00000", "2010-03-31": "3789.00000", "2009-12-31": "3922.00000", "2009-09-30": "3734.00000", "2009-06-30": "3368.00000", "2009-03-31": "3003.00000", "2008-12-31": "3489.00000", "2008-09-30": "4204.00000", "2008-06-30": "4624.00000", "2008-03-31": "4374.00000", "2007-12-31": "4151.00000", "2007-09-30": "4003.00000", "2007-06-30": "3685.00000", "2007-03-31": "3436.00000", "2006-12-31": "3280.00000", "2006-09-30": "3483.00000", "2006-06-30": "3477.00000", "2006-03-31": "3214.00000", "2005-12-31": "3053.00000", "2005-09-30": "3318.00000", "2005-06-30": "3413.00000", "2005-03-31": "3549.00000"}, "Total Liabilities And Share Holders Equity": {"2020-12-31": "9987.00000", "2020-09-30": "18300.00000", "2020-06-30": "18170.00000", "2020-03-31": "18064.00000", "2019-12-31": "17708.00000", "2019-09-30": "18064.00000", "2019-06-30": "17955.00000", "2019-03-31": "17371.00000", "2018-12-31": "16015.00000", "2018-09-30": "16718.00000", "2018-06-30": "16794.00000", "2018-03-31": "17544.00000", "2017-12-31": "16538.00000", "2017-09-30": "17615.00000", "2017-06-30": "16977.00000", "2017-03-31": "16154.00000", "2016-12-31": "15771.00000", "2016-09-30": "16490.00000", "2016-06-30": "17248.00000", "2016-03-31": "17315.00000", "2015-12-31": "17076.00000", "2015-09-30": "17574.00000", "2015-06-30": "17596.00000", "2015-03-31": "17368.00000", "2014-12-31": "17535.00000", "2014-09-30": "17087.00000", "2014-06-30": "17300.00000", "2014-03-31": "17117.00000", "2013-12-31": "15863.00000", "2013-09-30": "16638.00000", "2013-06-30": "16066.00000", "2013-03-31": "15376.00000", "2012-12-31": "15878.00000", "2012-09-30": "15606.00000", "2012-06-30": "14817.00000", "2012-03-31": "14834.00000", "2011-12-31": "14382.00000", "2011-09-30": "14543.00000", "2011-06-30": "15267.00000", "2011-03-31": "15103.00000", "2010-12-31": "14975.00000", "2010-09-30": "14120.00000", "2010-06-30": "13366.00000", "2010-03-31": "13756.00000", "2009-12-31": "14240.00000", "2009-09-30": "14569.00000", "2009-06-30": "14565.00000", "2009-03-31": "13603.00000", "2008-12-31": "14698.00000", "2008-09-30": "15046.00000", "2008-06-30": "16207.00000", "2008-03-31": "15899.00000", "2007-12-31": "12629.00000", "2007-09-30": "10907.00000", "2007-06-30": "10684.00000", "2007-03-31": "10345.00000", "2006-12-31": "10067.00000", "2006-09-30": "9773.00000", "2006-06-30": "9502.00000", "2006-03-31": "8918.00000", "2005-12-31": "8681.00000", "2005-09-30": "8794.00000", "2005-06-30": "8790.00000", "2005-03-31": "9022.00000"}}, "cash flow statement": {"Net Income/Loss": {"2020-12-31": "0.00000", "2019-12-31": "1269.00000", "2018-12-31": "1358.00000", "2017-12-31": "1615.00000", "2016-12-31": "895.00000", "2015-12-31": "1427.00000", "2014-12-31": "2159.00000", "2013-12-31": "3353.00000", "2012-12-31": "1064.00000", "2011-12-31": "1212.00000", "2010-12-31": "880.00000", "2009-12-31": "426.00000", "2008-12-31": "624.00000", "2007-12-31": "910.00000", "2006-12-31": "711.00000", "2005-12-31": "596.00000"}, "Total Depreciation And Amortization - Cash Flow": {"2020-12-31": "", "2019-12-31": "511.00000", "2018-12-31": "497.00000", "2017-12-31": "460.00000", "2016-12-31": "440.00000", "2015-12-31": "446.00000", "2014-12-31": "450.00000", "2013-12-31": "452.00000", "2012-12-31": "399.00000", "2011-12-31": "425.00000", "2010-12-31": "470.00000", "2009-12-31": "480.00000", "2008-12-31": "563.00000", "2007-12-31": "403.00000", "2006-12-31": "375.00000", "2005-12-31": "325.00000"}, "Other Non-Cash Items": {"2020-12-31": "", "2019-12-31": "254.00000", "2018-12-31": "38.00000", "2017-12-31": "-175.00000", "2016-12-31": "223.00000", "2015-12-31": "75.00000", "2014-12-31": "-897.00000", "2013-12-31": "-2023.00000", "2012-12-31": "171.00000", "2011-12-31": "-3.00000", "2010-12-31": "-229.00000", "2009-12-31": "-43.00000", "2008-12-31": "176.00000", "2007-12-31": "28.00000", "2006-12-31": "12.00000", "2005-12-31": "87.00000"}, "Total Non-Cash Items": {"2020-12-31": "", "2019-12-31": "765.00000", "2018-12-31": "535.00000", "2017-12-31": "285.00000", "2016-12-31": "663.00000", "2015-12-31": "521.00000", "2014-12-31": "-447.00000", "2013-12-31": "-1571.00000", "2012-12-31": "570.00000", "2011-12-31": "422.00000", "2010-12-31": "241.00000", "2009-12-31": "437.00000", "2008-12-31": "739.00000", "2007-12-31": "431.00000", "2006-12-31": "387.00000", "2005-12-31": "412.00000"}, "Change In Accounts Receivable": {"2020-12-31": "", "2019-12-31": "121.00000", "2018-12-31": "-69.00000", "2017-12-31": "-76.00000", "2016-12-31": "-68.00000", "2015-12-31": "-125.00000", "2014-12-31": "-116.00000", "2013-12-31": "-25.00000", "2012-12-31": "171.00000", "2011-12-31": "-107.00000", "2010-12-31": "-188.00000", "2009-12-31": "345.00000", "2008-12-31": "48.00000", "2007-12-31": "-224.00000", "2006-12-31": "-92.00000", "2005-12-31": "-131.00000"}, "Change In Inventories": {"2020-12-31": "", "2019-12-31": "145.00000", "2018-12-31": "-109.00000", "2017-12-31": "-116.00000", "2016-12-31": "56.00000", "2015-12-31": "37.00000", "2014-12-31": "-99.00000", "2013-12-31": "44.00000", "2012-12-31": "53.00000", "2011-12-31": "-74.00000", "2010-12-31": "-34.00000", "2009-12-31": "232.00000", "2008-12-31": "79.00000", "2007-12-31": "-49.00000", "2006-12-31": "-80.00000", "2005-12-31": "-30.00000"}, "Change In Accounts Payable": {"2020-12-31": "", "2019-12-31": "", "2018-12-31": "", "2017-12-31": "", "2016-12-31": "", "2015-12-31": "", "2014-12-31": "", "2013-12-31": "", "2012-12-31": "", "2011-12-31": "", "2010-12-31": "", "2009-12-31": "", "2008-12-31": "", "2007-12-31": "", "2006-12-31": "", "2005-12-31": ""}, "Change In Assets/Liabilities": {"2020-12-31": "", "2019-12-31": "-108.00000", "2018-12-31": "-202.00000", "2017-12-31": "-213.00000", "2016-12-31": "-32.00000", "2015-12-31": "-2.00000", "2014-12-31": "-197.00000", "2013-12-31": "-51.00000", "2012-12-31": "-52.00000", "2011-12-31": "-39.00000", "2010-12-31": "-15.00000", "2009-12-31": "104.00000", "2008-12-31": "-234.00000", "2007-12-31": "-121.00000", "2006-12-31": "57.00000", "2005-12-31": "-87.00000"}, "Total Change In Assets/Liabilities": {"2020-12-31": "", "2019-12-31": "63.00000", "2018-12-31": "-406.00000", "2017-12-31": "-346.00000", "2016-12-31": "-143.00000", "2015-12-31": "-34.00000", "2014-12-31": "-181.00000", "2013-12-31": "-8.00000", "2012-12-31": "172.00000", "2011-12-31": "-153.00000", "2010-12-31": "239.00000", "2009-12-31": "482.00000", "2008-12-31": "-14.00000", "2007-12-31": "-329.00000", "2006-12-31": "-33.00000", "2005-12-31": "19.00000"}, "Cash Flow From Operating Activities": {"2020-12-31": "", "2019-12-31": "2080.00000", "2018-12-31": "1467.00000", "2017-12-31": "1568.00000", "2016-12-31": "1351.00000", "2015-12-31": "1895.00000", "2014-12-31": "1528.00000", "2013-12-31": "1791.00000", "2012-12-31": "1787.00000", "2011-12-31": "1436.00000", "2010-12-31": "1310.00000", "2009-12-31": "1345.00000", "2008-12-31": "1437.00000", "2007-12-31": "1063.00000", "2006-12-31": "1115.00000", "2005-12-31": "1071.00000"}, "Net Change In Property, Plant, And Equipment": {"2020-12-31": "", "2019-12-31": "-413.00000", "2018-12-31": "-384.00000", "2017-12-31": "-360.00000", "2016-12-31": "-380.00000", "2015-12-31": "-430.00000", "2014-12-31": "-564.00000", "2013-12-31": "-494.00000", "2012-12-31": "-330.00000", "2011-12-31": "-299.00000", "2010-12-31": "-281.00000", "2009-12-31": "-196.00000", "2008-12-31": "-338.00000", "2007-12-31": "-296.00000", "2006-12-31": "-321.00000", "2005-12-31": "-233.00000"}, "Net Change In Intangible Assets": {"2020-12-31": "", "2019-12-31": "", "2018-12-31": "", "2017-12-31": "", "2016-12-31": "", "2015-12-31": "", "2014-12-31": "", "2013-12-31": "", "2012-12-31": "", "2011-12-31": "", "2010-12-31": "", "2009-12-31": "", "2008-12-31": "", "2007-12-31": "", "2006-12-31": "", "2005-12-31": ""}, "Net Acquisitions/Divestitures": {"2020-12-31": "", "2019-12-31": "-643.00000", "2018-12-31": "-378.00000", "2017-12-31": "368.00000", "2016-12-31": "745.00000", "2015-12-31": "-273.00000", "2014-12-31": "-488.00000", "2013-12-31": "-43.00000", "2012-12-31": "-122.00000", "2011-12-31": "-31.00000", "2010-12-31": "-34.00000", "2009-12-31": "-26.00000", "2008-12-31": "-1448.00000", "2007-12-31": "-233.00000", "2006-12-31": "-402.00000", "2005-12-31": "-91.00000"}, "Net Change In Short-term Investments": {"2020-12-31": "", "2019-12-31": "", "2018-12-31": "", "2017-12-31": "", "2016-12-31": "79.00000", "2015-12-31": "305.00000", "2014-12-31": "143.00000", "2013-12-31": "569.00000", "2012-12-31": "-1082.00000", "2011-12-31": "624.00000", "2010-12-31": "-624.00000", "2009-12-31": "0.00000", "2008-12-31": "0.00000", "2007-12-31": "", "2006-12-31": "0.00000", "2005-12-31": "50.00000"}, "Net Change In Long-Term Investments": {"2020-12-31": "", "2019-12-31": "", "2018-12-31": "", "2017-12-31": "-100.00000", "2016-12-31": "", "2015-12-31": "19.00000", "2014-12-31": "", "2013-12-31": "", "2012-12-31": "", "2011-12-31": "78.00000", "2010-12-31": "", "2009-12-31": "", "2008-12-31": "", "2007-12-31": "", "2006-12-31": "", "2005-12-31": ""}, "Net Change In Investments - Total": {"2020-12-31": "", "2019-12-31": "", "2018-12-31": "", "2017-12-31": "-100.00000", "2016-12-31": "79.00000", "2015-12-31": "324.00000", "2014-12-31": "143.00000", "2013-12-31": "569.00000", "2012-12-31": "-1082.00000", "2011-12-31": "702.00000", "2010-12-31": "-624.00000", "2009-12-31": "", "2008-12-31": "", "2007-12-31": "", "2006-12-31": "", "2005-12-31": "50.00000"}, "Investing Activities - Other": {"2020-12-31": "", "2019-12-31": "47.00000", "2018-12-31": "-2.00000", "2017-12-31": "25.00000", "2016-12-31": "-8.00000", "2015-12-31": "-16.00000", "2014-12-31": "52.00000", "2013-12-31": "-29.00000", "2012-12-31": "-77.00000", "2011-12-31": "-19.00000", "2010-12-31": "-10.00000", "2009-12-31": "19.00000", "2008-12-31": "1911.00000", "2007-12-31": "-1678.00000", "2006-12-31": "61.00000", "2005-12-31": "-91.00000"}, "Cash Flow From Investing Activities": {"2020-12-31": "", "2019-12-31": "-1009.00000", "2018-12-31": "-764.00000", "2017-12-31": "-67.00000", "2016-12-31": "436.00000", "2015-12-31": "-395.00000", "2014-12-31": "-857.00000", "2013-12-31": "3.00000", "2012-12-31": "-1611.00000", "2011-12-31": "353.00000", "2010-12-31": "-949.00000", "2009-12-31": "-203.00000", "2008-12-31": "125.00000", "2007-12-31": "-2207.00000", "2006-12-31": "-662.00000", "2005-12-31": "-365.00000"}, "Net Long-Term Debt": {"2020-12-31": "", "2019-12-31": "-65.00000", "2018-12-31": "986.00000", "2017-12-31": "-588.00000", "2016-12-31": "609.00000", "2015-12-31": "902.00000", "2014-12-31": "-640.00000", "2013-12-31": "-605.00000", "2012-12-31": "207.00000", "2011-12-31": "-400.00000", "2010-12-31": "983.00000", "2009-12-31": "301.00000", "2008-12-31": "-176.00000", "2007-12-31": "-46.00000", "2006-12-31": "-14.00000", "2005-12-31": "-116.00000"}, "Net Current Debt": {"2020-12-31": "", "2019-12-31": "106.00000", "2018-12-31": "-3.00000", "2017-12-31": "-100.00000", "2016-12-31": "-376.00000", "2015-12-31": "-560.00000", "2014-12-31": "1021.00000", "2013-12-31": "-7.00000", "2012-12-31": "-10.00000", "2011-12-31": "9.00000", "2010-12-31": "-247.00000", "2009-12-31": "-947.00000", "2008-12-31": "-505.00000", "2007-12-31": "1744.00000", "2006-12-31": "-73.00000", "2005-12-31": "44.00000"}, "Debt Issuance/Retirement Net - Total": {"2020-12-31": "", "2019-12-31": "41.00000", "2018-12-31": "983.00000", "2017-12-31": "-688.00000", "2016-12-31": "233.00000", "2015-12-31": "342.00000", "2014-12-31": "381.00000", "2013-12-31": "-612.00000", "2012-12-31": "197.00000", "2011-12-31": "-391.00000", "2010-12-31": "736.00000", "2009-12-31": "-646.00000", "2008-12-31": "-681.00000", "2007-12-31": "1698.00000", "2006-12-31": "-87.00000", "2005-12-31": "-72.00000"}, "Net Common Equity Issued/Repurchased": {"2020-12-31": "", "2019-12-31": "-264.00000", "2018-12-31": "-1706.00000", "2017-12-31": "-761.00000", "2016-12-31": "-1019.00000", "2015-12-31": "-698.00000", "2014-12-31": "-693.00000", "2013-12-31": "-932.00000", "2012-12-31": "30.00000", "2011-12-31": "-777.00000", "2010-12-31": "-440.00000", "2009-12-31": "-47.00000", "2008-12-31": "6.00000", "2007-12-31": "-80.00000", "2006-12-31": "-98.00000", "2005-12-31": "-469.00000"}, "Net Total Equity Issued/Repurchased": {"2020-12-31": "", "2019-12-31": "-264.00000", "2018-12-31": "-1706.00000", "2017-12-31": "-761.00000", "2016-12-31": "-1019.00000", "2015-12-31": "-698.00000", "2014-12-31": "-693.00000", "2013-12-31": "-932.00000", "2012-12-31": "30.00000", "2011-12-31": "-777.00000", "2010-12-31": "-440.00000", "2009-12-31": "-47.00000", "2008-12-31": "6.00000", "2007-12-31": "-80.00000", "2006-12-31": "-98.00000", "2005-12-31": "-469.00000"}, "Total Common And Preferred Stock Dividends Paid": {"2020-12-31": "", "2019-12-31": "-468.00000", "2018-12-31": "-453.00000", "2017-12-31": "-434.00000", "2016-12-31": "-414.00000", "2015-12-31": "-383.00000", "2014-12-31": "-361.00000", "2013-12-31": "-345.00000", "2012-12-31": "-358.00000", "2011-12-31": "-453.00000", "2010-12-31": "-447.00000", "2009-12-31": "-430.00000", "2008-12-31": "-422.00000", "2007-12-31": "-402.00000", "2006-12-31": "-316.00000", "2005-12-31": "-316.00000"}, "Financial Activities - Other": {"2020-12-31": "", "2019-12-31": "-67.00000", "2018-12-31": "-29.00000", "2017-12-31": "-71.00000", "2016-12-31": "-10.00000", "2015-12-31": "-73.00000", "2014-12-31": "-296.00000", "2013-12-31": "-90.00000", "2012-12-31": "-220.00000", "2011-12-31": "-11.00000", "2010-12-31": "47.00000", "2009-12-31": "", "2008-12-31": "40.00000", "2007-12-31": "", "2006-12-31": "", "2005-12-31": ""}, "Cash Flow From Financial Activities": {"2020-12-31": "", "2019-12-31": "-758.00000", "2018-12-31": "-1205.00000", "2017-12-31": "-1954.00000", "2016-12-31": "-1210.00000", "2015-12-31": "-812.00000", "2014-12-31": "-969.00000", "2013-12-31": "-1979.00000", "2012-12-31": "-351.00000", "2011-12-31": "-1632.00000", "2010-12-31": "-104.00000", "2009-12-31": "-1123.00000", "2008-12-31": "-1057.00000", "2007-12-31": "1216.00000", "2006-12-31": "-501.00000", "2005-12-31": "-857.00000"}, "Net Cash Flow": {"2020-12-31": "", "2019-12-31": "314.00000", "2018-12-31": "-534.00000", "2017-12-31": "-384.00000", "2016-12-31": "509.00000", "2015-12-31": "625.00000", "2014-12-31": "-430.00000", "2013-12-31": "-190.00000", "2012-12-31": "-151.00000", "2011-12-31": "116.00000", "2010-12-31": "284.00000", "2009-12-31": "36.00000", "2008-12-31": "495.00000", "2007-12-31": "83.00000", "2006-12-31": "-26.00000", "2005-12-31": "-187.00000"}, "Stock-Based Compensation": {"2020-12-31": "", "2019-12-31": "39.00000", "2018-12-31": "37.00000", "2017-12-31": "35.00000", "2016-12-31": "45.00000", "2015-12-31": "54.00000", "2014-12-31": "71.00000", "2013-12-31": "81.00000", "2012-12-31": "71.00000", "2011-12-31": "34.00000", "2010-12-31": "", "2009-12-31": "", "2008-12-31": "", "2007-12-31": "", "2006-12-31": "", "2005-12-31": ""}, "Common Stock Dividends Paid": {"2020-12-31": "", "2019-12-31": "-468.00000", "2018-12-31": "-453.00000", "2017-12-31": "-434.00000", "2016-12-31": "-414.00000", "2015-12-31": "-383.00000", "2014-12-31": "-361.00000", "2013-12-31": "-345.00000", "2012-12-31": "-358.00000", "2011-12-31": "-453.00000", "2010-12-31": "-447.00000", "2009-12-31": "-430.00000", "2008-12-31": "-422.00000", "2007-12-31": "-402.00000", "2006-12-31": "-316.00000", "2005-12-31": "-316.00000"}}, "cash flow statement, quarterly": {"Net Income/Loss": {"2020-12-31": -796, "2020-09-30": 448, "2020-06-30": 100, "2020-03-31": "248.00000", "2019-12-31": 300, "2019-09-30": 373, "2019-06-30": 279, "2019-03-31": "317.00000", "2018-12-31": 261, "2018-09-30": 382, "2018-06-30": 375, "2018-03-31": "340.00000", "2017-12-31": 156, "2017-09-30": 616, "2017-06-30": 501, "2017-03-31": "342.00000", "2016-12-31": 344, "2016-09-30": -179, "2016-06-30": 376, "2016-03-31": "354.00000", "2015-12-31": 318, "2015-09-30": 440, "2015-06-30": 342, "2015-03-31": "327.00000", "2014-12-31": 89, "2014-09-30": 377, "2014-06-30": 392, "2014-03-31": "1301.00000", "2013-12-31": 282, "2013-09-30": 255, "2013-06-30": 371, "2013-03-31": "2445.00000", "2012-12-31": 253, "2012-09-30": 364, "2012-06-30": 396, "2012-03-31": "51.00000", "2011-12-31": 239, "2011-09-30": 342, "2011-06-30": 372, "2011-03-31": "259.00000", "2010-12-31": 228, "2010-09-30": 292, "2010-06-30": 301, "2010-03-31": "59.00000", "2009-12-31": 426, "2009-09-30": 0, "2009-06-30": 0, "2009-03-31": "0.00000", "2008-12-31": 624, "2008-09-30": 0, "2008-06-30": 0, "2008-03-31": "0.00000", "2007-12-31": 361, "2007-09-30": 323, "2007-06-30": 334, "2007-03-31": "-108.00000", "2006-12-31": 144, "2006-09-30": 567, "2006-06-30": 0, "2006-03-31": "0.00000", "2005-12-31": 596, "2005-09-30": 0, "2005-06-30": 0, "2005-03-31": "0.00000"}, "Total Depreciation And Amortization - Cash Flow": {"2020-12-31": -384, "2020-09-30": 132, "2020-06-30": 123, "2020-03-31": "129.00000", "2019-12-31": 134, "2019-09-30": 133, "2019-06-30": 126, "2019-03-31": "118.00000", "2018-12-31": 127, "2018-09-30": 122, "2018-06-30": 125, "2018-03-31": "123.00000", "2017-12-31": 120, "2017-09-30": 117, "2017-06-30": 113, "2017-03-31": "110.00000", "2016-12-31": 109, "2016-09-30": 113, "2016-06-30": 103, "2016-03-31": "115.00000", "2015-12-31": 94, "2015-09-30": 107, "2015-06-30": 125, "2015-03-31": "120.00000", "2014-12-31": 97, "2014-09-30": 119, "2014-06-30": 115, "2014-03-31": "119.00000", "2013-12-31": 119, "2013-09-30": 113, "2013-06-30": 119, "2013-03-31": "101.00000", "2012-12-31": 84, "2012-09-30": 104, "2012-06-30": 103, "2012-03-31": "108.00000", "2011-12-31": 73, "2011-09-30": 116, "2011-06-30": 119, "2011-03-31": "117.00000", "2010-12-31": 118, "2010-09-30": 116, "2010-06-30": 115, "2010-03-31": "121.00000", "2009-12-31": 480, "2009-09-30": 0, "2009-06-30": 0, "2009-03-31": "", "2008-12-31": 563, "2008-09-30": 0, "2008-06-30": 0, "2008-03-31": "", "2007-12-31": 403, "2007-09-30": 0, "2007-06-30": 0, "2007-03-31": "", "2006-12-31": 375, "2006-09-30": 0, "2006-06-30": 0, "2006-03-31": "", "2005-12-31": 325, "2005-09-30": 0, "2005-06-30": 0, "2005-03-31": ""}, "Other Non-Cash Items": {"2020-12-31": -148, "2020-09-30": -33, "2020-06-30": 177, "2020-03-31": "4.00000", "2019-12-31": 24, "2019-09-30": 9, "2019-06-30": 247, "2019-03-31": "-26.00000", "2018-12-31": 48, "2018-09-30": -92, "2018-06-30": 91, "2018-03-31": "-9.00000", "2017-12-31": 85, "2017-09-30": -223, "2017-06-30": -51, "2017-03-31": "14.00000", "2016-12-31": 123, "2016-09-30": 694, "2016-06-30": -606, "2016-03-31": "12.00000", "2015-12-31": 178, "2015-09-30": 33, "2015-06-30": 164, "2015-03-31": "-300.00000", "2014-12-31": 242, "2014-09-30": -88, "2014-06-30": -78, "2014-03-31": "-973.00000", "2013-12-31": -24, "2013-09-30": 192, "2013-06-30": 35, "2013-03-31": "-2226.00000", "2012-12-31": -93, "2012-09-30": -71, "2012-06-30": 4, "2012-03-31": "331.00000", "2011-12-31": 49, "2011-09-30": 14, "2011-06-30": 10, "2011-03-31": "-76.00000", "2010-12-31": -111, "2010-09-30": -162, "2010-06-30": -23, "2010-03-31": "67.00000", "2009-12-31": -43, "2009-09-30": 0, "2009-06-30": 0, "2009-03-31": "", "2008-12-31": 176, "2008-09-30": 0, "2008-06-30": 0, "2008-03-31": "", "2007-12-31": 30, "2007-09-30": -1, "2007-06-30": -9, "2007-03-31": "8.00000", "2006-12-31": -86, "2006-09-30": 98, "2006-06-30": 0, "2006-03-31": "", "2005-12-31": 87, "2005-09-30": 0, "2005-06-30": 0, "2005-03-31": ""}, "Total Non-Cash Items": {"2020-12-31": -532, "2020-09-30": 99, "2020-06-30": 300, "2020-03-31": "133.00000", "2019-12-31": 158, "2019-09-30": 142, "2019-06-30": 373, "2019-03-31": "92.00000", "2018-12-31": 175, "2018-09-30": 30, "2018-06-30": 216, "2018-03-31": "114.00000", "2017-12-31": 205, "2017-09-30": -106, "2017-06-30": 62, "2017-03-31": "124.00000", "2016-12-31": 232, "2016-09-30": 807, "2016-06-30": -503, "2016-03-31": "127.00000", "2015-12-31": 272, "2015-09-30": 140, "2015-06-30": 289, "2015-03-31": "-180.00000", "2014-12-31": 339, "2014-09-30": 31, "2014-06-30": 37, "2014-03-31": "-854.00000", "2013-12-31": 95, "2013-09-30": 305, "2013-06-30": 154, "2013-03-31": "-2125.00000", "2012-12-31": -9, "2012-09-30": 33, "2012-06-30": 107, "2012-03-31": "439.00000", "2011-12-31": 122, "2011-09-30": 130, "2011-06-30": 129, "2011-03-31": "41.00000", "2010-12-31": 7, "2010-09-30": -46, "2010-06-30": 92, "2010-03-31": "188.00000", "2009-12-31": 437, "2009-09-30": 0, "2009-06-30": 0, "2009-03-31": "", "2008-12-31": 739, "2008-09-30": 0, "2008-06-30": 0, "2008-03-31": "", "2007-12-31": 433, "2007-09-30": -1, "2007-06-30": -9, "2007-03-31": "8.00000", "2006-12-31": 289, "2006-09-30": 98, "2006-06-30": 0, "2006-03-31": "", "2005-12-31": 412, "2005-09-30": 0, "2005-06-30": 0, "2005-03-31": ""}, "Change In Accounts Receivable": {"2020-12-31": 63, "2020-09-30": -155, "2020-06-30": 150, "2020-03-31": "-58.00000", "2019-12-31": 309, "2019-09-30": 243, "2019-06-30": -132, "2019-03-31": "-299.00000", "2018-12-31": 350, "2018-09-30": 207, "2018-06-30": -253, "2018-03-31": "-373.00000", "2017-12-31": 274, "2017-09-30": 56, "2017-06-30": -110, "2017-03-31": "-296.00000", "2016-12-31": 188, "2016-09-30": 106, "2016-06-30": -89, "2016-03-31": "-273.00000", "2015-12-31": 288, "2015-09-30": 178, "2015-06-30": -264, "2015-03-31": "-327.00000", "2014-12-31": 300, "2014-09-30": 115, "2014-06-30": -168, "2014-03-31": "-363.00000", "2013-12-31": 281, "2013-09-30": 156, "2013-06-30": -189, "2013-03-31": "-273.00000", "2012-12-31": 396, "2012-09-30": 164, "2012-06-30": -103, "2012-03-31": "-286.00000", "2011-12-31": 283, "2011-09-30": 118, "2011-06-30": -196, "2011-03-31": "-312.00000", "2010-12-31": 207, "2010-09-30": 11, "2010-06-30": -176, "2010-03-31": "-230.00000", "2009-12-31": 345, "2009-09-30": 0, "2009-06-30": 0, "2009-03-31": "", "2008-12-31": 48, "2008-09-30": 0, "2008-06-30": 0, "2008-03-31": "", "2007-12-31": -224, "2007-09-30": 0, "2007-06-30": 0, "2007-03-31": "", "2006-12-31": -92, "2006-09-30": 0, "2006-06-30": 0, "2006-03-31": "", "2005-12-31": -131, "2005-09-30": 0, "2005-06-30": 0, "2005-03-31": ""}, "Change In Inventories": {"2020-12-31": -36, "2020-09-30": 65, "2020-06-30": 177, "2020-03-31": "-206.00000", "2019-12-31": 194, "2019-09-30": 48, "2019-06-30": 55, "2019-03-31": "-152.00000", "2018-12-31": 176, "2018-09-30": -15, "2018-06-30": -68, "2018-03-31": "-202.00000", "2017-12-31": 84, "2017-09-30": -15, "2017-06-30": -28, "2017-03-31": "-157.00000", "2016-12-31": 99, "2016-09-30": 61, "2016-06-30": 16, "2016-03-31": "-120.00000", "2015-12-31": 126, "2015-09-30": -9, "2015-06-30": 56, "2015-03-31": "-136.00000", "2014-12-31": 106, "2014-09-30": -2, "2014-06-30": -25, "2014-03-31": "-178.00000", "2013-12-31": 50, "2013-09-30": 18, "2013-06-30": 85, "2013-03-31": "-109.00000", "2012-12-31": 136, "2012-09-30": 41, "2012-06-30": 5, "2012-03-31": "-129.00000", "2011-12-31": 116, "2011-09-30": -14, "2011-06-30": -34, "2011-03-31": "-142.00000", "2010-12-31": 67, "2010-09-30": -3, "2010-06-30": -15, "2010-03-31": "-83.00000", "2009-12-31": 232, "2009-09-30": 0, "2009-06-30": 0, "2009-03-31": "", "2008-12-31": 79, "2008-09-30": 0, "2008-06-30": 0, "2008-03-31": "", "2007-12-31": -49, "2007-09-30": 0, "2007-06-30": 0, "2007-03-31": "", "2006-12-31": -80, "2006-09-30": 0, "2006-06-30": 0, "2006-03-31": "", "2005-12-31": -30, "2005-09-30": 0, "2005-06-30": 0, "2005-03-31": ""}, "Change In Accounts Payable": {"2020-12-31": 0, "2020-09-30": 0, "2020-06-30": 0, "2020-03-31": "", "2019-12-31": 0, "2019-09-30": 0, "2019-06-30": 0, "2019-03-31": "", "2018-12-31": 0, "2018-09-30": 0, "2018-06-30": 0, "2018-03-31": "", "2017-12-31": 0, "2017-09-30": 0, "2017-06-30": 0, "2017-03-31": "", "2016-12-31": 0, "2016-09-30": 0, "2016-06-30": 0, "2016-03-31": "", "2015-12-31": 0, "2015-09-30": 0, "2015-06-30": 0, "2015-03-31": "", "2014-12-31": 0, "2014-09-30": 0, "2014-06-30": 0, "2014-03-31": "", "2013-12-31": 0, "2013-09-30": 0, "2013-06-30": 0, "2013-03-31": "", "2012-12-31": 0, "2012-09-30": 0, "2012-06-30": 0, "2012-03-31": "", "2011-12-31": 0, "2011-09-30": 0, "2011-06-30": 0, "2011-03-31": "", "2010-12-31": 0, "2010-09-30": 0, "2010-06-30": 0, "2010-03-31": "", "2009-12-31": 0, "2009-09-30": 0, "2009-06-30": 0, "2009-03-31": "", "2008-12-31": 0, "2008-09-30": 0, "2008-06-30": 0, "2008-03-31": "", "2007-12-31": 0, "2007-09-30": 0, "2007-06-30": 0, "2007-03-31": "", "2006-12-31": 0, "2006-09-30": 0, "2006-06-30": 0, "2006-03-31": "", "2005-12-31": 0, "2005-09-30": 0, "2005-06-30": 0, "2005-03-31": ""}, "Change In Assets/Liabilities": {"2020-12-31": -45, "2020-09-30": 22, "2020-06-30": 78, "2020-03-31": "-55.00000", "2019-12-31": 14, "2019-09-30": -42, "2019-06-30": -2, "2019-03-31": "-78.00000", "2018-12-31": -53, "2018-09-30": -114, "2018-06-30": 86, "2018-03-31": "-121.00000", "2017-12-31": -71, "2017-09-30": -79, "2017-06-30": -55, "2017-03-31": "-8.00000", "2016-12-31": -61, "2016-09-30": -26, "2016-06-30": 144, "2016-03-31": "-89.00000", "2015-12-31": 162, "2015-09-30": -107, "2015-06-30": 42, "2015-03-31": "-99.00000", "2014-12-31": 9, "2014-09-30": -72, "2014-06-30": -48, "2014-03-31": "-86.00000", "2013-12-31": 29, "2013-09-30": -33, "2013-06-30": 17, "2013-03-31": "-64.00000", "2012-12-31": -4, "2012-09-30": -8, "2012-06-30": -19, "2012-03-31": "-21.00000", "2011-12-31": 14, "2011-09-30": -17, "2011-06-30": 20, "2011-03-31": "-56.00000", "2010-12-31": -22, "2010-09-30": 17, "2010-06-30": 47, "2010-03-31": "-57.00000", "2009-12-31": 104, "2009-09-30": 0, "2009-06-30": 0, "2009-03-31": "", "2008-12-31": -234, "2008-09-30": 0, "2008-06-30": 0, "2008-03-31": "", "2007-12-31": -121, "2007-09-30": 0, "2007-06-30": 0, "2007-03-31": "", "2006-12-31": 57, "2006-09-30": 0, "2006-06-30": 0, "2006-03-31": "", "2005-12-31": -87, "2005-09-30": 0, "2005-06-30": 0, "2005-03-31": ""}, "Total Change In Assets/Liabilities": {"2020-12-31": 77, "2020-09-30": 242, "2020-06-30": 115, "2020-03-31": "-434.00000", "2019-12-31": 328, "2019-09-30": 304, "2019-06-30": -58, "2019-03-31": "-511.00000", "2018-12-31": 294, "2018-09-30": 163, "2018-06-30": -196, "2018-03-31": "-667.00000", "2017-12-31": 232, "2017-09-30": 57, "2017-06-30": -154, "2017-03-31": "-481.00000", "2016-12-31": 59, "2016-09-30": 153, "2016-06-30": 77, "2016-03-31": "-432.00000", "2015-12-31": 321, "2015-09-30": 217, "2015-06-30": -14, "2015-03-31": "-558.00000", "2014-12-31": 106, "2014-09-30": 255, "2014-06-30": -162, "2014-03-31": "-380.00000", "2013-12-31": 188, "2013-09-30": 198, "2013-06-30": 17, "2013-03-31": "-411.00000", "2012-12-31": 439, "2012-09-30": 269, "2012-06-30": -44, "2012-03-31": "-492.00000", "2011-12-31": 325, "2011-09-30": 71, "2011-06-30": -65, "2011-03-31": "-484.00000", "2010-12-31": 367, "2010-09-30": 75, "2010-06-30": 98, "2010-03-31": "-301.00000", "2009-12-31": 482, "2009-09-30": 0, "2009-06-30": 0, "2009-03-31": "", "2008-12-31": -14, "2008-09-30": 0, "2008-06-30": 0, "2008-03-31": "", "2007-12-31": -329, "2007-09-30": 0, "2007-06-30": 0, "2007-03-31": "", "2006-12-31": -33, "2006-09-30": 0, "2006-06-30": 0, "2006-03-31": "", "2005-12-31": 19, "2005-09-30": 0, "2005-06-30": 0, "2005-03-31": ""}, "Cash Flow From Operating Activities": {"2020-12-31": -1164, "2020-09-30": 842, "2020-06-30": 481, "2020-03-31": "-159.00000", "2019-12-31": 809, "2019-09-30": 789, "2019-06-30": 548, "2019-03-31": "-66.00000", "2018-12-31": 800, "2018-09-30": 536, "2018-06-30": 359, "2018-03-31": "-228.00000", "2017-12-31": 536, "2017-09-30": 586, "2017-06-30": 437, "2017-03-31": "9.00000", "2016-12-31": 575, "2016-09-30": 777, "2016-06-30": -80, "2016-03-31": "79.00000", "2015-12-31": 909, "2015-09-30": 800, "2015-06-30": 615, "2015-03-31": "-429.00000", "2014-12-31": 491, "2014-09-30": 636, "2014-06-30": 238, "2014-03-31": "163.00000", "2013-12-31": 509, "2013-09-30": 788, "2013-06-30": 583, "2013-03-31": "-89.00000", "2012-12-31": 748, "2012-09-30": 605, "2012-06-30": 436, "2012-03-31": "-2.00000", "2011-12-31": 659, "2011-09-30": 525, "2011-06-30": 408, "2011-03-31": "-156.00000", "2010-12-31": 612, "2010-09-30": 331, "2010-06-30": 421, "2010-03-31": "-54.00000", "2009-12-31": 585, "2009-09-30": 654, "2009-06-30": 397, "2009-03-31": "-291.00000", "2008-12-31": 569, "2008-09-30": 466, "2008-06-30": 353, "2008-03-31": "49.00000", "2007-12-31": 516, "2007-09-30": 322, "2007-06-30": 325, "2007-03-31": "-100.00000", "2006-12-31": 450, "2006-09-30": 332, "2006-06-30": 298, "2006-03-31": "35.00000", "2005-12-31": 355, "2005-09-30": 446, "2005-06-30": 130, "2005-03-31": "140.00000"}, "Net Change In Property, Plant, And Equipment": {"2020-12-31": 170, "2020-09-30": -78, "2020-06-30": -55, "2020-03-31": "-37.00000", "2019-12-31": -189, "2019-09-30": -91, "2019-06-30": -86, "2019-03-31": "-47.00000", "2018-12-31": -158, "2018-09-30": -108, "2018-06-30": -43, "2018-03-31": "-75.00000", "2017-12-31": -153, "2017-09-30": -72, "2017-06-30": -72, "2017-03-31": "-63.00000", "2016-12-31": -141, "2016-09-30": -90, "2016-06-30": -79, "2016-03-31": "-70.00000", "2015-12-31": -168, "2015-09-30": -100, "2015-06-30": -90, "2015-03-31": "-72.00000", "2014-12-31": -262, "2014-09-30": -70, "2014-06-30": -129, "2014-03-31": "-103.00000", "2013-12-31": -244, "2013-09-30": -101, "2013-06-30": -86, "2013-03-31": "-63.00000", "2012-12-31": -166, "2012-09-30": -62, "2012-06-30": -74, "2012-03-31": "-28.00000", "2011-12-31": -95, "2011-09-30": -88, "2011-06-30": -77, "2011-03-31": "-39.00000", "2010-12-31": -150, "2010-09-30": -47, "2010-06-30": -47, "2010-03-31": "-37.00000", "2009-12-31": -66, "2009-09-30": -44, "2009-06-30": -36, "2009-03-31": "-50.00000", "2008-12-31": -135, "2008-09-30": -86, "2008-06-30": -69, "2008-03-31": "-48.00000", "2007-12-31": -70, "2007-09-30": -71, "2007-06-30": -72, "2007-03-31": "-83.00000", "2006-12-31": -132, "2006-09-30": -71, "2006-06-30": -61, "2006-03-31": "-57.00000", "2005-12-31": -64, "2005-09-30": -59, "2005-06-30": -52, "2005-03-31": "-58.00000"}, "Net Change In Intangible Assets": {"2020-12-31": 0, "2020-09-30": 0, "2020-06-30": 0, "2020-03-31": "", "2019-12-31": 0, "2019-09-30": 0, "2019-06-30": 0, "2019-03-31": "", "2018-12-31": 0, "2018-09-30": 0, "2018-06-30": 0, "2018-03-31": "", "2017-12-31": 0, "2017-09-30": 0, "2017-06-30": 0, "2017-03-31": "", "2016-12-31": 0, "2016-09-30": 0, "2016-06-30": 0, "2016-03-31": "", "2015-12-31": 0, "2015-09-30": 0, "2015-06-30": 0, "2015-03-31": "", "2014-12-31": 0, "2014-09-30": 0, "2014-06-30": 0, "2014-03-31": "", "2013-12-31": 0, "2013-09-30": 0, "2013-06-30": 0, "2013-03-31": "", "2012-12-31": 0, "2012-09-30": 0, "2012-06-30": 0, "2012-03-31": "", "2011-12-31": 0, "2011-09-30": 0, "2011-06-30": 0, "2011-03-31": "", "2010-12-31": 0, "2010-09-30": 0, "2010-06-30": 0, "2010-03-31": "", "2009-12-31": 0, "2009-09-30": 0, "2009-06-30": 0, "2009-03-31": "", "2008-12-31": 0, "2008-09-30": 0, "2008-06-30": 0, "2008-03-31": "", "2007-12-31": 0, "2007-09-30": 0, "2007-06-30": 0, "2007-03-31": "", "2006-12-31": 0, "2006-09-30": 0, "2006-06-30": 0, "2006-03-31": "", "2005-12-31": 0, "2005-09-30": 0, "2005-06-30": 0, "2005-03-31": ""}, "Net Acquisitions/Divestitures": {"2020-12-31": 45, "2020-09-30": 0, "2020-06-30": -1, "2020-03-31": "-44.00000", "2019-12-31": -79, "2019-09-30": -203, "2019-06-30": -304, "2019-03-31": "-57.00000", "2018-12-31": -280, "2018-09-30": 0, "2018-06-30": -2, "2018-03-31": "-96.00000", "2017-12-31": -156, "2017-09-30": 534, "2017-06-30": 51, "2017-03-31": "-61.00000", "2016-12-31": 1066, "2016-09-30": -311, "2016-06-30": -4, "2016-03-31": "-6.00000", "2015-12-31": -72, "2015-09-30": -222, "2015-06-30": -17, "2015-03-31": "38.00000", "2014-12-31": -1999, "2014-09-30": -90, "2014-06-30": -2, "2014-03-31": "1603.00000", "2013-12-31": -5, "2013-09-30": -3, "2013-06-30": -975, "2013-03-31": "940.00000", "2012-12-31": -69, "2012-09-30": -20, "2012-06-30": 11, "2012-03-31": "-44.00000", "2011-12-31": 25, "2011-09-30": -4, "2011-06-30": -42, "2011-03-31": "-10.00000", "2010-12-31": -16, "2010-09-30": 0, "2010-06-30": -2, "2010-03-31": "-16.00000", "2009-12-31": -2, "2009-09-30": -3, "2009-06-30": -10, "2009-03-31": "-11.00000", "2008-12-31": -43, "2008-09-30": 179, "2008-06-30": -13, "2008-03-31": "-1571.00000", "2007-12-31": -21, "2007-09-30": -40, "2007-06-30": -24, "2007-03-31": "-148.00000", "2006-12-31": -17, "2006-09-30": -247, "2006-06-30": -121, "2006-03-31": "-17.00000", "2005-12-31": -58, "2005-09-30": -8, "2005-06-30": -25, "2005-03-31": ""}, "Net Change In Short-term Investments": {"2020-12-31": 0, "2020-09-30": 0, "2020-06-30": 0, "2020-03-31": "", "2019-12-31": 0, "2019-09-30": 0, "2019-06-30": 0, "2019-03-31": "", "2018-12-31": 0, "2018-09-30": 0, "2018-06-30": 0, "2018-03-31": "", "2017-12-31": 0, "2017-09-30": 0, "2017-06-30": 0, "2017-03-31": "", "2016-12-31": -13, "2016-09-30": -41, "2016-06-30": 102, "2016-03-31": "31.00000", "2015-12-31": 231, "2015-09-30": 64, "2015-06-30": -41, "2015-03-31": "51.00000", "2014-12-31": 119, "2014-09-30": 353, "2014-06-30": -447, "2014-03-31": "118.00000", "2013-12-31": 100, "2013-09-30": -141, "2013-06-30": -152, "2013-03-31": "762.00000", "2012-12-31": -472, "2012-09-30": -385, "2012-06-30": -175, "2012-03-31": "-50.00000", "2011-12-31": 25, "2011-09-30": 225, "2011-06-30": 324, "2011-03-31": "50.00000", "2010-12-31": -624, "2010-09-30": 0, "2010-06-30": 0, "2010-03-31": "0.00000", "2009-12-31": 0, "2009-09-30": 0, "2009-06-30": 0, "2009-03-31": "", "2008-12-31": 0, "2008-09-30": 0, "2008-06-30": 0, "2008-03-31": "", "2007-12-31": 0, "2007-09-30": 0, "2007-06-30": 0, "2007-03-31": "", "2006-12-31": 0, "2006-09-30": 0, "2006-06-30": 0, "2006-03-31": "0.00000", "2005-12-31": 0, "2005-09-30": 0, "2005-06-30": 38, "2005-03-31": "12.00000"}, "Net Change In Long-Term Investments": {"2020-12-31": 0, "2020-09-30": 0, "2020-06-30": 0, "2020-03-31": "", "2019-12-31": 0, "2019-09-30": 0, "2019-06-30": 0, "2019-03-31": "", "2018-12-31": 0, "2018-09-30": 0, "2018-06-30": 0, "2018-03-31": "", "2017-12-31": 0, "2017-09-30": 0, "2017-06-30": -100, "2017-03-31": "", "2016-12-31": -41, "2016-09-30": 41, "2016-06-30": 0, "2016-03-31": "", "2015-12-31": 19, "2015-09-30": 0, "2015-06-30": -19, "2015-03-31": "19.00000", "2014-12-31": 0, "2014-09-30": 0, "2014-06-30": 0, "2014-03-31": "", "2013-12-31": 0, "2013-09-30": 0, "2013-06-30": 0, "2013-03-31": "", "2012-12-31": 0, "2012-09-30": 0, "2012-06-30": 0, "2012-03-31": "", "2011-12-31": 0, "2011-09-30": 0, "2011-06-30": 78, "2011-03-31": "", "2010-12-31": 0, "2010-09-30": 0, "2010-06-30": 0, "2010-03-31": "", "2009-12-31": 0, "2009-09-30": 0, "2009-06-30": 0, "2009-03-31": "", "2008-12-31": 0, "2008-09-30": 0, "2008-06-30": 0, "2008-03-31": "", "2007-12-31": 0, "2007-09-30": 0, "2007-06-30": 0, "2007-03-31": "", "2006-12-31": 0, "2006-09-30": 0, "2006-06-30": 0, "2006-03-31": "", "2005-12-31": 0, "2005-09-30": 0, "2005-06-30": 0, "2005-03-31": ""}, "Net Change In Investments - Total": {"2020-12-31": 0, "2020-09-30": 0, "2020-06-30": 0, "2020-03-31": "", "2019-12-31": 0, "2019-09-30": 0, "2019-06-30": 0, "2019-03-31": "", "2018-12-31": 0, "2018-09-30": 0, "2018-06-30": 0, "2018-03-31": "", "2017-12-31": 0, "2017-09-30": 0, "2017-06-30": -100, "2017-03-31": "", "2016-12-31": -54, "2016-09-30": 0, "2016-06-30": 102, "2016-03-31": "31.00000", "2015-12-31": 250, "2015-09-30": 64, "2015-06-30": -60, "2015-03-31": "70.00000", "2014-12-31": 119, "2014-09-30": 353, "2014-06-30": -447, "2014-03-31": "118.00000", "2013-12-31": 100, "2013-09-30": -141, "2013-06-30": -152, "2013-03-31": "762.00000", "2012-12-31": -472, "2012-09-30": -385, "2012-06-30": -175, "2012-03-31": "-50.00000", "2011-12-31": 25, "2011-09-30": 225, "2011-06-30": 402, "2011-03-31": "50.00000", "2010-12-31": -624, "2010-09-30": 0, "2010-06-30": 0, "2010-03-31": "", "2009-12-31": 0, "2009-09-30": 0, "2009-06-30": 0, "2009-03-31": "", "2008-12-31": 0, "2008-09-30": 0, "2008-06-30": 0, "2008-03-31": "", "2007-12-31": 0, "2007-09-30": 0, "2007-06-30": 0, "2007-03-31": "", "2006-12-31": 0, "2006-09-30": 0, "2006-06-30": 0, "2006-03-31": "", "2005-12-31": 0, "2005-09-30": 0, "2005-06-30": 38, "2005-03-31": "12.00000"}, "Investing Activities - Other": {"2020-12-31": -24, "2020-09-30": -2, "2020-06-30": 4, "2020-03-31": "22.00000", "2019-12-31": 7, "2019-09-30": 3, "2019-06-30": 19, "2019-03-31": "18.00000", "2018-12-31": -15, "2018-09-30": 14, "2018-06-30": 6, "2018-03-31": "-7.00000", "2017-12-31": 26, "2017-09-30": 15, "2017-06-30": -2, "2017-03-31": "-14.00000", "2016-12-31": 10, "2016-09-30": 9, "2016-06-30": -9, "2016-03-31": "-18.00000", "2015-12-31": -54, "2015-09-30": 15, "2015-06-30": 24, "2015-03-31": "-1.00000", "2014-12-31": 65, "2014-09-30": 5, "2014-06-30": 5, "2014-03-31": "-23.00000", "2013-12-31": -16, "2013-09-30": 19, "2013-06-30": -7, "2013-03-31": "-25.00000", "2012-12-31": -28, "2012-09-30": 21, "2012-06-30": -11, "2012-03-31": "-59.00000", "2011-12-31": -96, "2011-09-30": 36, "2011-06-30": 87, "2011-03-31": "-46.00000", "2010-12-31": -7, "2010-09-30": 42, "2010-06-30": -5, "2010-03-31": "-40.00000", "2009-12-31": 3, "2009-09-30": 41, "2009-06-30": 2, "2009-03-31": "-27.00000", "2008-12-31": 244, "2008-09-30": -30, "2008-06-30": 0, "2008-03-31": "1697.00000", "2007-12-31": -1630, "2007-09-30": -1, "2007-06-30": -18, "2007-03-31": "-29.00000", "2006-12-31": 17, "2006-09-30": -23, "2006-06-30": 0, "2006-03-31": "67.00000", "2005-12-31": -91, "2005-09-30": 0, "2005-06-30": 0, "2005-03-31": ""}, "Cash Flow From Investing Activities": {"2020-12-31": 191, "2020-09-30": -80, "2020-06-30": -52, "2020-03-31": "-59.00000", "2019-12-31": -261, "2019-09-30": -291, "2019-06-30": -371, "2019-03-31": "-86.00000", "2018-12-31": -453, "2018-09-30": -94, "2018-06-30": -39, "2018-03-31": "-178.00000", "2017-12-31": -283, "2017-09-30": 477, "2017-06-30": -123, "2017-03-31": "-138.00000", "2016-12-31": 881, "2016-09-30": -392, "2016-06-30": 10, "2016-03-31": "-63.00000", "2015-12-31": -44, "2015-09-30": -243, "2015-06-30": -143, "2015-03-31": "35.00000", "2014-12-31": -2077, "2014-09-30": 198, "2014-06-30": -573, "2014-03-31": "1595.00000", "2013-12-31": -165, "2013-09-30": -226, "2013-06-30": -1220, "2013-03-31": "1614.00000", "2012-12-31": -735, "2012-09-30": -446, "2012-06-30": -249, "2012-03-31": "-181.00000", "2011-12-31": -141, "2011-09-30": 169, "2011-06-30": 370, "2011-03-31": "-45.00000", "2010-12-31": -797, "2010-09-30": -5, "2010-06-30": -54, "2010-03-31": "-93.00000", "2009-12-31": -65, "2009-09-30": -6, "2009-06-30": -44, "2009-03-31": "-88.00000", "2008-12-31": 66, "2008-09-30": 63, "2008-06-30": -82, "2008-03-31": "78.00000", "2007-12-31": -1721, "2007-09-30": -112, "2007-06-30": -114, "2007-03-31": "-260.00000", "2006-12-31": -132, "2006-09-30": -341, "2006-06-30": -182, "2006-03-31": "-7.00000", "2005-12-31": -213, "2005-09-30": -67, "2005-06-30": -39, "2005-03-31": "-46.00000"}, "Net Long-Term Debt": {"2020-12-31": -297, "2020-09-30": 516, "2020-06-30": -206, "2020-03-31": "-13.00000", "2019-12-31": -634, "2019-09-30": 594, "2019-06-30": -24, "2019-03-31": "-1.00000", "2018-12-31": -1, "2018-09-30": -2, "2018-06-30": -2, "2018-03-31": "991.00000", "2017-12-31": -579, "2017-09-30": -1, "2017-06-30": -1, "2017-03-31": "-7.00000", "2016-12-31": 862, "2016-09-30": -4, "2016-06-30": 2, "2016-03-31": "-251.00000", "2015-12-31": -1, "2015-09-30": -1, "2015-06-30": -337, "2015-03-31": "1241.00000", "2014-12-31": -601, "2014-09-30": -37, "2014-06-30": -2, "2014-03-31": "", "2013-12-31": 2, "2013-09-30": -5, "2013-06-30": -2, "2013-03-31": "-600.00000", "2012-12-31": 12, "2012-09-30": 386, "2012-06-30": -16, "2012-03-31": "-175.00000", "2011-12-31": -4, "2011-09-30": 7, "2011-06-30": -401, "2011-03-31": "-2.00000", "2010-12-31": 983, "2010-09-30": 0, "2010-06-30": 0, "2010-03-31": "", "2009-12-31": 2, "2009-09-30": -122, "2009-06-30": 395, "2009-03-31": "26.00000", "2008-12-31": -484, "2008-09-30": 22, "2008-06-30": 5, "2008-03-31": "281.00000", "2007-12-31": -25, "2007-09-30": 0, "2007-06-30": -11, "2007-03-31": "-10.00000", "2006-12-31": 4, "2006-09-30": 0, "2006-06-30": -10, "2006-03-31": "-8.00000", "2005-12-31": 0, "2005-09-30": -102, "2005-06-30": 31, "2005-03-31": "-45.00000"}, "Net Current Debt": {"2020-12-31": 7, "2020-09-30": -1434, "2020-06-30": 256, "2020-03-31": "1171.00000", "2019-12-31": 100, "2019-09-30": -470, "2019-06-30": 167, "2019-03-31": "309.00000", "2018-12-31": -7, "2018-09-30": -6, "2018-06-30": 3, "2018-03-31": "7.00000", "2017-12-31": -13, "2017-09-30": -23, "2017-06-30": -25, "2017-03-31": "-39.00000", "2016-12-31": -651, "2016-09-30": -714, "2016-06-30": 901, "2016-03-31": "88.00000", "2015-12-31": -150, "2015-09-30": 34, "2015-06-30": 73, "2015-03-31": "-517.00000", "2014-12-31": 1035, "2014-09-30": 2, "2014-06-30": -3, "2014-03-31": "-13.00000", "2013-12-31": 6, "2013-09-30": 5, "2013-06-30": -24, "2013-03-31": "6.00000", "2012-12-31": -2, "2012-09-30": -18, "2012-06-30": -10, "2012-03-31": "20.00000", "2011-12-31": 13, "2011-09-30": -16, "2011-06-30": 14, "2011-03-31": "-2.00000", "2010-12-31": -49, "2010-09-30": 7, "2010-06-30": -50, "2010-03-31": "-155.00000", "2009-12-31": -178, "2009-09-30": -595, "2009-06-30": -155, "2009-03-31": "-19.00000", "2008-12-31": 472, "2008-09-30": -185, "2008-06-30": -183, "2008-03-31": "-609.00000", "2007-12-31": 1696, "2007-09-30": -40, "2007-06-30": -85, "2007-03-31": "173.00000", "2006-12-31": -28, "2006-09-30": -28, "2006-06-30": -8, "2006-03-31": "-9.00000", "2005-12-31": 34, "2005-09-30": 7, "2005-06-30": -2, "2005-03-31": "5.00000"}, "Debt Issuance/Retirement Net - Total": {"2020-12-31": -290, "2020-09-30": -918, "2020-06-30": 50, "2020-03-31": "1158.00000", "2019-12-31": -534, "2019-09-30": 124, "2019-06-30": 143, "2019-03-31": "308.00000", "2018-12-31": -8, "2018-09-30": -8, "2018-06-30": 1, "2018-03-31": "998.00000", "2017-12-31": -592, "2017-09-30": -24, "2017-06-30": -26, "2017-03-31": "-46.00000", "2016-12-31": 211, "2016-09-30": -718, "2016-06-30": 903, "2016-03-31": "-163.00000", "2015-12-31": -151, "2015-09-30": 33, "2015-06-30": -264, "2015-03-31": "724.00000", "2014-12-31": 434, "2014-09-30": -35, "2014-06-30": -5, "2014-03-31": "-13.00000", "2013-12-31": 8, "2013-09-30": 0, "2013-06-30": -26, "2013-03-31": "-594.00000", "2012-12-31": 10, "2012-09-30": 368, "2012-06-30": -26, "2012-03-31": "-155.00000", "2011-12-31": 9, "2011-09-30": -9, "2011-06-30": -387, "2011-03-31": "-4.00000", "2010-12-31": 934, "2010-09-30": 7, "2010-06-30": -50, "2010-03-31": "-155.00000", "2009-12-31": -176, "2009-09-30": -717, "2009-06-30": 240, "2009-03-31": "7.00000", "2008-12-31": -12, "2008-09-30": -163, "2008-06-30": -178, "2008-03-31": "-328.00000", "2007-12-31": 1671, "2007-09-30": -40, "2007-06-30": -96, "2007-03-31": "163.00000", "2006-12-31": -24, "2006-09-30": -28, "2006-06-30": -18, "2006-03-31": "-17.00000", "2005-12-31": 34, "2005-09-30": -95, "2005-06-30": 29, "2005-03-31": "-40.00000"}, "Net Common Equity Issued/Repurchased": {"2020-12-31": -23, "2020-09-30": 17, "2020-06-30": 1, "2020-03-31": "5.00000", "2019-12-31": -121, "2019-09-30": 10, "2019-06-30": 15, "2019-03-31": "-168.00000", "2018-12-31": -407, "2018-09-30": -246, "2018-06-30": -462, "2018-03-31": "-591.00000", "2017-12-31": -393, "2017-09-30": -225, "2017-06-30": 11, "2017-03-31": "-154.00000", "2016-12-31": -648, "2016-09-30": -244, "2016-06-30": 9, "2016-03-31": "-136.00000", "2015-12-31": -248, "2015-09-30": -149, "2015-06-30": -145, "2015-03-31": "-156.00000", "2014-12-31": -295, "2014-09-30": -139, "2014-06-30": -94, "2014-03-31": "-165.00000", "2013-12-31": -671, "2013-09-30": -166, "2013-06-30": 13, "2013-03-31": "-108.00000", "2012-12-31": 12, "2012-09-30": 39, "2012-06-30": 21, "2012-03-31": "-42.00000", "2011-12-31": -214, "2011-09-30": -241, "2011-06-30": -76, "2011-03-31": "-246.00000", "2010-12-31": -234, "2010-09-30": -143, "2010-06-30": -83, "2010-03-31": "20.00000", "2009-12-31": -47, "2009-09-30": 0, "2009-06-30": 0, "2009-03-31": "", "2008-12-31": -1, "2008-09-30": 5, "2008-06-30": 2, "2008-03-31": "", "2007-12-31": 3, "2007-09-30": -45, "2007-06-30": -32, "2007-03-31": "-6.00000", "2006-12-31": -83, "2006-09-30": 4, "2006-06-30": -27, "2006-03-31": "8.00000", "2005-12-31": -106, "2005-09-30": -187, "2005-06-30": -189, "2005-03-31": "13.00000"}, "Net Total Equity Issued/Repurchased": {"2020-12-31": -23, "2020-09-30": 17, "2020-06-30": 1, "2020-03-31": "5.00000", "2019-12-31": -121, "2019-09-30": 10, "2019-06-30": 15, "2019-03-31": "-168.00000", "2018-12-31": -407, "2018-09-30": -246, "2018-06-30": -462, "2018-03-31": "-591.00000", "2017-12-31": -393, "2017-09-30": -225, "2017-06-30": 11, "2017-03-31": "-154.00000", "2016-12-31": -648, "2016-09-30": -244, "2016-06-30": 9, "2016-03-31": "-136.00000", "2015-12-31": -248, "2015-09-30": -149, "2015-06-30": -145, "2015-03-31": "-156.00000", "2014-12-31": -295, "2014-09-30": -139, "2014-06-30": -94, "2014-03-31": "-165.00000", "2013-12-31": -671, "2013-09-30": -166, "2013-06-30": 13, "2013-03-31": "-108.00000", "2012-12-31": 12, "2012-09-30": 39, "2012-06-30": 21, "2012-03-31": "-42.00000", "2011-12-31": -214, "2011-09-30": -241, "2011-06-30": -76, "2011-03-31": "-246.00000", "2010-12-31": -234, "2010-09-30": -143, "2010-06-30": -83, "2010-03-31": "20.00000", "2009-12-31": -47, "2009-09-30": 0, "2009-06-30": 0, "2009-03-31": "", "2008-12-31": -1, "2008-09-30": 5, "2008-06-30": 2, "2008-03-31": "", "2007-12-31": 3, "2007-09-30": -45, "2007-06-30": -32, "2007-03-31": "-6.00000", "2006-12-31": -83, "2006-09-30": 4, "2006-06-30": -27, "2006-03-31": "8.00000", "2005-12-31": -106, "2005-09-30": -187, "2005-06-30": -189, "2005-03-31": "13.00000"}, "Total Common And Preferred Stock Dividends Paid": {"2020-12-31": 368, "2020-09-30": -127, "2020-06-30": -121, "2020-03-31": "-120.00000", "2019-12-31": -121, "2019-09-30": -120, "2019-06-30": -114, "2019-03-31": "-113.00000", "2018-12-31": -115, "2018-09-30": -116, "2018-06-30": -110, "2018-03-31": "-112.00000", "2017-12-31": -113, "2017-09-30": -116, "2017-06-30": -102, "2017-03-31": "-103.00000", "2016-12-31": -105, "2016-09-30": -106, "2016-06-30": -107, "2016-03-31": "-96.00000", "2015-12-31": -96, "2015-09-30": -98, "2015-06-30": -98, "2015-03-31": "-91.00000", "2014-12-31": -92, "2014-09-30": -92, "2014-06-30": -92, "2014-03-31": "-85.00000", "2013-12-31": -86, "2013-09-30": -87, "2013-06-30": -88, "2013-03-31": "-84.00000", "2012-12-31": -30, "2012-09-30": -112, "2012-06-30": -114, "2012-03-31": "-102.00000", "2011-12-31": -149, "2011-09-30": -94, "2011-06-30": -121, "2011-03-31": "-89.00000", "2010-12-31": -146, "2010-09-30": -93, "2010-06-30": -118, "2010-03-31": "-90.00000", "2009-12-31": -139, "2009-09-30": -107, "2009-06-30": -97, "2009-03-31": "-87.00000", "2008-12-31": -108, "2008-09-30": -100, "2008-06-30": -129, "2008-03-31": "-85.00000", "2007-12-31": -152, "2007-09-30": -85, "2007-06-30": -83, "2007-03-31": "-82.00000", "2006-12-31": -79, "2006-09-30": -80, "2006-06-30": -79, "2006-03-31": "-78.00000", "2005-12-31": -78, "2005-09-30": -79, "2005-06-30": -81, "2005-03-31": "-78.00000"}, "Financial Activities - Other": {"2020-12-31": 50, "2020-09-30": -4, "2020-06-30": -15, "2020-03-31": "-31.00000", "2019-12-31": -23, "2019-09-30": -5, "2019-06-30": -44, "2019-03-31": "5.00000", "2018-12-31": -5, "2018-09-30": 5, "2018-06-30": -29, "2018-03-31": "", "2017-12-31": -5, "2017-09-30": 4, "2017-06-30": -1, "2017-03-31": "-69.00000", "2016-12-31": 24, "2016-09-30": 11, "2016-06-30": -11, "2016-03-31": "-34.00000", "2015-12-31": -49, "2015-09-30": -12, "2015-06-30": 7, "2015-03-31": "-19.00000", "2014-12-31": -200, "2014-09-30": -4, "2014-06-30": -52, "2014-03-31": "-40.00000", "2013-12-31": -43, "2013-09-30": -10, "2013-06-30": -23, "2013-03-31": "-14.00000", "2012-12-31": -102, "2012-09-30": -93, "2012-06-30": -12, "2012-03-31": "-13.00000", "2011-12-31": -8, "2011-09-30": 35, "2011-06-30": -24, "2011-03-31": "-14.00000", "2010-12-31": 36, "2010-09-30": 11, "2010-06-30": 0, "2010-03-31": "", "2009-12-31": 0, "2009-09-30": 0, "2009-06-30": 0, "2009-03-31": "", "2008-12-31": 0, "2008-09-30": 0, "2008-06-30": 0, "2008-03-31": "40.00000", "2007-12-31": -19, "2007-09-30": 0, "2007-06-30": 10, "2007-03-31": "9.00000", "2006-12-31": -5, "2006-09-30": 0, "2006-06-30": 0, "2006-03-31": "5.00000", "2005-12-31": -5, "2005-09-30": 0, "2005-06-30": 0, "2005-03-31": "5.00000"}, "Cash Flow From Financial Activities": {"2020-12-31": 105, "2020-09-30": -1032, "2020-06-30": -85, "2020-03-31": "1012.00000", "2019-12-31": -799, "2019-09-30": 9, "2019-06-30": 0, "2019-03-31": "32.00000", "2018-12-31": -535, "2018-09-30": -365, "2018-06-30": -600, "2018-03-31": "295.00000", "2017-12-31": -1103, "2017-09-30": -361, "2017-06-30": -118, "2017-03-31": "-372.00000", "2016-12-31": -518, "2016-09-30": -1057, "2016-06-30": 794, "2016-03-31": "-429.00000", "2015-12-31": -544, "2015-09-30": -226, "2015-06-30": -500, "2015-03-31": "458.00000", "2014-12-31": -153, "2014-09-30": -270, "2014-06-30": -243, "2014-03-31": "-303.00000", "2013-12-31": -792, "2013-09-30": -263, "2013-06-30": -124, "2013-03-31": "-800.00000", "2012-12-31": -110, "2012-09-30": 202, "2012-06-30": -131, "2012-03-31": "-312.00000", "2011-12-31": -362, "2011-09-30": -309, "2011-06-30": -608, "2011-03-31": "-353.00000", "2010-12-31": 590, "2010-09-30": -218, "2010-06-30": -251, "2010-03-31": "-225.00000", "2009-12-31": -362, "2009-09-30": -824, "2009-06-30": 143, "2009-03-31": "-80.00000", "2008-12-31": -121, "2008-09-30": -258, "2008-06-30": -305, "2008-03-31": "-373.00000", "2007-12-31": 1503, "2007-09-30": -170, "2007-06-30": -201, "2007-03-31": "84.00000", "2006-12-31": -191, "2006-09-30": -104, "2006-06-30": -124, "2006-03-31": "-82.00000", "2005-12-31": -155, "2005-09-30": -361, "2005-06-30": -241, "2005-03-31": "-100.00000"}, "Net Cash Flow": {"2020-12-31": -792, "2020-09-30": -244, "2020-06-30": 366, "2020-03-31": "670.00000", "2019-12-31": -216, "2019-09-30": 469, "2019-06-30": 179, "2019-03-31": "-118.00000", "2018-12-31": -201, "2018-09-30": 83, "2018-06-30": -326, "2018-03-31": "-90.00000", "2017-12-31": -851, "2017-09-30": 718, "2017-06-30": 220, "2017-03-31": "-471.00000", "2016-12-31": 891, "2016-09-30": -676, "2016-06-30": 696, "2016-03-31": "-402.00000", "2015-12-31": 296, "2015-09-30": 308, "2015-06-30": -28, "2015-03-31": "49.00000", "2014-12-31": -1782, "2014-09-30": 482, "2014-06-30": -573, "2014-03-31": "1443.00000", "2013-12-31": -446, "2013-09-30": 319, "2013-06-30": -778, "2013-03-31": "715.00000", "2012-12-31": -86, "2012-09-30": 375, "2012-06-30": 39, "2012-03-31": "-479.00000", "2011-12-31": 156, "2011-09-30": 319, "2011-06-30": 186, "2011-03-31": "-545.00000", "2010-12-31": 411, "2010-09-30": 146, "2010-06-30": 95, "2010-03-31": "-368.00000", "2009-12-31": 159, "2009-09-30": -154, "2009-06-30": 521, "2009-03-31": "-490.00000", "2008-12-31": 505, "2008-09-30": 250, "2008-06-30": -32, "2008-03-31": "-228.00000", "2007-12-31": 299, "2007-09-30": 46, "2007-06-30": 13, "2007-03-31": "-275.00000", "2006-12-31": 134, "2006-09-30": -113, "2006-06-30": 3, "2006-03-31": "-50.00000", "2005-12-31": -17, "2005-09-30": 19, "2005-06-30": -170, "2005-03-31": "-19.00000"}, "Stock-Based Compensation": {"2020-12-31": -29, "2020-09-30": 14, "2020-06-30": 8, "2020-03-31": "7.00000", "2019-12-31": 11, "2019-09-30": 9, "2019-06-30": 10, "2019-03-31": "9.00000", "2018-12-31": 16, "2018-09-30": 3, "2018-06-30": 9, "2018-03-31": "9.00000", "2017-12-31": 9, "2017-09-30": 9, "2017-06-30": 8, "2017-03-31": "9.00000", "2016-12-31": 8, "2016-09-30": 11, "2016-06-30": 16, "2016-03-31": "10.00000", "2015-12-31": 12, "2015-09-30": 2, "2015-06-30": 25, "2015-03-31": "15.00000", "2014-12-31": 18, "2014-09-30": 15, "2014-06-30": 20, "2014-03-31": "18.00000", "2013-12-31": 22, "2013-09-30": 27, "2013-06-30": 17, "2013-03-31": "15.00000", "2012-12-31": 18, "2012-09-30": 53, "2012-06-30": 0, "2012-03-31": "", "2011-12-31": 34, "2011-09-30": 0, "2011-06-30": 0, "2011-03-31": "", "2010-12-31": 0, "2010-09-30": 0, "2010-06-30": 0, "2010-03-31": "", "2009-12-31": 0, "2009-09-30": 0, "2009-06-30": 0, "2009-03-31": "", "2008-12-31": 0, "2008-09-30": 0, "2008-06-30": 0, "2008-03-31": "", "2007-12-31": 0, "2007-09-30": 0, "2007-06-30": 0, "2007-03-31": "", "2006-12-31": 0, "2006-09-30": 0, "2006-06-30": 0, "2006-03-31": "", "2005-12-31": 0, "2005-09-30": 0, "2005-06-30": 0, "2005-03-31": ""}, "Common Stock Dividends Paid": {"2020-12-31": 368, "2020-09-30": -127, "2020-06-30": -121, "2020-03-31": "-120.00000", "2019-12-31": -121, "2019-09-30": -120, "2019-06-30": -114, "2019-03-31": "-113.00000", "2018-12-31": -115, "2018-09-30": -116, "2018-06-30": -110, "2018-03-31": "-112.00000", "2017-12-31": -113, "2017-09-30": -116, "2017-06-30": -102, "2017-03-31": "-103.00000", "2016-12-31": -105, "2016-09-30": -106, "2016-06-30": -107, "2016-03-31": "-96.00000", "2015-12-31": -96, "2015-09-30": -98, "2015-06-30": -98, "2015-03-31": "-91.00000", "2014-12-31": -92, "2014-09-30": -92, "2014-06-30": -92, "2014-03-31": "-85.00000", "2013-12-31": -86, "2013-09-30": -87, "2013-06-30": -88, "2013-03-31": "-84.00000", "2012-12-31": -30, "2012-09-30": -112, "2012-06-30": -114, "2012-03-31": "-102.00000", "2011-12-31": -149, "2011-09-30": -94, "2011-06-30": -121, "2011-03-31": "-89.00000", "2010-12-31": -146, "2010-09-30": -93, "2010-06-30": -118, "2010-03-31": "-90.00000", "2009-12-31": -139, "2009-09-30": -107, "2009-06-30": -97, "2009-03-31": "-87.00000", "2008-12-31": -108, "2008-09-30": -100, "2008-06-30": -129, "2008-03-31": "-85.00000", "2007-12-31": -152, "2007-09-30": -85, "2007-06-30": -83, "2007-03-31": "-82.00000", "2006-12-31": -79, "2006-09-30": -80, "2006-06-30": -79, "2006-03-31": "-78.00000", "2005-12-31": -78, "2005-09-30": -79, "2005-06-30": -81, "2005-03-31": "-78.00000"}}, "financial ratios": {"Current Ratio": {"2019-12-31": "1.41030", "2018-12-31": "1.36310", "2017-12-31": "1.66290", "2016-12-31": "1.54570", "2015-12-31": "1.42960", "2014-12-31": "1.32160", "2013-12-31": "1.74460", "2012-12-31": "1.72940", "2011-12-31": "1.80820", "2010-12-31": "1.94700", "2009-12-31": "1.67210", "2008-12-31": "1.50780", "2007-12-31": "1.49850", "2006-12-31": "1.72410", "2005-12-31": "1.71090"}, "Long-term Debt / Capital": {"2019-12-31": "0.45650", "2018-12-31": "0.47980", "2017-12-31": "0.42160", "2016-12-31": "0.43520", "2015-12-31": "0.44270", "2014-12-31": "0.40160", "2013-12-31": "0.39350", "2012-12-31": "0.43800", "2011-12-31": "0.50910", "2010-12-31": "0.51330", "2009-12-31": "0.43940", "2008-12-31": "0.46310", "2007-12-31": "0.22440", "2006-12-31": "0.26040", "2005-12-31": "0.27690"}, "Debt/Equity Ratio": {"2019-12-31": "0.93500", "2018-12-31": "1.06000", "2017-12-31": "0.73100", "2016-12-31": "0.89850", "2015-12-31": "0.84970", "2014-12-31": "0.76240", "2013-12-31": "0.65530", "2012-12-31": "0.92780", "2011-12-31": "1.06850", "2010-12-31": "1.06210", "2009-12-31": "0.85310", "2008-12-31": "1.12120", "2007-12-31": "0.72750", "2006-12-31": "0.39480", "2005-12-31": "0.41600"}, "Gross Margin": {"2019-12-31": "42.86940", "2018-12-31": "41.45310", "2017-12-31": "44.33820", "2016-12-31": "46.28590", "2015-12-31": "45.32690", "2014-12-31": "43.56030", "2013-12-31": "41.71750", "2012-12-31": "40.09930", "2011-12-31": "40.20380", "2010-12-31": "38.80650", "2009-12-31": "38.40180", "2008-12-31": "35.92660", "2007-12-31": "35.94110", "2006-12-31": "36.39610", "2005-12-31": "38.00400"}, "Operating Margin": {"2019-12-31": "11.68630", "2018-12-31": "11.68210", "2017-12-31": "14.06290", "2016-12-31": "13.77720", "2015-12-31": "12.80110", "2014-12-31": "12.26420", "2013-12-31": "10.17880", "2012-12-31": "8.63160", "2011-12-31": "9.98250", "2010-12-31": "10.17660", "2009-12-31": "5.80110", "2008-12-31": "6.70070", "2007-12-31": "10.89200", "2006-12-31": "11.66580", "2005-12-31": "13.11480"}, "EBIT Margin": {"2019-12-31": "11.68630", "2018-12-31": "11.68210", "2017-12-31": "14.06290", "2016-12-31": "13.77720", "2015-12-31": "12.80110", "2014-12-31": "12.26420", "2013-12-31": "10.17880", "2012-12-31": "8.63160", "2011-12-31": "9.98250", "2010-12-31": "10.17660", "2009-12-31": "5.80110", "2008-12-31": "6.70070", "2007-12-31": "10.89200", "2006-12-31": "11.66580", "2005-12-31": "13.11480"}, "EBITDA Margin": {"2019-12-31": "15.06010", "2018-12-31": "14.91480", "2017-12-31": "17.18200", "2016-12-31": "16.86060", "2015-12-31": "15.93290", "2014-12-31": "15.30660", "2013-12-31": "13.34740", "2012-12-31": "11.77680", "2011-12-31": "13.21370", "2010-12-31": "13.67800", "2009-12-31": "9.72300", "2008-12-31": "10.25300", "2007-12-31": "14.18990", "2006-12-31": "15.09420", "2005-12-31": "16.71470"}, "Pre-Tax Profit Margin": {"2019-12-31": "10.96660", "2018-12-31": "11.01210", "2017-12-31": "13.59510", "2016-12-31": "5.45900", "2015-12-31": "12.25340", "2014-12-31": "9.10010", "2013-12-31": "8.59450", "2012-12-31": "6.52690", "2011-12-31": "9.29070", "2010-12-31": "9.64760", "2009-12-31": "5.04130", "2008-12-31": "5.72910", "2007-12-31": "10.76110", "2006-12-31": "9.62700", "2005-12-31": "9.74750"}, "Net Profit Margin": {"2019-12-31": "8.20680", "2018-12-31": "8.72250", "2017-12-31": "10.80820", "2016-12-31": "6.11770", "2015-12-31": "9.87290", "2014-12-31": "14.21130", "2013-12-31": "22.64980", "2012-12-31": "7.41760", "2011-12-31": "8.32510", "2010-12-31": "5.72900", "2009-12-31": "2.74530", "2008-12-31": "3.39450", "2007-12-31": "6.82490", "2006-12-31": "6.50030", "2005-12-31": "6.60170"}, "Asset Turnover": {"2019-12-31": "0.85530", "2018-12-31": "0.96000", "2017-12-31": "0.89180", "2016-12-31": "0.90480", "2015-12-31": "0.83400", "2014-12-31": "0.84350", "2013-12-31": "0.89930", "2012-12-31": "0.79900", "2011-12-31": "0.91450", "2010-12-31": "0.89640", "2009-12-31": "0.85950", "2008-12-31": "1.07830", "2007-12-31": "0.96760", "2006-12-31": "1.08650", "2005-12-31": "1.04000"}, "Inventory Turnover Ratio": {"2019-12-31": "5.06020", "2018-12-31": "5.04820", "2017-12-31": "4.74510", "2016-12-31": "5.06270", "2015-12-31": "4.69320", "2014-12-31": "4.57420", "2013-12-31": "4.55810", "2012-12-31": "4.50440", "2011-12-31": "4.89420", "2010-12-31": "5.22190", "2009-12-31": "4.87020", "2008-12-31": "5.96650", "2007-12-31": "5.10970", "2006-12-31": "5.78300", "2005-12-31": "5.00180"}, "Receiveable Turnover": {"2019-12-31": "5.49560", "2018-12-31": "5.40390", "2017-12-31": "5.08030", "2016-12-31": "5.37680", "2015-12-31": "5.25690", "2014-12-31": "5.25440", "2013-12-31": "5.21380", "2012-12-31": "4.50980", "2011-12-31": "4.64770", "2010-12-31": "4.83190", "2009-12-31": "4.65720", "2008-12-31": "5.65230", "2007-12-31": "4.84540", "2006-12-31": "5.42560", "2005-12-31": "4.82520"}, "Days Sales In Receivables": {"2019-12-31": "66.41620", "2018-12-31": "67.54420", "2017-12-31": "71.84670", "2016-12-31": "67.88440", "2015-12-31": "69.43230", "2014-12-31": "69.46620", "2013-12-31": "70.00630", "2012-12-31": "80.93530", "2011-12-31": "78.53340", "2010-12-31": "75.53970", "2009-12-31": "78.37410", "2008-12-31": "64.57570", "2007-12-31": "75.32980", "2006-12-31": "67.27370", "2005-12-31": "75.64410"}, "ROE - Return On Equity": {"2019-12-31": "23.48700", "2018-12-31": "28.31780", "2017-12-31": "24.50640", "2016-12-31": "11.49540", "2015-12-31": "26.27740", "2014-12-31": "21.06360", "2013-12-31": "18.71870", "2012-12-31": "15.73350", "2011-12-31": "27.91640", "2010-12-31": "22.95850", "2009-12-31": "10.86180", "2008-12-31": "17.88480", "2007-12-31": "22.45240", "2006-12-31": "21.55490", "2005-12-31": "18.27710"}, "Return On Tangible Equity": {"2019-12-31": "-105.92660", "2018-12-31": "-102.29010", "2017-12-31": "-441.26980", "2016-12-31": "-88.28130", "2015-12-31": "-171.20820", "2014-12-31": "-117.10670", "2013-12-31": "114.33610", "2012-12-31": "142.85710", "2011-12-31": "-283.77580", "2010-12-31": "-571.42860", "2009-12-31": "-153.23740", "2008-12-31": "-100.00000", "2007-12-31": "45.91130", "2006-12-31": "51.94710", "2005-12-31": "39.88560"}, "ROA - Return On Assets": {"2019-12-31": "7.16630", "2018-12-31": "8.36720", "2017-12-31": "8.40490", "2016-12-31": "3.58250", "2015-12-31": "7.80040", "2014-12-31": "6.32450", "2013-12-31": "6.13380", "2012-12-31": "4.28270", "2011-12-31": "6.68890", "2010-12-31": "5.87650", "2009-12-31": "2.99160", "2008-12-31": "4.24550", "2007-12-31": "7.37980", "2006-12-31": "7.02290", "2005-12-31": "6.42780"}, "ROI - Return On Investment": {"2019-12-31": "12.76400", "2018-12-31": "14.73010", "2017-12-31": "14.17500", "2016-12-31": "6.49280", "2015-12-31": "14.64540", "2014-12-31": "12.60510", "2013-12-31": "11.35360", "2012-12-31": "8.84270", "2011-12-31": "13.70370", "2010-12-31": "11.17320", "2009-12-31": "6.08920", "2008-12-31": "9.60300", "2007-12-31": "17.41410", "2006-12-31": "15.94140", "2005-12-31": "13.21650"}, "Book Value Per Share": {"2019-12-31": "22.92520", "2018-12-31": "20.06270", "2017-12-31": "22.58200", "2016-12-31": "19.10000", "2015-12-31": "18.99380", "2014-12-31": "19.35910", "2013-12-31": "18.74560", "2012-12-31": "14.07210", "2011-12-31": "11.34380", "2010-12-31": "11.94960", "2009-12-31": "11.83690", "2008-12-31": "10.62430", "2007-12-31": "12.67090", "2006-12-31": "9.99500", "2005-12-31": "9.23600"}, "Operating Cash Flow Per Share": {"2019-12-31": 2.7542, "2018-12-31": -0.1042, "2017-12-31": 1.0298, "2016-12-31": -1.8738, "2015-12-31": 1.4612, "2014-12-31": -0.7066, "2013-12-31": 0.4108, "2012-12-31": 1.2536, "2011-12-31": 0.559, "2010-12-31": -0.1152, "2009-12-31": -0.2806, "2008-12-31": 1.1403, "2007-12-31": -0.1446, "2006-12-31": 0.2149, "2005-12-31": 3.1334}, "Free Cash Flow Per Share": {"2019-12-31": 2.5851, "2018-12-31": -0.2726, "2017-12-31": 1.0545, "2016-12-31": -1.7232, "2015-12-31": 1.9067, "2014-12-31": -1.0215, "2013-12-31": -0.2277, "2012-12-31": 1.1283, "2011-12-31": 0.4674, "2010-12-31": -0.37, "2009-12-31": 0.1491, "2008-12-31": 1.0106, "2007-12-31": -0.0728, "2006-12-31": -0.0673, "2005-12-31": 2.4517}}, "financial ratios, quarterly": {"Current Ratio": {"2020-09-30": "1.51790", "2020-06-30": "1.35210", "2020-03-31": "1.36020", "2019-12-31": "1.41030", "2019-09-30": "1.48910", "2019-06-30": "1.42520", "2019-03-31": "1.39690", "2018-12-31": "1.36310", "2018-09-30": "1.71400", "2018-06-30": "1.69980", "2018-03-31": "1.76430", "2017-12-31": "1.66290", "2017-09-30": "1.65400", "2017-06-30": "1.60890", "2017-03-31": "1.55530", "2016-12-31": "1.54570", "2016-09-30": "1.43880", "2016-06-30": "1.62450", "2016-03-31": "1.47450", "2015-12-31": "1.42960", "2015-09-30": "1.52870", "2015-06-30": "1.52830", "2015-03-31": "1.48420", "2014-12-31": "1.32160", "2014-09-30": "1.81740", "2014-06-30": "1.82080", "2014-03-31": "1.94660", "2013-12-31": "1.74460", "2013-09-30": "1.86150", "2013-06-30": "1.87770", "2013-03-31": "2.07300", "2012-12-31": "1.72940", "2012-09-30": "1.73210", "2012-06-30": "1.56650", "2012-03-31": "1.52350", "2011-12-31": "1.80820", "2011-09-30": "1.83210", "2011-06-30": "1.84570", "2011-03-31": "1.88960", "2010-12-31": "1.94700", "2010-09-30": "1.78970", "2010-06-30": "1.74500", "2010-03-31": "1.73260", "2009-12-31": "1.67210", "2009-09-30": "1.61490", "2009-06-30": "1.56560", "2009-03-31": "1.45340", "2008-12-31": "1.50780", "2008-09-30": "1.47210", "2008-06-30": "1.49440", "2008-03-31": "1.54700", "2007-12-31": "1.49850", "2007-09-30": "1.78630", "2007-06-30": "1.67150", "2007-03-31": "1.60360", "2006-12-31": "1.72410", "2006-09-30": "1.65110", "2006-06-30": "1.71230", "2006-03-31": "1.78070", "2005-12-31": "1.71090", "2005-09-30": "1.74430", "2005-06-30": "1.81680", "2005-03-31": "1.81340"}, "Long-term Debt / Capital": {"2020-09-30": "0.47090", "2020-06-30": "0.48300", "2020-03-31": "0.49550", "2019-12-31": "0.45650", "2019-09-30": "0.47710", "2019-06-30": "0.48300", "2019-03-31": "0.48010", "2018-12-31": "0.47980", "2018-09-30": "0.49730", "2018-06-30": "0.50320", "2018-03-31": "0.48740", "2017-12-31": "0.42160", "2017-09-30": "0.40490", "2017-06-30": "0.41080", "2017-03-31": "0.41930", "2016-12-31": "0.43520", "2016-09-30": "0.42290", "2016-06-30": "0.44890", "2016-03-31": "0.44610", "2015-12-31": "0.44270", "2015-09-30": "0.44990", "2015-06-30": "0.44550", "2015-03-31": "0.43820", "2014-12-31": "0.40160", "2014-09-30": "0.32250", "2014-06-30": "0.31880", "2014-03-31": "0.35650", "2013-12-31": "0.39350", "2013-09-30": "0.38060", "2013-06-30": "0.38760", "2013-03-31": "0.39950", "2012-12-31": "0.43800", "2012-09-30": "0.44880", "2012-06-30": "0.44650", "2012-03-31": "0.45940", "2011-12-31": "0.50910", "2011-09-30": "0.47890", "2011-06-30": "0.45730", "2011-03-31": "0.49990", "2010-12-31": "0.51330", "2010-09-30": "0.42770", "2010-06-30": "0.45330", "2010-03-31": "0.44610", "2009-12-31": "0.43940", "2009-09-30": "0.45220", "2009-06-30": "0.49540", "2009-03-31": "0.49860", "2008-12-31": "0.46310", "2008-09-30": "0.43380", "2008-06-30": "0.42660", "2008-03-31": "0.45410", "2007-12-31": "0.22440", "2007-09-30": "0.22780", "2007-06-30": "0.23800", "2007-03-31": "0.25210", "2006-12-31": "0.26040", "2006-09-30": "0.25550", "2006-06-30": "0.25590", "2006-03-31": "0.26750", "2005-12-31": "0.27690", "2005-09-30": "0.26250", "2005-06-30": "0.25820", "2005-03-31": "0.24260"}, "Debt/Equity Ratio": {"2020-09-30": "1.01460", "2020-06-30": "1.27600", "2020-03-31": "1.28320", "2019-12-31": "0.93500", "2019-09-30": "1.03160", "2019-06-30": "1.06020", "2019-03-31": "1.05370", "2018-12-31": "1.06000", "2018-09-30": "0.99210", "2018-06-30": "1.01750", "2018-03-31": "0.95450", "2017-12-31": "0.73100", "2017-09-30": "0.78290", "2017-06-30": "0.80510", "2017-03-31": "0.83640", "2016-12-31": "0.89850", "2016-09-30": "0.86000", "2016-06-30": "0.94090", "2016-03-31": "0.81250", "2015-12-31": "0.84970", "2015-09-30": "0.87610", "2015-06-30": "0.85900", "2015-03-31": "0.90030", "2014-12-31": "0.76240", "2014-09-30": "0.53960", "2014-06-30": "0.53520", "2014-03-31": "0.55710", "2013-12-31": "0.65530", "2013-09-30": "0.61940", "2013-06-30": "0.63740", "2013-03-31": "0.67470", "2012-12-31": "0.92780", "2012-09-30": "0.96830", "2012-06-30": "0.98260", "2012-03-31": "1.04010", "2011-12-31": "1.06850", "2011-09-30": "0.94520", "2011-06-30": "0.86850", "2011-03-31": "1.02350", "2010-12-31": "1.06210", "2010-09-30": "0.76430", "2010-06-30": "0.84530", "2010-03-31": "0.83480", "2009-12-31": "0.85310", "2009-09-30": "0.94720", "2009-06-30": "1.24760", "2009-03-31": "1.28370", "2008-12-31": "1.12120", "2008-09-30": "0.93890", "2008-06-30": "0.92040", "2008-03-31": "1.01600", "2007-12-31": "0.72750", "2007-09-30": "0.33950", "2007-06-30": "0.37100", "2007-03-31": "0.42610", "2006-12-31": "0.39480", "2006-09-30": "0.37700", "2006-06-30": "0.38400", "2006-03-31": "0.39200", "2005-12-31": "0.41600", "2005-09-30": "0.37760", "2005-06-30": "0.39610", "2005-03-31": "0.36570"}, "Gross Margin": {"2020-09-30": "45.02040", "2020-06-30": "43.51580", "2020-03-31": "43.50020", "2019-12-31": "42.51090", "2019-09-30": "42.99530", "2019-06-30": "43.14120", "2019-03-31": "42.79800", "2018-12-31": "39.97260", "2018-09-30": "40.97460", "2018-06-30": "42.41100", "2018-03-31": "42.31690", "2017-12-31": "42.42260", "2017-09-30": "44.27970", "2017-06-30": "45.24190", "2017-03-31": "45.43890", "2016-12-31": "45.82830", "2016-09-30": "45.95630", "2016-06-30": "47.43520", "2016-03-31": "45.82390", "2015-12-31": "49.56430", "2015-09-30": "44.99330", "2015-06-30": "44.31710", "2015-03-31": "43.61010", "2014-12-31": "45.12430", "2014-09-30": "43.35450", "2014-06-30": "43.50810", "2014-03-31": "42.49180", "2013-12-31": "42.05710", "2013-09-30": "42.73980", "2013-06-30": "41.72030", "2013-03-31": "40.09010", "2012-12-31": "33.63670", "2012-09-30": "41.81340", "2012-06-30": "41.43990", "2012-03-31": "41.61420", "2011-12-31": "37.90160", "2011-09-30": "38.86720", "2011-06-30": "39.36280", "2011-03-31": "39.79620", "2010-12-31": "38.26580", "2010-09-30": "39.07520", "2010-06-30": "39.96530", "2010-03-31": "37.81190", "2009-12-31": "37.93330", "2009-09-30": "38.32560", "2009-06-30": "39.06900", "2009-03-31": "38.26810", "2008-12-31": "36.35510", "2008-09-30": "36.07100", "2008-06-30": "36.76800", "2008-03-31": "34.47750", "2007-12-31": "34.43450", "2007-09-30": "36.64170", "2007-06-30": "36.57690", "2007-03-31": "36.28420", "2006-12-31": "34.58950", "2006-09-30": "37.10060", "2006-06-30": "38.13740", "2006-03-31": "35.89840", "2005-12-31": "34.09180", "2005-09-30": "36.63130", "2005-06-30": "37.87650", "2005-03-31": "37.50500"}, "Operating Margin": {"2020-09-30": "16.25510", "2020-06-30": "5.70480", "2020-03-31": "9.68320", "2019-12-31": "11.51960", "2019-09-30": "13.48670", "2019-06-30": "9.66700", "2019-03-31": "12.19650", "2018-12-31": "10.28810", "2018-09-30": "12.49670", "2018-06-30": "11.74050", "2018-03-31": "12.13970", "2017-12-31": "11.32540", "2017-09-30": "14.48620", "2017-06-30": "16.29860", "2017-03-31": "14.05620", "2016-12-31": "8.46530", "2016-09-30": "15.32790", "2016-06-30": "16.92230", "2016-03-31": "13.74150", "2015-12-31": "12.34570", "2015-09-30": "15.14090", "2015-06-30": "11.58540", "2015-03-31": "12.12450", "2014-12-31": "10.58000", "2014-09-30": "13.36720", "2014-06-30": "13.47380", "2014-03-31": "11.16610", "2013-12-31": "9.40000", "2013-09-30": "9.93640", "2013-06-30": "11.79500", "2013-03-31": "9.33080", "2012-12-31": "3.02030", "2012-09-30": "12.58800", "2012-06-30": "12.89680", "2012-03-31": "4.14040", "2011-12-31": "8.72900", "2011-09-30": "12.10700", "2011-06-30": "12.81990", "2011-03-31": "11.01050", "2010-12-31": "8.99670", "2010-09-30": "11.56070", "2010-06-30": "12.29030", "2010-03-31": "7.61360", "2009-12-31": "6.41850", "2009-09-30": "8.96120", "2009-06-30": "8.66770", "2009-03-31": "-1.76070", "2008-12-31": "5.83440", "2008-09-30": "5.46750", "2008-06-30": "9.52170", "2008-03-31": "5.52750", "2007-12-31": "9.22620", "2007-09-30": "11.09670", "2007-06-30": "12.67830", "2007-03-31": "10.63830", "2006-12-31": "9.38760", "2006-09-30": "12.10060", "2006-06-30": "14.44760", "2006-03-31": "10.84160", "2005-12-31": "10.37920", "2005-09-30": "12.83860", "2005-06-30": "14.15660", "2005-03-31": "12.55520"}, "EBIT Margin": {"2020-09-30": "16.25510", "2020-06-30": "5.70480", "2020-03-31": "9.68320", "2019-12-31": "11.51960", "2019-09-30": "13.48670", "2019-06-30": "9.66700", "2019-03-31": "12.19650", "2018-12-31": "10.28810", "2018-09-30": "12.49670", "2018-06-30": "11.74050", "2018-03-31": "12.13970", "2017-12-31": "11.32540", "2017-09-30": "14.48620", "2017-06-30": "16.29860", "2017-03-31": "14.05620", "2016-12-31": "8.46530", "2016-09-30": "15.32790", "2016-06-30": "16.92230", "2016-03-31": "13.74150", "2015-12-31": "12.34570", "2015-09-30": "15.14090", "2015-06-30": "11.58540", "2015-03-31": "12.12450", "2014-12-31": "10.58000", "2014-09-30": "13.36720", "2014-06-30": "13.47380", "2014-03-31": "11.16610", "2013-12-31": "9.40000", "2013-09-30": "9.93640", "2013-06-30": "11.79500", "2013-03-31": "9.33080", "2012-12-31": "3.02030", "2012-09-30": "12.58800", "2012-06-30": "12.89680", "2012-03-31": "4.14040", "2011-12-31": "8.72900", "2011-09-30": "12.10700", "2011-06-30": "12.81990", "2011-03-31": "11.01050", "2010-12-31": "8.99670", "2010-09-30": "11.56070", "2010-06-30": "12.29030", "2010-03-31": "7.61360", "2009-12-31": "6.41850", "2009-09-30": "8.96120", "2009-06-30": "8.66770", "2009-03-31": "-1.76070", "2008-12-31": "5.83440", "2008-09-30": "5.46750", "2008-06-30": "9.52170", "2008-03-31": "5.52750", "2007-12-31": "9.22620", "2007-09-30": "11.09670", "2007-06-30": "12.67830", "2007-03-31": "10.63830", "2006-12-31": "9.38760", "2006-09-30": "12.10060", "2006-06-30": "14.44760", "2006-03-31": "10.84160", "2005-12-31": "10.37920", "2005-09-30": "12.83860", "2005-06-30": "14.15660", "2005-03-31": "12.55520"}, "EBITDA Margin": {"2020-09-30": "", "2020-06-30": "", "2020-03-31": "", "2019-12-31": "", "2019-09-30": "", "2019-06-30": "", "2019-03-31": "", "2018-12-31": "", "2018-09-30": "", "2018-06-30": "", "2018-03-31": "", "2017-12-31": "", "2017-09-30": "", "2017-06-30": "", "2017-03-31": "", "2016-12-31": "", "2016-09-30": "", "2016-06-30": "", "2016-03-31": "", "2015-12-31": "", "2015-09-30": "", "2015-06-30": "", "2015-03-31": "", "2014-12-31": "", "2014-09-30": "", "2014-06-30": "", "2014-03-31": "", "2013-12-31": "", "2013-09-30": "", "2013-06-30": "", "2013-03-31": "", "2012-12-31": "", "2012-09-30": "", "2012-06-30": "", "2012-03-31": "", "2011-12-31": "", "2011-09-30": "", "2011-06-30": "", "2011-03-31": "", "2010-12-31": "", "2010-09-30": "", "2010-06-30": "", "2010-03-31": "", "2009-12-31": "", "2009-09-30": "", "2009-06-30": "", "2009-03-31": "", "2008-12-31": "", "2008-09-30": "", "2008-06-30": "", "2008-03-31": "", "2007-12-31": "", "2007-09-30": "", "2007-06-30": "", "2007-03-31": "", "2006-12-31": "", "2006-09-30": "", "2006-06-30": "", "2006-03-31": "", "2005-12-31": "", "2005-09-30": "", "2005-06-30": "", "2005-03-31": ""}, "Pre-Tax Profit Margin": {"2020-09-30": "15.52240", "2020-06-30": "4.17910", "2020-03-31": "9.44630", "2019-12-31": "10.83880", "2019-09-30": "12.57190", "2019-06-30": "9.02090", "2019-03-31": "11.56180", "2018-12-31": "9.38270", "2018-09-30": "11.81560", "2018-06-30": "11.59530", "2018-03-31": "11.13460", "2017-12-31": "10.23900", "2017-09-30": "13.85060", "2017-06-30": "17.32390", "2017-03-31": "12.79400", "2016-12-31": "3.62360", "2016-09-30": "-11.63930", "2016-06-30": "16.65790", "2016-03-31": "12.86680", "2015-12-31": "11.22000", "2015-09-30": "14.87250", "2015-06-30": "11.02440", "2015-03-31": "11.74220", "2014-12-31": "-1.56150", "2014-09-30": "12.68110", "2014-06-30": "12.83690", "2014-03-31": "10.23100", "2013-12-31": "9.02860", "2013-09-30": "6.54480", "2013-06-30": "10.86790", "2013-03-31": "7.75420", "2012-12-31": "1.94460", "2012-09-30": "11.79580", "2012-06-30": "12.07480", "2012-03-31": "-1.41010", "2011-12-31": "8.07510", "2011-09-30": "12.00310", "2011-06-30": "12.54390", "2011-03-31": "9.93490", "2010-12-31": "8.61200", "2010-09-30": "11.15610", "2010-06-30": "11.91440", "2010-03-31": "6.58990", "2009-12-31": "6.41850", "2009-09-30": "8.52710", "2009-06-30": "8.12200", "2009-03-31": "-3.98850", "2008-12-31": "4.01510", "2008-09-30": "4.80470", "2008-06-30": "8.80640", "2008-03-31": "4.61890", "2007-12-31": "9.82140", "2007-09-30": "10.93390", "2007-06-30": "12.61490", "2007-03-31": "9.53650", "2006-12-31": "9.35400", "2006-09-30": "4.03350", "2006-06-30": "14.34140", "2006-03-31": "10.19710", "2005-12-31": "7.46510", "2005-09-30": "10.01180", "2005-06-30": "13.55420", "2005-03-31": "5.81630"}, "Net Profit Margin": {"2020-09-30": "11.99460", "2020-06-30": "3.38310", "2020-03-31": "7.19570", "2019-12-31": "7.95210", "2019-09-30": "9.59230", "2019-06-30": "6.75940", "2019-03-31": "8.60930", "2018-12-31": "7.07820", "2018-09-30": "9.90310", "2018-06-30": "8.98090", "2018-03-31": "8.83360", "2017-12-31": "4.10100", "2017-09-30": "16.15470", "2017-06-30": "13.03890", "2017-03-31": "9.66720", "2016-12-31": "10.35320", "2016-09-30": "-5.02730", "2016-06-30": "9.78320", "2016-03-31": "9.79120", "2015-12-31": "11.40160", "2015-09-30": "11.62420", "2015-06-30": "8.21950", "2015-03-31": "8.79300", "2014-12-31": "2.64500", "2014-09-30": "9.42820", "2014-06-30": "9.45610", "2014-03-31": "34.70850", "2013-12-31": "7.25710", "2013-09-30": "5.98830", "2013-06-30": "8.78190", "2013-03-31": "77.54180", "2012-12-31": "9.39180", "2012-09-30": "9.94720", "2012-06-30": "10.26080", "2012-03-31": "0.39000", "2011-12-31": "6.14160", "2011-09-30": "8.08000", "2011-06-30": "8.52990", "2011-03-31": "6.45340", "2010-12-31": "6.06690", "2010-09-30": "7.57230", "2010-06-30": "7.86580", "2010-03-31": "0.95970", "2009-12-31": "4.55710", "2009-09-30": "4.93020", "2009-06-30": "4.68700", "2009-03-31": "-3.98850", "2008-12-31": "2.22710", "2008-09-30": "2.76920", "2008-06-30": "5.58780", "2008-03-31": "2.52400", "2007-12-31": "5.95240", "2007-09-30": "6.21540", "2007-06-30": "7.89220", "2007-03-31": "7.37080", "2006-12-31": "5.28260", "2006-09-30": "3.59420", "2006-06-30": "9.91500", "2006-03-31": "6.97500", "2005-12-31": "4.51100", "2005-09-30": "6.16410", "2005-06-30": "8.69730", "2005-03-31": "3.81070"}, "Asset Turnover": {"2020-09-30": "0.20140", "2020-06-30": "0.16590", "2020-03-31": "0.18690", "2019-12-31": "0.20740", "2019-09-30": "0.21180", "2019-06-30": "0.22410", "2019-03-31": "0.20860", "2018-12-31": "0.22760", "2018-09-30": "0.22830", "2018-06-30": "0.24600", "2018-03-31": "0.21550", "2017-12-31": "0.22260", "2017-09-30": "0.21440", "2017-06-30": "0.22410", "2017-03-31": "0.21580", "2016-12-31": "0.20820", "2016-09-30": "0.22200", "2016-06-30": "0.21930", "2016-03-31": "0.20470", "2015-12-31": "0.16130", "2015-09-30": "0.21200", "2015-06-30": "0.23300", "2015-03-31": "0.21080", "2014-12-31": "0.17900", "2014-09-30": "0.23030", "2014-06-30": "0.23600", "2014-03-31": "0.21240", "2013-12-31": "0.22060", "2013-09-30": "0.22680", "2013-06-30": "0.24170", "2013-03-31": "0.20210", "2012-12-31": "0.15220", "2012-09-30": "0.21840", "2012-06-30": "0.23810", "2012-03-31": "0.22470", "2011-12-31": "0.24450", "2011-09-30": "0.26470", "2011-06-30": "0.26110", "2011-03-31": "0.23390", "2010-12-31": "0.22560", "2010-09-30": "0.24500", "2010-06-30": "0.25870", "2010-03-31": "0.22720", "2009-12-31": "0.21880", "2009-09-30": "0.22140", "2009-06-30": "0.21390", "2009-03-31": "0.20460", "2008-12-31": "0.21690", "2008-09-30": "0.28080", "2008-06-30": "0.27610", "2008-03-31": "0.24920", "2007-12-31": "0.26610", "2007-09-30": "0.28170", "2007-06-30": "0.29530", "2007-03-31": "0.25440", "2006-12-31": "0.29520", "2006-09-30": "0.25620", "2006-06-30": "0.29720", "2006-03-31": "0.29580", "2005-12-31": "0.28860", "2005-09-30": "0.28960", "2005-06-30": "0.30220", "2005-03-31": "0.27630"}, "Inventory Turnover Ratio": {"2020-09-30": "1.21170", "2020-06-30": "0.99820", "2020-03-31": "1.02640", "2019-12-31": "1.23450", "2019-09-30": "1.17260", "2019-06-30": "1.17640", "2019-03-31": "1.05500", "2018-12-31": "1.22710", "2018-09-30": "1.14830", "2018-06-30": "1.21630", "2018-03-31": "1.11110", "2017-12-31": "1.22540", "2017-09-30": "1.16570", "2017-06-30": "1.17950", "2017-03-31": "1.10130", "2016-12-31": "1.17500", "2016-09-30": "1.18020", "2016-06-30": "1.10260", "2016-03-31": "1.03060", "2015-12-31": "0.83730", "2015-09-30": "1.11300", "2015-06-30": "1.22680", "2015-03-31": "1.09780", "2014-12-31": "0.94360", "2014-09-30": "1.17010", "2014-06-30": "1.17410", "2014-03-31": "1.08400", "2013-12-31": "1.11180", "2013-09-30": "1.15070", "2013-06-30": "1.21540", "2013-03-31": "1.09660", "2012-12-31": "0.95080", "2012-09-30": "1.11590", "2012-06-30": "1.16390", "2012-03-31": "1.06340", "2011-12-31": "1.35910", "2011-09-30": "1.35460", "2011-06-30": "1.32730", "2011-03-31": "1.21200", "2010-12-31": "1.32610", "2010-09-30": "1.28690", "2010-06-30": "1.34720", "2010-03-31": "1.21580", "2009-12-31": "1.24940", "2009-09-30": "1.20110", "2009-06-30": "1.13520", "2009-03-31": "1.02440", "2008-12-31": "1.19210", "2008-09-30": "1.48570", "2008-06-30": "1.33190", "2008-03-31": "1.31310", "2007-12-31": "1.43800", "2007-09-30": "1.40580", "2007-06-30": "1.35200", "2007-03-31": "1.14940", "2006-12-31": "1.61600", "2006-09-30": "1.14380", "2006-06-30": "1.37230", "2006-03-31": "1.41510", "2005-12-31": "1.47540", "2005-09-30": "1.44620", "2005-06-30": "1.49320", "2005-03-31": "1.37880"}, "Receiveable Turnover": {"2020-09-30": "1.29620", "2020-06-30": "1.12790", "2020-03-31": "1.20440", "2019-12-31": "1.33240", "2019-09-30": "1.26350", "2019-06-30": "1.20770", "2019-03-31": "1.13360", "2018-12-31": "1.28120", "2018-09-30": "1.18650", "2018-06-30": "1.20160", "2018-03-31": "1.13100", "2017-12-31": "1.26830", "2017-09-30": "1.19680", "2017-06-30": "1.19210", "2017-03-31": "1.14030", "2016-12-31": "1.23740", "2016-09-30": "1.23570", "2016-06-30": "1.21690", "2016-03-31": "1.14100", "2015-12-31": "1.01660", "2015-09-30": "1.21650", "2015-06-30": "1.24770", "2015-03-31": "1.23670", "2014-12-31": "1.11470", "2014-09-30": "1.32580", "2014-06-30": "1.28200", "2014-03-31": "1.20560", "2013-12-31": "1.27920", "2013-09-30": "1.20880", "2013-06-30": "1.20480", "2013-03-31": "1.10060", "2012-12-31": "0.85920", "2012-09-30": "1.06830", "2012-06-30": "1.06590", "2012-03-31": "1.03000", "2011-12-31": "1.24280", "2011-09-30": "1.24640", "2011-06-30": "1.19160", "2011-03-31": "1.13020", "2010-12-31": "1.21630", "2010-09-30": "1.16970", "2010-06-30": "1.24340", "2010-03-31": "1.11290", "2009-12-31": "1.18570", "2009-09-30": "1.13040", "2009-06-30": "1.09410", "2009-03-31": "1.02580", "2008-12-31": "1.13690", "2008-09-30": "1.22360", "2008-06-30": "1.14510", "2008-03-31": "1.15410", "2007-12-31": "1.33230", "2007-09-30": "1.23070", "2007-06-30": "1.22140", "2007-03-31": "1.08130", "2006-12-31": "1.47420", "2006-09-30": "1.11790", "2006-06-30": "1.25620", "2006-03-31": "1.29440", "2005-12-31": "1.33890", "2005-09-30": "1.29420", "2005-06-30": "1.33670", "2005-03-31": "1.29840"}, "Days Sales In Receivables": {"2020-09-30": "69.43560", "2020-06-30": "79.79110", "2020-03-31": "74.72910", "2019-12-31": "67.54900", "2019-09-30": "71.22840", "2019-06-30": "74.52290", "2019-03-31": "79.39570", "2018-12-31": "70.24690", "2018-09-30": "75.85280", "2018-06-30": "74.90200", "2018-03-31": "79.57420", "2017-12-31": "70.95870", "2017-09-30": "75.19860", "2017-06-30": "75.49690", "2017-03-31": "78.92430", "2016-12-31": "72.73450", "2016-09-30": "72.83610", "2016-06-30": "73.96090", "2016-03-31": "78.87700", "2015-12-31": "88.52940", "2015-09-30": "73.98120", "2015-06-30": "72.13170", "2015-03-31": "72.77170", "2014-12-31": "80.73620", "2014-09-30": "67.88310", "2014-06-30": "70.20090", "2014-03-31": "74.65350", "2013-12-31": "70.35430", "2013-09-30": "74.45150", "2013-06-30": "74.70260", "2013-03-31": "81.77610", "2012-12-31": "104.74560", "2012-09-30": "84.24300", "2012-06-30": "84.43880", "2012-03-31": "87.38070", "2011-12-31": "72.41970", "2011-09-30": "72.20580", "2011-06-30": "75.52690", "2011-03-31": "79.63200", "2010-12-31": "73.99230", "2010-09-30": "76.94220", "2010-06-30": "72.38000", "2010-03-31": "80.87330", "2009-12-31": "75.90500", "2009-09-30": "79.61860", "2009-06-30": "82.25680", "2009-03-31": "87.73630", "2008-12-31": "79.15930", "2008-09-30": "73.55500", "2008-06-30": "78.59410", "2008-03-31": "77.98330", "2007-12-31": "67.55360", "2007-09-30": "73.13050", "2007-06-30": "73.68300", "2007-03-31": "83.22950", "2006-12-31": "61.04980", "2006-09-30": "80.51120", "2006-06-30": "71.64310", "2006-03-31": "69.53000", "2005-12-31": "67.22160", "2005-09-30": "69.54060", "2005-06-30": "67.33060", "2005-03-31": "69.31410"}, "ROE - Return On Equity": {"2020-09-30": "8.25960", "2020-06-30": "1.96440", "2020-03-31": "5.12710", "2019-12-31": "5.60800", "2019-09-30": "6.94680", "2019-06-30": "5.34030", "2019-03-31": "6.32730", "2018-12-31": "5.47340", "2018-09-30": "7.32570", "2018-06-30": "7.52560", "2018-03-31": "6.10940", "2017-12-31": "2.69750", "2017-09-30": "6.63890", "2017-06-30": "8.75330", "2017-03-31": "6.35640", "2016-12-31": "1.66840", "2016-09-30": "-4.02270", "2016-06-30": "6.35010", "2016-03-31": "6.55490", "2015-12-31": "4.79380", "2015-09-30": "8.10240", "2015-06-30": "6.50680", "2015-03-31": "6.32030", "2014-12-31": "0.83570", "2014-09-30": "6.17240", "2014-06-30": "6.31230", "2014-03-31": "4.64770", "2013-12-31": "4.71340", "2013-09-30": "3.77670", "2013-06-30": "6.11210", "2013-03-31": "3.90800", "2012-12-31": "1.34200", "2012-09-30": "7.50240", "2012-06-30": "8.92520", "2012-03-31": "-0.45510", "2011-12-31": "6.93560", "2011-09-30": "8.75580", "2011-06-30": "8.67540", "2011-03-31": "6.48310", "2010-12-31": "5.94830", "2010-09-30": "7.11850", "2010-06-30": "8.27150", "2010-03-31": "1.55710", "2009-12-31": "4.15600", "2009-09-30": "4.95450", "2009-06-30": "5.01780", "2009-03-31": "-3.03030", "2008-12-31": "4.49990", "2008-09-30": "2.78310", "2008-06-30": "5.40660", "2008-03-31": "2.28620", "2007-12-31": "7.05850", "2007-09-30": "5.32100", "2007-06-30": "6.78430", "2007-03-31": "5.12220", "2006-12-31": "5.27440", "2006-09-30": "2.00980", "2006-06-30": "8.05290", "2006-03-31": "5.72500", "2005-12-31": "3.70130", "2005-09-30": "4.73180", "2005-06-30": "6.76820", "2005-03-31": "2.67680"}, "Return On Tangible Equity": {"2020-09-30": "-48.43240", "2020-06-30": "-7.54860", "2020-03-31": "-18.73110", "2019-12-31": "-25.29220", "2019-09-30": "-34.99530", "2019-06-30": "-22.96850", "2019-03-31": "-28.48160", "2018-12-31": "-19.77100", "2018-09-30": "-43.00580", "2018-06-30": "-40.62840", "2018-03-31": "-43.66010", "2017-12-31": "-48.57140", "2017-09-30": "1330.00000", "2017-06-30": "-220.17540", "2017-03-31": "-65.36960", "2016-12-31": "-12.81250", "2016-09-30": "31.54670", "2016-06-30": "-142.56200", "2016-03-31": "-51.72930", "2015-12-31": "-31.23390", "2015-09-30": "-62.74220", "2015-06-30": "-54.72000", "2015-03-31": "-49.39390", "2014-12-31": "-4.64630", "2014-09-30": "18.83920", "2014-06-30": "19.56840", "2014-03-31": "15.77480", "2013-12-31": "28.78970", "2013-09-30": "19.04320", "2013-06-30": "32.72730", "2013-03-31": "14.99240", "2012-12-31": "12.18490", "2012-09-30": "86.11110", "2012-06-30": "-911.11110", "2012-03-31": "4.63770", "2011-12-31": "-70.50150", "2011-09-30": "1005.88200", "2011-06-30": "271.53280", "2011-03-31": "-253.92160", "2010-12-31": "-148.05200", "2010-09-30": "365.00000", "2010-06-30": "-240.80000", "2010-03-31": "-24.48130", "2009-12-31": "-58.63310", "2009-09-30": "-35.57690", "2009-06-30": "-21.83460", "2009-03-31": "9.79550", "2008-12-31": "-25.16030", "2008-09-30": "-172.05880", "2008-06-30": "1000.00000", "2008-03-31": "-50.25130", "2007-12-31": "14.43350", "2007-09-30": "11.14020", "2007-06-30": "15.80280", "2007-03-31": "13.09520", "2006-12-31": "12.71120", "2006-09-30": "4.55730", "2006-06-30": "16.66670", "2006-03-31": "11.87860", "2005-12-31": "8.07720", "2005-09-30": "9.41250", "2005-06-30": "13.13250", "2005-03-31": "5.08290"}, "ROA - Return On Assets": {"2020-09-30": "2.44810", "2020-06-30": "0.53380", "2020-03-31": "1.37290", "2019-12-31": "1.71110", "2019-09-30": "2.05930", "2019-06-30": "1.54270", "2019-03-31": "1.82490", "2018-12-31": "1.61720", "2018-09-30": "2.22510", "2018-06-30": "2.23290", "2018-03-31": "1.90380", "2017-12-31": "0.92510", "2017-09-30": "2.26510", "2017-06-30": "2.95690", "2017-03-31": "2.08000", "2016-12-31": "0.51990", "2016-09-30": "-1.24920", "2016-06-30": "2.00020", "2016-03-31": "1.98670", "2015-12-31": "1.42310", "2015-09-30": "2.39560", "2015-06-30": "1.94360", "2015-03-31": "1.87700", "2014-12-31": "0.25090", "2014-09-30": "2.24150", "2014-06-30": "2.30640", "2014-03-31": "1.65330", "2013-12-31": "1.54450", "2013-09-30": "1.24410", "2013-06-30": "2.01670", "2013-03-31": "1.28120", "2012-12-31": "0.36530", "2012-09-30": "1.98640", "2012-06-30": "2.21370", "2012-03-31": "-0.10790", "2011-12-31": "1.66180", "2011-09-30": "2.35160", "2011-06-30": "2.43660", "2011-03-31": "1.71490", "2010-12-31": "1.52250", "2010-09-30": "2.06800", "2010-06-30": "2.25200", "2010-03-31": "0.42890", "2009-12-31": "1.14470", "2009-09-30": "1.26980", "2009-06-30": "1.16030", "2009-03-31": "-0.66900", "2008-12-31": "1.06820", "2008-09-30": "0.77760", "2008-06-30": "1.54250", "2008-03-31": "0.62900", "2007-12-31": "2.32010", "2007-09-30": "1.95290", "2007-06-30": "2.33990", "2007-03-31": "1.70130", "2006-12-31": "1.71850", "2006-09-30": "0.71630", "2006-06-30": "2.94670", "2006-03-31": "2.06320", "2005-12-31": "1.30170", "2005-09-30": "1.78530", "2005-06-30": "2.62800", "2005-03-31": "1.05300"}, "ROI - Return On Investment": {"2020-09-30": "4.36990", "2020-06-30": "1.01560", "2020-03-31": "2.58660", "2019-12-31": "3.04770", "2019-09-30": "3.63280", "2019-06-30": "2.76120", "2019-03-31": "3.28970", "2018-12-31": "2.84710", "2018-09-30": "3.68280", "2018-06-30": "3.73840", "2018-03-31": "3.13140", "2017-12-31": "1.56030", "2017-09-30": "3.95090", "2017-06-30": "5.15770", "2017-03-31": "3.69110", "2016-12-31": "0.94230", "2016-09-30": "-2.32170", "2016-06-30": "3.49930", "2016-03-31": "3.63100", "2015-12-31": "2.67180", "2015-09-30": "4.45690", "2015-06-30": "3.60840", "2015-03-31": "3.55080", "2014-12-31": "0.50010", "2014-09-30": "4.18170", "2014-06-30": "4.30000", "2014-03-31": "2.99090", "2013-12-31": "2.85880", "2013-09-30": "2.33920", "2013-06-30": "3.74310", "2013-03-31": "2.34690", "2012-12-31": "0.75420", "2012-09-30": "4.13500", "2012-06-30": "4.94050", "2012-03-31": "-0.24600", "2011-12-31": "3.40460", "2011-09-30": "4.56240", "2011-06-30": "4.70830", "2011-03-31": "3.24240", "2010-12-31": "2.89490", "2010-09-30": "4.07370", "2010-06-30": "4.52220", "2010-03-31": "0.86260", "2009-12-31": "2.32990", "2009-09-30": "2.71420", "2009-06-30": "2.53220", "2009-03-31": "-1.51950", "2008-12-31": "2.41610", "2008-09-30": "1.57580", "2008-06-30": "3.10020", "2008-03-31": "1.24800", "2007-12-31": "5.47460", "2007-09-30": "4.10880", "2007-06-30": "5.16960", "2007-03-31": "3.83110", "2006-12-31": "3.90080", "2006-09-30": "1.49640", "2006-06-30": "5.99190", "2006-03-31": "4.19330", "2005-12-31": "2.67650", "2005-09-30": "3.48970", "2005-06-30": "5.02060", "2005-03-31": "2.02730"}, "Book Value Per Share": {"2020-09-30": "22.96320", "2020-06-30": "20.92580", "2020-03-31": "20.50250", "2019-12-31": "22.92520", "2019-09-30": "22.64630", "2019-06-30": "21.95160", "2019-03-31": "21.22340", "2018-12-31": "20.06270", "2018-09-30": "21.16850", "2018-06-30": "20.58940", "2018-03-31": "22.45410", "2017-12-31": "22.58200", "2017-09-30": "23.61720", "2017-06-30": "22.36040", "2017-03-31": "20.63260", "2016-12-31": "19.10000", "2016-09-30": "19.39810", "2016-06-30": "20.40320", "2016-03-31": "19.72470", "2015-12-31": "18.99380", "2015-09-30": "19.29670", "2015-06-30": "19.41480", "2015-03-31": "18.97360", "2014-12-31": "19.35910", "2014-09-30": "22.60720", "2014-06-30": "22.92960", "2014-03-31": "22.02010", "2013-12-31": "18.74560", "2013-09-30": "19.29620", "2013-06-30": "18.54690", "2013-03-31": "17.66960", "2012-12-31": "14.07210", "2012-09-30": "13.47250", "2012-06-30": "12.03430", "2012-03-31": "11.54400", "2011-12-31": "11.34380", "2011-09-30": "12.64720", "2011-06-30": "13.61110", "2011-03-31": "12.63030", "2010-12-31": "11.94960", "2010-09-30": "12.58140", "2010-06-30": "11.01730", "2010-03-31": "11.39020", "2009-12-31": "11.83690", "2009-09-30": "11.18060", "2009-06-30": "10.21160", "2009-03-31": "9.12750", "2008-12-31": "10.62430", "2008-09-30": "12.80060", "2008-06-30": "14.08700", "2008-03-31": "13.32760", "2007-12-31": "12.67090", "2007-09-30": "12.22340", "2007-06-30": "11.23120", "2007-03-31": "10.46460", "2006-12-31": "9.99500", "2006-09-30": "10.53780", "2006-06-30": "10.52530", "2006-03-31": "9.70220", "2005-12-31": "9.23600", "2005-09-30": "9.93250", "2005-06-30": "10.04440", "2005-03-31": "10.33720"}, "Operating Cash Flow Per Share": {"2020-09-30": 3.5376, "2020-06-30": 2.0241, "2020-03-31": "-0.66890", "2019-12-31": 3.4031, "2019-09-30": 3.3064, "2019-06-30": 2.3, "2019-03-31": "-0.27730", "2018-12-31": 3.2399, "2018-09-30": 2.2064, "2018-06-30": 1.4386, "2018-03-31": "-0.90690", "2017-12-31": 2.0853, "2017-09-30": 2.2749, "2017-06-30": 1.6873, "2017-03-31": "0.03470", "2016-12-31": 2.1384, "2016-09-30": 2.9177, "2016-06-30": -0.2969, "2016-03-31": "0.29320", "2015-12-31": 3.3158, "2015-09-30": 2.9333, "2015-06-30": 2.2337, "2015-03-31": "-1.55660", "2014-12-31": 1.7535, "2014-09-30": 2.2804, "2014-06-30": 0.8519, "2014-03-31": "0.57920", "2013-12-31": 1.7479, "2013-09-30": 2.7203, "2013-06-30": 2.0047, "2013-03-31": "-0.30130", "2012-12-31": 2.42, "2012-09-30": 1.9408, "2012-06-30": 1.4065, "2012-03-31": "-0.00650", "2011-12-31": 2.1589, "2011-09-30": 1.6636, "2011-06-30": 1.266, "2011-03-31": "-0.48000", "2010-12-31": 1.8621, "2010-09-30": 1.0086, "2010-06-30": 1.2631, "2010-03-31": "-0.16170", "2009-12-31": 1.7742, "2009-09-30": 1.9668, "2009-06-30": 1.2074, "2009-03-31": "-0.88500", "2008-12-31": 1.7232, "2008-09-30": 1.407, "2008-06-30": 1.0659, "2008-03-31": "0.14790", "2007-12-31": 1.5561, "2007-09-30": 0.9715, "2007-06-30": 0.9775, "2007-03-31": "-0.30140", "2006-12-31": 1.3417, "2006-09-30": 1.009, "2006-06-30": 0.8925, "2006-03-31": "0.10510", "2005-12-31": 1.0988, "2005-09-30": 1.3237, "2005-06-30": 0.3804, "2005-03-31": "0.40180"}, "Free Cash Flow Per Share": {"2020-09-30": 3.2102, "2020-06-30": 1.7926, "2020-03-31": "-0.82460", "2019-12-31": 2.6084, "2019-09-30": 2.9254, "2019-06-30": 1.9393, "2019-03-31": "-0.47480", "2018-12-31": 2.6029, "2018-09-30": 1.7575, "2018-06-30": 1.2581, "2018-03-31": "-1.20530", "2017-12-31": 1.4906, "2017-09-30": 1.9944, "2017-06-30": 1.4089, "2017-03-31": "-0.20810", "2016-12-31": 1.6148, "2016-09-30": 2.5739, "2016-06-30": -0.5908, "2016-03-31": "0.03340", "2015-12-31": 2.7035, "2015-09-30": 2.5636, "2015-06-30": 1.9053, "2015-03-31": "-1.81790", "2014-12-31": 0.8172, "2014-09-30": 2.0275, "2014-06-30": 0.3899, "2014-03-31": "0.21320", "2013-12-31": 0.9082, "2013-09-30": 2.3714, "2013-06-30": 1.7043, "2013-03-31": "-0.51460", "2012-12-31": 1.8835, "2012-09-30": 1.7425, "2012-06-30": 1.1681, "2012-03-31": "-0.09710", "2011-12-31": 1.8425, "2011-09-30": 1.3822, "2011-06-30": 1.0242, "2011-03-31": "-0.60000", "2010-12-31": 1.4061, "2010-09-30": 0.8647, "2010-06-30": 1.1218, "2010-03-31": "-0.27250", "2009-12-31": 1.5737, "2009-09-30": 1.8368, "2009-06-30": 1.0979, "2009-03-31": "-1.03710", "2008-12-31": 1.3143, "2008-09-30": 1.1474, "2008-06-30": 0.8575, "2008-03-31": "0.00300", "2007-12-31": 1.3447, "2007-09-30": 0.7566, "2007-06-30": 0.7618, "2007-03-31": "-0.55150", "2006-12-31": 0.9481, "2006-09-30": 0.7922, "2006-06-30": 0.7102, "2006-03-31": "-0.06610", "2005-12-31": 0.8987, "2005-09-30": 1.1453, "2005-06-30": 0.2281, "2005-03-31": "0.23540"}}, "revenue": {"PPG Industries Annual Revenue (Millions of US $)": {"2020": "$13,834", "2019": "$15,146", "2018": "$15,374", "2017": "$14,748", "2016": "$14,270", "2015": "$14,241", "2014": "$14,791", "2013": "$14,265", "2012": "$12,686", "2011": "$13,153", "2010": "$13,423", "2009": "$12,239", "2008": "$15,849", "2007": "$12,220", "2006": "$10,938", "2005": "$9,028"}, "PPG Industries Quarterly Revenue (Millions of US $)": {"2020-12-31": "$3,757", "2020-09-30": "$3,685", "2020-06-30": "$3,015", "2020-03-31": "$3,377", "2019-12-31": "$3,672", "2019-09-30": "$3,826", "2019-06-30": "$4,024", "2019-03-31": "$3,624", "2018-12-31": "$3,645", "2018-09-30": "$3,817", "2018-06-30": "$4,131", "2018-03-31": "$3,781", "2017-12-31": "$3,682", "2017-09-30": "$3,776", "2017-06-30": "$3,804", "2017-03-31": "$3,486", "2016-12-31": "$3,284", "2016-09-30": "$3,660", "2016-06-30": "$3,782", "2016-03-31": "$3,544", "2015-12-31": "$2,754", "2015-09-30": "$3,725", "2015-06-30": "$4,100", "2015-03-31": "$3,662", "2014-12-31": "$3,138", "2014-09-30": "$3,935", "2014-06-30": "$4,082", "2014-03-31": "$3,636", "2013-12-31": "$3,500", "2013-09-30": "$3,774", "2013-06-30": "$3,883", "2013-03-31": "$3,108", "2012-12-31": "$2,417", "2012-09-30": "$3,408", "2012-06-30": "$3,528", "2012-03-31": "$3,333", "2011-12-31": "$3,517", "2011-09-30": "$3,849", "2011-06-30": "$3,986", "2011-03-31": "$3,533", "2010-12-31": "$3,379", "2010-09-30": "$3,460", "2010-06-30": "$3,458", "2010-03-31": "$3,126", "2009-12-31": "$3,116", "2009-09-30": "$3,225", "2009-06-30": "$3,115", "2009-03-31": "$2,783", "2008-12-31": "$3,188", "2008-09-30": "$4,225", "2008-06-30": "$4,474", "2008-03-31": "$3,962", "2007-12-31": "$3,360", "2007-09-30": "$3,073", "2007-06-30": "$3,155", "2007-03-31": "$2,632", "2006-12-31": "$2,972", "2006-09-30": "$2,504", "2006-06-30": "$2,824", "2006-03-31": "$2,638", "2005-12-31": "$2,505", "2005-09-30": "$2,547", "2005-06-30": "$2,656", "2005-03-31": "$2,493"}}, "gross-profit": {"PPG Industries Annual Gross Profit (Millions of US $)": {"2020": "$6,057", "2019": "$6,493", "2018": "$6,373", "2017": "$6,539", "2016": "$6,605", "2015": "$6,455", "2014": "$6,443", "2013": "$5,951", "2012": "$5,087", "2011": "$5,288", "2010": "$5,209", "2009": "$4,700", "2008": "$5,694", "2007": "$4,392", "2006": "$3,981", "2005": "$3,431"}, "PPG Industries Quarterly Gross Profit (Millions of US $)": {"2020-12-31": "$1,617", "2020-09-30": "$1,659", "2020-06-30": "$1,312", "2020-03-31": "$1,469", "2019-12-31": "$1,561", "2019-09-30": "$1,645", "2019-06-30": "$1,736", "2019-03-31": "$1,551", "2018-12-31": "$1,457", "2018-09-30": "$1,564", "2018-06-30": "$1,752", "2018-03-31": "$1,600", "2017-12-31": "$1,562", "2017-09-30": "$1,672", "2017-06-30": "$1,721", "2017-03-31": "$1,584", "2016-12-31": "$1,505", "2016-09-30": "$1,682", "2016-06-30": "$1,794", "2016-03-31": "$1,624", "2015-12-31": "$1,365", "2015-09-30": "$1,676", "2015-06-30": "$1,817", "2015-03-31": "$1,597", "2014-12-31": "$1,416", "2014-09-30": "$1,706", "2014-06-30": "$1,776", "2014-03-31": "$1,545", "2013-12-31": "$1,472", "2013-09-30": "$1,613", "2013-06-30": "$1,620", "2013-03-31": "$1,246", "2012-12-31": "$813", "2012-09-30": "$1,425", "2012-06-30": "$1,462", "2012-03-31": "$1,387", "2011-12-31": "$1,333", "2011-09-30": "$1,496", "2011-06-30": "$1,569", "2011-03-31": "$1,406", "2010-12-31": "$1,293", "2010-09-30": "$1,352", "2010-06-30": "$1,382", "2010-03-31": "$1,182", "2009-12-31": "$1,182", "2009-09-30": "$1,236", "2009-06-30": "$1,217", "2009-03-31": "$1,065", "2008-12-31": "$1,159", "2008-09-30": "$1,524", "2008-06-30": "$1,645", "2008-03-31": "$1,366", "2007-12-31": "$1,157", "2007-09-30": "$1,126", "2007-06-30": "$1,154", "2007-03-31": "$955", "2006-12-31": "$1,028", "2006-09-30": "$929", "2006-06-30": "$1,077", "2006-03-31": "$947", "2005-12-31": "$854", "2005-09-30": "$933", "2005-06-30": "$1,006", "2005-03-31": "$935"}}, "operating-income": {"PPG Industries Annual Operating Income (Millions of US $)": {"2020": "$1,606", "2019": "$1,770", "2018": "$1,796", "2017": "$2,074", "2016": "$1,966", "2015": "$1,823", "2014": "$1,814", "2013": "$1,452", "2012": "$1,095", "2011": "$1,313", "2010": "$1,366", "2009": "$710", "2008": "$1,062", "2007": "$1,331", "2006": "$1,276", "2005": "$1,184"}, "PPG Industries Quarterly Operating Income (Millions of US $)": {"2020-12-31": "$508", "2020-09-30": "$599", "2020-06-30": "$172", "2020-03-31": "$327", "2019-12-31": "$423", "2019-09-30": "$516", "2019-06-30": "$389", "2019-03-31": "$442", "2018-12-31": "$375", "2018-09-30": "$477", "2018-06-30": "$485", "2018-03-31": "$459", "2017-12-31": "$417", "2017-09-30": "$547", "2017-06-30": "$620", "2017-03-31": "$490", "2016-12-31": "$278", "2016-09-30": "$561", "2016-06-30": "$640", "2016-03-31": "$487", "2015-12-31": "$340", "2015-09-30": "$564", "2015-06-30": "$475", "2015-03-31": "$444", "2014-12-31": "$332", "2014-09-30": "$526", "2014-06-30": "$550", "2014-03-31": "$406", "2013-12-31": "$329", "2013-09-30": "$375", "2013-06-30": "$458", "2013-03-31": "$290", "2012-12-31": "$73", "2012-09-30": "$429", "2012-06-30": "$455", "2012-03-31": "$138", "2011-12-31": "$307", "2011-09-30": "$466", "2011-06-30": "$511", "2011-03-31": "$389", "2010-12-31": "$304", "2010-09-30": "$400", "2010-06-30": "$425", "2010-03-31": "$238", "2009-12-31": "$200", "2009-09-30": "$289", "2009-06-30": "$270", "2009-03-31": "$-49", "2008-12-31": "$186", "2008-09-30": "$231", "2008-06-30": "$426", "2008-03-31": "$219", "2007-12-31": "$310", "2007-09-30": "$341", "2007-06-30": "$400", "2007-03-31": "$280", "2006-12-31": "$279", "2006-09-30": "$303", "2006-06-30": "$408", "2006-03-31": "$286", "2005-12-31": "$260", "2005-09-30": "$327", "2005-06-30": "$376", "2005-03-31": "$313"}}, "ebitda": {"PPG Industries Annual EBITDA (Millions of US $)": {"2019": "$2,281", "2018": "$2,293", "2017": "$2,534", "2016": "$2,406", "2015": "$2,269", "2014": "$2,264", "2013": "$1,904", "2012": "$1,494", "2011": "$1,738", "2010": "$1,836", "2009": "$1,190", "2008": "$1,625", "2007": "$1,734", "2006": "$1,651", "2005": "$1,509"}, "PPG Industries Quarterly EBITDA (Millions of US $)": {"2020-09-30": "$731", "2020-06-30": "$295", "2020-03-31": "$456", "2019-12-31": "$557", "2019-09-30": "$649", "2019-06-30": "$515", "2019-03-31": "$560", "2018-12-31": "$502", "2018-09-30": "$599", "2018-06-30": "$610", "2018-03-31": "$582", "2017-12-31": "$537", "2017-09-30": "$664", "2017-06-30": "$733", "2017-03-31": "$600", "2016-12-31": "$387", "2016-09-30": "$674", "2016-06-30": "$743", "2016-03-31": "$602", "2015-12-31": "$434", "2015-09-30": "$671", "2015-06-30": "$600", "2015-03-31": "$564", "2014-12-31": "$429", "2014-09-30": "$645", "2014-06-30": "$665", "2014-03-31": "$525", "2013-12-31": "$448", "2013-09-30": "$488", "2013-06-30": "$577", "2013-03-31": "$391", "2012-12-31": "$157", "2012-09-30": "$533", "2012-06-30": "$558", "2012-03-31": "$246", "2011-12-31": "$380", "2011-09-30": "$582", "2011-06-30": "$630", "2011-03-31": "$506", "2010-12-31": "$422", "2010-09-30": "$516", "2010-06-30": "$540", "2010-03-31": "$359", "2009-12-31": "$200", "2009-09-30": "$289", "2009-06-30": "$270", "2009-03-31": "$-49", "2008-12-31": "$186", "2008-09-30": "$231", "2008-06-30": "$426", "2008-03-31": "$219", "2007-12-31": "$310", "2007-09-30": "$341", "2007-06-30": "$400", "2007-03-31": "$280", "2006-12-31": "$279", "2006-09-30": "$303", "2006-06-30": "$408", "2006-03-31": "$286", "2005-12-31": "$260", "2005-09-30": "$327", "2005-06-30": "$376", "2005-03-31": "$313"}}, "net-income": {"PPG Industries Annual Net Income (Millions of US $)": {"2020": "$1,059", "2019": "$1,243", "2018": "$1,341", "2017": "$1,594", "2016": "$873", "2015": "$1,406", "2014": "$2,102", "2013": "$3,231", "2012": "$941", "2011": "$1,095", "2010": "$769", "2009": "$336", "2008": "$538", "2007": "$834", "2006": "$711", "2005": "$596"}, "PPG Industries Quarterly Net Income (Millions of US $)": {"2020-12-31": "$272", "2020-09-30": "$442", "2020-06-30": "$102", "2020-03-31": "$243", "2019-12-31": "$292", "2019-09-30": "$367", "2019-06-30": "$272", "2019-03-31": "$312", "2018-12-31": "$258", "2018-09-30": "$378", "2018-06-30": "$371", "2018-03-31": "$334", "2017-12-31": "$151", "2017-09-30": "$610", "2017-06-30": "$496", "2017-03-31": "$337", "2016-12-31": "$340", "2016-09-30": "$-184", "2016-06-30": "$370", "2016-03-31": "$347", "2015-12-31": "$314", "2015-09-30": "$433", "2015-06-30": "$337", "2015-03-31": "$322", "2014-12-31": "$83", "2014-09-30": "$371", "2014-06-30": "$386", "2014-03-31": "$1,262", "2013-12-31": "$254", "2013-09-30": "$226", "2013-06-30": "$341", "2013-03-31": "$2,410", "2012-12-31": "$227", "2012-09-30": "$339", "2012-06-30": "$362", "2012-03-31": "$13", "2011-12-31": "$216", "2011-09-30": "$311", "2011-06-30": "$340", "2011-03-31": "$228", "2010-12-31": "$205", "2010-09-30": "$262", "2010-06-30": "$272", "2010-03-31": "$30", "2009-12-31": "$142", "2009-09-30": "$159", "2009-06-30": "$146", "2009-03-31": "$-111", "2008-12-31": "$71", "2008-09-30": "$117", "2008-06-30": "$250", "2008-03-31": "$100", "2007-12-31": "$200", "2007-09-30": "$191", "2007-06-30": "$249", "2007-03-31": "$194", "2006-12-31": "$157", "2006-09-30": "$90", "2006-06-30": "$280", "2006-03-31": "$184", "2005-12-31": "$113", "2005-09-30": "$157", "2005-06-30": "$231", "2005-03-31": "$95"}}, "eps-earnings-per-share-diluted": {"PPG Industries Annual EPS": {"2020": "$4.45", "2019": "$5.22", "2018": "$5.47", "2017": "$6.18", "2016": "$3.27", "2015": "$5.14", "2014": "$7.52", "2013": "$11.13", "2012": "$3.03", "2011": "$3.44", "2010": "$2.32", "2009": "$1.02", "2008": "$1.63", "2007": "$2.52", "2006": "$2.14", "2005": "$1.75"}, "PPG Industries Quarterly EPS": {"2020-12-31": "$1.14", "2020-09-30": "$1.86", "2020-06-30": "$0.43", "2020-03-31": "$1.02", "2019-12-31": "$1.23", "2019-09-30": "$1.54", "2019-06-30": "$1.14", "2019-03-31": "$1.31", "2018-12-31": "$1.08", "2018-09-30": "$1.55", "2018-06-30": "$1.51", "2018-03-31": "$1.33", "2017-12-31": "$0.60", "2017-09-30": "$2.36", "2017-06-30": "$1.92", "2017-03-31": "$1.30", "2016-12-31": "$1.30", "2016-09-30": "$-0.69", "2016-06-30": "$1.37", "2016-03-31": "$1.29", "2015-12-31": "$1.15", "2015-09-30": "$1.59", "2015-06-30": "$1.23", "2015-03-31": "$1.17", "2014-12-31": "$0.33", "2014-09-30": "$1.33", "2014-06-30": "$1.38", "2014-03-31": "$4.49", "2013-12-31": "$1.02", "2013-09-30": "$0.78", "2013-06-30": "$1.18", "2013-03-31": "$8.16", "2012-12-31": "$0.73", "2012-09-30": "$1.09", "2012-06-30": "$1.17", "2012-03-31": "$0.04", "2011-12-31": "$0.70", "2011-09-30": "$0.98", "2011-06-30": "$1.06", "2011-03-31": "$0.70", "2010-12-31": "$0.62", "2010-09-30": "$0.79", "2010-06-30": "$0.82", "2010-03-31": "$0.09", "2009-12-31": "$0.43", "2009-09-30": "$0.48", "2009-06-30": "$0.45", "2009-03-31": "$-0.34", "2008-12-31": "$0.22", "2008-09-30": "$0.35", "2008-06-30": "$0.76", "2008-03-31": "$0.31", "2007-12-31": "$0.61", "2007-09-30": "$0.58", "2007-06-30": "$0.75", "2007-03-31": "$0.59", "2006-12-31": "$0.47", "2006-09-30": "$0.27", "2006-06-30": "$0.84", "2006-03-31": "$0.56", "2005-12-31": "$0.34", "2005-09-30": "$0.46", "2005-06-30": "$0.67", "2005-03-31": "$0.28"}}, "shares-outstanding": {"PPG Industries Annual Shares Outstanding (Millions of Shares)": {"2020": "238", "2019": "238", "2018": "245", "2017": "258", "2016": "267", "2015": "274", "2014": "280", "2013": "290", "2012": "310", "2011": "319", "2010": "332", "2009": "331", "2008": "331", "2007": "332", "2006": "333", "2005": "342"}, "PPG Industries Quarterly Shares Outstanding (Millions of Shares)": {"2020-12-31": "239", "2020-09-30": "238", "2020-06-30": "238", "2020-03-31": "238", "2019-12-31": "238", "2019-09-30": "239", "2019-06-30": "238", "2019-03-31": "238", "2018-12-31": "245", "2018-09-30": "244", "2018-06-30": "246", "2018-03-31": "251", "2017-12-31": "258", "2017-09-30": "258", "2017-06-30": "259", "2017-03-31": "260", "2016-12-31": "267", "2016-09-30": "266", "2016-06-30": "269", "2016-03-31": "269", "2015-12-31": "274", "2015-09-30": "273", "2015-06-30": "275", "2015-03-31": "276", "2014-12-31": "280", "2014-09-30": "279", "2014-06-30": "280", "2014-03-31": "281", "2013-12-31": "290", "2013-09-30": "290", "2013-06-30": "290", "2013-03-31": "295", "2012-12-31": "310", "2012-09-30": "311", "2012-06-30": "310", "2012-03-31": "309", "2011-12-31": "312", "2011-09-30": "317", "2011-06-30": "321", "2011-03-31": "325", "2010-12-31": "330", "2010-09-30": "331", "2010-06-30": "333", "2010-03-31": "334", "2009-12-31": "331", "2009-09-30": "332", "2009-06-30": "329", "2009-03-31": "329", "2008-12-31": "331", "2008-09-30": "331", "2008-06-30": "331", "2008-03-31": "331", "2007-12-31": "332", "2007-09-30": "332", "2007-06-30": "333", "2007-03-31": "332", "2006-12-31": "333", "2006-09-30": "331", "2006-06-30": "334", "2006-03-31": "333", "2005-12-31": "334", "2005-09-30": "340", "2005-06-30": "345", "2005-03-31": "348"}}, "total-assets": {"PPG Industries Annual Total Assets (Millions of US $)": {"2019": "$17,708", "2018": "$16,015", "2017": "$16,538", "2016": "$15,771", "2015": "$17,076", "2014": "$17,535", "2013": "$15,863", "2012": "$15,878", "2011": "$14,382", "2010": "$14,975", "2009": "$14,240", "2008": "$14,698", "2007": "$12,629", "2006": "$10,067", "2005": "$8,681"}, "PPG Industries Quarterly Total Assets (Millions of US $)": {"2020-09-30": "$18,300", "2020-06-30": "$18,170", "2020-03-31": "$18,064", "2019-12-31": "$17,708", "2019-09-30": "$18,064", "2019-06-30": "$17,955", "2019-03-31": "$17,371", "2018-12-31": "$16,015", "2018-09-30": "$16,718", "2018-06-30": "$16,794", "2018-03-31": "$17,544", "2017-12-31": "$16,538", "2017-09-30": "$17,615", "2017-06-30": "$16,977", "2017-03-31": "$16,154", "2016-12-31": "$15,771", "2016-09-30": "$16,490", "2016-06-30": "$17,248", "2016-03-31": "$17,315", "2015-12-31": "$17,076", "2015-09-30": "$17,574", "2015-06-30": "$17,596", "2015-03-31": "$17,368", "2014-12-31": "$17,535", "2014-09-30": "$17,087", "2014-06-30": "$17,300", "2014-03-31": "$17,117", "2013-12-31": "$15,863", "2013-09-30": "$16,638", "2013-06-30": "$16,066", "2013-03-31": "$15,376", "2012-12-31": "$15,878", "2012-09-30": "$15,606", "2012-06-30": "$14,817", "2012-03-31": "$14,834", "2011-12-31": "$14,382", "2011-09-30": "$14,543", "2011-06-30": "$15,267", "2011-03-31": "$15,103", "2010-12-31": "$14,975", "2010-09-30": "$14,120", "2010-06-30": "$13,366", "2010-03-31": "$13,756", "2009-12-31": "$14,240", "2009-09-30": "$14,569", "2009-06-30": "$14,565", "2009-03-31": "$13,603", "2008-12-31": "$14,698", "2008-09-30": "$15,046", "2008-06-30": "$16,207", "2008-03-31": "$15,899", "2007-12-31": "$12,629", "2007-09-30": "$10,907", "2007-06-30": "$10,684", "2007-03-31": "$10,345", "2006-12-31": "$10,067", "2006-09-30": "$9,773", "2006-06-30": "$9,502", "2006-03-31": "$8,918", "2005-12-31": "$8,681", "2005-09-30": "$8,794", "2005-06-30": "$8,790", "2005-03-31": "$9,022"}}, "cash-on-hand": {"PPG Industries Annual Cash on Hand (Millions of US $)": {"2019": "$1,273", "2018": "$963", "2017": "$1,491", "2016": "$1,863", "2015": "$1,455", "2014": "$1,183", "2013": "$1,745", "2012": "$2,393", "2011": "$1,482", "2010": "$1,978", "2009": "$1,064", "2008": "$1,021", "2007": "$2,232", "2006": "$443", "2005": "$466"}, "PPG Industries Quarterly Cash on Hand (Millions of US $)": {"2020-09-30": "$2,095", "2020-06-30": "$2,297", "2020-03-31": "$1,936", "2019-12-31": "$1,273", "2019-09-30": "$1,490", "2019-06-30": "$1,016", "2019-03-31": "$839", "2018-12-31": "$963", "2018-09-30": "$1,160", "2018-06-30": "$1,083", "2018-03-31": "$1,404", "2017-12-31": "$1,491", "2017-09-30": "$2,328", "2017-06-30": "$1,617", "2017-03-31": "$1,389", "2016-12-31": "$1,863", "2016-09-30": "$975", "2016-06-30": "$1,669", "2016-03-31": "$1,030", "2015-12-31": "$1,455", "2015-09-30": "$1,414", "2015-06-30": "$1,182", "2015-03-31": "$1,170", "2014-12-31": "$1,183", "2014-09-30": "$3,038", "2014-06-30": "$2,913", "2014-03-31": "$3,039", "2013-12-31": "$1,745", "2013-09-30": "$2,249", "2013-06-30": "$1,781", "2013-03-31": "$2,380", "2012-12-31": "$2,393", "2012-09-30": "$2,011", "2012-06-30": "$1,247", "2012-03-31": "$1,034", "2011-12-31": "$1,482", "2011-09-30": "$1,338", "2011-06-30": "$1,245", "2011-03-31": "$1,383", "2010-12-31": "$1,978", "2010-09-30": "$930", "2010-06-30": "$784", "2010-03-31": "$689", "2009-12-31": "$1,064", "2009-09-30": "$898", "2009-06-30": "$1,052", "2009-03-31": "$531", "2008-12-31": "$1,021", "2008-09-30": "$558", "2008-06-30": "$278", "2008-03-31": "$310", "2007-12-31": "$2,232", "2007-09-30": "$227", "2007-06-30": "$197", "2007-03-31": "$182", "2006-12-31": "$443", "2006-09-30": "$316", "2006-06-30": "$419", "2006-03-31": "$416", "2005-12-31": "$466", "2005-09-30": "$489", "2005-06-30": "$470", "2005-03-31": "$677"}}, "long-term-debt": {"PPG Industries Annual Long Term Debt (Millions of US $)": {"2019": "$4,539", "2018": "$4,365", "2017": "$4,134", "2016": "$3,787", "2015": "$4,026", "2014": "$3,533", "2013": "$3,372", "2012": "$3,368", "2011": "$3,574", "2010": "$4,043", "2009": "$3,074", "2008": "$3,009", "2007": "$1,201", "2006": "$1,155", "2005": "$1,169"}, "PPG Industries Quarterly Long Term Debt (Millions of US $)": {"2020-09-30": "$4,828", "2020-06-30": "$4,613", "2020-03-31": "$4,751", "2019-12-31": "$4,539", "2019-09-30": "$4,885", "2019-06-30": "$4,845", "2019-03-31": "$4,626", "2018-12-31": "$4,365", "2018-09-30": "$5,023", "2018-06-30": "$5,048", "2018-03-31": "$5,199", "2017-12-31": "$4,134", "2017-09-30": "$4,089", "2017-06-30": "$3,998", "2017-03-31": "$3,817", "2016-12-31": "$3,787", "2016-09-30": "$3,752", "2016-06-30": "$4,426", "2016-03-31": "$4,226", "2015-12-31": "$4,026", "2015-09-30": "$4,250", "2015-06-30": "$4,222", "2015-03-31": "$4,023", "2014-12-31": "$3,533", "2014-09-30": "$2,954", "2014-06-30": "$2,958", "2014-03-31": "$3,373", "2013-12-31": "$3,372", "2013-09-30": "$3,368", "2013-06-30": "$3,355", "2013-03-31": "$3,353", "2012-12-31": "$3,368", "2012-09-30": "$3,365", "2012-06-30": "$2,964", "2012-03-31": "$2,988", "2011-12-31": "$3,574", "2011-09-30": "$3,590", "2011-06-30": "$3,613", "2011-03-31": "$3,993", "2010-12-31": "$4,043", "2010-09-30": "$3,066", "2010-06-30": "$3,017", "2010-03-31": "$3,051", "2009-12-31": "$3,074", "2009-09-30": "$3,082", "2009-06-30": "$3,306", "2009-03-31": "$2,986", "2008-12-31": "$3,009", "2008-09-30": "$3,221", "2008-06-30": "$3,440", "2008-03-31": "$3,639", "2007-12-31": "$1,201", "2007-09-30": "$1,181", "2007-06-30": "$1,151", "2007-03-31": "$1,158", "2006-12-31": "$1,155", "2006-09-30": "$1,195", "2006-06-30": "$1,196", "2006-03-31": "$1,174", "2005-12-31": "$1,169", "2005-09-30": "$1,181", "2005-06-30": "$1,188", "2005-03-31": "$1,137"}}, "total-liabilities": {"PPG Industries Annual Total Liabilities (Millions of US $)": {"2019": "$12,305", "2018": "$11,283", "2017": "$10,866", "2016": "$10,856", "2015": "$12,007", "2014": "$12,270", "2013": "$10,665", "2012": "$11,556", "2011": "$10,936", "2010": "$11,142", "2009": "$10,318", "2008": "$11,209", "2007": "$8,478", "2006": "$6,787", "2005": "$5,628"}, "PPG Industries Quarterly Total Liabilities (Millions of US $)": {"2020-09-30": "$12,876", "2020-06-30": "$13,232", "2020-03-31": "$13,227", "2019-12-31": "$12,305", "2019-09-30": "$12,709", "2019-06-30": "$12,768", "2019-03-31": "$12,361", "2018-12-31": "$11,283", "2018-09-30": "$11,640", "2018-06-30": "$11,811", "2018-03-31": "$12,077", "2017-12-31": "$10,866", "2017-09-30": "$11,605", "2017-06-30": "$11,242", "2017-03-31": "$10,868", "2016-12-31": "$10,856", "2016-09-30": "$11,369", "2016-06-30": "$11,815", "2016-03-31": "$12,067", "2015-12-31": "$12,007", "2015-09-30": "$12,378", "2015-06-30": "$12,340", "2015-03-31": "$12,210", "2014-12-31": "$12,270", "2014-09-30": "$10,882", "2014-06-30": "$10,979", "2014-03-31": "$11,028", "2013-12-31": "$10,665", "2013-09-30": "$11,157", "2013-06-30": "$10,765", "2013-03-31": "$10,335", "2012-12-31": "$11,556", "2012-09-30": "$11,474", "2012-06-30": "$11,142", "2012-03-31": "$11,318", "2011-12-31": "$10,936", "2011-09-30": "$10,637", "2011-06-30": "$10,979", "2011-03-31": "$11,108", "2010-12-31": "$11,142", "2010-09-30": "$10,018", "2010-06-30": "$9,727", "2010-03-31": "$9,967", "2009-12-31": "$10,318", "2009-09-30": "$10,835", "2009-06-30": "$11,197", "2009-03-31": "$10,600", "2008-12-31": "$11,209", "2008-09-30": "$10,842", "2008-06-30": "$11,583", "2008-03-31": "$11,525", "2007-12-31": "$8,478", "2007-09-30": "$6,904", "2007-06-30": "$6,999", "2007-03-31": "$6,909", "2006-12-31": "$6,787", "2006-09-30": "$6,290", "2006-06-30": "$6,025", "2006-03-31": "$5,704", "2005-12-31": "$5,628", "2005-09-30": "$5,476", "2005-06-30": "$5,377", "2005-03-31": "$5,473"}}, "total-share-holder-equity": {"PPG Industries Annual Share Holder Equity (Millions of US $)": {"2019": "$5,403", "2018": "$4,732", "2017": "$5,672", "2016": "$4,915", "2015": "$5,069", "2014": "$5,265", "2013": "$5,198", "2012": "$4,322", "2011": "$3,446", "2010": "$3,833", "2009": "$3,922", "2008": "$3,489", "2007": "$4,151", "2006": "$3,280", "2005": "$3,053"}, "PPG Industries Quarterly Share Holder Equity (Millions of US $)": {"2020-09-30": "$5,424", "2020-06-30": "$4,938", "2020-03-31": "$4,837", "2019-12-31": "$5,403", "2019-09-30": "$5,355", "2019-06-30": "$5,187", "2019-03-31": "$5,010", "2018-12-31": "$4,732", "2018-09-30": "$5,078", "2018-06-30": "$4,983", "2018-03-31": "$5,467", "2017-12-31": "$5,672", "2017-09-30": "$6,010", "2017-06-30": "$5,735", "2017-03-31": "$5,286", "2016-12-31": "$4,915", "2016-09-30": "$5,121", "2016-06-30": "$5,433", "2016-03-31": "$5,248", "2015-12-31": "$5,069", "2015-09-30": "$5,196", "2015-06-30": "$5,256", "2015-03-31": "$5,158", "2014-12-31": "$5,265", "2014-09-30": "$6,205", "2014-06-30": "$6,321", "2014-03-31": "$6,089", "2013-12-31": "$5,198", "2013-09-30": "$5,481", "2013-06-30": "$5,301", "2013-03-31": "$5,041", "2012-12-31": "$4,322", "2012-09-30": "$4,132", "2012-06-30": "$3,675", "2012-03-31": "$3,516", "2011-12-31": "$3,446", "2011-09-30": "$3,906", "2011-06-30": "$4,288", "2011-03-31": "$3,995", "2010-12-31": "$3,833", "2010-09-30": "$4,102", "2010-06-30": "$3,639", "2010-03-31": "$3,789", "2009-12-31": "$3,922", "2009-09-30": "$3,734", "2009-06-30": "$3,368", "2009-03-31": "$3,003", "2008-12-31": "$3,489", "2008-09-30": "$4,204", "2008-06-30": "$4,624", "2008-03-31": "$4,374", "2007-12-31": "$4,151", "2007-09-30": "$4,003", "2007-06-30": "$3,685", "2007-03-31": "$3,436", "2006-12-31": "$3,280", "2006-09-30": "$3,483", "2006-06-30": "$3,477", "2006-03-31": "$3,214", "2005-12-31": "$3,053", "2005-09-30": "$3,318", "2005-06-30": "$3,413", "2005-03-31": "$3,549"}}, "profit-margins": {"current": "7.66%"}, "gross margin": {"2020-12-31": "43.78%", "2020-09-30": "43.65%", "2020-06-30": "43.10%", "2020-03-31": "43.03%", "2019-12-31": "42.87%", "2019-09-30": "42.26%", "2019-06-30": "41.75%", "2019-03-31": "41.56%", "2018-12-31": "41.45%", "2018-09-30": "42.03%", "2018-06-30": "42.85%", "2018-03-31": "43.58%", "2017-12-31": "44.34%", "2017-09-30": "45.17%", "2017-06-30": "45.61%", "2017-03-31": "46.19%", "2016-12-31": "46.29%", "2016-09-30": "47.05%", "2016-06-30": "46.79%", "2016-03-31": "45.90%", "2015-12-31": "45.33%", "2015-09-30": "44.49%", "2015-06-30": "44.06%", "2015-03-31": "43.83%", "2014-12-31": "43.56%", "2014-09-30": "42.89%", "2014-06-30": "42.73%", "2014-03-31": "42.25%", "2013-12-31": "41.72%", "2013-09-30": "40.15%", "2013-06-30": "39.83%", "2013-03-31": "39.69%", "2012-12-31": "40.10%", "2012-09-30": "40.67%", "2012-06-30": "39.91%", "2012-03-31": "39.39%", "2011-12-31": "38.99%", "2011-09-30": "39.09%", "2011-06-30": "39.14%", "2011-03-31": "39.28%", "2010-12-31": "38.81%", "2010-09-30": "38.74%", "2010-06-30": "38.55%", "2010-03-31": "38.28%", "2009-12-31": "38.40%", "2009-09-30": "37.99%", "2009-06-30": "37.30%", "2009-03-31": "36.76%", "2008-12-31": "35.93%", "2008-09-30": "35.53%", "2008-06-30": "35.60%", "2008-03-31": "35.45%", "2007-12-31": "35.94%", "2007-09-30": "36.03%", "2007-06-30": "36.10%", "2007-03-31": "36.49%", "2006-12-31": "36.40%", "2006-09-30": "36.36%", "2006-06-30": "36.25%", "2006-03-31": "36.15%", "2005-12-31": "36.55%"}, "operating margin": {"2020-12-31": "11.61%", "2020-09-30": "11.06%", "2020-06-30": "10.35%", "2020-03-31": "11.11%", "2019-12-31": "11.69%", "2019-09-30": "11.39%", "2019-06-30": "11.14%", "2019-03-31": "11.69%", "2018-12-31": "11.68%", "2018-09-30": "11.93%", "2018-06-30": "12.41%", "2018-03-31": "13.58%", "2017-12-31": "14.06%", "2017-09-30": "13.48%", "2017-06-30": "13.69%", "2017-03-31": "13.85%", "2016-12-31": "13.78%", "2016-09-30": "14.76%", "2016-06-30": "14.71%", "2016-03-31": "13.21%", "2015-12-31": "12.80%", "2015-09-30": "12.41%", "2015-06-30": "11.98%", "2015-03-31": "12.50%", "2014-12-31": "12.26%", "2014-09-30": "11.95%", "2014-06-30": "11.07%", "2014-03-31": "10.60%", "2013-12-31": "10.18%", "2013-09-30": "9.07%", "2013-06-30": "9.75%", "2013-03-31": "10.01%", "2012-12-31": "8.63%", "2012-09-30": "9.64%", "2012-06-30": "9.60%", "2012-03-31": "9.68%", "2011-12-31": "11.24%", "2011-09-30": "11.32%", "2011-06-30": "11.17%", "2011-03-31": "10.98%", "2010-12-31": "10.18%", "2010-09-30": "9.60%", "2010-06-30": "8.91%", "2010-03-31": "7.92%", "2009-12-31": "5.80%", "2009-09-30": "5.65%", "2009-06-30": "4.79%", "2009-03-31": "5.41%", "2008-12-31": "6.70%", "2008-09-30": "7.40%", "2008-06-30": "8.72%", "2008-03-31": "9.37%", "2007-12-31": "10.89%", "2007-09-30": "10.99%", "2007-06-30": "11.20%", "2007-03-31": "11.62%", "2006-12-31": "11.67%", "2006-09-30": "12.00%", "2006-06-30": "12.18%", "2006-03-31": "12.07%", "2005-12-31": "12.51%"}, "ebitda margin": {"2020-09-30": "14.83%", "2020-06-30": "14.09%", "2020-03-31": "14.61%", "2019-12-31": "15.06%", "2019-09-30": "14.72%", "2019-06-30": "14.40%", "2019-03-31": "14.92%", "2018-12-31": "14.91%", "2018-09-30": "15.11%", "2018-06-30": "15.57%", "2018-03-31": "16.73%", "2017-12-31": "17.18%", "2017-09-30": "16.61%", "2017-06-30": "16.82%", "2017-03-31": "16.92%", "2016-12-31": "16.86%", "2016-09-30": "17.85%", "2016-06-30": "17.75%", "2016-03-31": "16.34%", "2015-12-31": "15.93%", "2015-09-30": "15.48%", "2015-06-30": "15.09%", "2015-03-31": "15.54%", "2014-12-31": "15.31%", "2014-09-30": "15.07%", "2014-06-30": "14.18%", "2014-03-31": "13.78%", "2013-12-31": "13.35%", "2013-09-30": "12.24%", "2013-06-30": "12.94%", "2013-03-31": "13.15%", "2012-12-31": "11.78%", "2012-09-30": "12.45%", "2012-06-30": "12.41%", "2012-03-31": "12.52%", "2011-12-31": "14.09%", "2011-09-30": "14.51%", "2011-06-30": "14.44%", "2011-03-31": "14.35%", "2010-12-31": "13.69%", "2010-09-30": "12.27%", "2010-06-30": "10.74%", "2010-03-31": "8.89%", "2009-12-31": "5.80%", "2009-09-30": "5.65%", "2009-06-30": "4.79%", "2009-03-31": "5.41%", "2008-12-31": "6.70%", "2008-09-30": "7.40%", "2008-06-30": "8.72%", "2008-03-31": "9.37%", "2007-12-31": "10.89%", "2007-09-30": "10.99%", "2007-06-30": "11.20%", "2007-03-31": "11.62%", "2006-12-31": "11.67%", "2006-09-30": "12.00%", "2006-06-30": "12.18%", "2006-03-31": "12.07%", "2005-12-31": "12.51%"}, "pre tax profit margin": {"2020-12-31": "9.85%", "2020-09-30": "10.29%", "2020-06-30": "9.53%", "2020-03-31": "10.48%", "2019-12-31": "10.97%", "2019-09-30": "10.62%", "2019-06-30": "10.42%", "2019-03-31": "11.11%", "2018-12-31": "11.01%", "2018-09-30": "11.21%", "2018-06-30": "11.71%", "2018-03-31": "13.16%", "2017-12-31": "13.60%", "2017-09-30": "12.17%", "2017-06-30": "5.61%", "2017-03-31": "5.41%", "2016-12-31": "5.46%", "2016-09-30": "7.05%", "2016-06-30": "14.12%", "2016-03-31": "12.54%", "2015-12-31": "12.25%", "2015-09-30": "9.48%", "2015-06-30": "8.98%", "2015-03-31": "9.48%", "2014-12-31": "9.10%", "2014-09-30": "11.29%", "2014-06-30": "9.73%", "2014-03-31": "9.17%", "2013-12-31": "8.59%", "2013-09-30": "7.26%", "2013-06-30": "8.68%", "2013-03-31": "8.96%", "2012-12-31": "6.53%", "2012-09-30": "7.73%", "2012-06-30": "7.91%", "2012-03-31": "8.16%", "2011-12-31": "10.73%", "2011-09-30": "10.88%", "2011-06-30": "10.64%", "2011-03-31": "10.41%", "2010-12-31": "9.65%", "2010-09-30": "9.15%", "2010-06-30": "8.46%", "2010-03-31": "7.42%", "2009-12-31": "5.04%", "2009-09-30": "4.43%", "2009-06-30": "3.55%", "2009-03-31": "4.19%", "2008-12-31": "5.73%", "2008-09-30": "6.93%", "2008-06-30": "8.36%", "2008-03-31": "9.20%", "2007-12-31": "10.76%", "2007-09-30": "10.67%", "2007-06-30": "9.13%", "2007-03-31": "9.47%", "2006-12-31": "9.63%", "2006-09-30": "9.19%", "2006-06-30": "10.61%", "2006-03-31": "10.35%", "2005-12-31": "9.28%"}, "net profit margin": {"2020-12-31": "7.66%", "2020-09-30": "7.85%", "2020-06-30": "7.23%", "2020-03-31": "7.88%", "2019-12-31": "8.21%", "2019-09-30": "8.00%", "2019-06-30": "8.07%", "2019-03-31": "8.67%", "2018-12-31": "8.72%", "2018-09-30": "8.01%", "2018-06-30": "9.54%", "2018-03-31": "10.58%", "2017-12-31": "10.81%", "2017-09-30": "12.43%", "2017-06-30": "6.95%", "2017-03-31": "6.07%", "2016-12-31": "6.12%", "2016-09-30": "6.16%", "2016-06-30": "10.60%", "2016-03-31": "10.13%", "2015-12-31": "9.87%", "2015-09-30": "8.03%", "2015-06-30": "7.50%", "2015-03-31": "7.84%", "2014-12-31": "14.21%", "2014-09-30": "15.00%", "2014-06-30": "14.19%", "2014-03-31": "14.08%", "2013-12-31": "22.65%", "2013-09-30": "24.31%", "2013-06-30": "25.88%", "2013-03-31": "26.79%", "2012-12-31": "7.42%", "2012-09-30": "6.75%", "2012-06-30": "6.34%", "2012-03-31": "5.99%", "2011-12-31": "7.36%", "2011-09-30": "7.35%", "2011-06-30": "7.21%", "2011-03-31": "6.99%", "2010-12-31": "5.73%", "2010-09-30": "5.36%", "2010-06-30": "4.67%", "2010-03-31": "3.79%", "2009-12-31": "2.75%", "2009-09-30": "2.15%", "2009-06-30": "1.68%", "2009-03-31": "2.23%", "2008-12-31": "3.39%", "2008-09-30": "4.16%", "2008-06-30": "4.98%", "2008-03-31": "5.46%", "2007-12-31": "6.82%", "2007-09-30": "6.69%", "2007-06-30": "6.13%", "2007-03-31": "6.60%", "2006-12-31": "6.50%", "2006-09-30": "6.37%", "2006-06-30": "6.98%", "2006-03-31": "6.62%", "2005-12-31": "5.84%"}, "pe ratio": {"current": "24.58", "2021-02-05": "42.33", "2020-12-31": "43.57", "2020-09-30": "26.85", "2020-06-30": "24.98", "2020-03-31": "16.75", "2019-12-31": "25.16", "2019-09-30": "22.86", "2019-06-30": "22.37", "2019-03-31": "20.08", "2018-12-31": "17.81", "2018-09-30": "20.25", "2018-06-30": "16.57", "2018-03-31": "16.56", "2017-12-31": "17.57", "2017-09-30": "14.91", "2017-06-30": "26.96", "2017-03-31": "30.14", "2016-12-31": "27.07", "2016-09-30": "30.72", "2016-06-30": "17.84", "2016-03-31": "19.53", "2015-12-31": "17.65", "2015-09-30": "18.74", "2015-06-30": "26.01", "2015-03-31": "24.64", "2014-12-31": "14.03", "2014-09-30": "11.04", "2014-06-30": "12.61", "2014-03-31": "11.88", "2013-12-31": "7.74", "2013-09-30": "6.89", "2013-06-30": "5.85", "2013-03-31": "5.33", "2012-12-31": "19.74", "2012-09-30": "16.86", "2012-06-30": "16.09", "2012-03-31": "15.02", "2011-12-31": "10.51", "2011-09-30": "9.03", "2011-06-30": "12.21", "2011-03-31": "13.78", "2010-12-31": "15.28", "2010-09-30": "14.35", "2010-06-30": "13.84", "2010-03-31": "18.68", "2009-12-31": "23.63", "2009-09-30": "29.40", "2009-06-30": "26.22", "2009-03-31": "14.89", "2008-12-31": "10.20", "2008-09-30": "11.17", "2008-06-30": "9.79", "2008-03-31": "10.27", "2007-12-31": "10.48", "2007-09-30": "11.83", "2007-06-30": "13.58", "2007-03-31": "11.94", "2006-12-31": "10.98"}, "price sales": {"2021-02-05": "2.41", "2020-12-31": "2.48", "2020-09-30": "2.10", "2020-06-30": "1.80", "2020-03-31": "1.32", "2019-12-31": "2.06", "2019-09-30": "1.84", "2019-06-30": "1.81", "2019-03-31": "1.75", "2018-12-31": "1.58", "2018-09-30": "1.70", "2018-06-30": "1.63", "2018-03-31": "1.81", "2017-12-31": "1.94", "2017-09-30": "1.87", "2017-06-30": "1.91", "2017-03-31": "1.84", "2016-12-31": "1.66", "2016-09-30": "1.88", "2016-06-30": "1.90", "2016-03-31": "1.99", "2015-12-31": "1.75", "2015-09-30": "1.51", "2015-06-30": "1.96", "2015-03-31": "1.93", "2014-12-31": "1.99", "2014-09-30": "1.66", "2014-06-30": "1.81", "2014-03-31": "1.69", "2013-12-31": "1.74", "2013-09-30": "1.67", "2013-06-30": "1.53", "2013-03-31": "1.46", "2012-12-31": "1.46", "2012-09-30": "1.14", "2012-06-30": "1.02", "2012-03-31": "0.89", "2011-12-31": "0.77", "2011-09-30": "0.66", "2011-06-30": "0.88", "2011-03-31": "0.96", "2010-12-31": "0.87", "2010-09-30": "0.77", "2010-06-30": "0.64", "2010-03-31": "0.71", "2009-12-31": "0.64", "2009-09-30": "0.63", "2009-06-30": "0.44", "2009-03-31": "0.33", "2008-12-31": "0.35", "2008-09-30": "0.46", "2008-06-30": "0.49", "2008-03-31": "0.56", "2007-12-31": "0.72", "2007-09-30": "0.79", "2007-06-30": "0.83", "2007-03-31": "0.79", "2006-12-31": "0.71"}, "price book": {"current": "6.10", "2021-02-05": "6.10", "2020-09-30": "5.30", "2020-06-30": "5.03", "2020-03-31": "4.02", "2019-12-31": "5.72", "2019-09-30": "5.12", "2019-06-30": "5.18", "2019-03-31": "5.16", "2018-12-31": "4.92", "2018-09-30": "4.95", "2018-06-30": "4.82", "2018-03-31": "4.74", "2017-12-31": "4.91", "2017-09-30": "4.35", "2017-06-30": "4.63", "2017-03-31": "4.78", "2016-12-31": "4.64", "2016-09-30": "4.96", "2016-06-30": "4.73", "2016-03-31": "5.22", "2015-12-31": "4.79", "2015-09-30": "4.17", "2015-06-30": "5.40", "2015-03-31": "5.42", "2014-12-31": "5.43", "2014-09-30": "3.94", "2014-06-30": "4.14", "2014-03-31": "3.96", "2013-12-31": "4.54", "2013-09-30": "3.87", "2013-06-30": "3.52", "2013-03-31": "3.36", "2012-12-31": "4.25", "2012-09-30": "3.75", "2012-06-30": "3.86", "2012-03-31": "3.61", "2011-12-31": "3.18", "2011-09-30": "2.40", "2011-06-30": "2.84", "2011-03-31": "3.19", "2010-12-31": "2.96", "2010-09-30": "2.42", "2010-06-30": "2.27", "2010-03-31": "2.36", "2009-12-31": "2.02", "2009-09-30": "2.10", "2009-06-30": "1.72", "2009-03-31": "1.60", "2008-12-31": "1.56", "2008-09-30": "1.75", "2008-06-30": "1.55", "2008-03-31": "1.72", "2007-12-31": "2.08", "2007-09-30": "2.30", "2007-06-30": "2.51", "2007-03-31": "2.47", "2006-12-31": "2.34", "2006-09-30": "2.31", "2006-06-30": "2.26", "2006-03-31": "2.33"}, "price fcf": {"2021-02-05": "", "2020-09-30": "$6.79", "2020-06-30": "$6.50", "2020-03-31": "$6.65", "2019-12-31": "$7.00", "2019-09-30": "$6.99", "2019-06-30": "$5.82", "2019-03-31": "$5.14", "2018-12-31": "$4.41", "2018-09-30": "$3.30", "2018-06-30": "$3.54", "2018-03-31": "$3.69", "2017-12-31": "$4.69", "2017-09-30": "$4.81", "2017-06-30": "$5.39", "2017-03-31": "$3.39", "2016-12-31": "$3.63", "2016-09-30": "$4.72", "2016-06-30": "$4.71", "2016-03-31": "$7.21", "2015-12-31": "$5.35", "2015-09-30": "$3.47", "2015-06-30": "$2.93", "2015-03-31": "$1.42", "2014-12-31": "$3.45", "2014-09-30": "$3.54", "2014-06-30": "$3.88", "2014-03-31": "$5.20", "2013-12-31": "$4.47", "2013-09-30": "$5.44", "2013-06-30": "$4.82", "2013-03-31": "$4.28", "2012-12-31": "$4.70", "2012-09-30": "$4.66", "2012-06-30": "$4.30", "2012-03-31": "$4.15", "2011-12-31": "$3.65", "2011-09-30": "$3.21", "2011-06-30": "$2.70", "2011-03-31": "$2.79", "2010-12-31": "$3.12", "2010-09-30": "$3.29", "2010-06-30": "$4.26", "2010-03-31": "$4.24", "2009-12-31": "$3.47", "2009-09-30": "$3.21", "2009-06-30": "$2.52", "2009-03-31": "$2.28", "2008-12-31": "$3.32", "2008-09-30": "$3.35", "2008-06-30": "$2.96", "2008-03-31": "$2.87", "2007-12-31": "$2.31", "2007-09-30": "$1.92", "2007-06-30": "$1.95", "2007-03-31": "$1.90", "2006-12-31": "$2.38"}, "net worth": {"value": "$33.09B"}, "current ratio": {"2020-12-31": "1.41", "2020-09-30": "1.52", "2020-06-30": "1.35", "2020-03-31": "1.36", "2019-12-31": "1.41", "2019-09-30": "1.49", "2019-06-30": "1.43", "2019-03-31": "1.40", "2018-12-31": "1.36", "2018-09-30": "1.71", "2018-06-30": "1.70", "2018-03-31": "1.76", "2017-12-31": "1.66", "2017-09-30": "1.65", "2017-06-30": "1.61", "2017-03-31": "1.56", "2016-12-31": "1.55", "2016-09-30": "1.44", "2016-06-30": "1.62", "2016-03-31": "1.48", "2015-12-31": "1.43", "2015-09-30": "1.53", "2015-06-30": "1.53", "2015-03-31": "1.48", "2014-12-31": "1.32", "2014-09-30": "1.82", "2014-06-30": "1.82", "2014-03-31": "1.95", "2013-12-31": "1.75", "2013-09-30": "1.86", "2013-06-30": "1.88", "2013-03-31": "2.07", "2012-12-31": "1.73", "2012-09-30": "1.73", "2012-06-30": "1.57", "2012-03-31": "1.52", "2011-12-31": "1.81", "2011-09-30": "1.83", "2011-06-30": "1.85", "2011-03-31": "1.89", "2010-12-31": "1.95", "2010-09-30": "1.79", "2010-06-30": "1.75", "2010-03-31": "1.73", "2009-12-31": "1.67", "2009-09-30": "1.62", "2009-06-30": "1.57", "2009-03-31": "1.45", "2008-12-31": "1.51", "2008-09-30": "1.47", "2008-06-30": "1.49", "2008-03-31": "1.55", "2007-12-31": "1.50", "2007-09-30": "1.79", "2007-06-30": "1.67", "2007-03-31": "1.60", "2006-12-31": "1.72", "2006-09-30": "1.65", "2006-06-30": "1.71", "2006-03-31": "1.78", "2005-12-31": "1.71", "2005-09-30": "1.74", "2005-06-30": "1.82", "2005-03-31": "1.81"}, "quick ratio": {"2020-12-31": "1.05", "2020-09-30": "1.16", "2020-06-30": "1.03", "2020-03-31": "1.00", "2019-12-31": "1.02", "2019-09-30": "1.08", "2019-06-30": "1.01", "2019-03-31": "0.97", "2018-12-31": "0.96", "2018-09-30": "1.22", "2018-06-30": "1.22", "2018-03-31": "1.28", "2017-12-31": "1.22", "2017-09-30": "1.26", "2017-06-30": "1.21", "2017-03-31": "1.15", "2016-12-31": "1.19", "2016-09-30": "1.06", "2016-06-30": "1.21", "2016-03-31": "1.07", "2015-12-31": "1.08", "2015-09-30": "1.14", "2015-06-30": "1.14", "2015-03-31": "1.09", "2014-12-31": "0.95", "2014-09-30": "1.43", "2014-06-30": "1.43", "2014-03-31": "1.52", "2013-12-31": "1.30", "2013-09-30": "1.43", "2013-06-30": "1.42", "2013-03-31": "1.62", "2012-12-31": "1.35", "2012-09-30": "1.34", "2012-06-30": "1.18", "2012-03-31": "1.12", "2011-12-31": "1.37", "2011-09-30": "1.37", "2011-06-30": "1.38", "2011-03-31": "1.42", "2010-12-31": "1.51", "2010-09-30": "1.33", "2010-06-30": "1.29", "2010-03-31": "1.27", "2009-12-31": "1.24", "2009-09-30": "1.19", "2009-06-30": "1.16", "2009-03-31": "1.03", "2008-12-31": "1.10", "2008-09-30": "1.07", "2008-06-30": "1.05", "2008-03-31": "1.11", "2007-12-31": "1.17", "2007-09-30": "1.33", "2007-06-30": "1.17", "2007-03-31": "1.11", "2006-12-31": "1.30", "2006-09-30": "1.15", "2006-06-30": "1.23", "2006-03-31": "1.27", "2005-12-31": "1.24", "2005-09-30": "1.27", "2005-06-30": "1.32", "2005-03-31": "1.33"}, "debt equity ratio": {"current": "0.89", "2020-12-31": "0.00", "2020-09-30": "2.37", "2020-06-30": "2.68", "2020-03-31": "2.74", "2019-12-31": "2.28", "2019-09-30": "2.37", "2019-06-30": "2.46", "2019-03-31": "2.47", "2018-12-31": "2.38", "2018-09-30": "2.29", "2018-06-30": "2.37", "2018-03-31": "2.21", "2017-12-31": "1.92", "2017-09-30": "1.93", "2017-06-30": "1.96", "2017-03-31": "2.06", "2016-12-31": "2.21", "2016-09-30": "2.22", "2016-06-30": "2.18", "2016-03-31": "2.30", "2015-12-31": "2.37", "2015-09-30": "2.38", "2015-06-30": "2.35", "2015-03-31": "2.37", "2014-12-31": "2.33", "2014-09-30": "1.75", "2014-06-30": "1.74", "2014-03-31": "1.81", "2013-12-31": "2.05", "2013-09-30": "2.04", "2013-06-30": "2.03", "2013-03-31": "2.05", "2012-12-31": "2.67", "2012-09-30": "2.78", "2012-06-30": "3.03", "2012-03-31": "3.22", "2011-12-31": "3.17", "2011-09-30": "2.72", "2011-06-30": "2.56", "2011-03-31": "2.78", "2010-12-31": "2.91", "2010-09-30": "2.44", "2010-06-30": "2.67", "2010-03-31": "2.63", "2009-12-31": "2.63", "2009-09-30": "2.90", "2009-06-30": "3.33", "2009-03-31": "3.53", "2008-12-31": "3.21", "2008-09-30": "2.58", "2008-06-30": "2.51", "2008-03-31": "2.64", "2007-12-31": "2.04", "2007-09-30": "1.73", "2007-06-30": "1.90", "2007-03-31": "2.01", "2006-12-31": "2.07", "2006-09-30": "1.81", "2006-06-30": "1.73", "2006-03-31": "1.78", "2005-12-31": "1.84", "2005-09-30": "1.65", "2005-06-30": "1.58", "2005-03-31": "1.54"}, "return on equity": {"2020-12-31": "27.87%", "2020-09-30": "20.95%", "2020-06-30": "19.56%", "2020-03-31": "22.60%", "2019-12-31": "23.73%", "2019-09-30": "23.84%", "2019-06-30": "24.39%", "2019-03-31": "26.64%", "2018-12-31": "26.48%", "2018-09-30": "23.28%", "2018-06-30": "26.50%", "2018-03-31": "27.81%", "2017-12-31": "28.08%", "2017-09-30": "32.50%", "2017-06-30": "18.79%", "2017-03-31": "16.63%", "2016-12-31": "16.86%", "2016-09-30": "16.23%", "2016-06-30": "27.96%", "2016-03-31": "27.56%", "2015-12-31": "27.20%", "2015-09-30": "22.51%", "2015-06-30": "20.34%", "2015-03-31": "20.25%", "2014-12-31": "35.21%", "2014-09-30": "38.18%", "2014-06-30": "36.87%", "2014-03-31": "37.75%", "2013-12-31": "61.48%", "2013-09-30": "63.62%", "2013-06-30": "70.59%", "2013-03-31": "77.76%", "2012-12-31": "24.06%", "2012-09-30": "25.19%", "2012-06-30": "24.81%", "2012-03-31": "23.23%", "2011-12-31": "28.01%", "2011-09-30": "27.06%", "2011-06-30": "25.53%", "2011-03-31": "24.84%", "2010-12-31": "20.02%", "2010-09-30": "18.28%", "2010-06-30": "15.99%", "2010-03-31": "12.88%", "2009-12-31": "9.58%", "2009-09-30": "7.80%", "2009-06-30": "6.34%", "2009-03-31": "8.54%", "2008-12-31": "12.89%", "2008-09-30": "15.37%", "2008-06-30": "17.28%", "2008-03-31": "18.26%", "2007-12-31": "21.84%", "2007-09-30": "21.97%", "2007-06-30": "19.88%", "2007-03-31": "21.09%", "2006-12-31": "21.14%", "2006-09-30": "20.17%", "2006-06-30": "22.48%", "2006-03-31": "21.08%", "2005-12-31": "17.88%"}, "return on assets": {"2020-12-31": "6.91%", "2020-09-30": "5.97%", "2020-06-30": "5.58%", "2020-03-31": "6.54%", "2019-12-31": "6.99%", "2019-09-30": "6.97%", "2019-06-30": "7.17%", "2019-03-31": "7.89%", "2018-12-31": "8.00%", "2018-09-30": "7.30%", "2018-06-30": "8.56%", "2018-03-31": "9.27%", "2017-12-31": "9.48%", "2017-09-30": "10.72%", "2017-06-30": "6.05%", "2017-03-31": "5.26%", "2016-12-31": "5.23%", "2016-09-30": "4.97%", "2016-06-30": "8.46%", "2016-03-31": "8.23%", "2015-12-31": "8.08%", "2015-09-30": "6.71%", "2015-06-30": "6.40%", "2015-03-31": "6.71%", "2014-12-31": "12.18%", "2014-09-30": "13.50%", "2014-06-30": "12.72%", "2014-03-31": "12.68%", "2013-12-31": "20.21%", "2013-09-30": "20.04%", "2013-06-30": "21.09%", "2013-03-31": "21.65%", "2012-12-31": "6.16%", "2012-09-30": "6.24%", "2012-06-30": "6.16%", "2012-03-31": "5.96%", "2011-12-31": "7.39%", "2011-09-30": "7.24%", "2011-06-30": "6.96%", "2011-03-31": "6.72%", "2010-12-31": "5.47%", "2010-09-30": "5.09%", "2010-06-30": "4.31%", "2010-03-31": "3.34%", "2009-12-31": "2.36%", "2009-09-30": "1.85%", "2009-06-30": "1.54%", "2009-03-31": "2.20%", "2008-12-31": "3.48%", "2008-09-30": "4.46%", "2008-06-30": "5.33%", "2008-03-31": "5.91%", "2007-12-31": "7.49%", "2007-09-30": "7.53%", "2007-06-30": "6.75%", "2007-03-31": "7.27%", "2006-12-31": "7.43%", "2006-09-30": "7.24%", "2006-06-30": "8.18%", "2006-03-31": "7.79%", "2005-12-31": "6.76%"}, "return on investments": {"2020-12-31": "21.86%", "2020-09-30": "15.47%", "2020-06-30": "14.63%", "2020-03-31": "16.63%", "2019-12-31": "17.77%", "2019-09-30": "17.66%", "2019-06-30": "17.32%", "2019-03-31": "18.31%", "2018-12-31": "18.01%", "2018-09-30": "18.11%", "2018-06-30": "18.80%", "2018-03-31": "20.28%", "2017-12-31": "21.41%", "2017-09-30": "20.56%", "2017-06-30": "21.41%", "2017-03-31": "21.56%", "2016-12-31": "21.31%", "2016-09-30": "21.75%", "2016-06-30": "21.45%", "2016-03-31": "19.91%", "2015-12-31": "19.60%", "2015-09-30": "19.67%", "2015-06-30": "19.41%", "2015-03-31": "20.34%", "2014-12-31": "19.77%", "2014-09-30": "19.86%", "2014-06-30": "18.36%", "2014-03-31": "17.65%", "2013-12-31": "16.85%", "2013-09-30": "14.24%", "2013-06-30": "15.51%", "2013-03-31": "16.51%", "2012-12-31": "15.46%", "2012-09-30": "19.22%", "2012-06-30": "19.75%", "2012-03-31": "19.67%", "2011-12-31": "22.01%", "2011-09-30": "21.37%", "2011-06-30": "20.74%", "2011-03-31": "20.45%", "2010-12-31": "19.16%", "2010-09-30": "18.26%", "2010-06-30": "16.87%", "2010-03-31": "14.59%", "2009-12-31": "10.73%", "2009-09-30": "10.72%", "2009-06-30": "9.60%", "2009-03-31": "11.35%", "2008-12-31": "14.16%", "2008-09-30": "16.44%", "2008-06-30": "19.48%", "2008-03-31": "21.72%", "2007-12-31": "26.67%", "2007-09-30": "27.30%", "2007-06-30": "27.22%", "2007-03-31": "27.64%", "2006-12-31": "28.08%", "2006-09-30": "27.99%", "2006-06-30": "28.82%", "2006-03-31": "28.21%", "2005-12-31": "28.34%"}, "return on tangible equity": {"2020-09-30": "-91.21%", "2020-06-30": "-82.46%", "2020-03-31": "-98.02%", "2019-12-31": "-108.56%", "2019-09-30": "-103.07%", "2019-06-30": "-108.59%", "2019-03-31": "-125.29%", "2018-12-31": "-138.86%", "2018-09-30": "-172.11%", "2018-06-30": "-297.21%", "2018-03-31": "-497.97%", "2017-12-31": "-620.84%", "2017-09-30": "-527.51%", "2017-06-30": "-194.40%", "2017-03-31": "-168.47%", "2016-12-31": "-158.73%", "2016-09-30": "-144.91%", "2016-06-30": "-248.56%", "2016-03-31": "-208.98%", "2015-12-31": "-205.71%", "2015-09-30": "-161.90%", "2015-06-30": "-2237.19%", "2015-03-31": "188.56%", "2014-12-31": "170.93%", "2014-09-30": "135.36%", "2014-06-30": "147.50%", "2014-03-31": "176.45%", "2013-12-31": "304.67%", "2013-09-30": "331.42%", "2013-06-30": "422.55%", "2013-03-31": "631.60%", "2012-12-31": "827.25%", "2012-09-30": "-1033.33%", "2012-06-30": "-525.95%", "2012-03-31": "-686.16%", "2011-12-31": "-1622.22%", "2011-09-30": "-5101.18%", "2011-06-30": "-10615.38%", "2011-03-31": "-1285.05%", "2010-12-31": "-699.09%", "2010-09-30": "-500.71%", "2010-06-30": "-207.22%", "2010-03-31": "-105.24%", "2009-12-31": "-53.74%", "2009-09-30": "-37.23%", "2009-06-30": "-37.24%", "2009-03-31": "-81.95%", "2008-12-31": "-248.50%", "2008-09-30": "149.22%", "2008-06-30": "78.66%", "2008-03-31": "55.59%", "2007-12-31": "48.57%", "2007-09-30": "51.04%", "2007-06-30": "47.40%", "2007-03-31": "48.71%", "2006-12-31": "46.43%", "2006-09-30": "43.28%", "2006-06-30": "46.63%", "2006-03-31": "42.98%", "2005-12-31": "35.61%"}, "dividend yield history": {"last payout": "$2.16", "last yield": "1.54%"}}