{"ticker": "PPL", "price": {"title": "PPL Historical Annual Stock Price Data", "value": 27.87, "historical": {"2021": {"Average Stock Price": "27.9350", "Year Open": "27.5800", "Year High": "28.5700", "Year Low": "27.5800", "Year Close": "27.8700", "Annual % Change": "-1.17%"}, "2020": {"Average Stock Price": "28.3742", "Year Open": "35.4200", "Year High": "36.7400", "Year Low": "18.5900", "Year Close": "28.2000", "Annual % Change": "-21.40%"}, "2019": {"Average Stock Price": "31.4616", "Year Open": "28.1100", "Year High": "36.2500", "Year Low": "28.0100", "Year Close": "35.8800", "Annual % Change": "26.65%"}, "2018": {"Average Stock Price": "29.2549", "Year Open": "30.6000", "Year High": "32.2700", "Year Low": "25.6100", "Year Close": "28.3300", "Annual % Change": "-8.47%"}, "2017": {"Average Stock Price": "37.2625", "Year Open": "34.0300", "Year High": "40.0600", "Year Low": "30.7600", "Year Close": "30.9500", "Annual % Change": "-9.10%"}, "2016": {"Average Stock Price": "35.7990", "Year Open": "33.6800", "Year High": "39.6800", "Year Low": "32.1900", "Year Close": "34.0500", "Annual % Change": "-0.23%"}, "2015": {"Average Stock Price": "33.0604", "Year Open": "36.3600", "Year High": "36.3800", "Year Low": "29.4100", "Year Close": "34.1300", "Annual % Change": "-6.06%"}, "2014": {"Average Stock Price": "33.4479", "Year Open": "29.6500", "Year High": "37.9400", "Year Low": "29.5900", "Year Close": "36.3300", "Annual % Change": "20.74%"}, "2013": {"Average Stock Price": "30.5475", "Year Open": "29.0900", "Year High": "33.3800", "Year Low": "28.4500", "Year Close": "30.0900", "Annual % Change": "5.10%"}, "2012": {"Average Stock Price": "28.3823", "Year Open": "28.8200", "Year High": "30.1500", "Year Low": "26.7700", "Year Close": "28.6300", "Annual % Change": "-2.69%"}, "2011": {"Average Stock Price": "27.4265", "Year Open": "26.5800", "Year High": "30.2400", "Year Low": "24.3500", "Year Close": "29.4200", "Annual % Change": "11.78%"}, "2010": {"Average Stock Price": "27.2363", "Year Open": "32.4700", "Year High": "32.6100", "Year Low": "24.2400", "Year Close": "26.3200", "Annual % Change": "-18.54%"}, "2009": {"Average Stock Price": "30.6469", "Year Open": "31.3000", "Year High": "34.3400", "Year Low": "24.4600", "Year Close": "32.3100", "Annual % Change": "5.28%"}, "2008": {"Average Stock Price": "43.2133", "Year Open": "50.8400", "Year High": "55.1600", "Year Low": "28.6900", "Year Close": "30.6900", "Annual % Change": "-41.08%"}, "2007": {"Average Stock Price": "45.2822", "Year Open": "36.3600", "Year High": "53.9600", "Year Low": "34.6200", "Year Close": "52.0900", "Annual % Change": "45.34%"}, "2006": {"Average Stock Price": "32.2789", "Year Open": "30.0000", "Year High": "37.3000", "Year Low": "28.4700", "Year Close": "35.8400", "Annual % Change": "21.90%"}, "2005": {"Average Stock Price": "29.0604", "Year Open": "26.5150", "Year High": "33.3100", "Year Low": "25.5700", "Year Close": "29.4000", "Annual % Change": "10.36%"}, "2004": {"Average Stock Price": "23.3142", "Year Open": "21.8750", "Year High": "26.8850", "Year Low": "20.0000", "Year Close": "26.6400", "Annual % Change": "21.78%"}, "2003": {"Average Stock Price": "19.4853", "Year Open": "17.6200", "Year High": "22.0000", "Year Low": "16.1350", "Year Close": "21.8750", "Annual % Change": "26.15%"}, "2002": {"Average Stock Price": "16.9436", "Year Open": "17.4100", "Year High": "19.8050", "Year Low": "13.3500", "Year Close": "17.3400", "Annual % Change": "-0.49%"}, "2001": {"Average Stock Price": "22.1033", "Year Open": "21.6550", "Year High": "31.1100", "Year Low": "15.5950", "Year Close": "17.4250", "Annual % Change": "-22.88%"}, "2000": {"Average Stock Price": "14.5960", "Year Open": "11.0950", "Year High": "22.9050", "Year Low": "9.2500", "Year Close": "22.5950", "Annual % Change": "97.51%"}, "1999": {"Average Stock Price": "13.5319", "Year Open": "14.0950", "Year High": "15.8750", "Year Low": "10.1900", "Year Close": "11.4400", "Annual % Change": "-17.93%"}, "1998": {"Average Stock Price": "12.1064", "Year Open": "11.9400", "Year High": "14.4700", "Year Low": "10.4700", "Year Close": "13.9400", "Annual % Change": "16.46%"}, "1997": {"Average Stock Price": "10.7221", "Year Open": "11.5000", "Year High": "12.0950", "Year Low": "9.5000", "Year Close": "11.9700", "Annual % Change": "4.09%"}, "1996": {"Average Stock Price": "11.7089", "Year Open": "12.5000", "Year High": "12.9375", "Year Low": "10.8750", "Year Close": "11.5000", "Annual % Change": "-8.00%"}, "1995": {"Average Stock Price": "10.4419", "Year Open": "9.7500", "Year High": "12.9400", "Year Low": "9.0000", "Year Close": "12.5000", "Annual % Change": "31.58%"}, "1994": {"Average Stock Price": "10.8684", "Year Open": "13.4400", "Year High": "13.5000", "Year Low": "9.3750", "Year Close": "9.5000", "Annual % Change": "-29.63%"}, "1993": {"Average Stock Price": "14.5522", "Year Open": "13.5000", "Year High": "15.5000", "Year Low": "13.1250", "Year Close": "13.5000", "Annual % Change": "-0.92%"}, "1992": {"Average Stock Price": "13.0459", "Year Open": "13.1250", "Year High": "14.1250", "Year Low": "12.0000", "Year Close": "13.6250", "Annual % Change": "3.57%"}, "1991": {"Average Stock Price": "11.4311", "Year Open": "10.7800", "Year High": "13.1550", "Year Low": "10.5625", "Year Close": "13.1550", "Annual % Change": "20.27%"}, "1990": {"Average Stock Price": "10.4220", "Year Open": "10.7500", "Year High": "11.0950", "Year Low": "9.7800", "Year Close": "10.9375", "Annual % Change": "2.03%"}, "1989": {"Average Stock Price": "9.6400", "Year Open": "8.9700", "Year High": "10.7200", "Year Low": "8.5625", "Year Close": "10.7200", "Annual % Change": "18.72%"}, "1988": {"Average Stock Price": "8.8795", "Year Open": "8.3450", "Year High": "9.4375", "Year Low": "8.3450", "Year Close": "9.0300", "Annual % Change": "9.45%"}, "1987": {"Average Stock Price": "9.0949", "Year Open": "9.3125", "Year High": "10.2500", "Year Low": "7.8450", "Year Close": "8.2500", "Annual % Change": "-9.59%"}, "1986": {"Average Stock Price": "8.7176", "Year Open": "7.2200", "Year High": "10.8125", "Year Low": "7.0300", "Year Close": "9.1250", "Annual % Change": "26.96%"}}}, "market cap": {"value": "$21.43B"}, "income statement": {"Revenue": {"2019-12-31": "7769.00000", "2018-12-31": "7785.00000", "2017-12-31": "7447.00000", "2016-12-31": "7517.00000", "2015-12-31": "7669.00000", "2014-12-31": "7852.00000", "2013-12-31": "7263.00000", "2012-12-31": "12132.00000", "2011-12-31": "12737.00000", "2010-12-31": "8521.00000", "2009-12-31": "7449.00000", "2008-12-31": "7857.00000", "2007-12-31": "6462.00000", "2006-12-31": "6131.00000", "2005-12-31": "5539.00000"}, "Cost Of Goods Sold": {"2019-12-31": "1432.00000", "2018-12-31": "1544.00000", "2017-12-31": "1444.00000", "2016-12-31": "1497.00000", "2015-12-31": "1718.00000", "2014-12-31": "1889.00000", "2013-12-31": "1751.00000", "2012-12-31": "4392.00000", "2011-12-31": "5199.00000", "2010-12-31": "3722.00000", "2009-12-31": "3700.00000", "2008-12-31": "3234.00000", "2007-12-31": "1626.00000", "2006-12-31": "1736.00000", "2005-12-31": "1423.00000"}, "Gross Profit": {"2019-12-31": "6337.00000", "2018-12-31": "6241.00000", "2017-12-31": "6003.00000", "2016-12-31": "6020.00000", "2015-12-31": "5951.00000", "2014-12-31": "5963.00000", "2013-12-31": "5512.00000", "2012-12-31": "7740.00000", "2011-12-31": "7538.00000", "2010-12-31": "4799.00000", "2009-12-31": "3749.00000", "2008-12-31": "4623.00000", "2007-12-31": "4836.00000", "2006-12-31": "4395.00000", "2005-12-31": "4116.00000"}, "Research And Development Expenses": {"2019-12-31": "", "2018-12-31": "", "2017-12-31": "", "2016-12-31": "", "2015-12-31": "", "2014-12-31": "", "2013-12-31": "", "2012-12-31": "", "2011-12-31": "", "2010-12-31": "", "2009-12-31": "", "2008-12-31": "", "2007-12-31": "", "2006-12-31": "", "2005-12-31": ""}, "SG&A Expenses": {"2019-12-31": "2298.00000", "2018-12-31": "2295.00000", "2017-12-31": "2094.00000", "2016-12-31": "2158.00000", "2015-12-31": "2237.00000", "2014-12-31": "2173.00000", "2013-12-31": "2108.00000", "2012-12-31": "3143.00000", "2011-12-31": "2993.00000", "2010-12-31": "1994.00000", "2009-12-31": "1698.00000", "2008-12-31": "1702.00000", "2007-12-31": "1663.00000", "2006-12-31": "1547.00000", "2005-12-31": "1551.00000"}, "Other Operating Income Or Expenses": {"2019-12-31": "", "2018-12-31": "", "2017-12-31": "", "2016-12-31": "", "2015-12-31": "", "2014-12-31": "", "2013-12-31": "", "2012-12-31": "-484.00000", "2011-12-31": "-484.00000", "2010-12-31": "-383.00000", "2009-12-31": "-396.00000", "2008-12-31": "-481.00000", "2007-12-31": "-762.00000", "2006-12-31": "-638.00000", "2005-12-31": "-635.00000"}, "Operating Expenses": {"2019-12-31": "4929.00000", "2018-12-31": "4933.00000", "2017-12-31": "4546.00000", "2016-12-31": "4581.00000", "2015-12-31": "4838.00000", "2014-12-31": "4985.00000", "2013-12-31": "4702.00000", "2012-12-31": "9106.00000", "2011-12-31": "9636.00000", "2010-12-31": "6655.00000", "2009-12-31": "6553.00000", "2008-12-31": "6154.00000", "2007-12-31": "4803.00000", "2006-12-31": "4622.00000", "2005-12-31": "4266.00000"}, "Operating Income": {"2019-12-31": "2840.00000", "2018-12-31": "2852.00000", "2017-12-31": "2901.00000", "2016-12-31": "2936.00000", "2015-12-31": "2831.00000", "2014-12-31": "2867.00000", "2013-12-31": "2561.00000", "2012-12-31": "3026.00000", "2011-12-31": "3101.00000", "2010-12-31": "1866.00000", "2009-12-31": "896.00000", "2008-12-31": "1703.00000", "2007-12-31": "1659.00000", "2006-12-31": "1509.00000", "2005-12-31": "1273.00000"}, "Total Non-Operating Income/Expense": {"2019-12-31": "-685.00000", "2018-12-31": "-567.00000", "2017-12-31": "-989.00000", "2016-12-31": "-386.00000", "2015-12-31": "-763.00000", "2014-12-31": "-738.00000", "2013-12-31": "-833.00000", "2012-12-31": "-1017.00000", "2011-12-31": "-900.00000", "2010-12-31": "-627.00000", "2009-12-31": "-358.00000", "2008-12-31": "-430.00000", "2007-12-31": "-378.00000", "2006-12-31": "-385.00000", "2005-12-31": "-448.00000"}, "Pre-Tax Income": {"2019-12-31": "2155.00000", "2018-12-31": "2285.00000", "2017-12-31": "1912.00000", "2016-12-31": "2550.00000", "2015-12-31": "2068.00000", "2014-12-31": "2129.00000", "2013-12-31": "1728.00000", "2012-12-31": "2009.00000", "2011-12-31": "2201.00000", "2010-12-31": "1239.00000", "2009-12-31": "538.00000", "2008-12-31": "1273.00000", "2007-12-31": "1281.00000", "2006-12-31": "1124.00000", "2005-12-31": "825.00000"}, "Income Taxes": {"2019-12-31": "409.00000", "2018-12-31": "458.00000", "2017-12-31": "784.00000", "2016-12-31": "648.00000", "2015-12-31": "465.00000", "2014-12-31": "692.00000", "2013-12-31": "360.00000", "2012-12-31": "518.00000", "2011-12-31": "691.00000", "2010-12-31": "263.00000", "2009-12-31": "105.00000", "2008-12-31": "396.00000", "2007-12-31": "259.00000", "2006-12-31": "268.00000", "2005-12-31": "128.00000"}, "Income After Taxes": {"2019-12-31": "1746.00000", "2018-12-31": "1827.00000", "2017-12-31": "1128.00000", "2016-12-31": "1902.00000", "2015-12-31": "1603.00000", "2014-12-31": "1437.00000", "2013-12-31": "1368.00000", "2012-12-31": "1491.00000", "2011-12-31": "1510.00000", "2010-12-31": "976.00000", "2009-12-31": "433.00000", "2008-12-31": "877.00000", "2007-12-31": "1022.00000", "2006-12-31": "856.00000", "2005-12-31": "697.00000"}, "Other Income": {"2019-12-31": "", "2018-12-31": "", "2017-12-31": "", "2016-12-31": "", "2015-12-31": "", "2014-12-31": "", "2013-12-31": "", "2012-12-31": "", "2011-12-31": "", "2010-12-31": "", "2009-12-31": "", "2008-12-31": "", "2007-12-31": "", "2006-12-31": "", "2005-12-31": ""}, "Income From Continuous Operations": {"2019-12-31": "1746.00000", "2018-12-31": "1827.00000", "2017-12-31": "1128.00000", "2016-12-31": "1902.00000", "2015-12-31": "1603.00000", "2014-12-31": "1437.00000", "2013-12-31": "1368.00000", "2012-12-31": "1491.00000", "2011-12-31": "1510.00000", "2010-12-31": "976.00000", "2009-12-31": "433.00000", "2008-12-31": "877.00000", "2007-12-31": "1022.00000", "2006-12-31": "839.00000", "2005-12-31": "693.00000"}, "Income From Discontinued Operations": {"2019-12-31": "", "2018-12-31": "", "2017-12-31": "", "2016-12-31": "", "2015-12-31": "-921.00000", "2014-12-31": "300.00000", "2013-12-31": "-238.00000", "2012-12-31": "40.00000", "2011-12-31": "2.00000", "2010-12-31": "-17.00000", "2009-12-31": "-7.00000", "2008-12-31": "73.00000", "2007-12-31": "293.00000", "2006-12-31": "26.00000", "2005-12-31": "-7.00000"}, "Net Income": {"2019-12-31": "1746.00000", "2018-12-31": "1827.00000", "2017-12-31": "1128.00000", "2016-12-31": "1902.00000", "2015-12-31": "682.00000", "2014-12-31": "1728.00000", "2013-12-31": "1124.00000", "2012-12-31": "1512.00000", "2011-12-31": "1495.00000", "2010-12-31": "934.00000", "2009-12-31": "407.00000", "2008-12-31": "930.00000", "2007-12-31": "1288.00000", "2006-12-31": "865.00000", "2005-12-31": "678.00000"}, "EBITDA": {"2019-12-31": "4120.00000", "2018-12-31": "4024.00000", "2017-12-31": "4006.00000", "2016-12-31": "3942.00000", "2015-12-31": "3773.00000", "2014-12-31": "3855.00000", "2013-12-31": "3470.00000", "2012-12-31": "4312.00000", "2011-12-31": "4316.00000", "2010-12-31": "2646.00000", "2009-12-31": "1756.00000", "2008-12-31": "2547.00000", "2007-12-31": "2550.00000", "2006-12-31": "2264.00000", "2005-12-31": "1994.00000"}, "EBIT": {"2019-12-31": "2840.00000", "2018-12-31": "2852.00000", "2017-12-31": "2901.00000", "2016-12-31": "2936.00000", "2015-12-31": "2831.00000", "2014-12-31": "2867.00000", "2013-12-31": "2561.00000", "2012-12-31": "3026.00000", "2011-12-31": "3101.00000", "2010-12-31": "1866.00000", "2009-12-31": "896.00000", "2008-12-31": "1703.00000", "2007-12-31": "1659.00000", "2006-12-31": "1509.00000", "2005-12-31": "1273.00000"}, "Basic Shares Outstanding": {"2019-12-31": "728.51200", "2018-12-31": "704.43900", "2017-12-31": "685.24000", "2016-12-31": "677.59200", "2015-12-31": "669.81400", "2014-12-31": "653.50400", "2013-12-31": "608.98300", "2012-12-31": "580.27600", "2011-12-31": "550.39500", "2010-12-31": "431.34500", "2009-12-31": "376.08200", "2008-12-31": "373.62600", "2007-12-31": "380.56300", "2006-12-31": "380.75400", "2005-12-31": "379.13200"}, "Shares Outstanding": {"2019-12-31": "736.75400", "2018-12-31": "708.61900", "2017-12-31": "687.33400", "2016-12-31": "680.44600", "2015-12-31": "672.58600", "2014-12-31": "665.97300", "2013-12-31": "663.07300", "2012-12-31": "581.62600", "2011-12-31": "550.95200", "2010-12-31": "431.56900", "2009-12-31": "376.40600", "2008-12-31": "374.90100", "2007-12-31": "383.49200", "2006-12-31": "386.76900", "2005-12-31": "383.73700"}, "Basic EPS": {"2019-12-31": "2.39000", "2018-12-31": "2.59000", "2017-12-31": "1.64000", "2016-12-31": "2.80000", "2015-12-31": "1.01000", "2014-12-31": "2.64000", "2013-12-31": "1.85000", "2012-12-31": "2.61000", "2011-12-31": "2.71000", "2010-12-31": "2.17000", "2009-12-31": "1.08000", "2008-12-31": "2.48000", "2007-12-31": "3.37000", "2006-12-31": "2.27000", "2005-12-31": "1.79000"}, "EPS - Earnings Per Share": {"2019-12-31": "2.37000", "2018-12-31": "2.58000", "2017-12-31": "1.64000", "2016-12-31": "2.79000", "2015-12-31": "1.01000", "2014-12-31": "2.61000", "2013-12-31": "1.76000", "2012-12-31": "2.60000", "2011-12-31": "2.70000", "2010-12-31": "2.17000", "2009-12-31": "1.08000", "2008-12-31": "2.47000", "2007-12-31": "3.34000", "2006-12-31": "2.24000", "2005-12-31": "1.77000"}}, "income statement, quarterly": {"Revenue": {"2020-09-30": "1885.00000", "2020-06-30": "1739.00000", "2020-03-31": "2054.00000", "2019-12-31": "1954.00000", "2019-09-30": "1933.00000", "2019-06-30": "1803.00000", "2019-03-31": "2079.00000", "2018-12-31": "1939.00000", "2018-09-30": "1872.00000", "2018-06-30": "1848.00000", "2018-03-31": "2126.00000", "2017-12-31": "1926.00000", "2017-09-30": "1845.00000", "2017-06-30": "1725.00000", "2017-03-31": "1951.00000", "2016-12-31": "1832.00000", "2016-09-30": "1889.00000", "2016-06-30": "1785.00000", "2016-03-31": "2011.00000", "2015-12-31": "1780.00000", "2015-09-30": "1878.00000", "2015-06-30": "1781.00000", "2015-03-31": "2230.00000", "2014-12-31": "2930.00000", "2014-09-30": "1879.00000", "2014-06-30": "1849.00000", "2014-03-31": "1194.00000", "2013-12-31": "-1718.00000", "2013-09-30": "3074.00000", "2013-06-30": "3450.00000", "2013-03-31": "2457.00000", "2012-12-31": "3068.00000", "2012-09-30": "2403.00000", "2012-06-30": "2549.00000", "2012-03-31": "4112.00000", "2011-12-31": "4218.00000", "2011-09-30": "3120.00000", "2011-06-30": "2489.00000", "2011-03-31": "2910.00000", "2010-12-31": "1863.00000", "2010-09-30": "2179.00000", "2010-06-30": "1473.00000", "2010-03-31": "3006.00000", "2009-12-31": "1652.00000", "2009-09-30": "1782.00000", "2009-06-30": "1671.00000", "2009-03-31": "2344.00000", "2008-12-31": "2346.00000", "2008-09-30": "2971.00000", "2008-06-30": "1014.00000", "2008-03-31": "1526.00000", "2007-12-31": "1569.00000", "2007-09-30": "1774.00000", "2007-06-30": "1573.00000", "2007-03-31": "1546.00000", "2006-12-31": "1388.00000", "2006-09-30": "1589.00000", "2006-06-30": "1504.00000", "2006-03-31": "1650.00000", "2005-12-31": "852.00000", "2005-09-30": "1620.00000", "2005-06-30": "1467.00000", "2005-03-31": "1600.00000"}, "Cost Of Goods Sold": {"2020-09-30": "313.00000", "2020-06-30": "271.00000", "2020-03-31": "364.00000", "2019-12-31": "338.00000", "2019-09-30": "344.00000", "2019-06-30": "306.00000", "2019-03-31": "444.00000", "2018-12-31": "397.00000", "2018-09-30": "355.00000", "2018-06-30": "337.00000", "2018-03-31": "455.00000", "2017-12-31": "374.00000", "2017-09-30": "345.00000", "2017-06-30": "319.00000", "2017-03-31": "406.00000", "2016-12-31": "359.00000", "2016-09-30": "378.00000", "2016-06-30": "330.00000", "2016-03-31": "430.00000", "2015-12-31": "347.00000", "2015-09-30": "405.00000", "2015-06-30": "384.00000", "2015-03-31": "582.00000", "2014-12-31": "1809.00000", "2014-09-30": "413.00000", "2014-06-30": "403.00000", "2014-03-31": "-736.00000", "2013-12-31": "-1376.00000", "2013-09-30": "1049.00000", "2013-06-30": "1492.00000", "2013-03-31": "586.00000", "2012-12-31": "1154.00000", "2012-09-30": "584.00000", "2012-06-30": "756.00000", "2012-03-31": "1898.00000", "2011-12-31": "2191.00000", "2011-09-30": "1141.00000", "2011-06-30": "739.00000", "2011-03-31": "1128.00000", "2010-12-31": "362.00000", "2010-09-30": "1008.00000", "2010-06-30": "550.00000", "2010-03-31": "1802.00000", "2009-12-31": "704.00000", "2009-09-30": "928.00000", "2009-06-30": "864.00000", "2009-03-31": "1204.00000", "2008-12-31": "1217.00000", "2008-09-30": "1825.00000", "2008-06-30": "-106.00000", "2008-03-31": "298.00000", "2007-12-31": "384.00000", "2007-09-30": "492.00000", "2007-06-30": "395.00000", "2007-03-31": "355.00000", "2006-12-31": "309.00000", "2006-09-30": "520.00000", "2006-06-30": "443.00000", "2006-03-31": "464.00000", "2005-12-31": "31.00000", "2005-09-30": "484.00000", "2005-06-30": "398.00000", "2005-03-31": "510.00000"}, "Gross Profit": {"2020-09-30": "1572.00000", "2020-06-30": "1468.00000", "2020-03-31": "1690.00000", "2019-12-31": "1616.00000", "2019-09-30": "1589.00000", "2019-06-30": "1497.00000", "2019-03-31": "1635.00000", "2018-12-31": "1542.00000", "2018-09-30": "1517.00000", "2018-06-30": "1511.00000", "2018-03-31": "1671.00000", "2017-12-31": "1552.00000", "2017-09-30": "1500.00000", "2017-06-30": "1406.00000", "2017-03-31": "1545.00000", "2016-12-31": "1473.00000", "2016-09-30": "1511.00000", "2016-06-30": "1455.00000", "2016-03-31": "1581.00000", "2015-12-31": "1433.00000", "2015-09-30": "1473.00000", "2015-06-30": "1397.00000", "2015-03-31": "1648.00000", "2014-12-31": "1121.00000", "2014-09-30": "1466.00000", "2014-06-30": "1446.00000", "2014-03-31": "1930.00000", "2013-12-31": "-342.00000", "2013-09-30": "2025.00000", "2013-06-30": "1958.00000", "2013-03-31": "1871.00000", "2012-12-31": "1914.00000", "2012-09-30": "1819.00000", "2012-06-30": "1793.00000", "2012-03-31": "2214.00000", "2011-12-31": "2027.00000", "2011-09-30": "1979.00000", "2011-06-30": "1750.00000", "2011-03-31": "1782.00000", "2010-12-31": "1501.00000", "2010-09-30": "1171.00000", "2010-06-30": "923.00000", "2010-03-31": "1204.00000", "2009-12-31": "948.00000", "2009-09-30": "854.00000", "2009-06-30": "807.00000", "2009-03-31": "1140.00000", "2008-12-31": "1129.00000", "2008-09-30": "1146.00000", "2008-06-30": "1120.00000", "2008-03-31": "1228.00000", "2007-12-31": "1185.00000", "2007-09-30": "1282.00000", "2007-06-30": "1178.00000", "2007-03-31": "1191.00000", "2006-12-31": "1079.00000", "2006-09-30": "1069.00000", "2006-06-30": "1061.00000", "2006-03-31": "1186.00000", "2005-12-31": "821.00000", "2005-09-30": "1136.00000", "2005-06-30": "1069.00000", "2005-03-31": "1090.00000"}, "Research And Development Expenses": {"2020-09-30": "", "2020-06-30": "", "2020-03-31": "", "2019-12-31": "", "2019-09-30": "", "2019-06-30": "", "2019-03-31": "", "2018-12-31": "", "2018-09-30": "", "2018-06-30": "", "2018-03-31": "", "2017-12-31": "", "2017-09-30": "", "2017-06-30": "", "2017-03-31": "", "2016-12-31": "", "2016-09-30": "", "2016-06-30": "", "2016-03-31": "", "2015-12-31": "", "2015-09-30": "", "2015-06-30": "", "2015-03-31": "", "2014-12-31": "", "2014-09-30": "", "2014-06-30": "", "2014-03-31": "", "2013-12-31": "", "2013-09-30": "", "2013-06-30": "", "2013-03-31": "", "2012-12-31": "", "2012-09-30": "", "2012-06-30": "", "2012-03-31": "", "2011-12-31": "", "2011-09-30": "", "2011-06-30": "", "2011-03-31": "", "2010-12-31": "", "2010-09-30": "", "2010-06-30": "", "2010-03-31": "", "2009-12-31": "", "2009-09-30": "", "2009-06-30": "", "2009-03-31": "", "2008-12-31": "", "2008-09-30": "", "2008-06-30": "", "2008-03-31": "", "2007-12-31": "", "2007-09-30": "", "2007-06-30": "", "2007-03-31": "", "2006-12-31": "", "2006-09-30": "", "2006-06-30": "", "2006-03-31": "", "2005-12-31": "", "2005-09-30": "", "2005-06-30": "", "2005-03-31": ""}, "SG&A Expenses": {"2020-09-30": "562.00000", "2020-06-30": "554.00000", "2020-03-31": "556.00000", "2019-12-31": "614.00000", "2019-09-30": "557.00000", "2019-06-30": "557.00000", "2019-03-31": "570.00000", "2018-12-31": "608.00000", "2018-09-30": "556.00000", "2018-06-30": "580.00000", "2018-03-31": "551.00000", "2017-12-31": "540.00000", "2017-09-30": "507.00000", "2017-06-30": "502.00000", "2017-03-31": "545.00000", "2016-12-31": "637.00000", "2016-09-30": "493.00000", "2016-06-30": "499.00000", "2016-03-31": "529.00000", "2015-12-31": "591.00000", "2015-09-30": "561.00000", "2015-06-30": "543.00000", "2015-03-31": "542.00000", "2014-12-31": "335.00000", "2014-09-30": "545.00000", "2014-06-30": "524.00000", "2014-03-31": "769.00000", "2013-12-31": "-192.00000", "2013-09-30": "744.00000", "2013-06-30": "784.00000", "2013-03-31": "772.00000", "2012-12-31": "780.00000", "2012-09-30": "740.00000", "2012-06-30": "826.00000", "2012-03-31": "797.00000", "2011-12-31": "714.00000", "2011-09-30": "825.00000", "2011-06-30": "798.00000", "2011-03-31": "656.00000", "2010-12-31": "584.00000", "2010-09-30": "422.00000", "2010-06-30": "472.00000", "2010-03-31": "516.00000", "2009-12-31": "448.00000", "2009-09-30": "385.00000", "2009-06-30": "421.00000", "2009-03-31": "444.00000", "2008-12-31": "382.00000", "2008-09-30": "438.00000", "2008-06-30": "430.00000", "2008-03-31": "452.00000", "2007-12-31": "444.00000", "2007-09-30": "397.00000", "2007-06-30": "419.00000", "2007-03-31": "403.00000", "2006-12-31": "398.00000", "2006-09-30": "373.00000", "2006-06-30": "395.00000", "2006-03-31": "381.00000", "2005-12-31": "308.00000", "2005-09-30": "404.00000", "2005-06-30": "402.00000", "2005-03-31": "437.00000"}, "Other Operating Income Or Expenses": {"2020-09-30": "", "2020-06-30": "", "2020-03-31": "", "2019-12-31": "", "2019-09-30": "", "2019-06-30": "", "2019-03-31": "", "2018-12-31": "", "2018-09-30": "", "2018-06-30": "", "2018-03-31": "", "2017-12-31": "", "2017-09-30": "", "2017-06-30": "", "2017-03-31": "", "2016-12-31": "", "2016-09-30": "", "2016-06-30": "", "2016-03-31": "", "2015-12-31": "", "2015-09-30": "", "2015-06-30": "", "2015-03-31": "", "2014-12-31": "", "2014-09-30": "", "2014-06-30": "-14.00000", "2014-03-31": "-138.00000", "2013-12-31": "", "2013-09-30": "-151.00000", "2013-06-30": "-130.00000", "2013-03-31": "-122.00000", "2012-12-31": "-121.00000", "2012-09-30": "-137.00000", "2012-06-30": "-124.00000", "2012-03-31": "-102.00000", "2011-12-31": "-116.00000", "2011-09-30": "-135.00000", "2011-06-30": "-120.00000", "2011-03-31": "-113.00000", "2010-12-31": "-95.00000", "2010-09-30": "-100.00000", "2010-06-30": "-100.00000", "2010-03-31": "-88.00000", "2009-12-31": "-98.00000", "2009-09-30": "-109.00000", "2009-06-30": "-98.00000", "2009-03-31": "-91.00000", "2008-12-31": "-119.00000", "2008-09-30": "-134.00000", "2008-06-30": "-120.00000", "2008-03-31": "-108.00000", "2007-12-31": "-181.00000", "2007-09-30": "-178.00000", "2007-06-30": "-201.00000", "2007-03-31": "-202.00000", "2006-12-31": "-184.00000", "2006-09-30": "-156.00000", "2006-06-30": "-140.00000", "2006-03-31": "-158.00000", "2005-12-31": "-149.00000", "2005-09-30": "-170.00000", "2005-06-30": "-170.00000", "2005-03-31": "-146.00000"}, "Operating Expenses": {"2020-09-30": "1198.00000", "2020-06-30": "1144.00000", "2020-03-31": "1237.00000", "2019-12-31": "1261.00000", "2019-09-30": "1207.00000", "2019-06-30": "1163.00000", "2019-03-31": "1298.00000", "2018-12-31": "1282.00000", "2018-09-30": "1186.00000", "2018-06-30": "1190.00000", "2018-03-31": "1275.00000", "2017-12-31": "1177.00000", "2017-09-30": "1109.00000", "2017-06-30": "1067.00000", "2017-03-31": "1193.00000", "2016-12-31": "1230.00000", "2016-09-30": "1103.00000", "2016-06-30": "1060.00000", "2016-03-31": "1188.00000", "2015-12-31": "1163.00000", "2015-09-30": "1192.00000", "2015-06-30": "1143.00000", "2015-03-31": "1340.00000", "2014-12-31": "2152.00000", "2014-09-30": "1191.00000", "2014-06-30": "1171.00000", "2014-03-31": "471.00000", "2013-12-31": "-1982.00000", "2013-09-30": "2228.00000", "2013-06-30": "2692.00000", "2013-03-31": "1764.00000", "2012-12-31": "2329.00000", "2012-09-30": "1739.00000", "2012-06-30": "1977.00000", "2012-03-31": "3061.00000", "2011-12-31": "3284.00000", "2011-09-30": "2353.00000", "2011-06-30": "1894.00000", "2011-03-31": "2105.00000", "2010-12-31": "1221.00000", "2010-09-30": "1657.00000", "2010-06-30": "1247.00000", "2010-03-31": "2530.00000", "2009-12-31": "1443.00000", "2009-09-30": "1611.00000", "2009-06-30": "1567.00000", "2009-03-31": "1932.00000", "2008-12-31": "1892.00000", "2008-09-30": "2587.00000", "2008-06-30": "629.00000", "2008-03-31": "1046.00000", "2007-12-31": "1198.00000", "2007-09-30": "1253.00000", "2007-06-30": "1195.00000", "2007-03-31": "1157.00000", "2006-12-31": "1071.00000", "2006-09-30": "1229.00000", "2006-06-30": "1145.00000", "2006-03-31": "1177.00000", "2005-12-31": "631.00000", "2005-09-30": "1237.00000", "2005-06-30": "1133.00000", "2005-03-31": "1265.00000"}, "Operating Income": {"2020-09-30": "687.00000", "2020-06-30": "595.00000", "2020-03-31": "817.00000", "2019-12-31": "693.00000", "2019-09-30": "726.00000", "2019-06-30": "640.00000", "2019-03-31": "781.00000", "2018-12-31": "657.00000", "2018-09-30": "686.00000", "2018-06-30": "658.00000", "2018-03-31": "851.00000", "2017-12-31": "749.00000", "2017-09-30": "736.00000", "2017-06-30": "658.00000", "2017-03-31": "758.00000", "2016-12-31": "602.00000", "2016-09-30": "786.00000", "2016-06-30": "725.00000", "2016-03-31": "823.00000", "2015-12-31": "617.00000", "2015-09-30": "686.00000", "2015-06-30": "638.00000", "2015-03-31": "890.00000", "2014-12-31": "778.00000", "2014-09-30": "688.00000", "2014-06-30": "678.00000", "2014-03-31": "723.00000", "2013-12-31": "264.00000", "2013-09-30": "846.00000", "2013-06-30": "758.00000", "2013-03-31": "693.00000", "2012-12-31": "739.00000", "2012-09-30": "664.00000", "2012-06-30": "572.00000", "2012-03-31": "1051.00000", "2011-12-31": "934.00000", "2011-09-30": "767.00000", "2011-06-30": "595.00000", "2011-03-31": "805.00000", "2010-12-31": "642.00000", "2010-09-30": "522.00000", "2010-06-30": "226.00000", "2010-03-31": "476.00000", "2009-12-31": "209.00000", "2009-09-30": "171.00000", "2009-06-30": "104.00000", "2009-03-31": "412.00000", "2008-12-31": "454.00000", "2008-09-30": "384.00000", "2008-06-30": "385.00000", "2008-03-31": "480.00000", "2007-12-31": "371.00000", "2007-09-30": "521.00000", "2007-06-30": "378.00000", "2007-03-31": "389.00000", "2006-12-31": "317.00000", "2006-09-30": "360.00000", "2006-06-30": "359.00000", "2006-03-31": "473.00000", "2005-12-31": "221.00000", "2005-09-30": "383.00000", "2005-06-30": "334.00000", "2005-03-31": "335.00000"}, "Total Non-Operating Income/Expense": {"2020-09-30": "-197.00000", "2020-06-30": "-177.00000", "2020-03-31": "-123.00000", "2019-12-31": "-248.00000", "2019-09-30": "-133.00000", "2019-06-30": "-115.00000", "2019-03-31": "-189.00000", "2018-12-31": "-146.00000", "2018-09-30": "-138.00000", "2018-06-30": "-1.00000", "2018-03-31": "-282.00000", "2017-12-31": "-208.00000", "2017-09-30": "-265.00000", "2017-06-30": "-290.00000", "2017-03-31": "-226.00000", "2016-12-31": "1.00000", "2016-09-30": "-174.00000", "2016-06-30": "-50.00000", "2016-03-31": "-163.00000", "2015-12-31": "-179.00000", "2015-09-30": "-146.00000", "2015-06-30": "-317.00000", "2015-03-31": "-121.00000", "2014-12-31": "-94.00000", "2014-09-30": "-77.00000", "2014-06-30": "-282.00000", "2014-03-31": "-285.00000", "2013-12-31": "-98.00000", "2013-09-30": "-361.00000", "2013-06-30": "-245.00000", "2013-03-31": "-129.00000", "2012-12-31": "-271.00000", "2012-09-30": "-292.00000", "2012-06-30": "-207.00000", "2012-03-31": "-247.00000", "2011-12-31": "-214.00000", "2011-09-30": "-208.00000", "2011-06-30": "-298.00000", "2011-03-31": "-180.00000", "2010-12-31": "-193.00000", "2010-09-30": "-197.00000", "2010-06-30": "-134.00000", "2010-03-31": "-103.00000", "2009-12-31": "-86.00000", "2009-09-30": "-95.00000", "2009-06-30": "-106.00000", "2009-03-31": "-71.00000", "2008-12-31": "-111.00000", "2008-09-30": "-117.00000", "2008-06-30": "-102.00000", "2008-03-31": "-100.00000", "2007-12-31": "-92.00000", "2007-09-30": "-94.00000", "2007-06-30": "-99.00000", "2007-03-31": "-93.00000", "2006-12-31": "-100.00000", "2006-09-30": "-95.00000", "2006-06-30": "-84.00000", "2006-03-31": "-106.00000", "2005-12-31": "-84.00000", "2005-09-30": "-122.00000", "2005-06-30": "-114.00000", "2005-03-31": "-128.00000"}, "Pre-Tax Income": {"2020-09-30": "490.00000", "2020-06-30": "418.00000", "2020-03-31": "694.00000", "2019-12-31": "445.00000", "2019-09-30": "593.00000", "2019-06-30": "525.00000", "2019-03-31": "592.00000", "2018-12-31": "511.00000", "2018-09-30": "548.00000", "2018-06-30": "657.00000", "2018-03-31": "569.00000", "2017-12-31": "541.00000", "2017-09-30": "471.00000", "2017-06-30": "368.00000", "2017-03-31": "532.00000", "2016-12-31": "603.00000", "2016-09-30": "612.00000", "2016-06-30": "675.00000", "2016-03-31": "660.00000", "2015-12-31": "438.00000", "2015-09-30": "540.00000", "2015-06-30": "321.00000", "2015-03-31": "769.00000", "2014-12-31": "684.00000", "2014-09-30": "611.00000", "2014-06-30": "396.00000", "2014-03-31": "438.00000", "2013-12-31": "166.00000", "2013-09-30": "485.00000", "2013-06-30": "513.00000", "2013-03-31": "564.00000", "2012-12-31": "468.00000", "2012-09-30": "372.00000", "2012-06-30": "365.00000", "2012-03-31": "804.00000", "2011-12-31": "720.00000", "2011-09-30": "559.00000", "2011-06-30": "297.00000", "2011-03-31": "625.00000", "2010-12-31": "449.00000", "2010-09-30": "325.00000", "2010-06-30": "92.00000", "2010-03-31": "373.00000", "2009-12-31": "123.00000", "2009-09-30": "76.00000", "2009-06-30": "-2.00000", "2009-03-31": "341.00000", "2008-12-31": "343.00000", "2008-09-30": "267.00000", "2008-06-30": "283.00000", "2008-03-31": "380.00000", "2007-12-31": "279.00000", "2007-09-30": "427.00000", "2007-06-30": "279.00000", "2007-03-31": "296.00000", "2006-12-31": "217.00000", "2006-09-30": "265.00000", "2006-06-30": "275.00000", "2006-03-31": "367.00000", "2005-12-31": "137.00000", "2005-09-30": "261.00000", "2005-06-30": "220.00000", "2005-03-31": "207.00000"}, "Income Taxes": {"2020-09-30": "209.00000", "2020-06-30": "74.00000", "2020-03-31": "140.00000", "2019-12-31": "81.00000", "2019-09-30": "118.00000", "2019-06-30": "84.00000", "2019-03-31": "126.00000", "2018-12-31": "96.00000", "2018-09-30": "103.00000", "2018-06-30": "142.00000", "2018-03-31": "117.00000", "2017-12-31": "463.00000", "2017-09-30": "116.00000", "2017-06-30": "76.00000", "2017-03-31": "129.00000", "2016-12-31": "138.00000", "2016-09-30": "139.00000", "2016-06-30": "192.00000", "2016-03-31": "179.00000", "2015-12-31": "33.00000", "2015-09-30": "144.00000", "2015-06-30": "71.00000", "2015-03-31": "217.00000", "2014-12-31": "211.00000", "2014-09-30": "201.00000", "2014-06-30": "166.00000", "2014-03-31": "114.00000", "2013-12-31": "19.00000", "2013-09-30": "81.00000", "2013-06-30": "109.00000", "2013-03-31": "151.00000", "2012-12-31": "154.00000", "2012-09-30": "17.00000", "2012-06-30": "88.00000", "2012-03-31": "259.00000", "2011-12-31": "262.00000", "2011-09-30": "110.00000", "2011-06-30": "96.00000", "2011-03-31": "223.00000", "2010-12-31": "111.00000", "2010-09-30": "19.00000", "2010-06-30": "7.00000", "2010-03-31": "126.00000", "2009-12-31": "13.00000", "2009-09-30": "25.00000", "2009-06-30": "-31.00000", "2009-03-31": "98.00000", "2008-12-31": "116.00000", "2008-09-30": "57.00000", "2008-06-30": "94.00000", "2008-03-31": "129.00000", "2007-12-31": "71.00000", "2007-09-30": "88.00000", "2007-06-30": "31.00000", "2007-03-31": "69.00000", "2006-12-31": "49.00000", "2006-09-30": "44.00000", "2006-06-30": "80.00000", "2006-03-31": "95.00000", "2005-12-31": "-10.00000", "2005-09-30": "64.00000", "2005-06-30": "40.00000", "2005-03-31": "34.00000"}, "Income After Taxes": {"2020-09-30": "281.00000", "2020-06-30": "344.00000", "2020-03-31": "554.00000", "2019-12-31": "364.00000", "2019-09-30": "475.00000", "2019-06-30": "441.00000", "2019-03-31": "466.00000", "2018-12-31": "415.00000", "2018-09-30": "445.00000", "2018-06-30": "515.00000", "2018-03-31": "452.00000", "2017-12-31": "78.00000", "2017-09-30": "355.00000", "2017-06-30": "292.00000", "2017-03-31": "403.00000", "2016-12-31": "465.00000", "2016-09-30": "473.00000", "2016-06-30": "483.00000", "2016-03-31": "481.00000", "2015-12-31": "405.00000", "2015-09-30": "396.00000", "2015-06-30": "250.00000", "2015-03-31": "552.00000", "2014-12-31": "473.00000", "2014-09-30": "410.00000", "2014-06-30": "230.00000", "2014-03-31": "324.00000", "2013-12-31": "147.00000", "2013-09-30": "404.00000", "2013-06-30": "404.00000", "2013-03-31": "413.00000", "2012-12-31": "314.00000", "2012-09-30": "355.00000", "2012-06-30": "277.00000", "2012-03-31": "545.00000", "2011-12-31": "458.00000", "2011-09-30": "449.00000", "2011-06-30": "201.00000", "2011-03-31": "402.00000", "2010-12-31": "338.00000", "2010-09-30": "306.00000", "2010-06-30": "85.00000", "2010-03-31": "247.00000", "2009-12-31": "110.00000", "2009-09-30": "51.00000", "2009-06-30": "29.00000", "2009-03-31": "243.00000", "2008-12-31": "227.00000", "2008-09-30": "210.00000", "2008-06-30": "189.00000", "2008-03-31": "251.00000", "2007-12-31": "208.00000", "2007-09-30": "339.00000", "2007-06-30": "248.00000", "2007-03-31": "227.00000", "2006-12-31": "168.00000", "2006-09-30": "221.00000", "2006-06-30": "195.00000", "2006-03-31": "272.00000", "2005-12-31": "147.00000", "2005-09-30": "197.00000", "2005-06-30": "180.00000", "2005-03-31": "173.00000"}, "Other Income": {"2020-09-30": "", "2020-06-30": "", "2020-03-31": "", "2019-12-31": "", "2019-09-30": "", "2019-06-30": "", "2019-03-31": "", "2018-12-31": "", "2018-09-30": "", "2018-06-30": "", "2018-03-31": "", "2017-12-31": "", "2017-09-30": "", "2017-06-30": "", "2017-03-31": "", "2016-12-31": "", "2016-09-30": "", "2016-06-30": "", "2016-03-31": "", "2015-12-31": "", "2015-09-30": "", "2015-06-30": "", "2015-03-31": "", "2014-12-31": "", "2014-09-30": "", "2014-06-30": "", "2014-03-31": "", "2013-12-31": "", "2013-09-30": "", "2013-06-30": "", "2013-03-31": "", "2012-12-31": "", "2012-09-30": "", "2012-06-30": "", "2012-03-31": "", "2011-12-31": "", "2011-09-30": "", "2011-06-30": "", "2011-03-31": "", "2010-12-31": "", "2010-09-30": "", "2010-06-30": "", "2010-03-31": "", "2009-12-31": "", "2009-09-30": "", "2009-06-30": "", "2009-03-31": "", "2008-12-31": "", "2008-09-30": "", "2008-06-30": "", "2008-03-31": "", "2007-12-31": "", "2007-09-30": "", "2007-06-30": "", "2007-03-31": "", "2006-12-31": "", "2006-09-30": "", "2006-06-30": "", "2006-03-31": "", "2005-12-31": "", "2005-09-30": "", "2005-06-30": "", "2005-03-31": ""}, "Income From Continuous Operations": {"2020-09-30": "281.00000", "2020-06-30": "344.00000", "2020-03-31": "554.00000", "2019-12-31": "364.00000", "2019-09-30": "475.00000", "2019-06-30": "441.00000", "2019-03-31": "466.00000", "2018-12-31": "415.00000", "2018-09-30": "445.00000", "2018-06-30": "515.00000", "2018-03-31": "452.00000", "2017-12-31": "78.00000", "2017-09-30": "355.00000", "2017-06-30": "292.00000", "2017-03-31": "403.00000", "2016-12-31": "465.00000", "2016-09-30": "473.00000", "2016-06-30": "483.00000", "2016-03-31": "481.00000", "2015-12-31": "405.00000", "2015-09-30": "396.00000", "2015-06-30": "250.00000", "2015-03-31": "552.00000", "2014-12-31": "473.00000", "2014-09-30": "410.00000", "2014-06-30": "230.00000", "2014-03-31": "324.00000", "2013-12-31": "147.00000", "2013-09-30": "404.00000", "2013-06-30": "404.00000", "2013-03-31": "413.00000", "2012-12-31": "314.00000", "2012-09-30": "355.00000", "2012-06-30": "277.00000", "2012-03-31": "545.00000", "2011-12-31": "458.00000", "2011-09-30": "449.00000", "2011-06-30": "201.00000", "2011-03-31": "402.00000", "2010-12-31": "338.00000", "2010-09-30": "306.00000", "2010-06-30": "85.00000", "2010-03-31": "247.00000", "2009-12-31": "110.00000", "2009-09-30": "51.00000", "2009-06-30": "29.00000", "2009-03-31": "243.00000", "2008-12-31": "227.00000", "2008-09-30": "210.00000", "2008-06-30": "189.00000", "2008-03-31": "251.00000", "2007-12-31": "224.00000", "2007-09-30": "333.00000", "2007-06-30": "244.00000", "2007-03-31": "221.00000", "2006-12-31": "163.00000", "2006-09-30": "215.00000", "2006-06-30": "190.00000", "2006-03-31": "271.00000", "2005-12-31": "150.00000", "2005-09-30": "195.00000", "2005-06-30": "178.00000", "2005-03-31": "170.00000"}, "Income From Discontinued Operations": {"2020-09-30": "", "2020-06-30": "", "2020-03-31": "", "2019-12-31": "", "2019-09-30": "", "2019-06-30": "", "2019-03-31": "", "2018-12-31": "", "2018-09-30": "", "2018-06-30": "", "2018-03-31": "", "2017-12-31": "", "2017-09-30": "", "2017-06-30": "", "2017-03-31": "", "2016-12-31": "", "2016-09-30": "", "2016-06-30": "", "2016-03-31": "", "2015-12-31": "-6.00000", "2015-09-30": "-3.00000", "2015-06-30": "-1007.00000", "2015-03-31": "95.00000", "2014-12-31": "222.00000", "2014-09-30": "87.00000", "2014-06-30": "-1.00000", "2014-03-31": "-8.00000", "2013-12-31": "-246.00000", "2013-09-30": "7.00000", "2013-06-30": "1.00000", "2013-03-31": "", "2012-12-31": "46.00000", "2012-09-30": "0.00000", "2012-06-30": "-6.00000", "2012-03-31": "", "2011-12-31": "", "2011-09-30": "", "2011-06-30": "-1.00000", "2011-03-31": "3.00000", "2010-12-31": "21.00000", "2010-09-30": "-53.00000", "2010-06-30": "7.00000", "2010-03-31": "8.00000", "2009-12-31": "47.00000", "2009-09-30": "-25.00000", "2009-06-30": "-32.00000", "2009-03-31": "3.00000", "2008-12-31": "55.00000", "2008-09-30": "-2.00000", "2008-06-30": "6.00000", "2008-03-31": "14.00000", "2007-12-31": "221.00000", "2007-09-30": "-11.00000", "2007-06-30": "101.00000", "2007-03-31": "-18.00000", "2006-12-31": "15.00000", "2006-09-30": "11.00000", "2006-06-30": "-9.00000", "2006-03-31": "9.00000", "2005-12-31": "43.00000", "2005-09-30": "2.00000", "2005-06-30": "-50.00000", "2005-03-31": "-2.00000"}, "Net Income": {"2020-09-30": "281.00000", "2020-06-30": "344.00000", "2020-03-31": "554.00000", "2019-12-31": "364.00000", "2019-09-30": "475.00000", "2019-06-30": "441.00000", "2019-03-31": "466.00000", "2018-12-31": "415.00000", "2018-09-30": "445.00000", "2018-06-30": "515.00000", "2018-03-31": "452.00000", "2017-12-31": "78.00000", "2017-09-30": "355.00000", "2017-06-30": "292.00000", "2017-03-31": "403.00000", "2016-12-31": "465.00000", "2016-09-30": "473.00000", "2016-06-30": "483.00000", "2016-03-31": "481.00000", "2015-12-31": "399.00000", "2015-09-30": "393.00000", "2015-06-30": "-757.00000", "2015-03-31": "647.00000", "2014-12-31": "686.00000", "2014-09-30": "497.00000", "2014-06-30": "229.00000", "2014-03-31": "316.00000", "2013-12-31": "-104.00000", "2013-09-30": "410.00000", "2013-06-30": "405.00000", "2013-03-31": "413.00000", "2012-12-31": "348.00000", "2012-09-30": "355.00000", "2012-06-30": "271.00000", "2012-03-31": "538.00000", "2011-12-31": "454.00000", "2011-09-30": "444.00000", "2011-06-30": "196.00000", "2011-03-31": "401.00000", "2010-12-31": "351.00000", "2010-09-30": "248.00000", "2010-06-30": "85.00000", "2010-03-31": "250.00000", "2009-12-31": "153.00000", "2009-09-30": "20.00000", "2009-06-30": "-7.00000", "2009-03-31": "241.00000", "2008-12-31": "277.00000", "2008-09-30": "203.00000", "2008-06-30": "190.00000", "2008-03-31": "260.00000", "2007-12-31": "418.00000", "2007-09-30": "322.00000", "2007-06-30": "345.00000", "2007-03-31": "203.00000", "2006-12-31": "178.00000", "2006-09-30": "226.00000", "2006-06-30": "181.00000", "2006-03-31": "280.00000", "2005-12-31": "185.00000", "2005-09-30": "197.00000", "2005-06-30": "128.00000", "2005-03-31": "168.00000"}, "EBITDA": {"2020-09-30": "1028.00000", "2020-06-30": "931.00000", "2020-03-31": "1146.00000", "2019-12-31": "1023.00000", "2019-09-30": "1061.00000", "2019-06-30": "949.00000", "2019-03-31": "1087.00000", "2018-12-31": "956.00000", "2018-09-30": "983.00000", "2018-06-30": "944.00000", "2018-03-31": "1141.00000", "2017-12-31": "1037.00000", "2017-09-30": "1020.00000", "2017-06-30": "926.00000", "2017-03-31": "1023.00000", "2016-12-31": "862.00000", "2016-09-30": "1035.00000", "2016-06-30": "975.00000", "2016-03-31": "1070.00000", "2015-12-31": "855.00000", "2015-09-30": "931.00000", "2015-06-30": "870.00000", "2015-03-31": "1117.00000", "2014-12-31": "1027.00000", "2014-09-30": "937.00000", "2014-06-30": "803.00000", "2014-03-31": "1088.00000", "2013-12-31": "150.00000", "2013-09-30": "1186.00000", "2013-06-30": "1093.00000", "2013-03-31": "1041.00000", "2012-12-31": "1068.00000", "2012-09-30": "998.00000", "2012-06-30": "876.00000", "2012-03-31": "1370.00000", "2011-12-31": "1272.00000", "2011-09-30": "1072.00000", "2011-06-30": "912.00000", "2011-03-31": "1060.00000", "2010-12-31": "879.00000", "2010-09-30": "720.00000", "2010-06-30": "410.00000", "2010-03-31": "637.00000", "2009-12-31": "438.00000", "2009-09-30": "395.00000", "2009-06-30": "308.00000", "2009-03-31": "615.00000", "2008-12-31": "665.00000", "2008-09-30": "609.00000", "2008-06-30": "587.00000", "2008-03-31": "686.00000", "2007-12-31": "590.00000", "2007-09-30": "748.00000", "2007-06-30": "591.00000", "2007-03-31": "621.00000", "2006-12-31": "512.00000", "2006-09-30": "550.00000", "2006-06-30": "544.00000", "2006-03-31": "658.00000", "2005-12-31": "401.00000", "2005-09-30": "577.00000", "2005-06-30": "507.00000", "2005-03-31": "509.00000"}, "EBIT": {"2020-09-30": "687.00000", "2020-06-30": "595.00000", "2020-03-31": "817.00000", "2019-12-31": "693.00000", "2019-09-30": "726.00000", "2019-06-30": "640.00000", "2019-03-31": "781.00000", "2018-12-31": "657.00000", "2018-09-30": "686.00000", "2018-06-30": "658.00000", "2018-03-31": "851.00000", "2017-12-31": "749.00000", "2017-09-30": "736.00000", "2017-06-30": "658.00000", "2017-03-31": "758.00000", "2016-12-31": "602.00000", "2016-09-30": "786.00000", "2016-06-30": "725.00000", "2016-03-31": "823.00000", "2015-12-31": "617.00000", "2015-09-30": "686.00000", "2015-06-30": "638.00000", "2015-03-31": "890.00000", "2014-12-31": "778.00000", "2014-09-30": "688.00000", "2014-06-30": "678.00000", "2014-03-31": "723.00000", "2013-12-31": "264.00000", "2013-09-30": "846.00000", "2013-06-30": "758.00000", "2013-03-31": "693.00000", "2012-12-31": "739.00000", "2012-09-30": "664.00000", "2012-06-30": "572.00000", "2012-03-31": "1051.00000", "2011-12-31": "934.00000", "2011-09-30": "767.00000", "2011-06-30": "595.00000", "2011-03-31": "805.00000", "2010-12-31": "642.00000", "2010-09-30": "522.00000", "2010-06-30": "226.00000", "2010-03-31": "476.00000", "2009-12-31": "209.00000", "2009-09-30": "171.00000", "2009-06-30": "104.00000", "2009-03-31": "412.00000", "2008-12-31": "454.00000", "2008-09-30": "384.00000", "2008-06-30": "385.00000", "2008-03-31": "480.00000", "2007-12-31": "371.00000", "2007-09-30": "521.00000", "2007-06-30": "378.00000", "2007-03-31": "389.00000", "2006-12-31": "317.00000", "2006-09-30": "360.00000", "2006-06-30": "359.00000", "2006-03-31": "473.00000", "2005-12-31": "221.00000", "2005-09-30": "383.00000", "2005-06-30": "334.00000", "2005-03-31": "335.00000"}, "Basic Shares Outstanding": {"2020-09-30": "768.78600", "2020-06-30": "768.76800", "2020-03-31": "767.94800", "2019-12-31": "728.51200", "2019-09-30": "722.25900", "2019-06-30": "721.78500", "2019-03-31": "721.02300", "2018-12-31": "704.43900", "2018-09-30": "703.73000", "2018-06-30": "699.00600", "2018-03-31": "694.51400", "2017-12-31": "685.24000", "2017-09-30": "686.56300", "2017-06-30": "683.84100", "2017-03-31": "680.88200", "2016-12-31": "677.59200", "2016-09-30": "678.11400", "2016-06-30": "677.14500", "2016-03-31": "675.44100", "2015-12-31": "669.81400", "2015-09-30": "670.76300", "2015-06-30": "668.41500", "2015-03-31": "666.97400", "2014-12-31": "653.50400", "2014-09-30": "664.43200", "2014-06-30": "653.13200", "2014-03-31": "630.74900", "2013-12-31": "608.98300", "2013-09-30": "631.04600", "2013-06-30": "589.83400", "2013-03-31": "582.64000", "2012-12-31": "580.27600", "2012-09-30": "580.58500", "2012-06-30": "579.88100", "2012-03-31": "579.04100", "2011-12-31": "550.39500", "2011-09-30": "577.59500", "2011-06-30": "561.65200", "2011-03-31": "484.13800", "2010-12-31": "431.34500", "2010-09-30": "482.55200", "2010-06-30": "381.89600", "2010-03-31": "377.71700", "2009-12-31": "376.08200", "2009-09-30": "376.38400", "2009-06-30": "375.88100", "2009-03-31": "375.11200", "2008-12-31": "373.62600", "2008-09-30": "374.29000", "2008-06-30": "373.15800", "2008-03-31": "372.78200", "2007-12-31": "380.56300", "2007-09-30": "379.89600", "2007-06-30": "385.30000", "2007-03-31": "384.79300", "2006-12-31": "380.75400", "2006-09-30": "380.80600", "2006-06-30": "380.14100", "2006-03-31": "379.83800", "2005-12-31": "379.13200", "2005-09-30": "379.66000", "2005-06-30": "379.25200", "2005-03-31": "378.11900"}, "Shares Outstanding": {"2020-09-30": "769.66000", "2020-06-30": "769.40800", "2020-03-31": "768.73800", "2019-12-31": "736.75400", "2019-09-30": "731.15100", "2019-06-30": "730.91500", "2019-03-31": "729.95300", "2018-12-31": "708.61900", "2018-09-30": "710.51700", "2018-06-30": "700.97600", "2018-03-31": "695.32200", "2017-12-31": "687.33400", "2017-09-30": "688.74600", "2017-06-30": "686.35100", "2017-03-31": "683.08400", "2016-12-31": "680.44600", "2016-09-30": "680.34800", "2016-06-30": "680.72900", "2016-03-31": "678.81700", "2015-12-31": "672.58600", "2015-09-30": "673.70200", "2015-06-30": "671.28600", "2015-03-31": "668.73200", "2014-12-31": "665.97300", "2014-09-30": "666.40200", "2014-06-30": "665.79200", "2014-03-31": "663.93900", "2013-12-31": "663.07300", "2013-09-30": "664.34300", "2013-06-30": "664.61500", "2013-03-31": "657.02000", "2012-12-31": "581.62600", "2012-09-30": "582.63600", "2012-06-30": "580.59300", "2012-03-31": "579.52700", "2011-12-31": "550.95200", "2011-09-30": "578.05400", "2011-06-30": "562.01900", "2011-03-31": "484.34500", "2010-12-31": "431.56900", "2010-09-30": "482.76200", "2010-06-30": "382.07500", "2010-03-31": "377.98600", "2009-12-31": "376.40600", "2009-09-30": "376.71600", "2009-06-30": "376.20600", "2009-03-31": "375.40900", "2008-12-31": "374.90100", "2008-09-30": "375.09600", "2008-06-30": "374.90200", "2008-03-31": "375.00200", "2007-12-31": "383.49200", "2007-09-30": "384.57500", "2007-06-30": "390.10900", "2007-03-31": "389.16800", "2006-12-31": "386.76900", "2006-09-30": "387.60200", "2006-06-30": "385.59000", "2006-03-31": "385.60500", "2005-12-31": "383.73700", "2005-09-30": "385.50900", "2005-06-30": "383.35400", "2005-03-31": "381.35000"}, "Basic EPS": {"2020-09-30": "0.37000", "2020-06-30": "0.45000", "2020-03-31": "0.72000", "2019-12-31": "0.47000", "2019-09-30": "0.66000", "2019-06-30": "0.61000", "2019-03-31": "0.65000", "2018-12-31": "0.57000", "2018-09-30": "0.63000", "2018-06-30": "0.74000", "2018-03-31": "0.65000", "2017-12-31": "0.10000", "2017-09-30": "0.52000", "2017-06-30": "0.43000", "2017-03-31": "0.59000", "2016-12-31": "0.68000", "2016-09-30": "0.70000", "2016-06-30": "0.71000", "2016-03-31": "0.71000", "2015-12-31": "0.59000", "2015-09-30": "0.58000", "2015-06-30": "-1.13000", "2015-03-31": "0.97000", "2014-12-31": "1.05000", "2014-09-30": "0.74000", "2014-06-30": "0.35000", "2014-03-31": "0.50000", "2013-12-31": "-0.18000", "2013-09-30": "0.65000", "2013-06-30": "0.68000", "2013-03-31": "0.70000", "2012-12-31": "0.61000", "2012-09-30": "0.61000", "2012-06-30": "0.46000", "2012-03-31": "0.93000", "2011-12-31": "0.78000", "2011-09-30": "0.76000", "2011-06-30": "0.35000", "2011-03-31": "0.82000", "2010-12-31": "0.78000", "2010-09-30": "0.51000", "2010-06-30": "0.22000", "2010-03-31": "0.66000", "2009-12-31": "0.41000", "2009-09-30": "0.05000", "2009-06-30": "-0.02000", "2009-03-31": "0.64000", "2008-12-31": "0.75000", "2008-09-30": "0.54000", "2008-06-30": "0.50000", "2008-03-31": "0.69000", "2007-12-31": "1.10000", "2007-09-30": "0.85000", "2007-06-30": "0.89000", "2007-03-31": "0.53000", "2006-12-31": "0.46000", "2006-09-30": "0.59000", "2006-06-30": "0.48000", "2006-03-31": "0.74000", "2005-12-31": "0.48000", "2005-09-30": "0.52000", "2005-06-30": "0.34000", "2005-03-31": "0.45000"}, "EPS - Earnings Per Share": {"2020-09-30": "0.37000", "2020-06-30": "0.45000", "2020-03-31": "0.72000", "2019-12-31": "0.48000", "2019-09-30": "0.65000", "2019-06-30": "0.60000", "2019-03-31": "0.64000", "2018-12-31": "0.58000", "2018-09-30": "0.62000", "2018-06-30": "0.73000", "2018-03-31": "0.65000", "2017-12-31": "0.11000", "2017-09-30": "0.51000", "2017-06-30": "0.43000", "2017-03-31": "0.59000", "2016-12-31": "0.68000", "2016-09-30": "0.69000", "2016-06-30": "0.71000", "2016-03-31": "0.71000", "2015-12-31": "0.60000", "2015-09-30": "0.58000", "2015-06-30": "-1.13000", "2015-03-31": "0.96000", "2014-12-31": "1.04000", "2014-09-30": "0.74000", "2014-06-30": "0.34000", "2014-03-31": "0.49000", "2013-12-31": "-0.14000", "2013-09-30": "0.62000", "2013-06-30": "0.63000", "2013-03-31": "0.65000", "2012-12-31": "0.60000", "2012-09-30": "0.61000", "2012-06-30": "0.46000", "2012-03-31": "0.93000", "2011-12-31": "0.77000", "2011-09-30": "0.76000", "2011-06-30": "0.35000", "2011-03-31": "0.82000", "2010-12-31": "0.78000", "2010-09-30": "0.51000", "2010-06-30": "0.22000", "2010-03-31": "0.66000", "2009-12-31": "0.41000", "2009-09-30": "0.05000", "2009-06-30": "-0.02000", "2009-03-31": "0.64000", "2008-12-31": "0.74000", "2008-09-30": "0.54000", "2008-06-30": "0.50000", "2008-03-31": "0.69000", "2007-12-31": "1.10000", "2007-09-30": "0.84000", "2007-06-30": "0.88000", "2007-03-31": "0.52000", "2006-12-31": "0.46000", "2006-09-30": "0.58000", "2006-06-30": "0.47000", "2006-03-31": "0.73000", "2005-12-31": "0.49000", "2005-09-30": "0.51000", "2005-06-30": "0.33000", "2005-03-31": "0.44000"}}, "balance sheet": {"Cash On Hand": {"2019-12-31": "815.00000", "2018-12-31": "621.00000", "2017-12-31": "485.00000", "2016-12-31": "341.00000", "2015-12-31": "836.00000", "2014-12-31": "1519.00000", "2013-12-31": "1185.00000", "2012-12-31": "955.00000", "2011-12-31": "1370.00000", "2010-12-31": "1116.00000", "2009-12-31": "906.00000", "2008-12-31": "1570.00000", "2007-12-31": "741.00000", "2006-12-31": "1255.00000", "2005-12-31": "711.00000"}, "Receivables": {"2019-12-31": "792.00000", "2018-12-31": "770.00000", "2017-12-31": "781.00000", "2016-12-31": "712.00000", "2015-12-31": "732.00000", "2014-12-31": "808.00000", "2013-12-31": "1020.00000", "2012-12-31": "824.00000", "2011-12-31": "823.00000", "2010-12-31": "742.00000", "2009-12-31": "468.00000", "2008-12-31": "533.00000", "2007-12-31": "661.00000", "2006-12-31": "591.00000", "2005-12-31": "544.00000"}, "Inventory": {"2019-12-31": "332.00000", "2018-12-31": "303.00000", "2017-12-31": "320.00000", "2016-12-31": "356.00000", "2015-12-31": "357.00000", "2014-12-31": "381.00000", "2013-12-31": "702.00000", "2012-12-31": "673.00000", "2011-12-31": "654.00000", "2010-12-31": "643.00000", "2009-12-31": "357.00000", "2008-12-31": "337.00000", "2007-12-31": "316.00000", "2006-12-31": "378.00000", "2005-12-31": "346.00000"}, "Pre-Paid Expenses": {"2019-12-31": "79.00000", "2018-12-31": "70.00000", "2017-12-31": "66.00000", "2016-12-31": "63.00000", "2015-12-31": "66.00000", "2014-12-31": "75.00000", "2013-12-31": "153.00000", "2012-12-31": "166.00000", "2011-12-31": "160.00000", "2010-12-31": "435.00000", "2009-12-31": "102.00000", "2008-12-31": "84.00000", "2007-12-31": "160.00000", "2006-12-31": "79.00000", "2005-12-31": "53.00000"}, "Other Current Assets": {"2019-12-31": "749.00000", "2018-12-31": "668.00000", "2017-12-31": "642.00000", "2016-12-31": "595.00000", "2015-12-31": "655.00000", "2014-12-31": "651.00000", "2013-12-31": "1847.00000", "2012-12-31": "2420.00000", "2011-12-31": "3419.00000", "2010-12-31": "2878.00000", "2009-12-31": "2792.00000", "2008-12-31": "1859.00000", "2007-12-31": "947.00000", "2006-12-31": "1165.00000", "2005-12-31": "1060.00000"}, "Total Current Assets": {"2019-12-31": "2767.00000", "2018-12-31": "2432.00000", "2017-12-31": "2294.00000", "2016-12-31": "2067.00000", "2015-12-31": "2646.00000", "2014-12-31": "6026.00000", "2013-12-31": "5153.00000", "2012-12-31": "5068.00000", "2011-12-31": "6426.00000", "2010-12-31": "6188.00000", "2009-12-31": "4752.00000", "2008-12-31": "4383.00000", "2007-12-31": "3168.00000", "2006-12-31": "3630.00000", "2005-12-31": "2906.00000"}, "Property, Plant, And Equipment": {"2019-12-31": "36482.00000", "2018-12-31": "34458.00000", "2017-12-31": "33092.00000", "2016-12-31": "30074.00000", "2015-12-31": "30382.00000", "2014-12-31": "28169.00000", "2013-12-31": "33087.00000", "2012-12-31": "30032.00000", "2011-12-31": "27266.00000", "2010-12-31": "20823.00000", "2009-12-31": "13174.00000", "2008-12-31": "12375.00000", "2007-12-31": "12605.00000", "2006-12-31": "12069.00000", "2005-12-31": "10916.00000"}, "Long-Term Investments": {"2019-12-31": "", "2018-12-31": "", "2017-12-31": "", "2016-12-31": "", "2015-12-31": "", "2014-12-31": "", "2013-12-31": "43.00000", "2012-12-31": "47.00000", "2011-12-31": "78.00000", "2010-12-31": "75.00000", "2009-12-31": "65.00000", "2008-12-31": "76.00000", "2007-12-31": "53.00000", "2006-12-31": "54.00000", "2005-12-31": "64.00000"}, "Goodwill And Intangible Assets": {"2019-12-31": "3940.00000", "2018-12-31": "3878.00000", "2017-12-31": "3955.00000", "2016-12-31": "3760.00000", "2015-12-31": "4229.00000", "2014-12-31": "4335.00000", "2013-12-31": "5172.00000", "2012-12-31": "5083.00000", "2011-12-31": "5179.00000", "2010-12-31": "2727.00000", "2009-12-31": "1421.00000", "2008-12-31": "1400.00000", "2007-12-31": "1326.00000", "2006-12-31": "1521.00000", "2005-12-31": "1486.00000"}, "Other Long-Term Assets": {"2019-12-31": "535.00000", "2018-12-31": "420.00000", "2017-12-31": "350.00000", "2016-12-31": "487.00000", "2015-12-31": "311.00000", "2014-12-31": "203.00000", "2013-12-31": "694.00000", "2012-12-31": "1209.00000", "2011-12-31": "1710.00000", "2010-12-31": "1226.00000", "2009-12-31": "1674.00000", "2008-12-31": "1962.00000", "2007-12-31": "1691.00000", "2006-12-31": "1079.00000", "2005-12-31": "945.00000"}, "Total Long-Term Assets": {"2019-12-31": "42913.00000", "2018-12-31": "40964.00000", "2017-12-31": "39185.00000", "2016-12-31": "36248.00000", "2015-12-31": "36655.00000", "2014-12-31": "42580.00000", "2013-12-31": "41106.00000", "2012-12-31": "38566.00000", "2011-12-31": "36222.00000", "2010-12-31": "26649.00000", "2009-12-31": "17413.00000", "2008-12-31": "17022.00000", "2007-12-31": "16804.00000", "2006-12-31": "16117.00000", "2005-12-31": "15020.00000"}, "Total Assets": {"2019-12-31": "45680.00000", "2018-12-31": "43396.00000", "2017-12-31": "41479.00000", "2016-12-31": "38315.00000", "2015-12-31": "39301.00000", "2014-12-31": "48606.00000", "2013-12-31": "46259.00000", "2012-12-31": "43634.00000", "2011-12-31": "42648.00000", "2010-12-31": "32837.00000", "2009-12-31": "22165.00000", "2008-12-31": "21405.00000", "2007-12-31": "19972.00000", "2006-12-31": "19747.00000", "2005-12-31": "17926.00000"}, "Total Current Liabilities": {"2019-12-31": "4900.00000", "2018-12-31": "4563.00000", "2017-12-31": "4023.00000", "2016-12-31": "3837.00000", "2015-12-31": "3876.00000", "2014-12-31": "7439.00000", "2013-12-31": "4912.00000", "2012-12-31": "5625.00000", "2011-12-31": "5255.00000", "2010-12-31": "5214.00000", "2009-12-31": "4182.00000", "2008-12-31": "4324.00000", "2007-12-31": "2882.00000", "2006-12-31": "3348.00000", "2005-12-31": "3354.00000"}, "Long Term Debt": {"2019-12-31": "20721.00000", "2018-12-31": "20069.00000", "2017-12-31": "19847.00000", "2016-12-31": "17808.00000", "2015-12-31": "18563.00000", "2014-12-31": "17054.00000", "2013-12-31": "20592.00000", "2012-12-31": "18725.00000", "2011-12-31": "17993.00000", "2010-12-31": "12161.00000", "2009-12-31": "7143.00000", "2008-12-31": "7142.00000", "2007-12-31": "6890.00000", "2006-12-31": "6728.00000", "2005-12-31": "6044.00000"}, "Other Non-Current Liabilities": {"2019-12-31": "3269.00000", "2018-12-31": "3414.00000", "2017-12-31": "3457.00000", "2016-12-31": "1749.00000", "2015-12-31": "1970.00000", "2014-12-31": "1841.00000", "2013-12-31": "2733.00000", "2012-12-31": "2995.00000", "2011-12-31": "3380.00000", "2010-12-31": "2688.00000", "2009-12-31": "1589.00000", "2008-12-31": "1883.00000", "2007-12-31": "2073.00000", "2006-12-31": "1493.00000", "2005-12-31": "1432.00000"}, "Total Long Term Liabilities": {"2019-12-31": "27789.00000", "2018-12-31": "27176.00000", "2017-12-31": "26695.00000", "2016-12-31": "24579.00000", "2015-12-31": "25506.00000", "2014-12-31": "27539.00000", "2013-12-31": "28881.00000", "2012-12-31": "27511.00000", "2011-12-31": "26297.00000", "2010-12-31": "19145.00000", "2009-12-31": "12168.00000", "2008-12-31": "12004.00000", "2007-12-31": "11534.00000", "2006-12-31": "11277.00000", "2005-12-31": "10154.00000"}, "Total Liabilities": {"2019-12-31": "32689.00000", "2018-12-31": "31739.00000", "2017-12-31": "30718.00000", "2016-12-31": "28416.00000", "2015-12-31": "29382.00000", "2014-12-31": "34978.00000", "2013-12-31": "33793.00000", "2012-12-31": "33136.00000", "2011-12-31": "31552.00000", "2010-12-31": "24359.00000", "2009-12-31": "16350.00000", "2008-12-31": "16328.00000", "2007-12-31": "14416.00000", "2006-12-31": "14625.00000", "2005-12-31": "13508.00000"}, "Common Stock Net": {"2019-12-31": "8.00000", "2018-12-31": "7.00000", "2017-12-31": "7.00000", "2016-12-31": "7.00000", "2015-12-31": "7.00000", "2014-12-31": "7.00000", "2013-12-31": "6.00000", "2012-12-31": "6.00000", "2011-12-31": "6.00000", "2010-12-31": "5.00000", "2009-12-31": "4.00000", "2008-12-31": "4.00000", "2007-12-31": "4.00000", "2006-12-31": "4.00000", "2005-12-31": "4.00000"}, "Retained Earnings (Accumulated Deficit)": {"2019-12-31": "5127.00000", "2018-12-31": "4593.00000", "2017-12-31": "3871.00000", "2016-12-31": "3829.00000", "2015-12-31": "2953.00000", "2014-12-31": "6462.00000", "2013-12-31": "5709.00000", "2012-12-31": "5478.00000", "2011-12-31": "4797.00000", "2010-12-31": "4082.00000", "2009-12-31": "3749.00000", "2008-12-31": "3862.00000", "2007-12-31": "3448.00000", "2006-12-31": "2626.00000", "2005-12-31": "2182.00000"}, "Comprehensive Income": {"2019-12-31": "-4358.00000", "2018-12-31": "-3964.00000", "2017-12-31": "-3422.00000", "2016-12-31": "-3778.00000", "2015-12-31": "-2728.00000", "2014-12-31": "-2274.00000", "2013-12-31": "-1565.00000", "2012-12-31": "-1940.00000", "2011-12-31": "-788.00000", "2010-12-31": "-479.00000", "2009-12-31": "-537.00000", "2008-12-31": "-985.00000", "2007-12-31": "-68.00000", "2006-12-31": "-318.00000", "2005-12-31": "-532.00000"}, "Other Share Holders Equity": {"2019-12-31": "", "2018-12-31": "", "2017-12-31": "", "2016-12-31": "", "2015-12-31": "", "2014-12-31": "", "2013-12-31": "", "2012-12-31": "", "2011-12-31": "", "2010-12-31": "", "2009-12-31": "", "2008-12-31": "", "2007-12-31": "", "2006-12-31": "", "2005-12-31": ""}, "Share Holder Equity": {"2019-12-31": "12991.00000", "2018-12-31": "11657.00000", "2017-12-31": "10761.00000", "2016-12-31": "9899.00000", "2015-12-31": "9919.00000", "2014-12-31": "13628.00000", "2013-12-31": "12466.00000", "2012-12-31": "10498.00000", "2011-12-31": "11096.00000", "2010-12-31": "8478.00000", "2009-12-31": "5815.00000", "2008-12-31": "5077.00000", "2007-12-31": "5556.00000", "2006-12-31": "5122.00000", "2005-12-31": "4418.00000"}, "Total Liabilities And Share Holders Equity": {"2019-12-31": "45680.00000", "2018-12-31": "43396.00000", "2017-12-31": "41479.00000", "2016-12-31": "38315.00000", "2015-12-31": "39301.00000", "2014-12-31": "48606.00000", "2013-12-31": "46259.00000", "2012-12-31": "43634.00000", "2011-12-31": "42648.00000", "2010-12-31": "32837.00000", "2009-12-31": "22165.00000", "2008-12-31": "21405.00000", "2007-12-31": "19972.00000", "2006-12-31": "19747.00000", "2005-12-31": "17926.00000"}}, "balance sheet, quarterly": {"Cash On Hand": {"2020-09-30": "746.00000", "2020-06-30": "1278.00000", "2020-03-31": "915.00000", "2019-12-31": "815.00000", "2019-09-30": "670.00000", "2019-06-30": "406.00000", "2019-03-31": "518.00000", "2018-12-31": "621.00000", "2018-09-30": "842.00000", "2018-06-30": "852.00000", "2018-03-31": "629.00000", "2017-12-31": "485.00000", "2017-09-30": "676.00000", "2017-06-30": "467.00000", "2017-03-31": "409.00000", "2016-12-31": "341.00000", "2016-09-30": "416.00000", "2016-06-30": "492.00000", "2016-03-31": "814.00000", "2015-12-31": "836.00000", "2015-09-30": "981.00000", "2015-06-30": "846.00000", "2015-03-31": "1660.00000", "2014-12-31": "1519.00000", "2014-09-30": "1462.00000", "2014-06-30": "1601.00000", "2014-03-31": "1672.00000", "2013-12-31": "1185.00000", "2013-09-30": "1343.00000", "2013-06-30": "795.00000", "2013-03-31": "972.00000", "2012-12-31": "955.00000", "2012-09-30": "1034.00000", "2012-06-30": "1082.00000", "2012-03-31": "1275.00000", "2011-12-31": "1370.00000", "2011-09-30": "1589.00000", "2011-06-30": "1312.00000", "2011-03-31": "1278.00000", "2010-12-31": "1116.00000", "2010-09-30": "4885.00000", "2010-06-30": "4535.00000", "2010-03-31": "1960.00000", "2009-12-31": "906.00000", "2009-09-30": "847.00000", "2009-06-30": "1104.00000", "2009-03-31": "945.00000", "2008-12-31": "1570.00000", "2008-09-30": "757.00000", "2008-06-30": "1044.00000", "2008-03-31": "873.00000", "2007-12-31": "741.00000", "2007-09-30": "882.00000", "2007-06-30": "1093.00000", "2007-03-31": "1415.00000", "2006-12-31": "1255.00000", "2006-09-30": "888.00000", "2006-06-30": "569.00000", "2006-03-31": "438.00000", "2005-12-31": "711.00000", "2005-09-30": "321.00000", "2005-06-30": "481.00000", "2005-03-31": "807.00000"}, "Receivables": {"2020-09-30": "830.00000", "2020-06-30": "771.00000", "2020-03-31": "837.00000", "2019-12-31": "792.00000", "2019-09-30": "737.00000", "2019-06-30": "772.00000", "2019-03-31": "853.00000", "2018-12-31": "770.00000", "2018-09-30": "742.00000", "2018-06-30": "741.00000", "2018-03-31": "849.00000", "2017-12-31": "781.00000", "2017-09-30": "713.00000", "2017-06-30": "713.00000", "2017-03-31": "760.00000", "2016-12-31": "712.00000", "2016-09-30": "732.00000", "2016-06-30": "711.00000", "2016-03-31": "777.00000", "2015-12-31": "732.00000", "2015-09-30": "777.00000", "2015-06-30": "843.00000", "2015-03-31": "1231.00000", "2014-12-31": "808.00000", "2014-09-30": "1050.00000", "2014-06-30": "1096.00000", "2014-03-31": "1211.00000", "2013-12-31": "1020.00000", "2013-09-30": "974.00000", "2013-06-30": "1008.00000", "2013-03-31": "996.00000", "2012-12-31": "824.00000", "2012-09-30": "814.00000", "2012-06-30": "813.00000", "2012-03-31": "807.00000", "2011-12-31": "823.00000", "2011-09-30": "875.00000", "2011-06-30": "784.00000", "2011-03-31": "802.00000", "2010-12-31": "742.00000", "2010-09-30": "551.00000", "2010-06-30": "500.00000", "2010-03-31": "559.00000", "2009-12-31": "468.00000", "2009-09-30": "597.00000", "2009-06-30": "450.00000", "2009-03-31": "538.00000", "2008-12-31": "533.00000", "2008-09-30": "535.00000", "2008-06-30": "606.00000", "2008-03-31": "588.00000", "2007-12-31": "661.00000", "2007-09-30": "542.00000", "2007-06-30": "541.00000", "2007-03-31": "542.00000", "2006-12-31": "591.00000", "2006-09-30": "559.00000", "2006-06-30": "579.00000", "2006-03-31": "644.00000", "2005-12-31": "544.00000", "2005-09-30": "539.00000", "2005-06-30": "540.00000", "2005-03-31": "576.00000"}, "Inventory": {"2020-09-30": "351.00000", "2020-06-30": "333.00000", "2020-03-31": "320.00000", "2019-12-31": "332.00000", "2019-09-30": "295.00000", "2019-06-30": "286.00000", "2019-03-31": "274.00000", "2018-12-31": "303.00000", "2018-09-30": "295.00000", "2018-06-30": "288.00000", "2018-03-31": "279.00000", "2017-12-31": "320.00000", "2017-09-30": "323.00000", "2017-06-30": "316.00000", "2017-03-31": "312.00000", "2016-12-31": "356.00000", "2016-09-30": "346.00000", "2016-06-30": "336.00000", "2016-03-31": "332.00000", "2015-12-31": "357.00000", "2015-09-30": "321.00000", "2015-06-30": "315.00000", "2015-03-31": "687.00000", "2014-12-31": "381.00000", "2014-09-30": "763.00000", "2014-06-30": "651.00000", "2014-03-31": "607.00000", "2013-12-31": "702.00000", "2013-09-30": "686.00000", "2013-06-30": "642.00000", "2013-03-31": "616.00000", "2012-12-31": "673.00000", "2012-09-30": "663.00000", "2012-06-30": "719.00000", "2012-03-31": "669.00000", "2011-12-31": "654.00000", "2011-09-30": "633.00000", "2011-06-30": "647.00000", "2011-03-31": "621.00000", "2010-12-31": "643.00000", "2010-09-30": "338.00000", "2010-06-30": "378.00000", "2010-03-31": "339.00000", "2009-12-31": "357.00000", "2009-09-30": "361.00000", "2009-06-30": "382.00000", "2009-03-31": "349.00000", "2008-12-31": "337.00000", "2008-09-30": "321.00000", "2008-06-30": "325.00000", "2008-03-31": "305.00000", "2007-12-31": "316.00000", "2007-09-30": "320.00000", "2007-06-30": "350.00000", "2007-03-31": "308.00000", "2006-12-31": "378.00000", "2006-09-30": "369.00000", "2006-06-30": "373.00000", "2006-03-31": "366.00000", "2005-12-31": "346.00000", "2005-09-30": "275.00000", "2005-06-30": "296.00000", "2005-03-31": "267.00000"}, "Pre-Paid Expenses": {"2020-09-30": "134.00000", "2020-06-30": "153.00000", "2020-03-31": "155.00000", "2019-12-31": "79.00000", "2019-09-30": "115.00000", "2019-06-30": "142.00000", "2019-03-31": "157.00000", "2018-12-31": "70.00000", "2018-09-30": "103.00000", "2018-06-30": "126.00000", "2018-03-31": "139.00000", "2017-12-31": "66.00000", "2017-09-30": "101.00000", "2017-06-30": "131.00000", "2017-03-31": "173.00000", "2016-12-31": "63.00000", "2016-09-30": "97.00000", "2016-06-30": "131.00000", "2016-03-31": "150.00000", "2015-12-31": "66.00000", "2015-09-30": "86.00000", "2015-06-30": "136.00000", "2015-03-31": "168.00000", "2014-12-31": "75.00000", "2014-09-30": "117.00000", "2014-06-30": "160.00000", "2014-03-31": "224.00000", "2013-12-31": "153.00000", "2013-09-30": "173.00000", "2013-06-30": "198.00000", "2013-03-31": "281.00000", "2012-12-31": "166.00000", "2012-09-30": "167.00000", "2012-06-30": "252.00000", "2012-03-31": "261.00000", "2011-12-31": "160.00000", "2011-09-30": "166.00000", "2011-06-30": "344.00000", "2011-03-31": "523.00000", "2010-12-31": "435.00000", "2010-09-30": "149.00000", "2010-06-30": "256.00000", "2010-03-31": "195.00000", "2009-12-31": "102.00000", "2009-09-30": "97.00000", "2009-06-30": "169.00000", "2009-03-31": "189.00000", "2008-12-31": "84.00000", "2008-09-30": "112.00000", "2008-06-30": "148.00000", "2008-03-31": "187.00000", "2007-12-31": "160.00000", "2007-09-30": "123.00000", "2007-06-30": "183.00000", "2007-03-31": "242.00000", "2006-12-31": "79.00000", "2006-09-30": "105.00000", "2006-06-30": "117.00000", "2006-03-31": "150.00000", "2005-12-31": "53.00000", "2005-09-30": "74.00000", "2005-06-30": "114.00000", "2005-03-31": "160.00000"}, "Other Current Assets": {"2020-09-30": "634.00000", "2020-06-30": "733.00000", "2020-03-31": "729.00000", "2019-12-31": "749.00000", "2019-09-30": "717.00000", "2019-06-30": "625.00000", "2019-03-31": "627.00000", "2018-12-31": "668.00000", "2018-09-30": "563.00000", "2018-06-30": "593.00000", "2018-03-31": "594.00000", "2017-12-31": "642.00000", "2017-09-30": "518.00000", "2017-06-30": "539.00000", "2017-03-31": "573.00000", "2016-12-31": "595.00000", "2016-09-30": "508.00000", "2016-06-30": "690.00000", "2016-03-31": "640.00000", "2015-12-31": "655.00000", "2015-09-30": "602.00000", "2015-06-30": "571.00000", "2015-03-31": "1798.00000", "2014-12-31": "651.00000", "2014-09-30": "1479.00000", "2014-06-30": "1712.00000", "2014-03-31": "2038.00000", "2013-12-31": "1847.00000", "2013-09-30": "1795.00000", "2013-06-30": "2132.00000", "2013-03-31": "2124.00000", "2012-12-31": "2420.00000", "2012-09-30": "2549.00000", "2012-06-30": "3285.00000", "2012-03-31": "4050.00000", "2011-12-31": "3419.00000", "2011-09-30": "2149.00000", "2011-06-30": "2277.00000", "2011-03-31": "2523.00000", "2010-12-31": "2878.00000", "2010-09-30": "2882.00000", "2010-06-30": "2918.00000", "2010-03-31": "4168.00000", "2009-12-31": "2792.00000", "2009-09-30": "2222.00000", "2009-06-30": "2508.00000", "2009-03-31": "2430.00000", "2008-12-31": "1859.00000", "2008-09-30": "1262.00000", "2008-06-30": "3237.00000", "2008-03-31": "1681.00000", "2007-12-31": "947.00000", "2007-09-30": "1035.00000", "2007-06-30": "1035.00000", "2007-03-31": "1054.00000", "2006-12-31": "1165.00000", "2006-09-30": "1214.00000", "2006-06-30": "1215.00000", "2006-03-31": "1039.00000", "2005-12-31": "1060.00000", "2005-09-30": "1163.00000", "2005-06-30": "700.00000", "2005-03-31": "662.00000"}, "Total Current Assets": {"2020-09-30": "2695.00000", "2020-06-30": "3268.00000", "2020-03-31": "2956.00000", "2019-12-31": "2767.00000", "2019-09-30": "2534.00000", "2019-06-30": "2231.00000", "2019-03-31": "2429.00000", "2018-12-31": "2432.00000", "2018-09-30": "2545.00000", "2018-06-30": "2600.00000", "2018-03-31": "2490.00000", "2017-12-31": "2294.00000", "2017-09-30": "2331.00000", "2017-06-30": "2166.00000", "2017-03-31": "2227.00000", "2016-12-31": "2067.00000", "2016-09-30": "2099.00000", "2016-06-30": "2360.00000", "2016-03-31": "2713.00000", "2015-12-31": "2646.00000", "2015-09-30": "2990.00000", "2015-06-30": "2870.00000", "2015-03-31": "5699.00000", "2014-12-31": "6026.00000", "2014-09-30": "5760.00000", "2014-06-30": "5537.00000", "2014-03-31": "6094.00000", "2013-12-31": "5153.00000", "2013-09-30": "4971.00000", "2013-06-30": "4775.00000", "2013-03-31": "4989.00000", "2012-12-31": "5068.00000", "2012-09-30": "5227.00000", "2012-06-30": "6151.00000", "2012-03-31": "7062.00000", "2011-12-31": "6426.00000", "2011-09-30": "5412.00000", "2011-06-30": "5364.00000", "2011-03-31": "5747.00000", "2010-12-31": "6188.00000", "2010-09-30": "9192.00000", "2010-06-30": "8599.00000", "2010-03-31": "7221.00000", "2009-12-31": "4752.00000", "2009-09-30": "4299.00000", "2009-06-30": "4795.00000", "2009-03-31": "4451.00000", "2008-12-31": "4383.00000", "2008-09-30": "3350.00000", "2008-06-30": "5686.00000", "2008-03-31": "3989.00000", "2007-12-31": "3168.00000", "2007-09-30": "3957.00000", "2007-06-30": "4079.00000", "2007-03-31": "4606.00000", "2006-12-31": "3630.00000", "2006-09-30": "3310.00000", "2006-06-30": "3039.00000", "2006-03-31": "2828.00000", "2005-12-31": "2906.00000", "2005-09-30": "2693.00000", "2005-06-30": "2382.00000", "2005-03-31": "2699.00000"}, "Property, Plant, And Equipment": {"2020-09-30": "38320.00000", "2020-06-30": "36785.00000", "2020-03-31": "36835.00000", "2019-12-31": "36482.00000", "2019-09-30": "35108.00000", "2019-06-30": "35130.00000", "2019-03-31": "35307.00000", "2018-12-31": "34458.00000", "2018-09-30": "34018.00000", "2018-06-30": "33823.00000", "2018-03-31": "33736.00000", "2017-12-31": "33092.00000", "2017-09-30": "31816.00000", "2017-06-30": "31233.00000", "2017-03-31": "30407.00000", "2016-12-31": "30074.00000", "2016-09-30": "29969.00000", "2016-06-30": "30794.00000", "2016-03-31": "29832.00000", "2015-12-31": "30382.00000", "2015-09-30": "29962.00000", "2015-06-30": "29218.00000", "2015-03-31": "34959.00000", "2014-12-31": "28169.00000", "2014-09-30": "34397.00000", "2014-06-30": "34431.00000", "2014-03-31": "33774.00000", "2013-12-31": "33087.00000", "2013-09-30": "31588.00000", "2013-06-30": "30600.00000", "2013-03-31": "29975.00000", "2012-12-31": "30032.00000", "2012-09-30": "29047.00000", "2012-06-30": "28269.00000", "2012-03-31": "27706.00000", "2011-12-31": "27266.00000", "2011-09-30": "26922.00000", "2011-06-30": "26608.00000", "2011-03-31": "21182.00000", "2010-12-31": "20823.00000", "2010-09-30": "12911.00000", "2010-06-30": "13048.00000", "2010-03-31": "13058.00000", "2009-12-31": "13174.00000", "2009-09-30": "12877.00000", "2009-06-30": "12682.00000", "2009-03-31": "12282.00000", "2008-12-31": "12375.00000", "2008-09-30": "12702.00000", "2008-06-30": "12839.00000", "2008-03-31": "12658.00000", "2007-12-31": "12605.00000", "2007-09-30": "12123.00000", "2007-06-30": "11982.00000", "2007-03-31": "11715.00000", "2006-12-31": "12069.00000", "2006-09-30": "11546.00000", "2006-06-30": "11233.00000", "2006-03-31": "11034.00000", "2005-12-31": "10916.00000", "2005-09-30": "10880.00000", "2005-06-30": "10848.00000", "2005-03-31": "11227.00000"}, "Long-Term Investments": {"2020-09-30": "", "2020-06-30": "", "2020-03-31": "", "2019-12-31": "", "2019-09-30": "", "2019-06-30": "", "2019-03-31": "", "2018-12-31": "", "2018-09-30": "", "2018-06-30": "", "2018-03-31": "", "2017-12-31": "", "2017-09-30": "", "2017-06-30": "", "2017-03-31": "", "2016-12-31": "", "2016-09-30": "", "2016-06-30": "", "2016-03-31": "", "2015-12-31": "", "2015-09-30": "", "2015-06-30": "", "2015-03-31": "34.00000", "2014-12-31": "", "2014-09-30": "36.00000", "2014-06-30": "39.00000", "2014-03-31": "39.00000", "2013-12-31": "43.00000", "2013-09-30": "47.00000", "2013-06-30": "47.00000", "2013-03-31": "48.00000", "2012-12-31": "47.00000", "2012-09-30": "67.00000", "2012-06-30": "68.00000", "2012-03-31": "75.00000", "2011-12-31": "78.00000", "2011-09-30": "77.00000", "2011-06-30": "78.00000", "2011-03-31": "76.00000", "2010-12-31": "75.00000", "2010-09-30": "45.00000", "2010-06-30": "62.00000", "2010-03-31": "65.00000", "2009-12-31": "65.00000", "2009-09-30": "57.00000", "2009-06-30": "54.00000", "2009-03-31": "73.00000", "2008-12-31": "76.00000", "2008-09-30": "74.00000", "2008-06-30": "70.00000", "2008-03-31": "82.00000", "2007-12-31": "53.00000", "2007-09-30": "54.00000", "2007-06-30": "52.00000", "2007-03-31": "51.00000", "2006-12-31": "54.00000", "2006-09-30": "56.00000", "2006-06-30": "56.00000", "2006-03-31": "55.00000", "2005-12-31": "64.00000", "2005-09-30": "64.00000", "2005-06-30": "66.00000", "2005-03-31": "66.00000"}, "Goodwill And Intangible Assets": {"2020-09-30": "4046.00000", "2020-06-30": "3816.00000", "2020-03-31": "3926.00000", "2019-12-31": "3940.00000", "2019-09-30": "3759.00000", "2019-06-30": "3849.00000", "2019-03-31": "3988.00000", "2018-12-31": "3878.00000", "2018-09-30": "3942.00000", "2018-06-30": "4002.00000", "2018-03-31": "4005.00000", "2017-12-31": "3955.00000", "2017-09-30": "3800.00000", "2017-06-30": "3795.00000", "2017-03-31": "3694.00000", "2016-12-31": "3760.00000", "2016-09-30": "3868.00000", "2016-06-30": "4163.00000", "2016-03-31": "4003.00000", "2015-12-31": "4229.00000", "2015-09-30": "4285.00000", "2015-06-30": "4248.00000", "2015-03-31": "4884.00000", "2014-12-31": "4335.00000", "2014-09-30": "5123.00000", "2014-06-30": "5253.00000", "2014-03-31": "5241.00000", "2013-12-31": "5172.00000", "2013-09-30": "4982.00000", "2013-06-30": "4898.00000", "2013-03-31": "4905.00000", "2012-12-31": "5083.00000", "2012-09-30": "5043.00000", "2012-06-30": "4945.00000", "2012-03-31": "5225.00000", "2011-12-31": "5179.00000", "2011-09-30": "5270.00000", "2011-06-30": "5268.00000", "2011-03-31": "2755.00000", "2010-12-31": "2727.00000", "2010-09-30": "1357.00000", "2010-06-30": "1323.00000", "2010-03-31": "1362.00000", "2009-12-31": "1421.00000", "2009-09-30": "1427.00000", "2009-06-30": "1413.00000", "2009-03-31": "1321.00000", "2008-12-31": "1400.00000", "2008-09-30": "1439.00000", "2008-06-30": "1515.00000", "2008-03-31": "1313.00000", "2007-12-31": "1326.00000", "2007-09-30": "1276.00000", "2007-06-30": "1327.00000", "2007-03-31": "1328.00000", "2006-12-31": "1521.00000", "2006-09-30": "1461.00000", "2006-06-30": "1456.00000", "2006-03-31": "1411.00000", "2005-12-31": "1486.00000", "2005-09-30": "1471.00000", "2005-06-30": "1451.00000", "2005-03-31": "1478.00000"}, "Other Long-Term Assets": {"2020-09-30": "441.00000", "2020-06-30": "439.00000", "2020-03-31": "531.00000", "2019-12-31": "535.00000", "2019-09-30": "545.00000", "2019-06-30": "500.00000", "2019-03-31": "462.00000", "2018-12-31": "420.00000", "2018-09-30": "397.00000", "2018-06-30": "377.00000", "2018-03-31": "260.00000", "2017-12-31": "350.00000", "2017-09-30": "410.00000", "2017-06-30": "397.00000", "2017-03-31": "435.00000", "2016-12-31": "487.00000", "2016-09-30": "337.00000", "2016-06-30": "449.00000", "2016-03-31": "414.00000", "2015-12-31": "311.00000", "2015-09-30": "382.00000", "2015-06-30": "339.00000", "2015-03-31": "770.00000", "2014-12-31": "203.00000", "2014-09-30": "709.00000", "2014-06-30": "780.00000", "2014-03-31": "701.00000", "2013-12-31": "694.00000", "2013-09-30": "1173.00000", "2013-06-30": "1212.00000", "2013-03-31": "1196.00000", "2012-12-31": "1209.00000", "2012-09-30": "1822.00000", "2012-06-30": "2059.00000", "2012-03-31": "1987.00000", "2011-12-31": "1710.00000", "2011-09-30": "1404.00000", "2011-06-30": "1371.00000", "2011-03-31": "1183.00000", "2010-12-31": "1226.00000", "2010-09-30": "2126.00000", "2010-06-30": "1821.00000", "2010-03-31": "2127.00000", "2009-12-31": "1674.00000", "2009-09-30": "2266.00000", "2009-06-30": "2427.00000", "2009-03-31": "2589.00000", "2008-12-31": "1962.00000", "2008-09-30": "2086.00000", "2008-06-30": "2837.00000", "2008-03-31": "1986.00000", "2007-12-31": "1691.00000", "2007-09-30": "1203.00000", "2007-06-30": "1291.00000", "2007-03-31": "1084.00000", "2006-12-31": "1079.00000", "2006-09-30": "1046.00000", "2006-06-30": "1065.00000", "2006-03-31": "1008.00000", "2005-12-31": "945.00000", "2005-09-30": "989.00000", "2005-06-30": "956.00000", "2005-03-31": "940.00000"}, "Total Long-Term Assets": {"2020-09-30": "45229.00000", "2020-06-30": "43252.00000", "2020-03-31": "43372.00000", "2019-12-31": "42913.00000", "2019-09-30": "42025.00000", "2019-06-30": "41973.00000", "2019-03-31": "42138.00000", "2018-12-31": "40964.00000", "2018-09-30": "40497.00000", "2018-06-30": "40230.00000", "2018-03-31": "39898.00000", "2017-12-31": "39185.00000", "2017-09-30": "38427.00000", "2017-06-30": "37798.00000", "2017-03-31": "36807.00000", "2016-12-31": "36248.00000", "2016-09-30": "35939.00000", "2016-06-30": "37168.00000", "2016-03-31": "35996.00000", "2015-12-31": "36655.00000", "2015-09-30": "36256.00000", "2015-06-30": "35374.00000", "2015-03-31": "43222.00000", "2014-12-31": "42580.00000", "2014-09-30": "42429.00000", "2014-06-30": "42656.00000", "2014-03-31": "41879.00000", "2013-12-31": "41106.00000", "2013-09-30": "40017.00000", "2013-06-30": "38971.00000", "2013-03-31": "38352.00000", "2012-12-31": "38566.00000", "2012-09-30": "38013.00000", "2012-06-30": "37357.00000", "2012-03-31": "37020.00000", "2011-12-31": "36222.00000", "2011-09-30": "35544.00000", "2011-06-30": "35173.00000", "2011-03-31": "26994.00000", "2010-12-31": "26649.00000", "2010-09-30": "17536.00000", "2010-06-30": "17314.00000", "2010-03-31": "17714.00000", "2009-12-31": "17413.00000", "2009-09-30": "17645.00000", "2009-06-30": "17615.00000", "2009-03-31": "17339.00000", "2008-12-31": "17022.00000", "2008-09-30": "17156.00000", "2008-06-30": "18215.00000", "2008-03-31": "17066.00000", "2007-12-31": "16804.00000", "2007-09-30": "15868.00000", "2007-06-30": "15927.00000", "2007-03-31": "15501.00000", "2006-12-31": "16117.00000", "2006-09-30": "15547.00000", "2006-06-30": "15300.00000", "2006-03-31": "15064.00000", "2005-12-31": "15020.00000", "2005-09-30": "15070.00000", "2005-06-30": "15045.00000", "2005-03-31": "15479.00000"}, "Total Assets": {"2020-09-30": "47924.00000", "2020-06-30": "46520.00000", "2020-03-31": "46328.00000", "2019-12-31": "45680.00000", "2019-09-30": "44559.00000", "2019-06-30": "44204.00000", "2019-03-31": "44567.00000", "2018-12-31": "43396.00000", "2018-09-30": "43042.00000", "2018-06-30": "42830.00000", "2018-03-31": "42388.00000", "2017-12-31": "41479.00000", "2017-09-30": "40758.00000", "2017-06-30": "39964.00000", "2017-03-31": "39034.00000", "2016-12-31": "38315.00000", "2016-09-30": "38038.00000", "2016-06-30": "39528.00000", "2016-03-31": "38709.00000", "2015-12-31": "39301.00000", "2015-09-30": "39246.00000", "2015-06-30": "38244.00000", "2015-03-31": "48921.00000", "2014-12-31": "48606.00000", "2014-09-30": "48189.00000", "2014-06-30": "48193.00000", "2014-03-31": "47973.00000", "2013-12-31": "46259.00000", "2013-09-30": "44988.00000", "2013-06-30": "43746.00000", "2013-03-31": "43341.00000", "2012-12-31": "43634.00000", "2012-09-30": "43240.00000", "2012-06-30": "43508.00000", "2012-03-31": "44082.00000", "2011-12-31": "42648.00000", "2011-09-30": "40956.00000", "2011-06-30": "40537.00000", "2011-03-31": "32741.00000", "2010-12-31": "32837.00000", "2010-09-30": "26728.00000", "2010-06-30": "25913.00000", "2010-03-31": "24935.00000", "2009-12-31": "22165.00000", "2009-09-30": "21944.00000", "2009-06-30": "22410.00000", "2009-03-31": "21790.00000", "2008-12-31": "21405.00000", "2008-09-30": "20506.00000", "2008-06-30": "23901.00000", "2008-03-31": "21055.00000", "2007-12-31": "19972.00000", "2007-09-30": "19825.00000", "2007-06-30": "20006.00000", "2007-03-31": "20107.00000", "2006-12-31": "19747.00000", "2006-09-30": "18857.00000", "2006-06-30": "18339.00000", "2006-03-31": "17892.00000", "2005-12-31": "17926.00000", "2005-09-30": "17763.00000", "2005-06-30": "17427.00000", "2005-03-31": "18178.00000"}, "Total Current Liabilities": {"2020-09-30": "5442.00000", "2020-06-30": "5168.00000", "2020-03-31": "5322.00000", "2019-12-31": "4900.00000", "2019-09-30": "3840.00000", "2019-06-30": "4063.00000", "2019-03-31": "4061.00000", "2018-12-31": "4563.00000", "2018-09-30": "4383.00000", "2018-06-30": "4448.00000", "2018-03-31": "4238.00000", "2017-12-31": "4023.00000", "2017-09-30": "4149.00000", "2017-06-30": "4350.00000", "2017-03-31": "4256.00000", "2016-12-31": "3837.00000", "2016-09-30": "3412.00000", "2016-06-30": "3408.00000", "2016-03-31": "4066.00000", "2015-12-31": "3876.00000", "2015-09-30": "4468.00000", "2015-06-30": "4509.00000", "2015-03-31": "7217.00000", "2014-12-31": "7439.00000", "2014-09-30": "5412.00000", "2014-06-30": "5156.00000", "2014-03-31": "6376.00000", "2013-12-31": "4912.00000", "2013-09-30": "4948.00000", "2013-06-30": "5542.00000", "2013-03-31": "5650.00000", "2012-12-31": "5625.00000", "2012-09-30": "4887.00000", "2012-06-30": "5318.00000", "2012-03-31": "5888.00000", "2011-12-31": "5255.00000", "2011-09-30": "4540.00000", "2011-06-30": "4593.00000", "2011-03-31": "4902.00000", "2010-12-31": "5214.00000", "2010-09-30": "4345.00000", "2010-06-30": "4195.00000", "2010-03-31": "5792.00000", "2009-12-31": "4182.00000", "2009-09-30": "3793.00000", "2009-06-30": "4516.00000", "2009-03-31": "4610.00000", "2008-12-31": "4324.00000", "2008-09-30": "3505.00000", "2008-06-30": "5462.00000", "2008-03-31": "3556.00000", "2007-12-31": "2882.00000", "2007-09-30": "3024.00000", "2007-06-30": "3040.00000", "2007-03-31": "3258.00000", "2006-12-31": "3348.00000", "2006-09-30": "3299.00000", "2006-06-30": "2967.00000", "2006-03-31": "3179.00000", "2005-12-31": "3354.00000", "2005-09-30": "3074.00000", "2005-06-30": "2649.00000", "2005-03-31": "2801.00000"}, "Long Term Debt": {"2020-09-30": "21243.00000", "2020-06-30": "21098.00000", "2020-03-31": "20670.00000", "2019-12-31": "20721.00000", "2019-09-30": "21547.00000", "2019-06-30": "20965.00000", "2019-03-31": "21114.00000", "2018-12-31": "20069.00000", "2018-09-30": "19924.00000", "2018-06-30": "20217.00000", "2018-03-31": "20214.00000", "2017-12-31": "19847.00000", "2017-09-30": "19110.00000", "2017-06-30": "18397.00000", "2017-03-31": "17958.00000", "2016-12-31": "17808.00000", "2016-09-30": "18069.00000", "2016-06-30": "18949.00000", "2016-03-31": "18074.00000", "2015-12-31": "18563.00000", "2015-09-30": "17745.00000", "2015-06-30": "17103.00000", "2015-03-31": "18772.00000", "2014-12-31": "17054.00000", "2014-09-30": "20522.00000", "2014-06-30": "20819.00000", "2014-03-31": "20514.00000", "2013-12-31": "20592.00000", "2013-09-30": "19092.00000", "2013-06-30": "18875.00000", "2013-03-31": "18881.00000", "2012-12-31": "18725.00000", "2012-09-30": "18711.00000", "2012-06-30": "18698.00000", "2012-03-31": "18076.00000", "2011-12-31": "17993.00000", "2011-09-30": "17675.00000", "2011-06-30": "17532.00000", "2011-03-31": "12247.00000", "2010-12-31": "12161.00000", "2010-09-30": "8839.00000", "2010-06-30": "8711.00000", "2010-03-31": "7652.00000", "2009-12-31": "7143.00000", "2009-09-30": "7250.00000", "2009-06-30": "7224.00000", "2009-03-31": "6781.00000", "2008-12-31": "7142.00000", "2008-09-30": "6714.00000", "2008-06-30": "7019.00000", "2008-03-31": "7067.00000", "2007-12-31": "6890.00000", "2007-09-30": "7171.00000", "2007-06-30": "6841.00000", "2007-03-31": "6933.00000", "2006-12-31": "6728.00000", "2006-09-30": "6105.00000", "2006-06-30": "6008.00000", "2006-03-31": "5954.00000", "2005-12-31": "6044.00000", "2005-09-30": "5968.00000", "2005-06-30": "6151.00000", "2005-03-31": "6639.00000"}, "Other Non-Current Liabilities": {"2020-09-30": "3377.00000", "2020-06-30": "3317.00000", "2020-03-31": "3255.00000", "2019-12-31": "3269.00000", "2019-09-30": "3351.00000", "2019-06-30": "3366.00000", "2019-03-31": "3436.00000", "2018-12-31": "3414.00000", "2018-09-30": "3459.00000", "2018-06-30": "3500.00000", "2018-03-31": "3422.00000", "2017-12-31": "3457.00000", "2017-09-30": "1657.00000", "2017-06-30": "1679.00000", "2017-03-31": "1748.00000", "2016-12-31": "1749.00000", "2016-09-30": "1761.00000", "2016-06-30": "1889.00000", "2016-03-31": "1937.00000", "2015-12-31": "1970.00000", "2015-09-30": "1983.00000", "2015-06-30": "1945.00000", "2015-03-31": "2655.00000", "2014-12-31": "1841.00000", "2014-09-30": "2745.00000", "2014-06-30": "2864.00000", "2014-03-31": "2830.00000", "2013-12-31": "2733.00000", "2013-09-30": "2935.00000", "2013-06-30": "2770.00000", "2013-03-31": "2755.00000", "2012-12-31": "2995.00000", "2012-09-30": "3304.00000", "2012-06-30": "3476.00000", "2012-03-31": "3594.00000", "2011-12-31": "3380.00000", "2011-09-30": "2874.00000", "2011-06-30": "2782.00000", "2011-03-31": "2610.00000", "2010-12-31": "2688.00000", "2010-09-30": "1704.00000", "2010-06-30": "1701.00000", "2010-03-31": "1863.00000", "2009-12-31": "1589.00000", "2009-09-30": "1922.00000", "2009-06-30": "2019.00000", "2009-03-31": "2239.00000", "2008-12-31": "1883.00000", "2008-09-30": "2319.00000", "2008-06-30": "4125.00000", "2008-03-31": "2357.00000", "2007-12-31": "2073.00000", "2007-09-30": "1764.00000", "2007-06-30": "1935.00000", "2007-03-31": "1691.00000", "2006-12-31": "1493.00000", "2006-09-30": "1379.00000", "2006-06-30": "1468.00000", "2006-03-31": "1336.00000", "2005-12-31": "1432.00000", "2005-09-30": "1520.00000", "2005-06-30": "1378.00000", "2005-03-31": "1426.00000"}, "Total Long Term Liabilities": {"2020-09-30": "28796.00000", "2020-06-30": "28308.00000", "2020-03-31": "27765.00000", "2019-12-31": "27789.00000", "2019-09-30": "28817.00000", "2019-06-30": "28158.00000", "2019-03-31": "28334.00000", "2018-12-31": "27176.00000", "2018-09-30": "26876.00000", "2018-06-30": "27142.00000", "2018-03-31": "26974.00000", "2017-12-31": "26695.00000", "2017-09-30": "25917.00000", "2017-06-30": "25124.00000", "2017-03-31": "24669.00000", "2016-12-31": "24579.00000", "2016-09-30": "24651.00000", "2016-06-30": "25795.00000", "2016-03-31": "24881.00000", "2015-12-31": "25506.00000", "2015-09-30": "24556.00000", "2015-06-30": "23794.00000", "2015-03-31": "27668.00000", "2014-12-31": "27539.00000", "2014-09-30": "28803.00000", "2014-06-30": "29302.00000", "2014-03-31": "28880.00000", "2013-12-31": "28881.00000", "2013-09-30": "27678.00000", "2013-06-30": "27250.00000", "2013-03-31": "27149.00000", "2012-12-31": "27511.00000", "2012-09-30": "27121.00000", "2012-06-30": "27210.00000", "2012-03-31": "26659.00000", "2011-12-31": "26297.00000", "2011-09-30": "25300.00000", "2011-06-30": "25025.00000", "2011-03-31": "19041.00000", "2010-12-31": "19145.00000", "2010-09-30": "13791.00000", "2010-06-30": "13513.00000", "2010-03-31": "12932.00000", "2009-12-31": "12168.00000", "2009-09-30": "12214.00000", "2009-06-30": "12056.00000", "2009-03-31": "11624.00000", "2008-12-31": "12004.00000", "2008-09-30": "11417.00000", "2008-06-30": "13256.00000", "2008-03-31": "11915.00000", "2007-12-31": "11534.00000", "2007-09-30": "11641.00000", "2007-06-30": "11597.00000", "2007-03-31": "11576.00000", "2006-12-31": "11277.00000", "2006-09-30": "10468.00000", "2006-06-30": "10482.00000", "2006-03-31": "9991.00000", "2005-12-31": "10154.00000", "2005-09-30": "10384.00000", "2005-06-30": "10471.00000", "2005-03-31": "11059.00000"}, "Total Liabilities": {"2020-09-30": "34238.00000", "2020-06-30": "33476.00000", "2020-03-31": "33087.00000", "2019-12-31": "32689.00000", "2019-09-30": "32657.00000", "2019-06-30": "32221.00000", "2019-03-31": "32395.00000", "2018-12-31": "31739.00000", "2018-09-30": "31259.00000", "2018-06-30": "31590.00000", "2018-03-31": "31212.00000", "2017-12-31": "30718.00000", "2017-09-30": "30066.00000", "2017-06-30": "29474.00000", "2017-03-31": "28925.00000", "2016-12-31": "28416.00000", "2016-09-30": "28063.00000", "2016-06-30": "29203.00000", "2016-03-31": "28947.00000", "2015-12-31": "29382.00000", "2015-09-30": "29024.00000", "2015-06-30": "28303.00000", "2015-03-31": "34885.00000", "2014-12-31": "34978.00000", "2014-09-30": "34215.00000", "2014-06-30": "34458.00000", "2014-03-31": "35256.00000", "2013-12-31": "33793.00000", "2013-09-30": "32626.00000", "2013-06-30": "32792.00000", "2013-03-31": "32799.00000", "2012-12-31": "33136.00000", "2012-09-30": "32008.00000", "2012-06-30": "32528.00000", "2012-03-31": "32547.00000", "2011-12-31": "31552.00000", "2011-09-30": "29840.00000", "2011-06-30": "29618.00000", "2011-03-31": "23943.00000", "2010-12-31": "24359.00000", "2010-09-30": "18136.00000", "2010-06-30": "17708.00000", "2010-03-31": "18724.00000", "2009-12-31": "16350.00000", "2009-09-30": "16007.00000", "2009-06-30": "16572.00000", "2009-03-31": "16234.00000", "2008-12-31": "16328.00000", "2008-09-30": "14922.00000", "2008-06-30": "18718.00000", "2008-03-31": "15471.00000", "2007-12-31": "14416.00000", "2007-09-30": "14665.00000", "2007-06-30": "14637.00000", "2007-03-31": "14834.00000", "2006-12-31": "14625.00000", "2006-09-30": "13767.00000", "2006-06-30": "13449.00000", "2006-03-31": "13170.00000", "2005-12-31": "13508.00000", "2005-09-30": "13458.00000", "2005-06-30": "13120.00000", "2005-03-31": "13860.00000"}, "Common Stock Net": {"2020-09-30": "8.00000", "2020-06-30": "8.00000", "2020-03-31": "8.00000", "2019-12-31": "8.00000", "2019-09-30": "7.00000", "2019-06-30": "7.00000", "2019-03-31": "7.00000", "2018-12-31": "7.00000", "2018-09-30": "7.00000", "2018-06-30": "7.00000", "2018-03-31": "7.00000", "2017-12-31": "7.00000", "2017-09-30": "7.00000", "2017-06-30": "7.00000", "2017-03-31": "7.00000", "2016-12-31": "7.00000", "2016-09-30": "7.00000", "2016-06-30": "7.00000", "2016-03-31": "7.00000", "2015-12-31": "7.00000", "2015-09-30": "7.00000", "2015-06-30": "7.00000", "2015-03-31": "7.00000", "2014-12-31": "7.00000", "2014-09-30": "7.00000", "2014-06-30": "7.00000", "2014-03-31": "6.00000", "2013-12-31": "6.00000", "2013-09-30": "6.00000", "2013-06-30": "6.00000", "2013-03-31": "6.00000", "2012-12-31": "6.00000", "2012-09-30": "6.00000", "2012-06-30": "6.00000", "2012-03-31": "6.00000", "2011-12-31": "6.00000", "2011-09-30": "6.00000", "2011-06-30": "6.00000", "2011-03-31": "5.00000", "2010-12-31": "5.00000", "2010-09-30": "5.00000", "2010-06-30": "5.00000", "2010-03-31": "4.00000", "2009-12-31": "4.00000", "2009-09-30": "4.00000", "2009-06-30": "4.00000", "2009-03-31": "4.00000", "2008-12-31": "4.00000", "2008-09-30": "4.00000", "2008-06-30": "4.00000", "2008-03-31": "4.00000", "2007-12-31": "4.00000", "2007-09-30": "4.00000", "2007-06-30": "4.00000", "2007-03-31": "4.00000", "2006-12-31": "4.00000", "2006-09-30": "4.00000", "2006-06-30": "4.00000", "2006-03-31": "4.00000", "2005-12-31": "4.00000", "2005-09-30": "4.00000", "2005-06-30": "2.00000", "2005-03-31": "2.00000"}, "Retained Earnings (Accumulated Deficit)": {"2020-09-30": "5345.00000", "2020-06-30": "5383.00000", "2020-03-31": "5360.00000", "2019-12-31": "5127.00000", "2019-09-30": "5080.00000", "2019-06-30": "4903.00000", "2019-03-31": "4761.00000", "2018-12-31": "4593.00000", "2018-09-30": "4423.00000", "2018-06-30": "4266.00000", "2018-03-31": "4037.00000", "2017-12-31": "3871.00000", "2017-09-30": "4066.00000", "2017-06-30": "3983.00000", "2017-03-31": "3962.00000", "2016-12-31": "3829.00000", "2016-09-30": "3624.00000", "2016-06-30": "3409.00000", "2016-03-31": "3185.00000", "2015-12-31": "2953.00000", "2015-09-30": "2791.00000", "2015-06-30": "2654.00000", "2015-03-31": "6860.00000", "2014-12-31": "6462.00000", "2014-09-30": "6017.00000", "2014-06-30": "5768.00000", "2014-03-31": "5788.00000", "2013-12-31": "5709.00000", "2013-09-30": "6040.00000", "2013-06-30": "5863.00000", "2013-03-31": "5676.00000", "2012-12-31": "5478.00000", "2012-09-30": "5335.00000", "2012-06-30": "5190.00000", "2012-03-31": "5129.00000", "2011-12-31": "4797.00000", "2011-09-30": "4547.00000", "2011-06-30": "4306.00000", "2011-03-31": "4312.00000", "2010-12-31": "4082.00000", "2010-09-30": "3897.00000", "2010-06-30": "3818.00000", "2010-03-31": "3866.00000", "2009-12-31": "3749.00000", "2009-09-30": "3726.00000", "2009-06-30": "3837.00000", "2009-03-31": "3973.00000", "2008-12-31": "3862.00000", "2008-09-30": "3725.00000", "2008-06-30": "3647.00000", "2008-03-31": "3583.00000", "2007-12-31": "3448.00000", "2007-09-30": "3144.00000", "2007-06-30": "2937.00000", "2007-03-31": "2711.00000", "2006-12-31": "2626.00000", "2006-09-30": "2553.00000", "2006-06-30": "2433.00000", "2006-03-31": "2357.00000", "2005-12-31": "2182.00000", "2005-09-30": "2092.00000", "2005-06-30": "1991.00000", "2005-03-31": "1951.00000"}, "Comprehensive Income": {"2020-09-30": "-3927.00000", "2020-06-30": "-4602.00000", "2020-03-31": "-4366.00000", "2019-12-31": "-4358.00000", "2019-09-30": "-4272.00000", "2019-06-30": "-3996.00000", "2019-03-31": "-3647.00000", "2018-12-31": "-3964.00000", "2018-09-30": "-3648.00000", "2018-06-30": "-3495.00000", "2018-03-31": "-3279.00000", "2017-12-31": "-3422.00000", "2017-09-30": "-3503.00000", "2017-06-30": "-3523.00000", "2017-03-31": "-3777.00000", "2016-12-31": "-3778.00000", "2016-09-30": "-3480.00000", "2016-06-30": "-2857.00000", "2016-03-31": "-3159.00000", "2015-12-31": "-2728.00000", "2015-09-30": "-2206.00000", "2015-06-30": "-2284.00000", "2015-03-31": "-2311.00000", "2014-12-31": "-2274.00000", "2014-09-30": "-1438.00000", "2014-06-30": "-1398.00000", "2014-03-31": "-1429.00000", "2013-12-31": "-1565.00000", "2013-09-30": "-2007.00000", "2013-06-30": "-2128.00000", "2013-03-31": "-2146.00000", "2012-12-31": "-1940.00000", "2012-09-30": "-1039.00000", "2012-06-30": "-1120.00000", "2012-03-31": "-730.00000", "2011-12-31": "-788.00000", "2011-09-30": "-500.00000", "2011-06-30": "-435.00000", "2011-03-31": "-424.00000", "2010-12-31": "-479.00000", "2010-09-30": "-160.00000", "2010-06-30": "-439.00000", "2010-03-31": "-288.00000", "2009-12-31": "-537.00000", "2009-09-30": "-376.00000", "2009-06-30": "-568.00000", "2009-03-31": "-968.00000", "2008-12-31": "-985.00000", "2008-09-30": "-330.00000", "2008-06-30": "-648.00000", "2008-03-31": "-160.00000", "2007-12-31": "-68.00000", "2007-09-30": "-291.00000", "2007-06-30": "-355.00000", "2007-03-31": "-271.00000", "2006-12-31": "-318.00000", "2006-09-30": "-265.00000", "2006-06-30": "-333.00000", "2006-03-31": "-422.00000", "2005-12-31": "-532.00000", "2005-09-30": "-552.00000", "2005-06-30": "-442.00000", "2005-03-31": "-378.00000"}, "Other Share Holders Equity": {"2020-09-30": "", "2020-06-30": "", "2020-03-31": "", "2019-12-31": "", "2019-09-30": "", "2019-06-30": "", "2019-03-31": "", "2018-12-31": "", "2018-09-30": "", "2018-06-30": "", "2018-03-31": "", "2017-12-31": "", "2017-09-30": "", "2017-06-30": "", "2017-03-31": "", "2016-12-31": "", "2016-09-30": "", "2016-06-30": "", "2016-03-31": "", "2015-12-31": "", "2015-09-30": "", "2015-06-30": "", "2015-03-31": "", "2014-12-31": "", "2014-09-30": "", "2014-06-30": "", "2014-03-31": "", "2013-12-31": "", "2013-09-30": "", "2013-06-30": "", "2013-03-31": "", "2012-12-31": "", "2012-09-30": "", "2012-06-30": "", "2012-03-31": "", "2011-12-31": "", "2011-09-30": "", "2011-06-30": "", "2011-03-31": "", "2010-12-31": "", "2010-09-30": "", "2010-06-30": "", "2010-03-31": "", "2009-12-31": "", "2009-09-30": "", "2009-06-30": "", "2009-03-31": "", "2008-12-31": "", "2008-09-30": "", "2008-06-30": "", "2008-03-31": "", "2007-12-31": "", "2007-09-30": "", "2007-06-30": "", "2007-03-31": "", "2006-12-31": "", "2006-09-30": "", "2006-06-30": "", "2006-03-31": "", "2005-12-31": "", "2005-09-30": "", "2005-06-30": "", "2005-03-31": ""}, "Share Holder Equity": {"2020-09-30": "13686.00000", "2020-06-30": "13044.00000", "2020-03-31": "13241.00000", "2019-12-31": "12991.00000", "2019-09-30": "11902.00000", "2019-06-30": "11983.00000", "2019-03-31": "12172.00000", "2018-12-31": "11657.00000", "2018-09-30": "11783.00000", "2018-06-30": "11240.00000", "2018-03-31": "11176.00000", "2017-12-31": "10761.00000", "2017-09-30": "10692.00000", "2017-06-30": "10490.00000", "2017-03-31": "10109.00000", "2016-12-31": "9899.00000", "2016-09-30": "9975.00000", "2016-06-30": "10325.00000", "2016-03-31": "9762.00000", "2015-12-31": "9919.00000", "2015-09-30": "10222.00000", "2015-06-30": "9941.00000", "2015-03-31": "14036.00000", "2014-12-31": "13628.00000", "2014-09-30": "13974.00000", "2014-06-30": "13735.00000", "2014-03-31": "12717.00000", "2013-12-31": "12466.00000", "2013-09-30": "12362.00000", "2013-06-30": "10954.00000", "2013-03-31": "10542.00000", "2012-12-31": "10498.00000", "2012-09-30": "11232.00000", "2012-06-30": "10980.00000", "2012-03-31": "11535.00000", "2011-12-31": "11096.00000", "2011-09-30": "11116.00000", "2011-06-30": "10919.00000", "2011-03-31": "8798.00000", "2010-12-31": "8478.00000", "2010-09-30": "8592.00000", "2010-06-30": "8205.00000", "2010-03-31": "6211.00000", "2009-12-31": "5815.00000", "2009-09-30": "5937.00000", "2009-06-30": "5838.00000", "2009-03-31": "5556.00000", "2008-12-31": "5077.00000", "2008-09-30": "5584.00000", "2008-06-30": "5183.00000", "2008-03-31": "5584.00000", "2007-12-31": "5556.00000", "2007-09-30": "5160.00000", "2007-06-30": "5369.00000", "2007-03-31": "5273.00000", "2006-12-31": "5122.00000", "2006-09-30": "5090.00000", "2006-06-30": "4890.00000", "2006-03-31": "4722.00000", "2005-12-31": "4418.00000", "2005-09-30": "4305.00000", "2005-06-30": "4307.00000", "2005-03-31": "4318.00000"}, "Total Liabilities And Share Holders Equity": {"2020-09-30": "47924.00000", "2020-06-30": "46520.00000", "2020-03-31": "46328.00000", "2019-12-31": "45680.00000", "2019-09-30": "44559.00000", "2019-06-30": "44204.00000", "2019-03-31": "44567.00000", "2018-12-31": "43396.00000", "2018-09-30": "43042.00000", "2018-06-30": "42830.00000", "2018-03-31": "42388.00000", "2017-12-31": "41479.00000", "2017-09-30": "40758.00000", "2017-06-30": "39964.00000", "2017-03-31": "39034.00000", "2016-12-31": "38315.00000", "2016-09-30": "38038.00000", "2016-06-30": "39528.00000", "2016-03-31": "38709.00000", "2015-12-31": "39301.00000", "2015-09-30": "39246.00000", "2015-06-30": "38244.00000", "2015-03-31": "48921.00000", "2014-12-31": "48606.00000", "2014-09-30": "48189.00000", "2014-06-30": "48193.00000", "2014-03-31": "47973.00000", "2013-12-31": "46259.00000", "2013-09-30": "44988.00000", "2013-06-30": "43746.00000", "2013-03-31": "43341.00000", "2012-12-31": "43634.00000", "2012-09-30": "43240.00000", "2012-06-30": "43508.00000", "2012-03-31": "44082.00000", "2011-12-31": "42648.00000", "2011-09-30": "40956.00000", "2011-06-30": "40537.00000", "2011-03-31": "32741.00000", "2010-12-31": "32837.00000", "2010-09-30": "26728.00000", "2010-06-30": "25913.00000", "2010-03-31": "24935.00000", "2009-12-31": "22165.00000", "2009-09-30": "21944.00000", "2009-06-30": "22410.00000", "2009-03-31": "21790.00000", "2008-12-31": "21405.00000", "2008-09-30": "20506.00000", "2008-06-30": "23901.00000", "2008-03-31": "21055.00000", "2007-12-31": "19972.00000", "2007-09-30": "19825.00000", "2007-06-30": "20006.00000", "2007-03-31": "20107.00000", "2006-12-31": "19747.00000", "2006-09-30": "18857.00000", "2006-06-30": "18339.00000", "2006-03-31": "17892.00000", "2005-12-31": "17926.00000", "2005-09-30": "17763.00000", "2005-06-30": "17427.00000", "2005-03-31": "18178.00000"}}, "cash flow statement": {"Net Income/Loss": {"2019-12-31": "1746.00000", "2018-12-31": "1827.00000", "2017-12-31": "1128.00000", "2016-12-31": "1902.00000", "2015-12-31": "682.00000", "2014-12-31": "1737.00000", "2013-12-31": "1130.00000", "2012-12-31": "1531.00000", "2011-12-31": "1512.00000", "2010-12-31": "959.00000", "2009-12-31": "426.00000", "2008-12-31": "950.00000", "2007-12-31": "1315.00000", "2006-12-31": "865.00000", "2005-12-31": "678.00000"}, "Total Depreciation And Amortization - Cash Flow": {"2019-12-31": "1280.00000", "2018-12-31": "1172.00000", "2017-12-31": "1105.00000", "2016-12-31": "1006.00000", "2015-12-31": "942.00000", "2014-12-31": "988.00000", "2013-12-31": "909.00000", "2012-12-31": "1286.00000", "2011-12-31": "1215.00000", "2010-12-31": "780.00000", "2009-12-31": "860.00000", "2008-12-31": "844.00000", "2007-12-31": "891.00000", "2006-12-31": "755.00000", "2005-12-31": "721.00000"}, "Other Non-Cash Items": {"2019-12-31": "-217.00000", "2018-12-31": "-361.00000", "2017-12-31": "254.00000", "2016-12-31": "128.00000", "2015-12-31": "1088.00000", "2014-12-31": "436.00000", "2013-12-31": "914.00000", "2012-12-31": "", "2011-12-31": "-181.00000", "2010-12-31": "675.00000", "2009-12-31": "415.00000", "2008-12-31": "-231.00000", "2007-12-31": "-404.00000", "2006-12-31": "-96.00000", "2005-12-31": "-27.00000"}, "Total Non-Cash Items": {"2019-12-31": "1063.00000", "2018-12-31": "811.00000", "2017-12-31": "1359.00000", "2016-12-31": "1134.00000", "2015-12-31": "2030.00000", "2014-12-31": "1424.00000", "2013-12-31": "1823.00000", "2012-12-31": "1286.00000", "2011-12-31": "1034.00000", "2010-12-31": "1455.00000", "2009-12-31": "1275.00000", "2008-12-31": "613.00000", "2007-12-31": "487.00000", "2006-12-31": "659.00000", "2005-12-31": "694.00000"}, "Change In Accounts Receivable": {"2019-12-31": "4.00000", "2018-12-31": "28.00000", "2017-12-31": "-33.00000", "2016-12-31": "-15.00000", "2015-12-31": "47.00000", "2014-12-31": "-123.00000", "2013-12-31": "-211.00000", "2012-12-31": "7.00000", "2011-12-31": "-89.00000", "2010-12-31": "-106.00000", "2009-12-31": "76.00000", "2008-12-31": "118.00000", "2007-12-31": "-186.00000", "2006-12-31": "-31.00000", "2005-12-31": "-93.00000"}, "Change In Inventories": {"2019-12-31": "-26.00000", "2018-12-31": "17.00000", "2017-12-31": "40.00000", "2016-12-31": "-3.00000", "2015-12-31": "24.00000", "2014-12-31": "", "2013-12-31": "", "2012-12-31": "-18.00000", "2011-12-31": "", "2010-12-31": "", "2009-12-31": "", "2008-12-31": "", "2007-12-31": "25.00000", "2006-12-31": "-31.00000", "2005-12-31": "-38.00000"}, "Change In Accounts Payable": {"2019-12-31": "-77.00000", "2018-12-31": "78.00000", "2017-12-31": "-10.00000", "2016-12-31": "57.00000", "2015-12-31": "-116.00000", "2014-12-31": "40.00000", "2013-12-31": "127.00000", "2012-12-31": "-29.00000", "2011-12-31": "-36.00000", "2010-12-31": "216.00000", "2009-12-31": "-150.00000", "2008-12-31": "85.00000", "2007-12-31": "119.00000", "2006-12-31": "114.00000", "2005-12-31": "141.00000"}, "Change In Assets/Liabilities": {"2019-12-31": "-283.00000", "2018-12-31": "-5.00000", "2017-12-31": "-23.00000", "2016-12-31": "-240.00000", "2015-12-31": "123.00000", "2014-12-31": "164.00000", "2013-12-31": "-64.00000", "2012-12-31": "-92.00000", "2011-12-31": "119.00000", "2010-12-31": "-593.00000", "2009-12-31": "235.00000", "2008-12-31": "-242.00000", "2007-12-31": "-227.00000", "2006-12-31": "140.00000", "2005-12-31": "-118.00000"}, "Total Change In Assets/Liabilities": {"2019-12-31": "-382.00000", "2018-12-31": "118.00000", "2017-12-31": "-26.00000", "2016-12-31": "-201.00000", "2015-12-31": "-97.00000", "2014-12-31": "242.00000", "2013-12-31": "-97.00000", "2012-12-31": "-108.00000", "2011-12-31": "-1.00000", "2010-12-31": "-413.00000", "2009-12-31": "138.00000", "2008-12-31": "-39.00000", "2007-12-31": "-269.00000", "2006-12-31": "192.00000", "2005-12-31": "-108.00000"}, "Cash Flow From Operating Activities": {"2019-12-31": "2427.00000", "2018-12-31": "2821.00000", "2017-12-31": "2461.00000", "2016-12-31": "2890.00000", "2015-12-31": "2615.00000", "2014-12-31": "3403.00000", "2013-12-31": "2856.00000", "2012-12-31": "2764.00000", "2011-12-31": "2507.00000", "2010-12-31": "2033.00000", "2009-12-31": "1852.00000", "2008-12-31": "1589.00000", "2007-12-31": "1571.00000", "2006-12-31": "1758.00000", "2005-12-31": "1388.00000"}, "Net Change In Property, Plant, And Equipment": {"2019-12-31": "-3083.00000", "2018-12-31": "-3238.00000", "2017-12-31": "-3133.00000", "2016-12-31": "-2920.00000", "2015-12-31": "-3533.00000", "2014-12-31": "-3674.00000", "2013-12-31": "-3629.00000", "2012-12-31": "-3105.00000", "2011-12-31": "-2106.00000", "2010-12-31": "-1597.00000", "2009-12-31": "-1225.00000", "2008-12-31": "-1418.00000", "2007-12-31": "-1657.00000", "2006-12-31": "-1394.00000", "2005-12-31": "-621.00000"}, "Net Change In Intangible Assets": {"2019-12-31": "", "2018-12-31": "", "2017-12-31": "", "2016-12-31": "", "2015-12-31": "-37.00000", "2014-12-31": "-49.00000", "2013-12-31": "-53.00000", "2012-12-31": "-71.00000", "2011-12-31": "-102.00000", "2010-12-31": "", "2009-12-31": "", "2008-12-31": "-332.00000", "2007-12-31": "46.00000", "2006-12-31": "-33.00000", "2005-12-31": ""}, "Net Acquisitions/Divestitures": {"2019-12-31": "", "2018-12-31": "", "2017-12-31": "", "2016-12-31": "", "2015-12-31": "", "2014-12-31": "", "2013-12-31": "", "2012-12-31": "-84.00000", "2011-12-31": "-5763.00000", "2010-12-31": "-6650.00000", "2009-12-31": "81.00000", "2008-12-31": "303.00000", "2007-12-31": "898.00000", "2006-12-31": "110.00000", "2005-12-31": ""}, "Net Change In Short-term Investments": {"2019-12-31": "14.00000", "2018-12-31": "-59.00000", "2017-12-31": "0.00000", "2016-12-31": "", "2015-12-31": "", "2014-12-31": "19.00000", "2013-12-31": "2.00000", "2012-12-31": "96.00000", "2011-12-31": "-143.00000", "2010-12-31": "85.00000", "2009-12-31": "218.00000", "2008-12-31": "-166.00000", "2007-12-31": "134.00000", "2006-12-31": "-308.00000", "2005-12-31": "-32.00000"}, "Net Change In Long-Term Investments": {"2019-12-31": "", "2018-12-31": "", "2017-12-31": "", "2016-12-31": "", "2015-12-31": "136.00000", "2014-12-31": "-120.00000", "2013-12-31": "", "2012-12-31": "-15.00000", "2011-12-31": "150.00000", "2010-12-31": "-14.00000", "2009-12-31": "128.00000", "2008-12-31": "-27.00000", "2007-12-31": "-15.00000", "2006-12-31": "-16.00000", "2005-12-31": "-121.00000"}, "Net Change In Investments - Total": {"2019-12-31": "14.00000", "2018-12-31": "-59.00000", "2017-12-31": "", "2016-12-31": "", "2015-12-31": "136.00000", "2014-12-31": "-101.00000", "2013-12-31": "2.00000", "2012-12-31": "81.00000", "2011-12-31": "7.00000", "2010-12-31": "71.00000", "2009-12-31": "346.00000", "2008-12-31": "-193.00000", "2007-12-31": "119.00000", "2006-12-31": "-324.00000", "2005-12-31": "-153.00000"}, "Investing Activities - Other": {"2019-12-31": "-11.00000", "2018-12-31": "-64.00000", "2017-12-31": "-28.00000", "2016-12-31": "-6.00000", "2015-12-31": "-154.00000", "2014-12-31": "495.00000", "2013-12-31": "-615.00000", "2012-12-31": "56.00000", "2011-12-31": "12.00000", "2010-12-31": "-53.00000", "2009-12-31": "-82.00000", "2008-12-31": "13.00000", "2007-12-31": "-20.00000", "2006-12-31": "24.00000", "2005-12-31": "-5.00000"}, "Cash Flow From Investing Activities": {"2019-12-31": "-3080.00000", "2018-12-31": "-3361.00000", "2017-12-31": "-3161.00000", "2016-12-31": "-2926.00000", "2015-12-31": "-3588.00000", "2014-12-31": "-3329.00000", "2013-12-31": "-4295.00000", "2012-12-31": "-3123.00000", "2011-12-31": "-7952.00000", "2010-12-31": "-8229.00000", "2009-12-31": "-880.00000", "2008-12-31": "-1627.00000", "2007-12-31": "-614.00000", "2006-12-31": "-1617.00000", "2005-12-31": "-779.00000"}, "Net Long-Term Debt": {"2019-12-31": "1165.00000", "2018-12-31": "782.00000", "2017-12-31": "1347.00000", "2016-12-31": "412.00000", "2015-12-31": "1236.00000", "2014-12-31": "59.00000", "2013-12-31": "2038.00000", "2012-12-31": "1115.00000", "2011-12-31": "4535.00000", "2010-12-31": "4622.00000", "2009-12-31": "-718.00000", "2008-12-31": "667.00000", "2007-12-31": "-231.00000", "2006-12-31": "450.00000", "2005-12-31": "-524.00000"}, "Net Current Debt": {"2019-12-31": "-278.00000", "2018-12-31": "363.00000", "2017-12-31": "115.00000", "2016-12-31": "29.00000", "2015-12-31": "94.00000", "2014-12-31": "147.00000", "2013-12-31": "405.00000", "2012-12-31": "74.00000", "2011-12-31": "-125.00000", "2010-12-31": "70.00000", "2009-12-31": "-52.00000", "2008-12-31": "588.00000", "2007-12-31": "61.00000", "2006-12-31": "-173.00000", "2005-12-31": "184.00000"}, "Debt Issuance/Retirement Net - Total": {"2019-12-31": "887.00000", "2018-12-31": "1145.00000", "2017-12-31": "1462.00000", "2016-12-31": "441.00000", "2015-12-31": "1330.00000", "2014-12-31": "206.00000", "2013-12-31": "2443.00000", "2012-12-31": "1189.00000", "2011-12-31": "4410.00000", "2010-12-31": "4692.00000", "2009-12-31": "-770.00000", "2008-12-31": "1255.00000", "2007-12-31": "-170.00000", "2006-12-31": "277.00000", "2005-12-31": "-340.00000"}, "Net Common Equity Issued/Repurchased": {"2019-12-31": "1167.00000", "2018-12-31": "698.00000", "2017-12-31": "453.00000", "2016-12-31": "144.00000", "2015-12-31": "203.00000", "2014-12-31": "1074.00000", "2013-12-31": "1337.00000", "2012-12-31": "72.00000", "2011-12-31": "2297.00000", "2010-12-31": "2441.00000", "2009-12-31": "60.00000", "2008-12-31": "-19.00000", "2007-12-31": "-680.00000", "2006-12-31": "21.00000", "2005-12-31": "37.00000"}, "Net Total Equity Issued/Repurchased": {"2019-12-31": "1167.00000", "2018-12-31": "698.00000", "2017-12-31": "453.00000", "2016-12-31": "144.00000", "2015-12-31": "203.00000", "2014-12-31": "1074.00000", "2013-12-31": "1337.00000", "2012-12-31": "-178.00000", "2011-12-31": "2297.00000", "2010-12-31": "2387.00000", "2009-12-31": "60.00000", "2008-12-31": "-19.00000", "2007-12-31": "-680.00000", "2006-12-31": "266.00000", "2005-12-31": "37.00000"}, "Total Common And Preferred Stock Dividends Paid": {"2019-12-31": "-1192.00000", "2018-12-31": "-1133.00000", "2017-12-31": "-1072.00000", "2016-12-31": "-1030.00000", "2015-12-31": "-1004.00000", "2014-12-31": "-967.00000", "2013-12-31": "-878.00000", "2012-12-31": "-833.00000", "2011-12-31": "-746.00000", "2010-12-31": "-566.00000", "2009-12-31": "-517.00000", "2008-12-31": "-491.00000", "2007-12-31": "-459.00000", "2006-12-31": "-411.00000", "2005-12-31": "-347.00000"}, "Financial Activities - Other": {"2019-12-31": "-26.00000", "2018-12-31": "-20.00000", "2017-12-31": "-19.00000", "2016-12-31": "6.00000", "2015-12-31": "-461.00000", "2014-12-31": "270.00000", "2013-12-31": "-1271.00000", "2012-12-31": "-130.00000", "2011-12-31": "-194.00000", "2010-12-31": "-206.00000", "2009-12-31": "-44.00000", "2008-12-31": "-24.00000", "2007-12-31": "-17.00000", "2006-12-31": "-37.00000", "2005-12-31": "-26.00000"}, "Cash Flow From Financial Activities": {"2019-12-31": "836.00000", "2018-12-31": "690.00000", "2017-12-31": "824.00000", "2016-12-31": "-439.00000", "2015-12-31": "68.00000", "2014-12-31": "583.00000", "2013-12-31": "1631.00000", "2012-12-31": "48.00000", "2011-12-31": "5767.00000", "2010-12-31": "6307.00000", "2009-12-31": "-1271.00000", "2008-12-31": "721.00000", "2007-12-31": "-1326.00000", "2006-12-31": "95.00000", "2005-12-31": "-676.00000"}, "Net Cash Flow": {"2019-12-31": "193.00000", "2018-12-31": "132.00000", "2017-12-31": "139.00000", "2016-12-31": "-503.00000", "2015-12-31": "-563.00000", "2014-12-31": "536.00000", "2013-12-31": "375.00000", "2012-12-31": "-301.00000", "2011-12-31": "277.00000", "2010-12-31": "124.00000", "2009-12-31": "-299.00000", "2008-12-31": "670.00000", "2007-12-31": "-364.00000", "2006-12-31": "239.00000", "2005-12-31": "-61.00000"}, "Stock-Based Compensation": {"2019-12-31": "36.00000", "2018-12-31": "26.00000", "2017-12-31": "38.00000", "2016-12-31": "28.00000", "2015-12-31": "31.00000", "2014-12-31": "", "2013-12-31": "", "2012-12-31": "49.00000", "2011-12-31": "", "2010-12-31": "", "2009-12-31": "", "2008-12-31": "", "2007-12-31": "", "2006-12-31": "", "2005-12-31": ""}, "Common Stock Dividends Paid": {"2019-12-31": "-1192.00000", "2018-12-31": "-1133.00000", "2017-12-31": "-1072.00000", "2016-12-31": "-1030.00000", "2015-12-31": "-1004.00000", "2014-12-31": "-967.00000", "2013-12-31": "-878.00000", "2012-12-31": "-833.00000", "2011-12-31": "-746.00000", "2010-12-31": "-566.00000", "2009-12-31": "-517.00000", "2008-12-31": "-491.00000", "2007-12-31": "-459.00000", "2006-12-31": "-411.00000", "2005-12-31": "-347.00000"}}, "cash flow statement, quarterly": {"Net Income/Loss": {"2020-09-30": 281, "2020-06-30": 344, "2020-03-31": "554.00000", "2019-12-31": 364, "2019-09-30": 475, "2019-06-30": 441, "2019-03-31": "466.00000", "2018-12-31": 415, "2018-09-30": 445, "2018-06-30": 515, "2018-03-31": "452.00000", "2017-12-31": 78, "2017-09-30": 355, "2017-06-30": 292, "2017-03-31": "403.00000", "2016-12-31": 465, "2016-09-30": 473, "2016-06-30": 483, "2016-03-31": "481.00000", "2015-12-31": 399, "2015-09-30": 393, "2015-06-30": -757, "2015-03-31": "647.00000", "2014-12-31": 695, "2014-09-30": 497, "2014-06-30": 229, "2014-03-31": "316.00000", "2013-12-31": -99, "2013-09-30": 411, "2013-06-30": 405, "2013-03-31": "413.00000", "2012-12-31": 360, "2012-09-30": 355, "2012-06-30": 271, "2012-03-31": "545.00000", "2011-12-31": 458, "2011-09-30": 449, "2011-06-30": 200, "2011-03-31": "405.00000", "2010-12-31": 359, "2010-09-30": 253, "2010-06-30": 92, "2010-03-31": "255.00000", "2009-12-31": 157, "2009-09-30": 26, "2009-06-30": -3, "2009-03-31": "246.00000", "2008-12-31": 282, "2008-09-30": 208, "2008-06-30": 195, "2008-03-31": "265.00000", "2007-12-31": 445, "2007-09-30": 322, "2007-06-30": 345, "2007-03-31": "203.00000", "2006-12-31": 178, "2006-09-30": 226, "2006-06-30": 181, "2006-03-31": "280.00000", "2005-12-31": 185, "2005-09-30": 197, "2005-06-30": 128, "2005-03-31": "168.00000"}, "Total Depreciation And Amortization - Cash Flow": {"2020-09-30": 341, "2020-06-30": 336, "2020-03-31": "329.00000", "2019-12-31": 330, "2019-09-30": 335, "2019-06-30": 309, "2019-03-31": "306.00000", "2018-12-31": 299, "2018-09-30": 297, "2018-06-30": 286, "2018-03-31": "290.00000", "2017-12-31": 288, "2017-09-30": 284, "2017-06-30": 268, "2017-03-31": "265.00000", "2016-12-31": 260, "2016-09-30": 249, "2016-06-30": 250, "2016-03-31": "247.00000", "2015-12-31": 238, "2015-09-30": 245, "2015-06-30": 232, "2015-03-31": "227.00000", "2014-12-31": 249, "2014-09-30": 249, "2014-06-30": 125, "2014-03-31": "365.00000", "2013-12-31": -114, "2013-09-30": 340, "2013-06-30": 335, "2013-03-31": "348.00000", "2012-12-31": 329, "2012-09-30": 334, "2012-06-30": 304, "2012-03-31": "319.00000", "2011-12-31": 338, "2011-09-30": 305, "2011-06-30": 317, "2011-03-31": "255.00000", "2010-12-31": 237, "2010-09-30": 198, "2010-06-30": 184, "2010-03-31": "161.00000", "2009-12-31": 229, "2009-09-30": 224, "2009-06-30": 204, "2009-03-31": "203.00000", "2008-12-31": 211, "2008-09-30": 225, "2008-06-30": 202, "2008-03-31": "206.00000", "2007-12-31": 219, "2007-09-30": 227, "2007-06-30": 213, "2007-03-31": "232.00000", "2006-12-31": 195, "2006-09-30": 190, "2006-06-30": 185, "2006-03-31": "185.00000", "2005-12-31": 180, "2005-09-30": 194, "2005-06-30": 173, "2005-03-31": "174.00000"}, "Other Non-Cash Items": {"2020-09-30": 135, "2020-06-30": 15, "2020-03-31": "-105.00000", "2019-12-31": 14, "2019-09-30": -77, "2019-06-30": -114, "2019-03-31": "-40.00000", "2018-12-31": -66, "2018-09-30": -75, "2018-06-30": -176, "2018-03-31": "-44.00000", "2017-12-31": 381, "2017-09-30": 117, "2017-06-30": 81, "2017-03-31": "-325.00000", "2016-12-31": -52, "2016-09-30": 293, "2016-06-30": -113, "2016-03-31": "", "2015-12-31": -107, "2015-09-30": -170, "2015-06-30": 1350, "2015-03-31": "15.00000", "2014-12-31": -168, "2014-09-30": -8, "2014-06-30": 418, "2014-03-31": "194.00000", "2013-12-31": 765, "2013-09-30": 222, "2013-06-30": 127, "2013-03-31": "-200.00000", "2012-12-31": 84, "2012-09-30": 170, "2012-06-30": -110, "2012-03-31": "-144.00000", "2011-12-31": 6, "2011-09-30": 120, "2011-06-30": -16, "2011-03-31": "-291.00000", "2010-12-31": 378, "2010-09-30": 251, "2010-06-30": 3, "2010-03-31": "43.00000", "2009-12-31": 88, "2009-09-30": 309, "2009-06-30": 117, "2009-03-31": "-99.00000", "2008-12-31": -90, "2008-09-30": -30, "2008-06-30": -13, "2008-03-31": "-98.00000", "2007-12-31": -191, "2007-09-30": -116, "2007-06-30": -108, "2007-03-31": "11.00000", "2006-12-31": -25, "2006-09-30": -6, "2006-06-30": -14, "2006-03-31": "-51.00000", "2005-12-31": -27, "2005-09-30": -57, "2005-06-30": 62, "2005-03-31": "-5.00000"}, "Total Non-Cash Items": {"2020-09-30": 476, "2020-06-30": 351, "2020-03-31": "224.00000", "2019-12-31": 344, "2019-09-30": 258, "2019-06-30": 195, "2019-03-31": "266.00000", "2018-12-31": 233, "2018-09-30": 222, "2018-06-30": 110, "2018-03-31": "246.00000", "2017-12-31": 669, "2017-09-30": 401, "2017-06-30": 349, "2017-03-31": "-60.00000", "2016-12-31": 208, "2016-09-30": 542, "2016-06-30": 137, "2016-03-31": "247.00000", "2015-12-31": 131, "2015-09-30": 75, "2015-06-30": 1582, "2015-03-31": "242.00000", "2014-12-31": 81, "2014-09-30": 241, "2014-06-30": 543, "2014-03-31": "559.00000", "2013-12-31": 651, "2013-09-30": 562, "2013-06-30": 462, "2013-03-31": "148.00000", "2012-12-31": 413, "2012-09-30": 504, "2012-06-30": 194, "2012-03-31": "175.00000", "2011-12-31": 344, "2011-09-30": 425, "2011-06-30": 301, "2011-03-31": "-36.00000", "2010-12-31": 615, "2010-09-30": 449, "2010-06-30": 187, "2010-03-31": "204.00000", "2009-12-31": 317, "2009-09-30": 533, "2009-06-30": 321, "2009-03-31": "104.00000", "2008-12-31": 121, "2008-09-30": 195, "2008-06-30": 189, "2008-03-31": "108.00000", "2007-12-31": 28, "2007-09-30": 111, "2007-06-30": 105, "2007-03-31": "243.00000", "2006-12-31": 170, "2006-09-30": 184, "2006-06-30": 171, "2006-03-31": "134.00000", "2005-12-31": 153, "2005-09-30": 137, "2005-06-30": 235, "2005-03-31": "169.00000"}, "Change In Accounts Receivable": {"2020-09-30": -50, "2020-06-30": 45, "2020-03-31": "-35.00000", "2019-12-31": -53, "2019-09-30": 35, "2019-06-30": 79, "2019-03-31": "-57.00000", "2018-12-31": -10, "2018-09-30": -8, "2018-06-30": 117, "2018-03-31": "-71.00000", "2017-12-31": -58, "2017-09-30": -1, "2017-06-30": 69, "2017-03-31": "-43.00000", "2016-12-31": 14, "2016-09-30": -45, "2016-06-30": 78, "2016-03-31": "-62.00000", "2015-12-31": 52, "2015-09-30": 69, "2015-06-30": 54, "2015-03-31": "-128.00000", "2014-12-31": -64, "2014-09-30": 36, "2014-06-30": 90, "2014-03-31": "-185.00000", "2013-12-31": -132, "2013-09-30": 110, "2013-06-30": -2, "2013-03-31": "-187.00000", "2012-12-31": -12, "2012-09-30": -2, "2012-06-30": -11, "2012-03-31": "32.00000", "2011-12-31": 45, "2011-09-30": -98, "2011-06-30": 21, "2011-03-31": "-57.00000", "2010-12-31": -13, "2010-09-30": -48, "2010-06-30": 56, "2010-03-31": "-101.00000", "2009-12-31": 145, "2009-09-30": -140, "2009-06-30": 80, "2009-03-31": "-9.00000", "2008-12-31": -9, "2008-09-30": 74, "2008-06-30": -8, "2008-03-31": "61.00000", "2007-12-31": -121, "2007-09-30": -11, "2007-06-30": -6, "2007-03-31": "-48.00000", "2006-12-31": -29, "2006-09-30": 20, "2006-06-30": 77, "2006-03-31": "-99.00000", "2005-12-31": -8, "2005-09-30": 0, "2005-06-30": 31, "2005-03-31": "-116.00000"}, "Change In Inventories": {"2020-09-30": -14, "2020-06-30": -7, "2020-03-31": "13.00000", "2019-12-31": -35, "2019-09-30": -10, "2019-06-30": -12, "2019-03-31": "31.00000", "2018-12-31": -8, "2018-09-30": -7, "2018-06-30": -11, "2018-03-31": "43.00000", "2017-12-31": 5, "2017-09-30": -7, "2017-06-30": -2, "2017-03-31": "44.00000", "2016-12-31": -11, "2016-09-30": -13, "2016-06-30": -4, "2016-03-31": "25.00000", "2015-12-31": -36, "2015-09-30": 60, "2015-06-30": -76, "2015-03-31": "76.00000", "2014-12-31": -7, "2014-09-30": 7, "2014-06-30": -96, "2014-03-31": "96.00000", "2013-12-31": 14, "2013-09-30": -43, "2013-06-30": -26, "2013-03-31": "55.00000", "2012-12-31": -18, "2012-09-30": 0, "2012-06-30": 0, "2012-03-31": "", "2011-12-31": 0, "2011-09-30": 0, "2011-06-30": 0, "2011-03-31": "", "2010-12-31": 0, "2010-09-30": 0, "2010-06-30": 0, "2010-03-31": "", "2009-12-31": 0, "2009-09-30": 45, "2009-06-30": -45, "2009-03-31": "", "2008-12-31": 0, "2008-09-30": 3, "2008-06-30": -31, "2008-03-31": "28.00000", "2007-12-31": 2, "2007-09-30": 5, "2007-06-30": -40, "2007-03-31": "58.00000", "2006-12-31": -9, "2006-09-30": 5, "2006-06-30": -7, "2006-03-31": "-20.00000", "2005-12-31": -71, "2005-09-30": 21, "2005-06-30": -30, "2005-03-31": "42.00000"}, "Change In Accounts Payable": {"2020-09-30": 63, "2020-06-30": -35, "2020-03-31": "-63.00000", "2019-12-31": 39, "2019-09-30": -14, "2019-06-30": -8, "2019-03-31": "-94.00000", "2018-12-31": 133, "2018-09-30": 35, "2018-06-30": -54, "2018-03-31": "-36.00000", "2017-12-31": 83, "2017-09-30": -1, "2017-06-30": -8, "2017-03-31": "-84.00000", "2016-12-31": 97, "2016-09-30": -1, "2016-06-30": 4, "2016-03-31": "-43.00000", "2015-12-31": 64, "2015-09-30": -97, "2015-06-30": -34, "2015-03-31": "-49.00000", "2014-12-31": 93, "2014-09-30": -7, "2014-06-30": -139, "2014-03-31": "93.00000", "2013-12-31": 267, "2013-09-30": -65, "2013-06-30": 63, "2013-03-31": "-138.00000", "2012-12-31": 146, "2012-09-30": -49, "2012-06-30": -27, "2012-03-31": "-99.00000", "2011-12-31": 128, "2011-09-30": -104, "2011-06-30": 52, "2011-03-31": "-112.00000", "2010-12-31": 142, "2010-09-30": -5, "2010-06-30": -99, "2010-03-31": "178.00000", "2009-12-31": 51, "2009-09-30": -17, "2009-06-30": -85, "2009-03-31": "-99.00000", "2008-12-31": 116, "2008-09-30": -145, "2008-06-30": 166, "2008-03-31": "-52.00000", "2007-12-31": 169, "2007-09-30": 28, "2007-06-30": -49, "2007-03-31": "-29.00000", "2006-12-31": 128, "2006-09-30": 30, "2006-06-30": -29, "2006-03-31": "-15.00000", "2005-12-31": 46, "2005-09-30": 72, "2005-06-30": 24, "2005-03-31": "-1.00000"}, "Change In Assets/Liabilities": {"2020-09-30": 51, "2020-06-30": 23, "2020-03-31": "-60.00000", "2019-12-31": -46, "2019-09-30": -63, "2019-06-30": 12, "2019-03-31": "-186.00000", "2018-12-31": -104, "2018-09-30": 71, "2018-06-30": 135, "2018-03-31": "-107.00000", "2017-12-31": -15, "2017-09-30": 58, "2017-06-30": 38, "2017-03-31": "-104.00000", "2016-12-31": -96, "2016-09-30": -31, "2016-06-30": -7, "2016-03-31": "-106.00000", "2015-12-31": 7, "2015-09-30": 144, "2015-06-30": 134, "2015-03-31": "-162.00000", "2014-12-31": -18, "2014-09-30": 51, "2014-06-30": 210, "2014-03-31": "-79.00000", "2013-12-31": -43, "2013-09-30": 260, "2013-06-30": -82, "2013-03-31": "-199.00000", "2012-12-31": -192, "2012-09-30": 200, "2012-06-30": -89, "2012-03-31": "-11.00000", "2011-12-31": -124, "2011-09-30": 198, "2011-06-30": 124, "2011-03-31": "-79.00000", "2010-12-31": -769, "2010-09-30": 412, "2010-06-30": -395, "2010-03-31": "159.00000", "2009-12-31": -19, "2009-09-30": 226, "2009-06-30": 33, "2009-03-31": "-5.00000", "2008-12-31": -95, "2008-09-30": -135, "2008-06-30": 142, "2008-03-31": "-154.00000", "2007-12-31": -181, "2007-09-30": 58, "2007-06-30": 97, "2007-03-31": "-201.00000", "2006-12-31": 33, "2006-09-30": 110, "2006-06-30": -54, "2006-03-31": "51.00000", "2005-12-31": -72, "2005-09-30": 12, "2005-06-30": -52, "2005-03-31": "-6.00000"}, "Total Change In Assets/Liabilities": {"2020-09-30": 191, "2020-06-30": -88, "2020-03-31": "-86.00000", "2019-12-31": -169, "2019-09-30": 85, "2019-06-30": -40, "2019-03-31": "-258.00000", "2018-12-31": -37, "2018-09-30": 218, "2018-06-30": 69, "2018-03-31": "-132.00000", "2017-12-31": -40, "2017-09-30": 208, "2017-06-30": 14, "2017-03-31": "-208.00000", "2016-12-31": -68, "2016-09-30": 45, "2016-06-30": -7, "2016-03-31": "-171.00000", "2015-12-31": 54, "2015-09-30": 250, "2015-06-30": -152, "2015-03-31": "-249.00000", "2014-12-31": 27, "2014-09-30": 280, "2014-06-30": -116, "2014-03-31": "51.00000", "2013-12-31": 81, "2013-09-30": 329, "2013-06-30": -160, "2013-03-31": "-347.00000", "2012-12-31": -124, "2012-09-30": 279, "2012-06-30": -251, "2012-03-31": "-12.00000", "2011-12-31": 7, "2011-09-30": 115, "2011-06-30": 60, "2011-03-31": "-183.00000", "2010-12-31": -615, "2010-09-30": 419, "2010-06-30": -533, "2010-03-31": "316.00000", "2009-12-31": 154, "2009-09-30": 114, "2009-06-30": -68, "2009-03-31": "-62.00000", "2008-12-31": 12, "2008-09-30": -209, "2008-06-30": 138, "2008-03-31": "20.00000", "2007-12-31": -131, "2007-09-30": 80, "2007-06-30": -47, "2007-03-31": "-171.00000", "2006-12-31": 123, "2006-09-30": 165, "2006-06-30": -13, "2006-03-31": "-83.00000", "2005-12-31": -185, "2005-09-30": 138, "2005-06-30": -27, "2005-03-31": "-34.00000"}, "Cash Flow From Operating Activities": {"2020-09-30": 948, "2020-06-30": 607, "2020-03-31": "692.00000", "2019-12-31": 539, "2019-09-30": 818, "2019-06-30": 596, "2019-03-31": "474.00000", "2018-12-31": 611, "2018-09-30": 885, "2018-06-30": 759, "2018-03-31": "566.00000", "2017-12-31": 707, "2017-09-30": 964, "2017-06-30": 655, "2017-03-31": "135.00000", "2016-12-31": 660, "2016-09-30": 1060, "2016-06-30": 613, "2016-03-31": "557.00000", "2015-12-31": 584, "2015-09-30": 718, "2015-06-30": 640, "2015-03-31": "673.00000", "2014-12-31": 775, "2014-09-30": 1045, "2014-06-30": 652, "2014-03-31": "931.00000", "2013-12-31": 633, "2013-09-30": 1276, "2013-06-30": 703, "2013-03-31": "244.00000", "2012-12-31": 670, "2012-09-30": 1147, "2012-06-30": 219, "2012-03-31": "728.00000", "2011-12-31": 661, "2011-09-30": 1032, "2011-06-30": 618, "2011-03-31": "196.00000", "2010-12-31": 337, "2010-09-30": 1124, "2010-06-30": -226, "2010-03-31": "798.00000", "2009-12-31": 605, "2009-09-30": 679, "2009-06-30": 258, "2009-03-31": "310.00000", "2008-12-31": 428, "2008-09-30": 228, "2008-06-30": 509, "2008-03-31": "424.00000", "2007-12-31": 319, "2007-09-30": 633, "2007-06-30": 333, "2007-03-31": "286.00000", "2006-12-31": 500, "2006-09-30": 563, "2006-06-30": 398, "2006-03-31": "297.00000", "2005-12-31": 265, "2005-09-30": 472, "2005-06-30": 344, "2005-03-31": "307.00000"}, "Net Change In Property, Plant, And Equipment": {"2020-09-30": -772, "2020-06-30": -750, "2020-03-31": "-826.00000", "2019-12-31": -886, "2019-09-30": -723, "2019-06-30": -745, "2019-03-31": "-729.00000", "2018-12-31": -894, "2018-09-30": -817, "2018-06-30": -777, "2018-03-31": "-750.00000", "2017-12-31": -981, "2017-09-30": -779, "2017-06-30": -696, "2017-03-31": "-677.00000", "2016-12-31": -847, "2016-09-30": -727, "2016-06-30": -690, "2016-03-31": "-656.00000", "2015-12-31": -973, "2015-09-30": -881, "2015-06-30": -846, "2015-03-31": "-833.00000", "2014-12-31": -1072, "2014-09-30": -924, "2014-06-30": -786, "2014-03-31": "-892.00000", "2013-12-31": -861, "2013-09-30": -971, "2013-06-30": -969, "2013-03-31": "-828.00000", "2012-12-31": -1027, "2012-09-30": -769, "2012-06-30": -627, "2012-03-31": "-682.00000", "2011-12-31": -802, "2011-09-30": -301, "2011-06-30": -575, "2011-03-31": "-428.00000", "2010-12-31": -617, "2010-09-30": -356, "2010-06-30": -341, "2010-03-31": "-283.00000", "2009-12-31": -404, "2009-09-30": -297, "2009-06-30": -254, "2009-03-31": "-270.00000", "2008-12-31": -439, "2008-09-30": -318, "2008-06-30": -346, "2008-03-31": "-315.00000", "2007-12-31": -538, "2007-09-30": -432, "2007-06-30": -346, "2007-03-31": "-341.00000", "2006-12-31": -535, "2006-09-30": -381, "2006-06-30": -280, "2006-03-31": "-198.00000", "2005-12-31": -273, "2005-09-30": -179, "2005-06-30": 0, "2005-03-31": "-169.00000"}, "Net Change In Intangible Assets": {"2020-09-30": 0, "2020-06-30": 0, "2020-03-31": "", "2019-12-31": 0, "2019-09-30": 0, "2019-06-30": 0, "2019-03-31": "", "2018-12-31": 0, "2018-09-30": 0, "2018-06-30": 0, "2018-03-31": "", "2017-12-31": 0, "2017-09-30": 0, "2017-06-30": 3, "2017-03-31": "-3.00000", "2016-12-31": 23, "2016-09-30": -9, "2016-06-30": -8, "2016-03-31": "-6.00000", "2015-12-31": -5, "2015-09-30": -8, "2015-06-30": -14, "2015-03-31": "-10.00000", "2014-12-31": -13, "2014-09-30": -12, "2014-06-30": -8, "2014-03-31": "-16.00000", "2013-12-31": 8, "2013-09-30": -21, "2013-06-30": -40, "2013-03-31": "", "2012-12-31": -71, "2012-09-30": 0, "2012-06-30": 0, "2012-03-31": "", "2011-12-31": -102, "2011-09-30": 0, "2011-06-30": 0, "2011-03-31": "", "2010-12-31": 0, "2010-09-30": 0, "2010-06-30": 0, "2010-03-31": "", "2009-12-31": 67, "2009-09-30": -19, "2009-06-30": -18, "2009-03-31": "-30.00000", "2008-12-31": -60, "2008-09-30": -16, "2008-06-30": -219, "2008-03-31": "-37.00000", "2007-12-31": -16, "2007-09-30": 62, "2007-06-30": 0, "2007-03-31": "", "2006-12-31": -33, "2006-09-30": 0, "2006-06-30": 0, "2006-03-31": "", "2005-12-31": 0, "2005-09-30": 0, "2005-06-30": 0, "2005-03-31": ""}, "Net Acquisitions/Divestitures": {"2020-09-30": 0, "2020-06-30": 0, "2020-03-31": "", "2019-12-31": 0, "2019-09-30": 0, "2019-06-30": 0, "2019-03-31": "", "2018-12-31": 0, "2018-09-30": 0, "2018-06-30": 0, "2018-03-31": "", "2017-12-31": 0, "2017-09-30": 0, "2017-06-30": 0, "2017-03-31": "", "2016-12-31": 0, "2016-09-30": 0, "2016-06-30": 0, "2016-03-31": "", "2015-12-31": 0, "2015-09-30": 0, "2015-06-30": 0, "2015-03-31": "", "2014-12-31": 0, "2014-09-30": 0, "2014-06-30": 0, "2014-03-31": "", "2013-12-31": 0, "2013-09-30": 0, "2013-06-30": 0, "2013-03-31": "", "2012-12-31": 0, "2012-09-30": 0, "2012-06-30": -84, "2012-03-31": "", "2011-12-31": 0, "2011-09-30": -381, "2011-06-30": -5763, "2011-03-31": "381.00000", "2010-12-31": -6774, "2010-09-30": 0, "2010-06-30": 0, "2010-03-31": "124.00000", "2009-12-31": 81, "2009-09-30": 0, "2009-06-30": 0, "2009-03-31": "", "2008-12-31": 303, "2008-09-30": 0, "2008-06-30": 0, "2008-03-31": "", "2007-12-31": 707, "2007-09-30": 11, "2007-06-30": 180, "2007-03-31": "", "2006-12-31": -5, "2006-09-30": 0, "2006-06-30": 115, "2006-03-31": "", "2005-12-31": 0, "2005-09-30": 0, "2005-06-30": 0, "2005-03-31": ""}, "Net Change In Short-term Investments": {"2020-09-30": -7, "2020-06-30": 9, "2020-03-31": "0.00000", "2019-12-31": 6, "2019-09-30": 2, "2019-06-30": 4, "2019-03-31": "2.00000", "2018-12-31": 3, "2018-09-30": 3, "2018-06-30": -65, "2018-03-31": "", "2017-12-31": 0, "2017-09-30": 0, "2017-06-30": 0, "2017-03-31": "", "2016-12-31": 0, "2016-09-30": 0, "2016-06-30": 0, "2016-03-31": "0.00000", "2015-12-31": 0, "2015-09-30": 0, "2015-06-30": 0, "2015-03-31": "", "2014-12-31": 7, "2014-09-30": 5, "2014-06-30": 341, "2014-03-31": "-334.00000", "2013-12-31": -11, "2013-09-30": 30, "2013-06-30": 35, "2013-03-31": "-52.00000", "2012-12-31": 34, "2012-09-30": 8, "2012-06-30": 76, "2012-03-31": "-22.00000", "2011-12-31": -92, "2011-09-30": -29, "2011-06-30": -15, "2011-03-31": "-7.00000", "2010-12-31": 7, "2010-09-30": -2, "2010-06-30": 210, "2010-03-31": "-130.00000", "2009-12-31": -102, "2009-09-30": -19, "2009-06-30": 183, "2009-03-31": "156.00000", "2008-12-31": -82, "2008-09-30": 211, "2008-06-30": -192, "2008-03-31": "-103.00000", "2007-12-31": 111, "2007-09-30": 86, "2007-06-30": -78, "2007-03-31": "15.00000", "2006-12-31": -256, "2006-09-30": -38, "2006-06-30": -66, "2006-03-31": "52.00000", "2005-12-31": -76, "2005-09-30": 27, "2005-06-30": -65, "2005-03-31": "82.00000"}, "Net Change In Long-Term Investments": {"2020-09-30": 0, "2020-06-30": 0, "2020-03-31": "", "2019-12-31": 0, "2019-09-30": 0, "2019-06-30": 0, "2019-03-31": "", "2018-12-31": 0, "2018-09-30": 0, "2018-06-30": 0, "2018-03-31": "", "2017-12-31": 0, "2017-09-30": 0, "2017-06-30": 0, "2017-03-31": "", "2016-12-31": 0, "2016-09-30": 0, "2016-06-30": 0, "2016-03-31": "", "2015-12-31": 0, "2015-09-30": 1, "2015-06-30": 150, "2015-03-31": "-15.00000", "2014-12-31": -120, "2014-09-30": 0, "2014-06-30": 5, "2014-03-31": "-5.00000", "2013-12-31": 10, "2013-09-30": -3, "2013-06-30": -3, "2013-03-31": "-4.00000", "2012-12-31": -5, "2012-09-30": -4, "2012-06-30": -18, "2012-03-31": "12.00000", "2011-12-31": -3, "2011-09-30": -3, "2011-06-30": -3, "2011-03-31": "159.00000", "2010-12-31": -4, "2010-09-30": -3, "2010-06-30": -2, "2010-03-31": "-5.00000", "2009-12-31": 147, "2009-09-30": -7, "2009-06-30": -5, "2009-03-31": "-7.00000", "2008-12-31": -7, "2008-09-30": -7, "2008-06-30": -6, "2008-03-31": "-7.00000", "2007-12-31": -51, "2007-09-30": 18, "2007-06-30": -4, "2007-03-31": "22.00000", "2006-12-31": 22, "2006-09-30": -5, "2006-06-30": -5, "2006-03-31": "-28.00000", "2005-12-31": -35, "2005-09-30": -45, "2005-06-30": -43, "2005-03-31": "2.00000"}, "Net Change In Investments - Total": {"2020-09-30": -7, "2020-06-30": 9, "2020-03-31": "", "2019-12-31": 6, "2019-09-30": 2, "2019-06-30": 4, "2019-03-31": "2.00000", "2018-12-31": 3, "2018-09-30": 3, "2018-06-30": -65, "2018-03-31": "", "2017-12-31": 0, "2017-09-30": 0, "2017-06-30": 0, "2017-03-31": "", "2016-12-31": 0, "2016-09-30": 0, "2016-06-30": 0, "2016-03-31": "", "2015-12-31": 0, "2015-09-30": 1, "2015-06-30": 150, "2015-03-31": "-15.00000", "2014-12-31": -113, "2014-09-30": 5, "2014-06-30": 346, "2014-03-31": "-339.00000", "2013-12-31": -1, "2013-09-30": 27, "2013-06-30": 32, "2013-03-31": "-56.00000", "2012-12-31": 29, "2012-09-30": 4, "2012-06-30": 58, "2012-03-31": "-10.00000", "2011-12-31": -95, "2011-09-30": -32, "2011-06-30": -18, "2011-03-31": "152.00000", "2010-12-31": 3, "2010-09-30": -5, "2010-06-30": 208, "2010-03-31": "-135.00000", "2009-12-31": 45, "2009-09-30": -26, "2009-06-30": 178, "2009-03-31": "149.00000", "2008-12-31": -89, "2008-09-30": 204, "2008-06-30": -198, "2008-03-31": "-110.00000", "2007-12-31": 60, "2007-09-30": 104, "2007-06-30": -82, "2007-03-31": "37.00000", "2006-12-31": -234, "2006-09-30": -43, "2006-06-30": -71, "2006-03-31": "24.00000", "2005-12-31": -111, "2005-09-30": -18, "2005-06-30": -108, "2005-03-31": "84.00000"}, "Investing Activities - Other": {"2020-09-30": -6, "2020-06-30": 1, "2020-03-31": "-7.00000", "2019-12-31": -6, "2019-09-30": 6, "2019-06-30": -16, "2019-03-31": "5.00000", "2018-12-31": -4, "2018-09-30": -3, "2018-06-30": -54, "2018-03-31": "-3.00000", "2017-12-31": -12, "2017-09-30": -4, "2017-06-30": -13, "2017-03-31": "1.00000", "2016-12-31": -36, "2016-09-30": 17, "2016-06-30": 12, "2016-03-31": "1.00000", "2015-12-31": 2, "2015-09-30": 0, "2015-06-30": -24, "2015-03-31": "-132.00000", "2014-12-31": 843, "2014-09-30": 60, "2014-06-30": -472, "2014-03-31": "64.00000", "2013-12-31": -653, "2013-09-30": 11, "2013-06-30": 42, "2013-03-31": "-15.00000", "2012-12-31": 62, "2012-09-30": 2, "2012-06-30": 11, "2012-03-31": "-19.00000", "2011-12-31": 86, "2011-09-30": -26, "2011-06-30": -41, "2011-03-31": "-7.00000", "2010-12-31": -1, "2010-09-30": -21, "2010-06-30": -15, "2010-03-31": "-16.00000", "2009-12-31": -78, "2009-09-30": -9, "2009-06-30": 4, "2009-03-31": "1.00000", "2008-12-31": 8, "2008-09-30": -4, "2008-06-30": 9, "2008-03-31": "", "2007-12-31": -30, "2007-09-30": 0, "2007-06-30": 5, "2007-03-31": "5.00000", "2006-12-31": 8, "2006-09-30": 3, "2006-06-30": -2, "2006-03-31": "15.00000", "2005-12-31": 4, "2005-09-30": -2, "2005-06-30": 1, "2005-03-31": "-8.00000"}, "Cash Flow From Investing Activities": {"2020-09-30": -785, "2020-06-30": -740, "2020-03-31": "-833.00000", "2019-12-31": -886, "2019-09-30": -715, "2019-06-30": -757, "2019-03-31": "-722.00000", "2018-12-31": -895, "2018-09-30": -817, "2018-06-30": -896, "2018-03-31": "-753.00000", "2017-12-31": -993, "2017-09-30": -783, "2017-06-30": -706, "2017-03-31": "-679.00000", "2016-12-31": -860, "2016-09-30": -719, "2016-06-30": -686, "2016-03-31": "-661.00000", "2015-12-31": -976, "2015-09-30": -888, "2015-06-30": -734, "2015-03-31": "-990.00000", "2014-12-31": -355, "2014-09-30": -871, "2014-06-30": -920, "2014-03-31": "-1183.00000", "2013-12-31": -1507, "2013-09-30": -954, "2013-06-30": -935, "2013-03-31": "-899.00000", "2012-12-31": -1007, "2012-09-30": -763, "2012-06-30": -642, "2012-03-31": "-711.00000", "2011-12-31": -913, "2011-09-30": -740, "2011-06-30": -6397, "2011-03-31": "98.00000", "2010-12-31": -7389, "2010-09-30": -382, "2010-06-30": -148, "2010-03-31": "-310.00000", "2009-12-31": -289, "2009-09-30": -351, "2009-06-30": -90, "2009-03-31": "-150.00000", "2008-12-31": -277, "2008-09-30": -134, "2008-06-30": -754, "2008-03-31": "-462.00000", "2007-12-31": 183, "2007-09-30": -255, "2007-06-30": -243, "2007-03-31": "-299.00000", "2006-12-31": -799, "2006-09-30": -421, "2006-06-30": -238, "2006-03-31": "-159.00000", "2005-12-31": -380, "2005-09-30": -199, "2005-06-30": -107, "2005-03-31": "-93.00000"}, "Net Long-Term Debt": {"2020-09-30": -975, "2020-06-30": 1698, "2020-03-31": "200.00000", "2019-12-31": -100, "2019-09-30": 696, "2019-06-30": 569, "2019-03-31": "", "2018-12-31": 457, "2018-09-30": -9, "2018-06-30": 190, "2018-03-31": "144.00000", "2017-12-31": 319, "2017-09-30": 494, "2017-06-30": 470, "2017-03-31": "64.00000", "2016-12-31": 76, "2016-09-30": 0, "2016-06-30": 336, "2016-03-31": "", "2015-12-31": 99, "2015-09-30": 1049, "2015-06-30": 88, "2015-03-31": "", "2014-12-31": 0, "2014-09-30": 2, "2014-06-30": 296, "2014-03-31": "-239.00000", "2013-12-31": 1485, "2013-09-30": 112, "2013-06-30": -1, "2013-03-31": "442.00000", "2012-12-31": 396, "2012-09-30": 144, "2012-06-30": 575, "2012-03-31": "", "2011-12-31": -2, "2011-09-30": 187, "2011-06-30": 4350, "2011-03-31": "", "2010-12-31": 2872, "2010-09-30": 3, "2010-06-30": 1150, "2010-03-31": "597.00000", "2009-12-31": -100, "2009-09-30": -486, "2009-06-30": 289, "2009-03-31": "-421.00000", "2008-12-31": 267, "2008-09-30": 218, "2008-06-30": -126, "2008-03-31": "308.00000", "2007-12-31": -182, "2007-09-30": 14, "2007-06-30": -367, "2007-03-31": "304.00000", "2006-12-31": 407, "2006-09-30": 306, "2006-06-30": -38, "2006-03-31": "-225.00000", "2005-12-31": 429, "2005-09-30": -270, "2005-06-30": -403, "2005-03-31": "-280.00000"}, "Net Current Debt": {"2020-09-30": 525, "2020-06-30": -964, "2020-03-31": "345.00000", "2019-12-31": -244, "2019-09-30": -240, "2019-06-30": -218, "2019-03-31": "424.00000", "2018-12-31": -118, "2018-09-30": -307, "2018-06-30": 419, "2018-03-31": "369.00000", "2017-12-31": -154, "2017-09-30": -285, "2017-06-30": -190, "2017-03-31": "744.00000", "2016-12-31": 297, "2016-09-30": -202, "2016-06-30": -417, "2016-03-31": "351.00000", "2015-12-31": 365, "2015-09-30": -547, "2015-06-30": 113, "2015-03-31": "163.00000", "2014-12-31": 339, "2014-09-30": 25, "2014-06-30": -1095, "2014-03-31": "878.00000", "2013-12-31": 553, "2013-09-30": -711, "2013-06-30": 147, "2013-03-31": "416.00000", "2012-12-31": 125, "2012-09-30": -362, "2012-06-30": 218, "2012-03-31": "93.00000", "2011-12-31": 197, "2011-09-30": -1, "2011-06-30": -508, "2011-03-31": "187.00000", "2010-12-31": 513, "2010-09-30": -285, "2010-06-30": -122, "2010-03-31": "-36.00000", "2009-12-31": 18, "2009-09-30": 7, "2009-06-30": 13, "2009-03-31": "-90.00000", "2008-12-31": 479, "2008-09-30": -291, "2008-06-30": 450, "2008-03-31": "-50.00000", "2007-12-31": -89, "2007-09-30": 89, "2007-06-30": 32, "2007-03-31": "29.00000", "2006-12-31": -1, "2006-09-30": -1, "2006-06-30": -135, "2006-03-31": "-36.00000", "2005-12-31": 104, "2005-09-30": -48, "2005-06-30": -137, "2005-03-31": "265.00000"}, "Debt Issuance/Retirement Net - Total": {"2020-09-30": -450, "2020-06-30": 734, "2020-03-31": "545.00000", "2019-12-31": -344, "2019-09-30": 456, "2019-06-30": 351, "2019-03-31": "424.00000", "2018-12-31": 339, "2018-09-30": -316, "2018-06-30": 609, "2018-03-31": "513.00000", "2017-12-31": 165, "2017-09-30": 209, "2017-06-30": 280, "2017-03-31": "808.00000", "2016-12-31": 373, "2016-09-30": -202, "2016-06-30": -81, "2016-03-31": "351.00000", "2015-12-31": 464, "2015-09-30": 502, "2015-06-30": 201, "2015-03-31": "163.00000", "2014-12-31": 339, "2014-09-30": 27, "2014-06-30": -799, "2014-03-31": "639.00000", "2013-12-31": 2038, "2013-09-30": -599, "2013-06-30": 146, "2013-03-31": "858.00000", "2012-12-31": 521, "2012-09-30": -218, "2012-06-30": 793, "2012-03-31": "93.00000", "2011-12-31": 195, "2011-09-30": 186, "2011-06-30": 3842, "2011-03-31": "187.00000", "2010-12-31": 3385, "2010-09-30": -282, "2010-06-30": 1028, "2010-03-31": "561.00000", "2009-12-31": -82, "2009-09-30": -479, "2009-06-30": 302, "2009-03-31": "-511.00000", "2008-12-31": 746, "2008-09-30": -73, "2008-06-30": 324, "2008-03-31": "258.00000", "2007-12-31": -271, "2007-09-30": 103, "2007-06-30": -335, "2007-03-31": "333.00000", "2006-12-31": 406, "2006-09-30": 305, "2006-06-30": -173, "2006-03-31": "-261.00000", "2005-12-31": 533, "2005-09-30": -318, "2005-06-30": -540, "2005-03-31": "-15.00000"}, "Net Common Equity Issued/Repurchased": {"2020-09-30": -1, "2020-06-30": 13, "2020-03-31": "20.00000", "2019-12-31": 1118, "2019-09-30": 14, "2019-06-30": 13, "2019-03-31": "22.00000", "2018-12-31": 20, "2018-09-30": 531, "2018-06-30": 47, "2018-03-31": "100.00000", "2017-12-31": 178, "2017-09-30": 98, "2017-06-30": 104, "2017-03-31": "73.00000", "2016-12-31": 11, "2016-09-30": 57, "2016-06-30": 34, "2016-03-31": "42.00000", "2015-12-31": 58, "2015-09-30": 62, "2015-06-30": 48, "2015-03-31": "35.00000", "2014-12-31": 37, "2014-09-30": 20, "2014-06-30": 1002, "2014-03-31": "15.00000", "2013-12-31": 2, "2013-09-30": 1104, "2013-06-30": 231, "2013-03-31": "", "2012-12-31": 18, "2012-09-30": 19, "2012-06-30": 19, "2012-03-31": "16.00000", "2011-12-31": 16, "2011-09-30": 15, "2011-06-30": 2250, "2011-03-31": "16.00000", "2010-12-31": 16, "2010-09-30": 15, "2010-06-30": 2396, "2010-03-31": "14.00000", "2009-12-31": 15, "2009-09-30": 15, "2009-06-30": 14, "2009-03-31": "16.00000", "2008-12-31": 0, "2008-09-30": 2, "2008-06-30": 13, "2008-03-31": "-34.00000", "2007-12-31": -140, "2007-09-30": -485, "2007-06-30": -60, "2007-03-31": "5.00000", "2006-12-31": 8, "2006-09-30": 6, "2006-06-30": 5, "2006-03-31": "2.00000", "2005-12-31": 1, "2005-09-30": 3, "2005-06-30": 9, "2005-03-31": "24.00000"}, "Net Total Equity Issued/Repurchased": {"2020-09-30": -1, "2020-06-30": 13, "2020-03-31": "20.00000", "2019-12-31": 1118, "2019-09-30": 14, "2019-06-30": 13, "2019-03-31": "22.00000", "2018-12-31": 20, "2018-09-30": 531, "2018-06-30": 47, "2018-03-31": "100.00000", "2017-12-31": 178, "2017-09-30": 98, "2017-06-30": 104, "2017-03-31": "73.00000", "2016-12-31": 11, "2016-09-30": 57, "2016-06-30": 34, "2016-03-31": "42.00000", "2015-12-31": 58, "2015-09-30": 62, "2015-06-30": 48, "2015-03-31": "35.00000", "2014-12-31": 37, "2014-09-30": 20, "2014-06-30": 1002, "2014-03-31": "15.00000", "2013-12-31": 2, "2013-09-30": 1104, "2013-06-30": 231, "2013-03-31": "", "2012-12-31": 18, "2012-09-30": 19, "2012-06-30": -231, "2012-03-31": "16.00000", "2011-12-31": 16, "2011-09-30": 15, "2011-06-30": 2250, "2011-03-31": "16.00000", "2010-12-31": 16, "2010-09-30": 15, "2010-06-30": 2342, "2010-03-31": "14.00000", "2009-12-31": 15, "2009-09-30": 15, "2009-06-30": 14, "2009-03-31": "16.00000", "2008-12-31": 0, "2008-09-30": 2, "2008-06-30": 13, "2008-03-31": "-34.00000", "2007-12-31": -140, "2007-09-30": -485, "2007-06-30": -60, "2007-03-31": "5.00000", "2006-12-31": 8, "2006-09-30": 6, "2006-06-30": 250, "2006-03-31": "2.00000", "2005-12-31": 1, "2005-09-30": 3, "2005-06-30": 9, "2005-03-31": "24.00000"}, "Total Common And Preferred Stock Dividends Paid": {"2020-09-30": -320, "2020-06-30": -319, "2020-03-31": "-317.00000", "2019-12-31": -299, "2019-09-30": -299, "2019-06-30": -298, "2019-03-31": "-296.00000", "2018-12-31": -287, "2018-09-30": -288, "2018-06-30": -285, "2018-03-31": "-273.00000", "2017-12-31": -272, "2017-09-30": -271, "2017-06-30": -271, "2017-03-31": "-258.00000", "2016-12-31": -258, "2016-09-30": -259, "2016-06-30": -258, "2016-03-31": "-255.00000", "2015-12-31": -254, "2015-09-30": -250, "2015-06-30": -250, "2015-03-31": "-250.00000", "2014-12-31": -249, "2014-09-30": -248, "2014-06-30": -236, "2014-03-31": "-234.00000", "2013-12-31": -233, "2013-09-30": -219, "2013-06-30": -216, "2013-03-31": "-210.00000", "2012-12-31": -210, "2012-09-30": -210, "2012-06-30": -210, "2012-03-31": "-203.00000", "2011-12-31": -203, "2011-09-30": -203, "2011-06-30": -170, "2011-03-31": "-170.00000", "2010-12-31": -169, "2010-09-30": -134, "2010-06-30": -132, "2010-03-31": "-131.00000", "2009-12-31": -131, "2009-09-30": -130, "2009-06-30": -130, "2009-03-31": "-126.00000", "2008-12-31": -126, "2008-09-30": -126, "2008-06-30": -126, "2008-03-31": "-113.00000", "2007-12-31": -116, "2007-09-30": -118, "2007-06-30": -120, "2007-03-31": "-105.00000", "2006-12-31": -107, "2006-09-30": -104, "2006-06-30": -105, "2006-03-31": "-95.00000", "2005-12-31": -95, "2005-09-30": -87, "2005-06-30": -88, "2005-03-31": "-77.00000"}, "Financial Activities - Other": {"2020-09-30": 59, "2020-06-30": 77, "2020-03-31": "-8.00000", "2019-12-31": -2, "2019-09-30": -6, "2019-06-30": -10, "2019-03-31": "-8.00000", "2018-12-31": 0, "2018-09-30": -4, "2018-06-30": -7, "2018-03-31": "-9.00000", "2017-12-31": 15, "2017-09-30": -9, "2017-06-30": -9, "2017-03-31": "-16.00000", "2016-12-31": -7, "2016-09-30": -2, "2016-06-30": 38, "2016-03-31": "-23.00000", "2015-12-31": -17, "2015-09-30": -12, "2015-06-30": -387, "2015-03-31": "-45.00000", "2014-12-31": 37, "2014-09-30": -51, "2014-06-30": 312, "2014-03-31": "-28.00000", "2013-12-31": -1142, "2013-09-30": -30, "2013-06-30": -72, "2013-03-31": "-27.00000", "2012-12-31": -41, "2012-09-30": -22, "2012-06-30": -37, "2012-03-31": "-30.00000", "2011-12-31": -45, "2011-09-30": -41, "2011-06-30": -88, "2011-03-31": "-20.00000", "2010-12-31": -111, "2010-09-30": -8, "2010-06-30": -73, "2010-03-31": "-14.00000", "2009-12-31": -13, "2009-09-30": -11, "2009-06-30": -12, "2009-03-31": "-8.00000", "2008-12-31": -15, "2008-09-30": -10, "2008-06-30": 4, "2008-03-31": "-3.00000", "2007-12-31": 0, "2007-09-30": -8, "2007-06-30": 3, "2007-03-31": "-12.00000", "2006-12-31": -16, "2006-09-30": -17, "2006-06-30": -3, "2006-03-31": "-1.00000", "2005-12-31": -6, "2005-09-30": -3, "2005-06-30": -7, "2005-03-31": "-10.00000"}, "Cash Flow From Financial Activities": {"2020-09-30": -712, "2020-06-30": 505, "2020-03-31": "240.00000", "2019-12-31": 473, "2019-09-30": 165, "2019-06-30": 56, "2019-03-31": "142.00000", "2018-12-31": 72, "2018-09-30": -77, "2018-06-30": 364, "2018-03-31": "331.00000", "2017-12-31": 86, "2017-09-30": 27, "2017-06-30": 104, "2017-03-31": "607.00000", "2016-12-31": 119, "2016-09-30": -406, "2016-06-30": -267, "2016-03-31": "115.00000", "2015-12-31": 251, "2015-09-30": 302, "2015-06-30": -388, "2015-03-31": "-97.00000", "2014-12-31": 164, "2014-09-30": -252, "2014-06-30": 279, "2014-03-31": "392.00000", "2013-12-31": 665, "2013-09-30": 256, "2013-06-30": 89, "2013-03-31": "621.00000", "2012-12-31": 288, "2012-09-30": -431, "2012-06-30": 315, "2012-03-31": "-124.00000", "2011-12-31": -37, "2011-09-30": -43, "2011-06-30": 5834, "2011-03-31": "13.00000", "2010-12-31": 3121, "2010-09-30": -409, "2010-06-30": 3165, "2010-03-31": "430.00000", "2009-12-31": -211, "2009-09-30": -605, "2009-06-30": 174, "2009-03-31": "-629.00000", "2008-12-31": 605, "2008-09-30": -207, "2008-06-30": 215, "2008-03-31": "108.00000", "2007-12-31": -527, "2007-09-30": -508, "2007-06-30": -512, "2007-03-31": "221.00000", "2006-12-31": 291, "2006-09-30": 190, "2006-06-30": -31, "2006-03-31": "-355.00000", "2005-12-31": 433, "2005-09-30": -405, "2005-06-30": -626, "2005-03-31": "-78.00000"}, "Net Cash Flow": {"2020-09-30": -532, "2020-06-30": 365, "2020-03-31": "100.00000", "2019-12-31": 146, "2019-09-30": 262, "2019-06-30": -112, "2019-03-31": "-103.00000", "2018-12-31": -221, "2018-09-30": -11, "2018-06-30": 222, "2018-03-31": "142.00000", "2017-12-31": -192, "2017-09-30": 208, "2017-06-30": 57, "2017-03-31": "66.00000", "2016-12-31": -83, "2016-09-30": -76, "2016-06-30": -322, "2016-03-31": "-22.00000", "2015-12-31": -145, "2015-09-30": 135, "2015-06-30": -268, "2015-03-31": "-285.00000", "2014-12-31": 405, "2014-09-30": -11, "2014-06-30": -12, "2014-03-31": "154.00000", "2013-12-31": -15, "2013-09-30": 580, "2013-06-30": -142, "2013-03-31": "-48.00000", "2012-12-31": -45, "2012-09-30": -35, "2012-06-30": -122, "2012-03-31": "-99.00000", "2011-12-31": -309, "2011-09-30": 242, "2011-06-30": 24, "2011-03-31": "320.00000", "2010-12-31": -3928, "2010-09-30": 348, "2010-06-30": 2781, "2010-03-31": "923.00000", "2009-12-31": 105, "2009-09-30": -277, "2009-06-30": 342, "2009-03-31": "-469.00000", "2008-12-31": 751, "2008-09-30": -117, "2008-06-30": -29, "2008-03-31": "65.00000", "2007-12-31": -9, "2007-09-30": -128, "2007-06-30": -398, "2007-03-31": "171.00000", "2006-12-31": -6, "2006-09-30": 332, "2006-06-30": 130, "2006-03-31": "-217.00000", "2005-12-31": 320, "2005-09-30": -131, "2005-06-30": -388, "2005-03-31": "138.00000"}, "Stock-Based Compensation": {"2020-09-30": 5, "2020-06-30": 6, "2020-03-31": "6.00000", "2019-12-31": 12, "2019-09-30": 5, "2019-06-30": 5, "2019-03-31": "14.00000", "2018-12-31": 5, "2018-09-30": 5, "2018-06-30": 1, "2018-03-31": "15.00000", "2017-12-31": 8, "2017-09-30": 8, "2017-06-30": 3, "2017-03-31": "19.00000", "2016-12-31": 5, "2016-09-30": 5, "2016-06-30": 5, "2016-03-31": "13.00000", "2015-12-31": 5, "2015-09-30": -12, "2015-06-30": 24, "2015-03-31": "14.00000", "2014-12-31": -24, "2014-09-30": 4, "2014-06-30": -8, "2014-03-31": "28.00000", "2013-12-31": -45, "2013-09-30": -46, "2013-06-30": 91, "2013-03-31": "", "2012-12-31": 49, "2012-09-30": 0, "2012-06-30": 0, "2012-03-31": "", "2011-12-31": 0, "2011-09-30": 0, "2011-06-30": 0, "2011-03-31": "", "2010-12-31": 0, "2010-09-30": 0, "2010-06-30": 0, "2010-03-31": "", "2009-12-31": 0, "2009-09-30": 0, "2009-06-30": 0, "2009-03-31": "", "2008-12-31": 0, "2008-09-30": 0, "2008-06-30": 0, "2008-03-31": "", "2007-12-31": 0, "2007-09-30": 0, "2007-06-30": 0, "2007-03-31": "", "2006-12-31": 0, "2006-09-30": 0, "2006-06-30": 0, "2006-03-31": "", "2005-12-31": -30, "2005-09-30": 3, "2005-06-30": 5, "2005-03-31": "22.00000"}, "Common Stock Dividends Paid": {"2020-09-30": -320, "2020-06-30": -319, "2020-03-31": "-317.00000", "2019-12-31": -299, "2019-09-30": -299, "2019-06-30": -298, "2019-03-31": "-296.00000", "2018-12-31": -287, "2018-09-30": -288, "2018-06-30": -285, "2018-03-31": "-273.00000", "2017-12-31": -272, "2017-09-30": -271, "2017-06-30": -271, "2017-03-31": "-258.00000", "2016-12-31": -258, "2016-09-30": -259, "2016-06-30": -258, "2016-03-31": "-255.00000", "2015-12-31": -254, "2015-09-30": -250, "2015-06-30": -250, "2015-03-31": "-250.00000", "2014-12-31": -249, "2014-09-30": -248, "2014-06-30": -236, "2014-03-31": "-234.00000", "2013-12-31": -233, "2013-09-30": -219, "2013-06-30": -216, "2013-03-31": "-210.00000", "2012-12-31": -210, "2012-09-30": -210, "2012-06-30": -210, "2012-03-31": "-203.00000", "2011-12-31": -203, "2011-09-30": -203, "2011-06-30": -170, "2011-03-31": "-170.00000", "2010-12-31": -169, "2010-09-30": -134, "2010-06-30": -132, "2010-03-31": "-131.00000", "2009-12-31": -131, "2009-09-30": -130, "2009-06-30": -130, "2009-03-31": "-126.00000", "2008-12-31": -126, "2008-09-30": -126, "2008-06-30": -126, "2008-03-31": "-113.00000", "2007-12-31": -116, "2007-09-30": -118, "2007-06-30": -120, "2007-03-31": "-105.00000", "2006-12-31": -107, "2006-09-30": -104, "2006-06-30": -105, "2006-03-31": "-95.00000", "2005-12-31": -95, "2005-09-30": -87, "2005-06-30": -88, "2005-03-31": "-77.00000"}}, "financial ratios": {"Current Ratio": {"2019-12-31": "0.56470", "2018-12-31": "0.53300", "2017-12-31": "0.57020", "2016-12-31": "0.53870", "2015-12-31": "0.68270", "2014-12-31": "0.81010", "2013-12-31": "1.04910", "2012-12-31": "0.90100", "2011-12-31": "1.22280", "2010-12-31": "1.18680", "2009-12-31": "1.13630", "2008-12-31": "1.01360", "2007-12-31": "1.09920", "2006-12-31": "1.08420", "2005-12-31": "0.86640"}, "Long-term Debt / Capital": {"2019-12-31": "0.61460", "2018-12-31": "0.63260", "2017-12-31": "0.64840", "2016-12-31": "0.64270", "2015-12-31": "0.65170", "2014-12-31": "0.55580", "2013-12-31": "0.62290", "2012-12-31": "0.64080", "2011-12-31": "0.61850", "2010-12-31": "0.58920", "2009-12-31": "0.55120", "2008-12-31": "0.58450", "2007-12-31": "0.55360", "2006-12-31": "0.56780", "2005-12-31": "0.57770"}, "Debt/Equity Ratio": {"2019-12-31": "1.77380", "2018-12-31": "1.88980", "2017-12-31": "1.97700", "2016-12-31": "1.94450", "2015-12-31": "2.01270", "2014-12-31": "1.38610", "2013-12-31": "1.73340", "2012-12-31": "1.91730", "2011-12-31": "1.67370", "2010-12-31": "1.57550", "2009-12-31": "1.33830", "2008-12-31": "1.67760", "2007-12-31": "1.37870", "2006-12-31": "1.53790", "2005-12-31": "1.67130"}, "Gross Margin": {"2019-12-31": "81.56780", "2018-12-31": "80.16700", "2017-12-31": "80.60960", "2016-12-31": "80.08510", "2015-12-31": "77.59810", "2014-12-31": "75.94240", "2013-12-31": "75.89150", "2012-12-31": "63.79820", "2011-12-31": "59.18190", "2010-12-31": "56.31970", "2009-12-31": "50.32890", "2008-12-31": "58.83930", "2007-12-31": "74.83750", "2006-12-31": "71.68490", "2005-12-31": "74.30950"}, "Operating Margin": {"2019-12-31": "36.55550", "2018-12-31": "36.63460", "2017-12-31": "38.95530", "2016-12-31": "39.05810", "2015-12-31": "36.91490", "2014-12-31": "36.51300", "2013-12-31": "35.26090", "2012-12-31": "24.94230", "2011-12-31": "24.34640", "2010-12-31": "21.89880", "2009-12-31": "12.02850", "2008-12-31": "21.67490", "2007-12-31": "25.67320", "2006-12-31": "24.61260", "2005-12-31": "22.98250"}, "EBIT Margin": {"2019-12-31": "36.55550", "2018-12-31": "36.63460", "2017-12-31": "38.95530", "2016-12-31": "39.05810", "2015-12-31": "36.91490", "2014-12-31": "36.51300", "2013-12-31": "35.26090", "2012-12-31": "24.94230", "2011-12-31": "24.34640", "2010-12-31": "21.89880", "2009-12-31": "12.02850", "2008-12-31": "21.67490", "2007-12-31": "25.67320", "2006-12-31": "24.61260", "2005-12-31": "22.98250"}, "EBITDA Margin": {"2019-12-31": "53.03130", "2018-12-31": "51.68920", "2017-12-31": "53.79350", "2016-12-31": "52.44110", "2015-12-31": "49.19810", "2014-12-31": "49.09580", "2013-12-31": "47.77640", "2012-12-31": "35.54240", "2011-12-31": "33.88550", "2010-12-31": "31.05270", "2009-12-31": "23.57360", "2008-12-31": "32.41700", "2007-12-31": "39.46150", "2006-12-31": "36.92710", "2005-12-31": "35.99930"}, "Pre-Tax Profit Margin": {"2019-12-31": "27.73850", "2018-12-31": "29.35130", "2017-12-31": "25.67480", "2016-12-31": "33.92310", "2015-12-31": "26.96570", "2014-12-31": "27.11410", "2013-12-31": "23.79180", "2012-12-31": "16.55950", "2011-12-31": "17.28040", "2010-12-31": "14.54060", "2009-12-31": "7.22240", "2008-12-31": "16.20210", "2007-12-31": "19.82360", "2006-12-31": "18.33310", "2005-12-31": "14.89440"}, "Net Profit Margin": {"2019-12-31": "22.47390", "2018-12-31": "23.46820", "2017-12-31": "15.14700", "2016-12-31": "25.30270", "2015-12-31": "8.89290", "2014-12-31": "22.00710", "2013-12-31": "15.47570", "2012-12-31": "12.46290", "2011-12-31": "11.73750", "2010-12-31": "10.96120", "2009-12-31": "5.46380", "2008-12-31": "11.83660", "2007-12-31": "19.93190", "2006-12-31": "14.10860", "2005-12-31": "12.24050"}, "Asset Turnover": {"2019-12-31": "0.17010", "2018-12-31": "0.17940", "2017-12-31": "0.17950", "2016-12-31": "0.19620", "2015-12-31": "0.19510", "2014-12-31": "0.16150", "2013-12-31": "0.15700", "2012-12-31": "0.27800", "2011-12-31": "0.29870", "2010-12-31": "0.25950", "2009-12-31": "0.33610", "2008-12-31": "0.36710", "2007-12-31": "0.32360", "2006-12-31": "0.31050", "2005-12-31": "0.30900"}, "Inventory Turnover Ratio": {"2019-12-31": "4.31330", "2018-12-31": "5.09570", "2017-12-31": "4.51250", "2016-12-31": "4.20510", "2015-12-31": "4.81230", "2014-12-31": "4.95800", "2013-12-31": "2.49430", "2012-12-31": "6.52600", "2011-12-31": "7.94950", "2010-12-31": "5.78850", "2009-12-31": "10.36420", "2008-12-31": "9.59640", "2007-12-31": "5.14560", "2006-12-31": "4.59260", "2005-12-31": "4.11270"}, "Receiveable Turnover": {"2019-12-31": "9.80930", "2018-12-31": "10.11040", "2017-12-31": "9.53520", "2016-12-31": "10.55760", "2015-12-31": "10.47680", "2014-12-31": "9.71780", "2013-12-31": "7.12060", "2012-12-31": "14.72330", "2011-12-31": "15.47630", "2010-12-31": "11.48380", "2009-12-31": "15.91670", "2008-12-31": "14.74110", "2007-12-31": "9.77610", "2006-12-31": "10.37390", "2005-12-31": "10.18200"}, "Days Sales In Receivables": {"2019-12-31": "37.20940", "2018-12-31": "36.10150", "2017-12-31": "38.27920", "2016-12-31": "34.57230", "2015-12-31": "34.83900", "2014-12-31": "37.55990", "2013-12-31": "51.25980", "2012-12-31": "24.79060", "2011-12-31": "23.58440", "2010-12-31": "31.78380", "2009-12-31": "22.93190", "2008-12-31": "24.76070", "2007-12-31": "37.33600", "2006-12-31": "35.18430", "2005-12-31": "35.84760"}, "ROE - Return On Equity": {"2019-12-31": "13.44010", "2018-12-31": "15.67300", "2017-12-31": "10.48230", "2016-12-31": "19.21410", "2015-12-31": "16.16090", "2014-12-31": "10.54450", "2013-12-31": "10.97390", "2012-12-31": "14.20270", "2011-12-31": "13.60850", "2010-12-31": "11.51220", "2009-12-31": "7.44630", "2008-12-31": "17.27400", "2007-12-31": "18.39450", "2006-12-31": "16.38030", "2005-12-31": "15.68580"}, "Return On Tangible Equity": {"2019-12-31": "19.29070", "2018-12-31": "23.48630", "2017-12-31": "16.57360", "2016-12-31": "30.98220", "2015-12-31": "28.17220", "2014-12-31": "15.46330", "2013-12-31": "18.75510", "2012-12-31": "27.53460", "2011-12-31": "25.51970", "2010-12-31": "16.97100", "2009-12-31": "9.85430", "2008-12-31": "23.85100", "2007-12-31": "24.16080", "2006-12-31": "23.29910", "2005-12-31": "23.63570"}, "ROA - Return On Assets": {"2019-12-31": "3.82220", "2018-12-31": "4.21010", "2017-12-31": "2.71940", "2016-12-31": "4.96410", "2015-12-31": "4.07880", "2014-12-31": "2.95640", "2013-12-31": "2.95730", "2012-12-31": "3.41710", "2011-12-31": "3.54060", "2010-12-31": "2.97230", "2009-12-31": "1.95350", "2008-12-31": "4.09720", "2007-12-31": "5.11720", "2006-12-31": "4.24870", "2005-12-31": "3.86590"}, "ROI - Return On Investment": {"2019-12-31": "5.17920", "2018-12-31": "5.75870", "2017-12-31": "3.68530", "2016-12-31": "6.86470", "2015-12-31": "5.62810", "2014-12-31": "4.68350", "2013-12-31": "4.13820", "2012-12-31": "5.10210", "2011-12-31": "5.19100", "2010-12-31": "4.72890", "2009-12-31": "3.34160", "2008-12-31": "7.17730", "2007-12-31": "8.21150", "2006-12-31": "7.08020", "2005-12-31": "6.62400"}, "Book Value Per Share": {"2019-12-31": "16.93230", "2018-12-31": "16.18300", "2017-12-31": "15.51920", "2016-12-31": "14.56310", "2015-12-31": "14.71970", "2014-12-31": "20.46710", "2013-12-31": "19.77720", "2012-12-31": "18.03950", "2011-12-31": "19.18380", "2010-12-31": "17.53860", "2009-12-31": "15.41690", "2008-12-31": "13.55380", "2007-12-31": "14.89540", "2006-12-31": "13.30390", "2005-12-31": "11.62630"}, "Operating Cash Flow Per Share": {"2019-12-31": -0.6868, "2018-12-31": 0.4005, "2017-12-31": -0.6667, "2016-12-31": 0.3592, "2015-12-31": -1.2218, "2014-12-31": 0.8026, "2013-12-31": -0.445, "2012-12-31": 0.2019, "2011-12-31": -0.1604, "2010-12-31": -0.2095, "2009-12-31": 0.6817, "2008-12-31": 0.1419, "2007-12-31": -0.4487, "2006-12-31": 0.9282, "2005-12-31": 3.6171}, "Free Cash Flow Per Share": {"2019-12-31": -0.3019, "2018-12-31": 0.3892, "2017-12-31": -0.9336, "2016-12-31": 1.3208, "2015-12-31": -0.958, "2014-12-31": 0.7589, "2013-12-31": -0.5795, "2012-12-31": -1.3141, "2011-12-31": -0.2825, "2010-12-31": -0.6555, "2009-12-31": 1.2097, "2008-12-31": 0.6804, "2007-12-31": -1.1654, "2006-12-31": -1.0577, "2005-12-31": 1.9988}}, "financial ratios, quarterly": {"Current Ratio": {"2020-09-30": "0.49520", "2020-06-30": "0.63240", "2020-03-31": "0.55540", "2019-12-31": "0.56470", "2019-09-30": "0.65990", "2019-06-30": "0.54910", "2019-03-31": "0.59810", "2018-12-31": "0.53300", "2018-09-30": "0.58070", "2018-06-30": "0.58450", "2018-03-31": "0.58750", "2017-12-31": "0.57020", "2017-09-30": "0.56180", "2017-06-30": "0.49790", "2017-03-31": "0.52330", "2016-12-31": "0.53870", "2016-09-30": "0.61520", "2016-06-30": "0.69250", "2016-03-31": "0.66720", "2015-12-31": "0.68270", "2015-09-30": "0.66920", "2015-06-30": "0.63650", "2015-03-31": "0.78970", "2014-12-31": "0.81010", "2014-09-30": "1.06430", "2014-06-30": "1.07390", "2014-03-31": "0.95580", "2013-12-31": "1.04910", "2013-09-30": "1.00460", "2013-06-30": "0.86160", "2013-03-31": "0.88300", "2012-12-31": "0.90100", "2012-09-30": "1.06960", "2012-06-30": "1.15660", "2012-03-31": "1.19940", "2011-12-31": "1.22280", "2011-09-30": "1.19210", "2011-06-30": "1.16790", "2011-03-31": "1.17240", "2010-12-31": "1.18680", "2010-09-30": "2.11550", "2010-06-30": "2.04980", "2010-03-31": "1.24670", "2009-12-31": "1.13630", "2009-09-30": "1.13340", "2009-06-30": "1.06180", "2009-03-31": "0.96550", "2008-12-31": "1.01360", "2008-09-30": "0.95580", "2008-06-30": "1.04100", "2008-03-31": "1.12180", "2007-12-31": "1.09920", "2007-09-30": "1.30850", "2007-06-30": "1.34180", "2007-03-31": "1.41380", "2006-12-31": "1.08420", "2006-09-30": "1.00330", "2006-06-30": "1.02430", "2006-03-31": "0.88960", "2005-12-31": "0.86640", "2005-09-30": "0.87610", "2005-06-30": "0.89920", "2005-03-31": "0.96360"}, "Long-term Debt / Capital": {"2020-09-30": "0.60820", "2020-06-30": "0.61790", "2020-03-31": "0.60950", "2019-12-31": "0.61460", "2019-09-30": "0.64420", "2019-06-30": "0.63630", "2019-03-31": "0.63430", "2018-12-31": "0.63260", "2018-09-30": "0.62840", "2018-06-30": "0.64270", "2018-03-31": "0.64400", "2017-12-31": "0.64840", "2017-09-30": "0.64120", "2017-06-30": "0.63690", "2017-03-31": "0.63980", "2016-12-31": "0.64270", "2016-09-30": "0.64430", "2016-06-30": "0.64730", "2016-03-31": "0.64930", "2015-12-31": "0.65170", "2015-09-30": "0.63450", "2015-06-30": "0.63240", "2015-03-31": "0.57220", "2014-12-31": "0.55580", "2014-09-30": "0.59490", "2014-06-30": "0.60250", "2014-03-31": "0.61730", "2013-12-31": "0.62290", "2013-09-30": "0.60700", "2013-06-30": "0.63280", "2013-03-31": "0.64170", "2012-12-31": "0.64080", "2012-09-30": "0.62490", "2012-06-30": "0.63000", "2012-03-31": "0.61040", "2011-12-31": "0.61850", "2011-09-30": "0.61390", "2011-06-30": "0.61620", "2011-03-31": "0.58190", "2010-12-31": "0.58920", "2010-09-30": "0.50710", "2010-06-30": "0.51500", "2010-03-31": "0.55200", "2009-12-31": "0.55120", "2009-09-30": "0.54980", "2009-06-30": "0.55310", "2009-03-31": "0.54960", "2008-12-31": "0.58450", "2008-09-30": "0.54590", "2008-06-30": "0.57520", "2008-03-31": "0.55860", "2007-12-31": "0.55360", "2007-09-30": "0.58150", "2007-06-30": "0.56030", "2007-03-31": "0.56800", "2006-12-31": "0.56780", "2006-09-30": "0.54530", "2006-06-30": "0.55130", "2006-03-31": "0.55770", "2005-12-31": "0.57770", "2005-09-30": "0.58090", "2005-06-30": "0.58820", "2005-03-31": "0.60590"}, "Debt/Equity Ratio": {"2020-09-30": "1.76360", "2020-06-30": "1.83870", "2020-03-31": "1.77750", "2019-12-31": "1.77380", "2019-09-30": "1.92690", "2019-06-30": "1.89740", "2019-03-31": "1.86860", "2018-12-31": "1.88980", "2018-09-30": "1.85040", "2018-06-30": "1.98260", "2018-03-31": "1.96140", "2017-12-31": "1.97700", "2017-09-30": "1.94250", "2017-06-30": "1.96040", "2017-03-31": "1.98250", "2016-12-31": "1.94450", "2016-09-30": "1.91960", "2016-06-30": "1.93940", "2016-03-31": "2.03070", "2015-12-31": "2.01270", "2015-09-30": "1.93330", "2015-06-30": "1.93170", "2015-03-31": "1.56040", "2014-12-31": "1.38610", "2014-09-30": "1.56400", "2014-06-30": "1.59670", "2014-03-31": "1.76120", "2013-12-31": "1.73340", "2013-09-30": "1.58480", "2013-06-30": "1.83320", "2013-03-31": "1.96290", "2012-12-31": "1.91730", "2012-09-30": "1.74060", "2012-06-30": "1.78500", "2012-03-31": "1.62550", "2011-12-31": "1.67370", "2011-09-30": "1.67370", "2011-06-30": "1.69110", "2011-03-31": "1.54920", "2010-12-31": "1.57550", "2010-09-30": "1.04980", "2010-06-30": "1.11850", "2010-03-31": "1.32680", "2009-12-31": "1.33830", "2009-09-30": "1.32560", "2009-06-30": "1.42530", "2009-03-31": "1.41410", "2008-12-31": "1.67760", "2008-09-30": "1.43070", "2008-06-30": "1.57840", "2008-03-31": "1.41570", "2007-12-31": "1.37870", "2007-09-30": "1.51800", "2007-06-30": "1.43040", "2007-03-31": "1.52080", "2006-12-31": "1.53790", "2006-09-30": "1.43850", "2006-06-30": "1.42800", "2006-03-31": "1.50740", "2005-12-31": "1.67130", "2005-09-30": "1.59770", "2005-06-30": "1.67490", "2005-03-31": "1.80290"}, "Gross Margin": {"2020-09-30": "83.39520", "2020-06-30": "84.41630", "2020-03-31": "82.27850", "2019-12-31": "82.70220", "2019-09-30": "82.20380", "2019-06-30": "83.02830", "2019-03-31": "78.64360", "2018-12-31": "79.52550", "2018-09-30": "81.03630", "2018-06-30": "81.76410", "2018-03-31": "78.59830", "2017-12-31": "80.58150", "2017-09-30": "81.30080", "2017-06-30": "81.50730", "2017-03-31": "79.19020", "2016-12-31": "80.40390", "2016-09-30": "79.98940", "2016-06-30": "81.51260", "2016-03-31": "78.61760", "2015-12-31": "80.50560", "2015-09-30": "78.43450", "2015-06-30": "78.43910", "2015-03-31": "73.90130", "2014-12-31": "38.25940", "2014-09-30": "78.02020", "2014-06-30": "78.20440", "2014-03-31": "161.64150", "2013-12-31": "19.90690", "2013-09-30": "65.87510", "2013-06-30": "56.75360", "2013-03-31": "76.14980", "2012-12-31": "62.38590", "2012-09-30": "75.69700", "2012-06-30": "70.34130", "2012-03-31": "53.84240", "2011-12-31": "48.05600", "2011-09-30": "63.42950", "2011-06-30": "70.30940", "2011-03-31": "61.23710", "2010-12-31": "80.56900", "2010-09-30": "53.74030", "2010-06-30": "62.66120", "2010-03-31": "40.05320", "2009-12-31": "57.38500", "2009-09-30": "47.92370", "2009-06-30": "48.29440", "2009-03-31": "48.63480", "2008-12-31": "48.12450", "2008-09-30": "38.57290", "2008-06-30": "110.45370", "2008-03-31": "80.47180", "2007-12-31": "75.52580", "2007-09-30": "72.26610", "2007-06-30": "74.88880", "2007-03-31": "77.03750", "2006-12-31": "77.73780", "2006-09-30": "67.27500", "2006-06-30": "70.54520", "2006-03-31": "71.87880", "2005-12-31": "96.36150", "2005-09-30": "70.12350", "2005-06-30": "72.86980", "2005-03-31": "68.12500"}, "Operating Margin": {"2020-09-30": "36.44560", "2020-06-30": "34.21510", "2020-03-31": "39.77610", "2019-12-31": "35.46570", "2019-09-30": "37.55820", "2019-06-30": "35.49640", "2019-03-31": "37.56610", "2018-12-31": "33.88350", "2018-09-30": "36.64530", "2018-06-30": "35.60610", "2018-03-31": "40.02820", "2017-12-31": "38.88890", "2017-09-30": "39.89160", "2017-06-30": "38.14490", "2017-03-31": "38.85190", "2016-12-31": "32.86030", "2016-09-30": "41.60930", "2016-06-30": "40.61630", "2016-03-31": "40.92490", "2015-12-31": "34.66290", "2015-09-30": "36.52820", "2015-06-30": "35.82260", "2015-03-31": "39.91030", "2014-12-31": "26.55290", "2014-09-30": "36.61520", "2014-06-30": "36.66850", "2014-03-31": "60.55280", "2013-12-31": "-15.36670", "2013-09-30": "27.52110", "2013-06-30": "21.97100", "2013-03-31": "28.20510", "2012-12-31": "24.08740", "2012-09-30": "27.63210", "2012-06-30": "22.44020", "2012-03-31": "25.55930", "2011-12-31": "22.14320", "2011-09-30": "24.58330", "2011-06-30": "23.90520", "2011-03-31": "27.66320", "2010-12-31": "34.46060", "2010-09-30": "23.95590", "2010-06-30": "15.34280", "2010-03-31": "15.83500", "2009-12-31": "12.65130", "2009-09-30": "9.59600", "2009-06-30": "6.22380", "2009-03-31": "17.57680", "2008-12-31": "19.35210", "2008-09-30": "12.92490", "2008-06-30": "37.96840", "2008-03-31": "31.45480", "2007-12-31": "23.64560", "2007-09-30": "29.36870", "2007-06-30": "24.03050", "2007-03-31": "25.16170", "2006-12-31": "22.83860", "2006-09-30": "22.65580", "2006-06-30": "23.86970", "2006-03-31": "28.66670", "2005-12-31": "25.93900", "2005-09-30": "23.64200", "2005-06-30": "22.76760", "2005-03-31": "20.93750"}, "EBIT Margin": {"2020-09-30": "36.44560", "2020-06-30": "34.21510", "2020-03-31": "39.77610", "2019-12-31": "35.46570", "2019-09-30": "37.55820", "2019-06-30": "35.49640", "2019-03-31": "37.56610", "2018-12-31": "33.88350", "2018-09-30": "36.64530", "2018-06-30": "35.60610", "2018-03-31": "40.02820", "2017-12-31": "38.88890", "2017-09-30": "39.89160", "2017-06-30": "38.14490", "2017-03-31": "38.85190", "2016-12-31": "32.86030", "2016-09-30": "41.60930", "2016-06-30": "40.61630", "2016-03-31": "40.92490", "2015-12-31": "34.66290", "2015-09-30": "36.52820", "2015-06-30": "35.82260", "2015-03-31": "39.91030", "2014-12-31": "26.55290", "2014-09-30": "36.61520", "2014-06-30": "36.66850", "2014-03-31": "60.55280", "2013-12-31": "-15.36670", "2013-09-30": "27.52110", "2013-06-30": "21.97100", "2013-03-31": "28.20510", "2012-12-31": "24.08740", "2012-09-30": "27.63210", "2012-06-30": "22.44020", "2012-03-31": "25.55930", "2011-12-31": "22.14320", "2011-09-30": "24.58330", "2011-06-30": "23.90520", "2011-03-31": "27.66320", "2010-12-31": "34.46060", "2010-09-30": "23.95590", "2010-06-30": "15.34280", "2010-03-31": "15.83500", "2009-12-31": "12.65130", "2009-09-30": "9.59600", "2009-06-30": "6.22380", "2009-03-31": "17.57680", "2008-12-31": "19.35210", "2008-09-30": "12.92490", "2008-06-30": "37.96840", "2008-03-31": "31.45480", "2007-12-31": "23.64560", "2007-09-30": "29.36870", "2007-06-30": "24.03050", "2007-03-31": "25.16170", "2006-12-31": "22.83860", "2006-09-30": "22.65580", "2006-06-30": "23.86970", "2006-03-31": "28.66670", "2005-12-31": "25.93900", "2005-09-30": "23.64200", "2005-06-30": "22.76760", "2005-03-31": "20.93750"}, "EBITDA Margin": {"2020-09-30": "", "2020-06-30": "", "2020-03-31": "", "2019-12-31": "", "2019-09-30": "", "2019-06-30": "", "2019-03-31": "", "2018-12-31": "", "2018-09-30": "", "2018-06-30": "", "2018-03-31": "", "2017-12-31": "", "2017-09-30": "", "2017-06-30": "", "2017-03-31": "", "2016-12-31": "", "2016-09-30": "", "2016-06-30": "", "2016-03-31": "", "2015-12-31": "", "2015-09-30": "", "2015-06-30": "", "2015-03-31": "", "2014-12-31": "", "2014-09-30": "", "2014-06-30": "", "2014-03-31": "", "2013-12-31": "", "2013-09-30": "", "2013-06-30": "", "2013-03-31": "", "2012-12-31": "", "2012-09-30": "", "2012-06-30": "", "2012-03-31": "", "2011-12-31": "", "2011-09-30": "", "2011-06-30": "", "2011-03-31": "", "2010-12-31": "", "2010-09-30": "", "2010-06-30": "", "2010-03-31": "", "2009-12-31": "", "2009-09-30": "", "2009-06-30": "", "2009-03-31": "", "2008-12-31": "", "2008-09-30": "", "2008-06-30": "", "2008-03-31": "", "2007-12-31": "", "2007-09-30": "", "2007-06-30": "", "2007-03-31": "", "2006-12-31": "", "2006-09-30": "", "2006-06-30": "", "2006-03-31": "", "2005-12-31": "", "2005-09-30": "", "2005-06-30": "", "2005-03-31": ""}, "Pre-Tax Profit Margin": {"2020-09-30": "25.99470", "2020-06-30": "24.03680", "2020-03-31": "33.78770", "2019-12-31": "22.77380", "2019-09-30": "30.67770", "2019-06-30": "29.11810", "2019-03-31": "28.47520", "2018-12-31": "26.35380", "2018-09-30": "29.27350", "2018-06-30": "35.55200", "2018-03-31": "26.76390", "2017-12-31": "28.08930", "2017-09-30": "25.52850", "2017-06-30": "21.33330", "2017-03-31": "27.26810", "2016-12-31": "32.91490", "2016-09-30": "32.39810", "2016-06-30": "37.81510", "2016-03-31": "32.81950", "2015-12-31": "24.60670", "2015-09-30": "28.75400", "2015-06-30": "18.02360", "2015-03-31": "34.48430", "2014-12-31": "23.34470", "2014-09-30": "32.51730", "2014-06-30": "21.41700", "2014-03-31": "36.68340", "2013-12-31": "-9.66240", "2013-09-30": "15.77750", "2013-06-30": "14.86960", "2013-03-31": "22.95480", "2012-12-31": "15.25420", "2012-09-30": "15.48070", "2012-06-30": "14.31930", "2012-03-31": "19.55250", "2011-12-31": "17.06970", "2011-09-30": "17.91670", "2011-06-30": "11.93250", "2011-03-31": "21.47770", "2010-12-31": "24.10090", "2010-09-30": "14.91510", "2010-06-30": "6.24580", "2010-03-31": "12.40850", "2009-12-31": "7.44550", "2009-09-30": "4.26490", "2009-06-30": "-0.11970", "2009-03-31": "14.54780", "2008-12-31": "14.62060", "2008-09-30": "8.98690", "2008-06-30": "27.90930", "2008-03-31": "24.90170", "2007-12-31": "17.78200", "2007-09-30": "24.06990", "2007-06-30": "17.73680", "2007-03-31": "19.14620", "2006-12-31": "15.63400", "2006-09-30": "16.67720", "2006-06-30": "18.28460", "2006-03-31": "22.24240", "2005-12-31": "16.07980", "2005-09-30": "16.11110", "2005-06-30": "14.99660", "2005-03-31": "12.93750"}, "Net Profit Margin": {"2020-09-30": "14.90720", "2020-06-30": "19.78150", "2020-03-31": "26.97180", "2019-12-31": "18.62850", "2019-09-30": "24.57320", "2019-06-30": "24.45920", "2019-03-31": "22.41460", "2018-12-31": "21.40280", "2018-09-30": "23.77140", "2018-06-30": "27.86800", "2018-03-31": "21.26060", "2017-12-31": "4.04980", "2017-09-30": "19.24120", "2017-06-30": "16.92750", "2017-03-31": "20.65610", "2016-12-31": "25.38210", "2016-09-30": "25.03970", "2016-06-30": "27.05880", "2016-03-31": "23.91850", "2015-12-31": "22.41570", "2015-09-30": "20.92650", "2015-06-30": "-42.50420", "2015-03-31": "29.01350", "2014-12-31": "23.41300", "2014-09-30": "26.45020", "2014-06-30": "12.38510", "2014-03-31": "26.46570", "2013-12-31": "6.05360", "2013-09-30": "13.33770", "2013-06-30": "11.73910", "2013-03-31": "16.80910", "2012-12-31": "11.34290", "2012-09-30": "14.77320", "2012-06-30": "10.63160", "2012-03-31": "13.08370", "2011-12-31": "10.76340", "2011-09-30": "14.23080", "2011-06-30": "7.87460", "2011-03-31": "13.78010", "2010-12-31": "18.84060", "2010-09-30": "11.38140", "2010-06-30": "5.77050", "2010-03-31": "8.31670", "2009-12-31": "9.26150", "2009-09-30": "1.12230", "2009-06-30": "-0.41890", "2009-03-31": "10.28160", "2008-12-31": "11.80730", "2008-09-30": "6.83270", "2008-06-30": "18.73770", "2008-03-31": "17.03800", "2007-12-31": "26.64120", "2007-09-30": "18.15110", "2007-06-30": "21.93260", "2007-03-31": "13.13070", "2006-12-31": "12.82420", "2006-09-30": "14.22280", "2006-06-30": "12.03460", "2006-03-31": "16.96970", "2005-12-31": "21.71360", "2005-09-30": "12.16050", "2005-06-30": "8.72530", "2005-03-31": "10.50000"}, "Asset Turnover": {"2020-09-30": "0.03930", "2020-06-30": "0.03740", "2020-03-31": "0.04430", "2019-12-31": "0.04280", "2019-09-30": "0.04340", "2019-06-30": "0.04080", "2019-03-31": "0.04660", "2018-12-31": "0.04470", "2018-09-30": "0.04350", "2018-06-30": "0.04310", "2018-03-31": "0.05020", "2017-12-31": "0.04640", "2017-09-30": "0.04530", "2017-06-30": "0.04320", "2017-03-31": "0.05000", "2016-12-31": "0.04780", "2016-09-30": "0.04970", "2016-06-30": "0.04520", "2016-03-31": "0.05200", "2015-12-31": "0.04530", "2015-09-30": "0.04790", "2015-06-30": "0.04660", "2015-03-31": "0.04560", "2014-12-31": "0.06030", "2014-09-30": "0.03900", "2014-06-30": "0.03840", "2014-03-31": "0.02490", "2013-12-31": "-0.03710", "2013-09-30": "0.06830", "2013-06-30": "0.07890", "2013-03-31": "0.05670", "2012-12-31": "0.07030", "2012-09-30": "0.05560", "2012-06-30": "0.05860", "2012-03-31": "0.09330", "2011-12-31": "0.09890", "2011-09-30": "0.07620", "2011-06-30": "0.06140", "2011-03-31": "0.08890", "2010-12-31": "0.05670", "2010-09-30": "0.08150", "2010-06-30": "0.05680", "2010-03-31": "0.12060", "2009-12-31": "0.07450", "2009-09-30": "0.08120", "2009-06-30": "0.07460", "2009-03-31": "0.10760", "2008-12-31": "0.10960", "2008-09-30": "0.14490", "2008-06-30": "0.04240", "2008-03-31": "0.07250", "2007-12-31": "0.07860", "2007-09-30": "0.08950", "2007-06-30": "0.07860", "2007-03-31": "0.07690", "2006-12-31": "0.07030", "2006-09-30": "0.08430", "2006-06-30": "0.08200", "2006-03-31": "0.09220", "2005-12-31": "0.04750", "2005-09-30": "0.09120", "2005-06-30": "0.08420", "2005-03-31": "0.08800"}, "Inventory Turnover Ratio": {"2020-09-30": "0.89170", "2020-06-30": "0.81380", "2020-03-31": "1.13750", "2019-12-31": "1.01810", "2019-09-30": "1.16610", "2019-06-30": "1.06990", "2019-03-31": "1.62040", "2018-12-31": "1.31020", "2018-09-30": "1.20340", "2018-06-30": "1.17010", "2018-03-31": "1.63080", "2017-12-31": "1.16880", "2017-09-30": "1.06810", "2017-06-30": "1.00950", "2017-03-31": "1.30130", "2016-12-31": "1.00840", "2016-09-30": "1.09250", "2016-06-30": "0.98210", "2016-03-31": "1.29520", "2015-12-31": "0.97200", "2015-09-30": "1.26170", "2015-06-30": "1.21900", "2015-03-31": "0.84720", "2014-12-31": "4.74800", "2014-09-30": "0.54130", "2014-06-30": "0.61900", "2014-03-31": "-1.21250", "2013-12-31": "-1.96010", "2013-09-30": "1.52920", "2013-06-30": "2.32400", "2013-03-31": "0.95130", "2012-12-31": "1.71470", "2012-09-30": "0.88080", "2012-06-30": "1.05150", "2012-03-31": "2.83710", "2011-12-31": "3.35020", "2011-09-30": "1.80250", "2011-06-30": "1.14220", "2011-03-31": "1.81640", "2010-12-31": "0.56300", "2010-09-30": "2.98220", "2010-06-30": "1.45500", "2010-03-31": "5.31560", "2009-12-31": "1.97200", "2009-09-30": "2.57060", "2009-06-30": "2.26180", "2009-03-31": "3.44990", "2008-12-31": "3.61130", "2008-09-30": "5.68540", "2008-06-30": "-0.32620", "2008-03-31": "0.97700", "2007-12-31": "1.21520", "2007-09-30": "1.53750", "2007-06-30": "1.12860", "2007-03-31": "1.15260", "2006-12-31": "0.81750", "2006-09-30": "1.40920", "2006-06-30": "1.18770", "2006-03-31": "1.26780", "2005-12-31": "0.08960", "2005-09-30": "1.76000", "2005-06-30": "1.34460", "2005-03-31": "1.91010"}, "Receiveable Turnover": {"2020-09-30": "2.27110", "2020-06-30": "2.25550", "2020-03-31": "2.45400", "2019-12-31": "2.46720", "2019-09-30": "2.62280", "2019-06-30": "2.33550", "2019-03-31": "2.43730", "2018-12-31": "2.51820", "2018-09-30": "2.52290", "2018-06-30": "2.49390", "2018-03-31": "2.50410", "2017-12-31": "2.46610", "2017-09-30": "2.58770", "2017-06-30": "2.41940", "2017-03-31": "2.56710", "2016-12-31": "2.57300", "2016-09-30": "2.58060", "2016-06-30": "2.51050", "2016-03-31": "2.58820", "2015-12-31": "2.43170", "2015-09-30": "2.41700", "2015-06-30": "2.11270", "2015-03-31": "1.81150", "2014-12-31": "3.62620", "2014-09-30": "1.78950", "2014-06-30": "1.68700", "2014-03-31": "0.98600", "2013-12-31": "-1.68430", "2013-09-30": "3.15610", "2013-06-30": "3.42260", "2013-03-31": "2.46690", "2012-12-31": "3.72330", "2012-09-30": "2.95210", "2012-06-30": "3.13530", "2012-03-31": "5.09540", "2011-12-31": "5.12520", "2011-09-30": "3.56570", "2011-06-30": "3.17470", "2011-03-31": "3.62840", "2010-12-31": "2.51080", "2010-09-30": "3.95460", "2010-06-30": "2.94600", "2010-03-31": "5.37750", "2009-12-31": "3.52990", "2009-09-30": "2.98490", "2009-06-30": "3.71330", "2009-03-31": "4.35690", "2008-12-31": "4.40150", "2008-09-30": "5.55330", "2008-06-30": "1.67330", "2008-03-31": "2.59520", "2007-12-31": "2.37370", "2007-09-30": "3.27310", "2007-06-30": "2.90760", "2007-03-31": "2.85240", "2006-12-31": "2.34860", "2006-09-30": "2.84260", "2006-06-30": "2.59760", "2006-03-31": "2.56210", "2005-12-31": "1.56620", "2005-09-30": "3.00560", "2005-06-30": "2.71670", "2005-03-31": "2.77780"}, "Days Sales In Receivables": {"2020-09-30": "39.62870", "2020-06-30": "39.90220", "2020-03-31": "36.67480", "2019-12-31": "36.47900", "2019-09-30": "34.31450", "2019-06-30": "38.53580", "2019-03-31": "36.92640", "2018-12-31": "35.74010", "2018-09-30": "35.67310", "2018-06-30": "36.08770", "2018-03-31": "35.94070", "2017-12-31": "36.49530", "2017-09-30": "34.78050", "2017-06-30": "37.20000", "2017-03-31": "35.05890", "2016-12-31": "34.97820", "2016-09-30": "34.87560", "2016-06-30": "35.84870", "2016-03-31": "34.77380", "2015-12-31": "37.01120", "2015-09-30": "37.23640", "2015-06-30": "42.59970", "2015-03-31": "49.68160", "2014-12-31": "24.81910", "2014-09-30": "50.29270", "2014-06-30": "53.34780", "2014-03-31": "91.28140", "2013-12-31": "-53.43420", "2013-09-30": "28.51660", "2013-06-30": "26.29570", "2013-03-31": "36.48350", "2012-12-31": "24.17210", "2012-09-30": "30.48690", "2012-06-30": "28.70540", "2012-03-31": "17.66290", "2011-12-31": "17.56050", "2011-09-30": "25.24040", "2011-06-30": "28.34870", "2011-03-31": "24.80410", "2010-12-31": "35.84540", "2010-09-30": "22.75820", "2010-06-30": "30.54990", "2010-03-31": "16.73650", "2009-12-31": "25.49640", "2009-09-30": "30.15150", "2009-06-30": "24.23700", "2009-03-31": "20.65700", "2008-12-31": "20.44760", "2008-09-30": "16.20670", "2008-06-30": "53.78700", "2008-03-31": "34.67890", "2007-12-31": "37.91590", "2007-09-30": "27.49720", "2007-06-30": "30.95360", "2007-03-31": "31.55240", "2006-12-31": "38.32130", "2006-09-30": "31.66140", "2006-06-30": "34.64760", "2006-03-31": "35.12730", "2005-12-31": "57.46480", "2005-09-30": "29.94440", "2005-06-30": "33.12880", "2005-03-31": "32.40000"}, "ROE - Return On Equity": {"2020-09-30": "2.05320", "2020-06-30": "2.63720", "2020-03-31": "4.18400", "2019-12-31": "2.80190", "2019-09-30": "3.99090", "2019-06-30": "3.68020", "2019-03-31": "3.82850", "2018-12-31": "3.56010", "2018-09-30": "3.77660", "2018-06-30": "4.58190", "2018-03-31": "4.04440", "2017-12-31": "0.72480", "2017-09-30": "3.32020", "2017-06-30": "2.78360", "2017-03-31": "3.98650", "2016-12-31": "4.69740", "2016-09-30": "4.74190", "2016-06-30": "4.67800", "2016-03-31": "4.92730", "2015-12-31": "4.08310", "2015-09-30": "3.87400", "2015-06-30": "2.51480", "2015-03-31": "3.93270", "2014-12-31": "3.47080", "2014-09-30": "2.93400", "2014-06-30": "1.67460", "2014-03-31": "2.54780", "2013-12-31": "1.17920", "2013-09-30": "3.26810", "2013-06-30": "3.68820", "2013-03-31": "3.91770", "2012-12-31": "2.99100", "2012-09-30": "3.16060", "2012-06-30": "2.52280", "2012-03-31": "4.72480", "2011-12-31": "4.12760", "2011-09-30": "4.03920", "2011-06-30": "1.84080", "2011-03-31": "4.56920", "2010-12-31": "3.98680", "2010-09-30": "3.56150", "2010-06-30": "1.03600", "2010-03-31": "3.97680", "2009-12-31": "1.89170", "2009-09-30": "0.85900", "2009-06-30": "0.49670", "2009-03-31": "4.37370", "2008-12-31": "4.47110", "2008-09-30": "3.76070", "2008-06-30": "3.64650", "2008-03-31": "4.49500", "2007-12-31": "4.03170", "2007-09-30": "6.45350", "2007-06-30": "4.54460", "2007-03-31": "4.19120", "2006-12-31": "3.18240", "2006-09-30": "4.22400", "2006-06-30": "3.88550", "2006-03-31": "5.73910", "2005-12-31": "3.39520", "2005-09-30": "4.52960", "2005-06-30": "4.13280", "2005-03-31": "3.93700"}, "Return On Tangible Equity": {"2020-09-30": "2.91490", "2020-06-30": "3.72780", "2020-03-31": "5.94740", "2019-12-31": "4.02170", "2019-09-30": "5.83320", "2019-06-30": "5.42170", "2019-03-31": "5.69400", "2018-12-31": "5.33490", "2018-09-30": "5.67530", "2018-06-30": "7.11520", "2018-03-31": "6.30320", "2017-12-31": "1.14600", "2017-09-30": "5.15090", "2017-06-30": "4.36150", "2017-03-31": "6.28220", "2016-12-31": "7.57450", "2016-09-30": "7.74520", "2016-06-30": "7.83840", "2016-03-31": "8.35210", "2015-12-31": "7.11780", "2015-09-30": "6.67000", "2015-06-30": "4.39140", "2015-03-31": "6.03150", "2014-12-31": "5.08990", "2014-09-30": "4.63220", "2014-06-30": "2.71160", "2014-03-31": "4.33390", "2013-12-31": "2.01540", "2013-09-30": "5.47430", "2013-06-30": "6.67110", "2013-03-31": "7.32660", "2012-12-31": "5.79870", "2012-09-30": "5.73600", "2012-06-30": "4.58990", "2012-03-31": "8.63710", "2011-12-31": "7.74040", "2011-09-30": "7.68050", "2011-06-30": "3.55690", "2011-03-31": "6.65230", "2010-12-31": "5.87720", "2010-09-30": "4.22940", "2010-06-30": "1.23510", "2010-03-31": "5.09380", "2009-12-31": "2.50340", "2009-09-30": "1.13080", "2009-06-30": "0.65540", "2009-03-31": "5.73790", "2008-12-31": "6.17350", "2008-09-30": "5.06630", "2008-06-30": "5.15270", "2008-03-31": "5.87680", "2007-12-31": "5.29550", "2007-09-30": "8.57360", "2007-06-30": "6.03660", "2007-03-31": "5.60200", "2006-12-31": "4.52650", "2006-09-30": "5.92450", "2006-06-30": "5.53290", "2006-03-31": "8.18480", "2005-12-31": "5.11600", "2005-09-30": "6.88070", "2005-06-30": "6.23250", "2005-03-31": "5.98590"}, "ROA - Return On Assets": {"2020-09-30": "0.58630", "2020-06-30": "0.73950", "2020-03-31": "1.19580", "2019-12-31": "0.79680", "2019-09-30": "1.06600", "2019-06-30": "0.99760", "2019-03-31": "1.04560", "2018-12-31": "0.95630", "2018-09-30": "1.03390", "2018-06-30": "1.20240", "2018-03-31": "1.06630", "2017-12-31": "0.18800", "2017-09-30": "0.87100", "2017-06-30": "0.73070", "2017-03-31": "1.03240", "2016-12-31": "1.21360", "2016-09-30": "1.24350", "2016-06-30": "1.22190", "2016-03-31": "1.24260", "2015-12-31": "1.03050", "2015-09-30": "1.00900", "2015-06-30": "0.65370", "2015-03-31": "1.12840", "2014-12-31": "0.97310", "2014-09-30": "0.85080", "2014-06-30": "0.47720", "2014-03-31": "0.67540", "2013-12-31": "0.31780", "2013-09-30": "0.89800", "2013-06-30": "0.92350", "2013-03-31": "0.95290", "2012-12-31": "0.71960", "2012-09-30": "0.82100", "2012-06-30": "0.63670", "2012-03-31": "1.23630", "2011-12-31": "1.07390", "2011-09-30": "1.09630", "2011-06-30": "0.49580", "2011-03-31": "1.22780", "2010-12-31": "1.02930", "2010-09-30": "1.14490", "2010-06-30": "0.32800", "2010-03-31": "0.99060", "2009-12-31": "0.49630", "2009-09-30": "0.23240", "2009-06-30": "0.12940", "2009-03-31": "1.11520", "2008-12-31": "1.06050", "2008-09-30": "1.02410", "2008-06-30": "0.79080", "2008-03-31": "1.19210", "2007-12-31": "1.12160", "2007-09-30": "1.67970", "2007-06-30": "1.21960", "2007-03-31": "1.09910", "2006-12-31": "0.82540", "2006-09-30": "1.14020", "2006-06-30": "1.03600", "2006-03-31": "1.51460", "2005-12-31": "0.83680", "2005-09-30": "1.09780", "2005-06-30": "1.02140", "2005-03-31": "0.93520"}, "ROI - Return On Investment": {"2020-09-30": "0.80450", "2020-06-30": "1.00760", "2020-03-31": "1.63370", "2019-12-31": "1.07970", "2019-09-30": "1.42010", "2019-06-30": "1.33850", "2019-03-31": "1.40000", "2018-12-31": "1.30810", "2018-09-30": "1.40350", "2018-06-30": "1.63720", "2018-03-31": "1.43990", "2017-12-31": "0.25480", "2017-09-30": "1.19120", "2017-06-30": "1.01080", "2017-03-31": "1.43590", "2016-12-31": "1.67830", "2016-09-30": "1.68660", "2016-06-30": "1.64990", "2016-03-31": "1.72800", "2015-12-31": "1.42200", "2015-09-30": "1.41600", "2015-06-30": "0.92440", "2015-03-31": "1.68250", "2014-12-31": "1.54160", "2014-09-30": "1.18850", "2014-06-30": "0.66560", "2014-03-31": "0.97500", "2013-12-31": "0.44470", "2013-09-30": "1.28440", "2013-06-30": "1.35440", "2013-03-31": "1.40370", "2012-12-31": "1.07450", "2012-09-30": "1.18560", "2012-06-30": "0.93340", "2012-03-31": "1.84050", "2011-12-31": "1.57450", "2011-09-30": "1.55950", "2011-06-30": "0.70650", "2011-03-31": "1.91020", "2010-12-31": "1.63770", "2010-09-30": "1.75550", "2010-06-30": "0.50250", "2010-03-31": "1.78170", "2009-12-31": "0.84890", "2009-09-30": "0.38670", "2009-06-30": "0.22200", "2009-03-31": "1.96970", "2008-12-31": "1.85780", "2008-09-30": "1.70760", "2008-06-30": "1.54890", "2008-03-31": "1.98400", "2007-12-31": "1.79980", "2007-09-30": "2.70050", "2007-06-30": "1.99840", "2007-03-31": "1.81060", "2006-12-31": "1.37550", "2006-09-30": "1.92050", "2006-06-30": "1.74340", "2006-03-31": "2.53840", "2005-12-31": "1.43380", "2005-09-30": "1.89820", "2005-06-30": "1.70200", "2005-03-31": "1.55150"}, "Book Value Per Share": {"2020-09-30": "17.80180", "2020-06-30": "16.96710", "2020-03-31": "17.23490", "2019-12-31": "16.93230", "2019-09-30": "16.47780", "2019-06-30": "16.60060", "2019-03-31": "16.87340", "2018-12-31": "16.18300", "2018-09-30": "16.37210", "2018-06-30": "16.07720", "2018-03-31": "16.02560", "2017-12-31": "15.51920", "2017-09-30": "15.53770", "2017-06-30": "15.30330", "2017-03-31": "14.81330", "2016-12-31": "14.56310", "2016-09-30": "14.68490", "2016-06-30": "15.23880", "2016-03-31": "14.43260", "2015-12-31": "14.71970", "2015-09-30": "15.21600", "2015-06-30": "14.84810", "2015-03-31": "21.02100", "2014-12-31": "20.46710", "2014-09-30": "21.02450", "2014-06-30": "20.68470", "2014-03-31": "20.14040", "2013-12-31": "19.77720", "2013-09-30": "19.61480", "2013-06-30": "18.51520", "2013-03-31": "18.07570", "2012-12-31": "18.03950", "2012-09-30": "19.33320", "2012-06-30": "18.92410", "2012-03-31": "19.90440", "2011-12-31": "19.18380", "2011-09-30": "19.23700", "2011-06-30": "18.91510", "2011-03-31": "18.15450", "2010-12-31": "17.53860", "2010-09-30": "17.79570", "2010-06-30": "17.01620", "2010-03-31": "16.42550", "2009-12-31": "15.41690", "2009-09-30": "15.78990", "2009-06-30": "15.52660", "2009-03-31": "14.77660", "2008-12-31": "13.55380", "2008-09-30": "14.89070", "2008-06-30": "13.82130", "2008-03-31": "14.97050", "2007-12-31": "14.89540", "2007-09-30": "13.76000", "2007-06-30": "13.94550", "2007-03-31": "13.69610", "2006-12-31": "13.30390", "2006-09-30": "13.32460", "2006-06-30": "12.83470", "2006-03-31": "12.42630", "2005-12-31": "11.62630", "2005-09-30": "11.32480", "2005-06-30": "11.33150", "2005-03-31": "11.37790"}, "Operating Cash Flow Per Share": {"2020-09-30": 1.2312, "2020-06-30": 0.7881, "2020-03-31": "0.90020", "2019-12-31": 0.712, "2019-09-30": 1.1183, "2019-06-30": 0.8145, "2019-03-31": "0.64940", "2018-12-31": 0.8706, "2018-09-30": 1.2202, "2018-06-30": 1.0762, "2018-03-31": "0.81400", "2017-12-31": 1.0338, "2017-09-30": 1.3957, "2017-06-30": 0.9534, "2017-03-31": "0.19760", "2016-12-31": 0.9695, "2016-09-30": 1.559, "2016-06-30": 0.8982, "2016-03-31": "0.82050", "2015-12-31": 0.8733, "2015-09-30": 1.0588, "2015-06-30": 0.9495, "2015-03-31": "1.00640", "2014-12-31": 1.1662, "2014-09-30": 1.566, "2014-06-30": 0.9754, "2014-03-31": "1.40220", "2013-12-31": 0.961, "2013-09-30": 1.9213, "2013-06-30": 1.0535, "2013-03-31": "0.37140", "2012-12-31": 1.1582, "2012-09-30": 1.9629, "2012-06-30": 0.3749, "2012-03-31": "1.25620", "2011-12-31": 1.3568, "2011-09-30": 1.7451, "2011-06-30": 1.0437, "2011-03-31": "0.40470", "2010-12-31": 1.1976, "2010-09-30": 2.016, "2010-06-30": -0.6141, "2010-03-31": "2.11120", "2009-12-31": 1.61, "2009-09-30": 1.8004, "2009-06-30": 0.684, "2009-03-31": "0.82580", "2008-12-31": 1.1433, "2008-09-30": 0.6065, "2008-06-30": 1.358, "2008-03-31": "1.13070", "2007-12-31": 0.8411, "2007-09-30": 1.6688, "2007-06-30": 0.8518, "2007-03-31": "0.73490", "2006-12-31": 1.2997, "2006-09-30": 1.4432, "2006-06-30": 1.0322, "2006-03-31": "0.77020", "2005-12-31": 0.7041, "2005-09-30": 1.2148, "2005-06-30": 0.8932, "2005-03-31": "0.80500"}, "Free Cash Flow Per Share": {"2020-09-30": 0.2288, "2020-06-30": -0.1857, "2020-03-31": "-0.17430", "2019-12-31": -0.4678, "2019-09-30": 0.1301, "2019-06-30": -0.2034, "2019-03-31": "-0.34930", "2018-12-31": -0.3999, "2018-09-30": 0.0996, "2018-06-30": -0.0236, "2018-03-31": "-0.26460", "2017-12-31": -0.3998, "2017-09-30": 0.2715, "2017-06-30": -0.0559, "2017-03-31": "-0.79350", "2016-12-31": -0.2749, "2016-09-30": 0.4893, "2016-06-30": -0.1127, "2016-03-31": "-0.14580", "2015-12-31": -0.5797, "2015-09-30": -0.24, "2015-06-30": -0.3059, "2015-03-31": "-0.23930", "2014-12-31": -0.4459, "2014-09-30": 0.1817, "2014-06-30": -0.2014, "2014-03-31": "0.05870", "2013-12-31": -0.3454, "2013-09-30": 0.4585, "2013-06-30": -0.39, "2013-03-31": "-0.88890", "2012-12-31": -0.6138, "2012-09-30": 0.651, "2012-06-30": -0.7029, "2012-03-31": "0.07940", "2011-12-31": -0.2098, "2011-09-30": 1.2739, "2011-06-30": 0.1427, "2011-03-31": "-0.47900", "2010-12-31": -0.4728, "2010-09-30": 1.6192, "2010-06-30": -1.4986, "2010-03-31": "1.36250", "2009-12-31": 0.535, "2009-09-30": 1.0138, "2009-06-30": 0.0104, "2009-03-31": "0.10660", "2008-12-31": -0.0291, "2008-09-30": -0.2403, "2008-06-30": 0.4348, "2008-03-31": "0.29070", "2007-12-31": -0.5701, "2007-09-30": 0.5201, "2007-06-30": -0.033, "2007-03-31": "-0.14130", "2006-12-31": -0.0883, "2006-09-30": 0.4666, "2006-06-30": 0.3061, "2006-03-31": "0.25670", "2005-12-31": -0.0115, "2005-09-30": 0.753, "2005-06-30": 0.8954, "2005-03-31": "0.36190"}}, "revenue": {"PPL Annual Revenue (Millions of US $)": {"2019": "$7,769", "2018": "$7,785", "2017": "$7,447", "2016": "$7,517", "2015": "$7,669", "2014": "$7,852", "2013": "$7,263", "2012": "$12,132", "2011": "$12,737", "2010": "$8,521", "2009": "$7,449", "2008": "$7,857", "2007": "$6,462", "2006": "$6,131", "2005": "$5,539"}, "PPL Quarterly Revenue (Millions of US $)": {"2020-09-30": "$1,885", "2020-06-30": "$1,739", "2020-03-31": "$2,054", "2019-12-31": "$1,954", "2019-09-30": "$1,933", "2019-06-30": "$1,803", "2019-03-31": "$2,079", "2018-12-31": "$1,939", "2018-09-30": "$1,872", "2018-06-30": "$1,848", "2018-03-31": "$2,126", "2017-12-31": "$1,926", "2017-09-30": "$1,845", "2017-06-30": "$1,725", "2017-03-31": "$1,951", "2016-12-31": "$1,832", "2016-09-30": "$1,889", "2016-06-30": "$1,785", "2016-03-31": "$2,011", "2015-12-31": "$1,780", "2015-09-30": "$1,878", "2015-06-30": "$1,781", "2015-03-31": "$2,230", "2014-12-31": "$2,930", "2014-09-30": "$1,879", "2014-06-30": "$1,849", "2014-03-31": "$1,194", "2013-12-31": "$-1,718", "2013-09-30": "$3,074", "2013-06-30": "$3,450", "2013-03-31": "$2,457", "2012-12-31": "$3,068", "2012-09-30": "$2,403", "2012-06-30": "$2,549", "2012-03-31": "$4,112", "2011-12-31": "$4,218", "2011-09-30": "$3,120", "2011-06-30": "$2,489", "2011-03-31": "$2,910", "2010-12-31": "$1,863", "2010-09-30": "$2,179", "2010-06-30": "$1,473", "2010-03-31": "$3,006", "2009-12-31": "$1,652", "2009-09-30": "$1,782", "2009-06-30": "$1,671", "2009-03-31": "$2,344", "2008-12-31": "$2,346", "2008-09-30": "$2,971", "2008-06-30": "$1,014", "2008-03-31": "$1,526", "2007-12-31": "$1,569", "2007-09-30": "$1,774", "2007-06-30": "$1,573", "2007-03-31": "$1,546", "2006-12-31": "$1,388", "2006-09-30": "$1,589", "2006-06-30": "$1,504", "2006-03-31": "$1,650", "2005-12-31": "$852", "2005-09-30": "$1,620", "2005-06-30": "$1,467", "2005-03-31": "$1,600"}}, "gross-profit": {"PPL Annual Gross Profit (Millions of US $)": {"2019": "$6,337", "2018": "$6,241", "2017": "$6,003", "2016": "$6,020", "2015": "$5,951", "2014": "$5,963", "2013": "$5,512", "2012": "$7,740", "2011": "$7,538", "2010": "$4,799", "2009": "$3,749", "2008": "$4,623", "2007": "$4,836", "2006": "$4,395", "2005": "$4,116"}, "PPL Quarterly Gross Profit (Millions of US $)": {"2020-09-30": "$1,572", "2020-06-30": "$1,468", "2020-03-31": "$1,690", "2019-12-31": "$1,616", "2019-09-30": "$1,589", "2019-06-30": "$1,497", "2019-03-31": "$1,635", "2018-12-31": "$1,542", "2018-09-30": "$1,517", "2018-06-30": "$1,511", "2018-03-31": "$1,671", "2017-12-31": "$1,552", "2017-09-30": "$1,500", "2017-06-30": "$1,406", "2017-03-31": "$1,545", "2016-12-31": "$1,473", "2016-09-30": "$1,511", "2016-06-30": "$1,455", "2016-03-31": "$1,581", "2015-12-31": "$1,433", "2015-09-30": "$1,473", "2015-06-30": "$1,397", "2015-03-31": "$1,648", "2014-12-31": "$1,121", "2014-09-30": "$1,466", "2014-06-30": "$1,446", "2014-03-31": "$1,930", "2013-12-31": "$-342", "2013-09-30": "$2,025", "2013-06-30": "$1,958", "2013-03-31": "$1,871", "2012-12-31": "$1,914", "2012-09-30": "$1,819", "2012-06-30": "$1,793", "2012-03-31": "$2,214", "2011-12-31": "$2,027", "2011-09-30": "$1,979", "2011-06-30": "$1,750", "2011-03-31": "$1,782", "2010-12-31": "$1,501", "2010-09-30": "$1,171", "2010-06-30": "$923", "2010-03-31": "$1,204", "2009-12-31": "$948", "2009-09-30": "$854", "2009-06-30": "$807", "2009-03-31": "$1,140", "2008-12-31": "$1,129", "2008-09-30": "$1,146", "2008-06-30": "$1,120", "2008-03-31": "$1,228", "2007-12-31": "$1,185", "2007-09-30": "$1,282", "2007-06-30": "$1,178", "2007-03-31": "$1,191", "2006-12-31": "$1,079", "2006-09-30": "$1,069", "2006-06-30": "$1,061", "2006-03-31": "$1,186", "2005-12-31": "$821", "2005-09-30": "$1,136", "2005-06-30": "$1,069", "2005-03-31": "$1,090"}}, "operating-income": {"PPL Annual Operating Income (Millions of US $)": {"2019": "$2,840", "2018": "$2,852", "2017": "$2,901", "2016": "$2,936", "2015": "$2,831", "2014": "$2,867", "2013": "$2,561", "2012": "$3,026", "2011": "$3,101", "2010": "$1,866", "2009": "$896", "2008": "$1,703", "2007": "$1,659", "2006": "$1,509", "2005": "$1,273"}, "PPL Quarterly Operating Income (Millions of US $)": {"2020-09-30": "$687", "2020-06-30": "$595", "2020-03-31": "$817", "2019-12-31": "$693", "2019-09-30": "$726", "2019-06-30": "$640", "2019-03-31": "$781", "2018-12-31": "$657", "2018-09-30": "$686", "2018-06-30": "$658", "2018-03-31": "$851", "2017-12-31": "$749", "2017-09-30": "$736", "2017-06-30": "$658", "2017-03-31": "$758", "2016-12-31": "$602", "2016-09-30": "$786", "2016-06-30": "$725", "2016-03-31": "$823", "2015-12-31": "$617", "2015-09-30": "$686", "2015-06-30": "$638", "2015-03-31": "$890", "2014-12-31": "$778", "2014-09-30": "$688", "2014-06-30": "$678", "2014-03-31": "$723", "2013-12-31": "$264", "2013-09-30": "$846", "2013-06-30": "$758", "2013-03-31": "$693", "2012-12-31": "$739", "2012-09-30": "$664", "2012-06-30": "$572", "2012-03-31": "$1,051", "2011-12-31": "$934", "2011-09-30": "$767", "2011-06-30": "$595", "2011-03-31": "$805", "2010-12-31": "$642", "2010-09-30": "$522", "2010-06-30": "$226", "2010-03-31": "$476", "2009-12-31": "$209", "2009-09-30": "$171", "2009-06-30": "$104", "2009-03-31": "$412", "2008-12-31": "$454", "2008-09-30": "$384", "2008-06-30": "$385", "2008-03-31": "$480", "2007-12-31": "$371", "2007-09-30": "$521", "2007-06-30": "$378", "2007-03-31": "$389", "2006-12-31": "$317", "2006-09-30": "$360", "2006-06-30": "$359", "2006-03-31": "$473", "2005-12-31": "$221", "2005-09-30": "$383", "2005-06-30": "$334", "2005-03-31": "$335"}}, "ebitda": {"PPL Annual EBITDA (Millions of US $)": {"2019": "$4,120", "2018": "$4,024", "2017": "$4,006", "2016": "$3,942", "2015": "$3,773", "2014": "$3,855", "2013": "$3,470", "2012": "$4,312", "2011": "$4,316", "2010": "$2,646", "2009": "$1,756", "2008": "$2,547", "2007": "$2,550", "2006": "$2,264", "2005": "$1,994"}, "PPL Quarterly EBITDA (Millions of US $)": {"2020-09-30": "$1,028", "2020-06-30": "$931", "2020-03-31": "$1,146", "2019-12-31": "$1,023", "2019-09-30": "$1,061", "2019-06-30": "$949", "2019-03-31": "$1,087", "2018-12-31": "$956", "2018-09-30": "$983", "2018-06-30": "$944", "2018-03-31": "$1,141", "2017-12-31": "$1,037", "2017-09-30": "$1,020", "2017-06-30": "$926", "2017-03-31": "$1,023", "2016-12-31": "$862", "2016-09-30": "$1,035", "2016-06-30": "$975", "2016-03-31": "$1,070", "2015-12-31": "$855", "2015-09-30": "$931", "2015-06-30": "$870", "2015-03-31": "$1,117", "2014-12-31": "$1,027", "2014-09-30": "$937", "2014-06-30": "$803", "2014-03-31": "$1,088", "2013-12-31": "$150", "2013-09-30": "$1,186", "2013-06-30": "$1,093", "2013-03-31": "$1,041", "2012-12-31": "$1,068", "2012-09-30": "$998", "2012-06-30": "$876", "2012-03-31": "$1,370", "2011-12-31": "$1,272", "2011-09-30": "$1,072", "2011-06-30": "$912", "2011-03-31": "$1,060", "2010-12-31": "$879", "2010-09-30": "$720", "2010-06-30": "$410", "2010-03-31": "$637", "2009-12-31": "$438", "2009-09-30": "$395", "2009-06-30": "$308", "2009-03-31": "$615", "2008-12-31": "$665", "2008-09-30": "$609", "2008-06-30": "$587", "2008-03-31": "$686", "2007-12-31": "$590", "2007-09-30": "$748", "2007-06-30": "$591", "2007-03-31": "$621", "2006-12-31": "$512", "2006-09-30": "$550", "2006-06-30": "$544", "2006-03-31": "$658", "2005-12-31": "$401", "2005-09-30": "$577", "2005-06-30": "$507", "2005-03-31": "$509"}}, "net-income": {"PPL Annual Net Income (Millions of US $)": {"2019": "$1,746", "2018": "$1,827", "2017": "$1,128", "2016": "$1,902", "2015": "$682", "2014": "$1,728", "2013": "$1,124", "2012": "$1,512", "2011": "$1,495", "2010": "$934", "2009": "$407", "2008": "$930", "2007": "$1,288", "2006": "$865", "2005": "$678"}, "PPL Quarterly Net Income (Millions of US $)": {"2020-09-30": "$281", "2020-06-30": "$344", "2020-03-31": "$554", "2019-12-31": "$364", "2019-09-30": "$475", "2019-06-30": "$441", "2019-03-31": "$466", "2018-12-31": "$415", "2018-09-30": "$445", "2018-06-30": "$515", "2018-03-31": "$452", "2017-12-31": "$78", "2017-09-30": "$355", "2017-06-30": "$292", "2017-03-31": "$403", "2016-12-31": "$465", "2016-09-30": "$473", "2016-06-30": "$483", "2016-03-31": "$481", "2015-12-31": "$399", "2015-09-30": "$393", "2015-06-30": "$-757", "2015-03-31": "$647", "2014-12-31": "$686", "2014-09-30": "$497", "2014-06-30": "$229", "2014-03-31": "$316", "2013-12-31": "$-104", "2013-09-30": "$410", "2013-06-30": "$405", "2013-03-31": "$413", "2012-12-31": "$348", "2012-09-30": "$355", "2012-06-30": "$271", "2012-03-31": "$538", "2011-12-31": "$454", "2011-09-30": "$444", "2011-06-30": "$196", "2011-03-31": "$401", "2010-12-31": "$351", "2010-09-30": "$248", "2010-06-30": "$85", "2010-03-31": "$250", "2009-12-31": "$153", "2009-09-30": "$20", "2009-06-30": "$-7", "2009-03-31": "$241", "2008-12-31": "$277", "2008-09-30": "$203", "2008-06-30": "$190", "2008-03-31": "$260", "2007-12-31": "$418", "2007-09-30": "$322", "2007-06-30": "$345", "2007-03-31": "$203", "2006-12-31": "$178", "2006-09-30": "$226", "2006-06-30": "$181", "2006-03-31": "$280", "2005-12-31": "$185", "2005-09-30": "$197", "2005-06-30": "$128", "2005-03-31": "$168"}}, "eps-earnings-per-share-diluted": {"PPL Annual EPS": {"2019": "$2.37", "2018": "$2.58", "2017": "$1.64", "2016": "$2.79", "2015": "$1.01", "2014": "$2.61", "2013": "$1.76", "2012": "$2.60", "2011": "$2.70", "2010": "$2.17", "2009": "$1.08", "2008": "$2.47", "2007": "$3.34", "2006": "$2.24", "2005": "$1.77"}, "PPL Quarterly EPS": {"2020-09-30": "$0.37", "2020-06-30": "$0.45", "2020-03-31": "$0.72", "2019-12-31": "$0.48", "2019-09-30": "$0.65", "2019-06-30": "$0.60", "2019-03-31": "$0.64", "2018-12-31": "$0.58", "2018-09-30": "$0.62", "2018-06-30": "$0.73", "2018-03-31": "$0.65", "2017-12-31": "$0.11", "2017-09-30": "$0.51", "2017-06-30": "$0.43", "2017-03-31": "$0.59", "2016-12-31": "$0.68", "2016-09-30": "$0.69", "2016-06-30": "$0.71", "2016-03-31": "$0.71", "2015-12-31": "$0.60", "2015-09-30": "$0.58", "2015-06-30": "$-1.13", "2015-03-31": "$0.96", "2014-12-31": "$1.04", "2014-09-30": "$0.74", "2014-06-30": "$0.34", "2014-03-31": "$0.49", "2013-12-31": "$-0.14", "2013-09-30": "$0.62", "2013-06-30": "$0.63", "2013-03-31": "$0.65", "2012-12-31": "$0.60", "2012-09-30": "$0.61", "2012-06-30": "$0.46", "2012-03-31": "$0.93", "2011-12-31": "$0.77", "2011-09-30": "$0.76", "2011-06-30": "$0.35", "2011-03-31": "$0.82", "2010-12-31": "$0.78", "2010-09-30": "$0.51", "2010-06-30": "$0.22", "2010-03-31": "$0.66", "2009-12-31": "$0.41", "2009-09-30": "$0.05", "2009-06-30": "$-0.02", "2009-03-31": "$0.64", "2008-12-31": "$0.74", "2008-09-30": "$0.54", "2008-06-30": "$0.50", "2008-03-31": "$0.69", "2007-12-31": "$1.10", "2007-09-30": "$0.84", "2007-06-30": "$0.88", "2007-03-31": "$0.52", "2006-12-31": "$0.46", "2006-09-30": "$0.58", "2006-06-30": "$0.47", "2006-03-31": "$0.73", "2005-12-31": "$0.49", "2005-09-30": "$0.51", "2005-06-30": "$0.33", "2005-03-31": "$0.44"}}, "shares-outstanding": {"PPL Annual Shares Outstanding (Millions of Shares)": {"2019": "737", "2018": "709", "2017": "687", "2016": "680", "2015": "673", "2014": "666", "2013": "663", "2012": "582", "2011": "551", "2010": "432", "2009": "376", "2008": "375", "2007": "383", "2006": "387", "2005": "384"}, "PPL Quarterly Shares Outstanding (Millions of Shares)": {"2020-09-30": "770", "2020-06-30": "769", "2020-03-31": "769", "2019-12-31": "737", "2019-09-30": "731", "2019-06-30": "731", "2019-03-31": "730", "2018-12-31": "709", "2018-09-30": "711", "2018-06-30": "701", "2018-03-31": "695", "2017-12-31": "687", "2017-09-30": "689", "2017-06-30": "686", "2017-03-31": "683", "2016-12-31": "680", "2016-09-30": "680", "2016-06-30": "681", "2016-03-31": "679", "2015-12-31": "673", "2015-09-30": "674", "2015-06-30": "671", "2015-03-31": "669", "2014-12-31": "666", "2014-09-30": "666", "2014-06-30": "666", "2014-03-31": "664", "2013-12-31": "663", "2013-09-30": "664", "2013-06-30": "665", "2013-03-31": "657", "2012-12-31": "582", "2012-09-30": "583", "2012-06-30": "581", "2012-03-31": "580", "2011-12-31": "551", "2011-09-30": "578", "2011-06-30": "562", "2011-03-31": "484", "2010-12-31": "432", "2010-09-30": "483", "2010-06-30": "382", "2010-03-31": "378", "2009-12-31": "376", "2009-09-30": "377", "2009-06-30": "376", "2009-03-31": "375", "2008-12-31": "375", "2008-09-30": "375", "2008-06-30": "375", "2008-03-31": "375", "2007-12-31": "383", "2007-09-30": "385", "2007-06-30": "390", "2007-03-31": "389", "2006-12-31": "387", "2006-09-30": "388", "2006-06-30": "386", "2006-03-31": "386", "2005-12-31": "384", "2005-09-30": "386", "2005-06-30": "383", "2005-03-31": "381"}}, "total-assets": {"PPL Annual Total Assets (Millions of US $)": {"2019": "$45,680", "2018": "$43,396", "2017": "$41,479", "2016": "$38,315", "2015": "$39,301", "2014": "$48,606", "2013": "$46,259", "2012": "$43,634", "2011": "$42,648", "2010": "$32,837", "2009": "$22,165", "2008": "$21,405", "2007": "$19,972", "2006": "$19,747", "2005": "$17,926"}, "PPL Quarterly Total Assets (Millions of US $)": {"2020-09-30": "$47,924", "2020-06-30": "$46,520", "2020-03-31": "$46,328", "2019-12-31": "$45,680", "2019-09-30": "$44,559", "2019-06-30": "$44,204", "2019-03-31": "$44,567", "2018-12-31": "$43,396", "2018-09-30": "$43,042", "2018-06-30": "$42,830", "2018-03-31": "$42,388", "2017-12-31": "$41,479", "2017-09-30": "$40,758", "2017-06-30": "$39,964", "2017-03-31": "$39,034", "2016-12-31": "$38,315", "2016-09-30": "$38,038", "2016-06-30": "$39,528", "2016-03-31": "$38,709", "2015-12-31": "$39,301", "2015-09-30": "$39,246", "2015-06-30": "$38,244", "2015-03-31": "$48,921", "2014-12-31": "$48,606", "2014-09-30": "$48,189", "2014-06-30": "$48,193", "2014-03-31": "$47,973", "2013-12-31": "$46,259", "2013-09-30": "$44,988", "2013-06-30": "$43,746", "2013-03-31": "$43,341", "2012-12-31": "$43,634", "2012-09-30": "$43,240", "2012-06-30": "$43,508", "2012-03-31": "$44,082", "2011-12-31": "$42,648", "2011-09-30": "$40,956", "2011-06-30": "$40,537", "2011-03-31": "$32,741", "2010-12-31": "$32,837", "2010-09-30": "$26,728", "2010-06-30": "$25,913", "2010-03-31": "$24,935", "2009-12-31": "$22,165", "2009-09-30": "$21,944", "2009-06-30": "$22,410", "2009-03-31": "$21,790", "2008-12-31": "$21,405", "2008-09-30": "$20,506", "2008-06-30": "$23,901", "2008-03-31": "$21,055", "2007-12-31": "$19,972", "2007-09-30": "$19,825", "2007-06-30": "$20,006", "2007-03-31": "$20,107", "2006-12-31": "$19,747", "2006-09-30": "$18,857", "2006-06-30": "$18,339", "2006-03-31": "$17,892", "2005-12-31": "$17,926", "2005-09-30": "$17,763", "2005-06-30": "$17,427", "2005-03-31": "$18,178"}}, "cash-on-hand": {"PPL Annual Cash on Hand (Millions of US $)": {"2019": "$815", "2018": "$621", "2017": "$485", "2016": "$341", "2015": "$836", "2014": "$1,519", "2013": "$1,185", "2012": "$955", "2011": "$1,370", "2010": "$1,116", "2009": "$906", "2008": "$1,570", "2007": "$741", "2006": "$1,255", "2005": "$711"}, "PPL Quarterly Cash on Hand (Millions of US $)": {"2020-09-30": "$746", "2020-06-30": "$1,278", "2020-03-31": "$915", "2019-12-31": "$815", "2019-09-30": "$670", "2019-06-30": "$406", "2019-03-31": "$518", "2018-12-31": "$621", "2018-09-30": "$842", "2018-06-30": "$852", "2018-03-31": "$629", "2017-12-31": "$485", "2017-09-30": "$676", "2017-06-30": "$467", "2017-03-31": "$409", "2016-12-31": "$341", "2016-09-30": "$416", "2016-06-30": "$492", "2016-03-31": "$814", "2015-12-31": "$836", "2015-09-30": "$981", "2015-06-30": "$846", "2015-03-31": "$1,660", "2014-12-31": "$1,519", "2014-09-30": "$1,462", "2014-06-30": "$1,601", "2014-03-31": "$1,672", "2013-12-31": "$1,185", "2013-09-30": "$1,343", "2013-06-30": "$795", "2013-03-31": "$972", "2012-12-31": "$955", "2012-09-30": "$1,034", "2012-06-30": "$1,082", "2012-03-31": "$1,275", "2011-12-31": "$1,370", "2011-09-30": "$1,589", "2011-06-30": "$1,312", "2011-03-31": "$1,278", "2010-12-31": "$1,116", "2010-09-30": "$4,885", "2010-06-30": "$4,535", "2010-03-31": "$1,960", "2009-12-31": "$906", "2009-09-30": "$847", "2009-06-30": "$1,104", "2009-03-31": "$945", "2008-12-31": "$1,570", "2008-09-30": "$757", "2008-06-30": "$1,044", "2008-03-31": "$873", "2007-12-31": "$741", "2007-09-30": "$882", "2007-06-30": "$1,093", "2007-03-31": "$1,415", "2006-12-31": "$1,255", "2006-09-30": "$888", "2006-06-30": "$569", "2006-03-31": "$438", "2005-12-31": "$711", "2005-09-30": "$321", "2005-06-30": "$481", "2005-03-31": "$807"}}, "long-term-debt": {"PPL Annual Long Term Debt (Millions of US $)": {"2019": "$20,721", "2018": "$20,069", "2017": "$19,847", "2016": "$17,808", "2015": "$18,563", "2014": "$17,054", "2013": "$20,592", "2012": "$18,725", "2011": "$17,993", "2010": "$12,161", "2009": "$7,143", "2008": "$7,142", "2007": "$6,890", "2006": "$6,728", "2005": "$6,044"}, "PPL Quarterly Long Term Debt (Millions of US $)": {"2020-09-30": "$21,243", "2020-06-30": "$21,098", "2020-03-31": "$20,670", "2019-12-31": "$20,721", "2019-09-30": "$21,547", "2019-06-30": "$20,965", "2019-03-31": "$21,114", "2018-12-31": "$20,069", "2018-09-30": "$19,924", "2018-06-30": "$20,217", "2018-03-31": "$20,214", "2017-12-31": "$19,847", "2017-09-30": "$19,110", "2017-06-30": "$18,397", "2017-03-31": "$17,958", "2016-12-31": "$17,808", "2016-09-30": "$18,069", "2016-06-30": "$18,949", "2016-03-31": "$18,074", "2015-12-31": "$18,563", "2015-09-30": "$17,745", "2015-06-30": "$17,103", "2015-03-31": "$18,772", "2014-12-31": "$17,054", "2014-09-30": "$20,522", "2014-06-30": "$20,819", "2014-03-31": "$20,514", "2013-12-31": "$20,592", "2013-09-30": "$19,092", "2013-06-30": "$18,875", "2013-03-31": "$18,881", "2012-12-31": "$18,725", "2012-09-30": "$18,711", "2012-06-30": "$18,698", "2012-03-31": "$18,076", "2011-12-31": "$17,993", "2011-09-30": "$17,675", "2011-06-30": "$17,532", "2011-03-31": "$12,247", "2010-12-31": "$12,161", "2010-09-30": "$8,839", "2010-06-30": "$8,711", "2010-03-31": "$7,652", "2009-12-31": "$7,143", "2009-09-30": "$7,250", "2009-06-30": "$7,224", "2009-03-31": "$6,781", "2008-12-31": "$7,142", "2008-09-30": "$6,714", "2008-06-30": "$7,019", "2008-03-31": "$7,067", "2007-12-31": "$6,890", "2007-09-30": "$7,171", "2007-06-30": "$6,841", "2007-03-31": "$6,933", "2006-12-31": "$6,728", "2006-09-30": "$6,105", "2006-06-30": "$6,008", "2006-03-31": "$5,954", "2005-12-31": "$6,044", "2005-09-30": "$5,968", "2005-06-30": "$6,151", "2005-03-31": "$6,639"}}, "total-liabilities": {"PPL Annual Total Liabilities (Millions of US $)": {"2019": "$32,689", "2018": "$31,739", "2017": "$30,718", "2016": "$28,416", "2015": "$29,382", "2014": "$34,978", "2013": "$33,793", "2012": "$33,136", "2011": "$31,552", "2010": "$24,359", "2009": "$16,350", "2008": "$16,328", "2007": "$14,416", "2006": "$14,625", "2005": "$13,508"}, "PPL Quarterly Total Liabilities (Millions of US $)": {"2020-09-30": "$34,238", "2020-06-30": "$33,476", "2020-03-31": "$33,087", "2019-12-31": "$32,689", "2019-09-30": "$32,657", "2019-06-30": "$32,221", "2019-03-31": "$32,395", "2018-12-31": "$31,739", "2018-09-30": "$31,259", "2018-06-30": "$31,590", "2018-03-31": "$31,212", "2017-12-31": "$30,718", "2017-09-30": "$30,066", "2017-06-30": "$29,474", "2017-03-31": "$28,925", "2016-12-31": "$28,416", "2016-09-30": "$28,063", "2016-06-30": "$29,203", "2016-03-31": "$28,947", "2015-12-31": "$29,382", "2015-09-30": "$29,024", "2015-06-30": "$28,303", "2015-03-31": "$34,885", "2014-12-31": "$34,978", "2014-09-30": "$34,215", "2014-06-30": "$34,458", "2014-03-31": "$35,256", "2013-12-31": "$33,793", "2013-09-30": "$32,626", "2013-06-30": "$32,792", "2013-03-31": "$32,799", "2012-12-31": "$33,136", "2012-09-30": "$32,008", "2012-06-30": "$32,528", "2012-03-31": "$32,547", "2011-12-31": "$31,552", "2011-09-30": "$29,840", "2011-06-30": "$29,618", "2011-03-31": "$23,943", "2010-12-31": "$24,359", "2010-09-30": "$18,136", "2010-06-30": "$17,708", "2010-03-31": "$18,724", "2009-12-31": "$16,350", "2009-09-30": "$16,007", "2009-06-30": "$16,572", "2009-03-31": "$16,234", "2008-12-31": "$16,328", "2008-09-30": "$14,922", "2008-06-30": "$18,718", "2008-03-31": "$15,471", "2007-12-31": "$14,416", "2007-09-30": "$14,665", "2007-06-30": "$14,637", "2007-03-31": "$14,834", "2006-12-31": "$14,625", "2006-09-30": "$13,767", "2006-06-30": "$13,449", "2006-03-31": "$13,170", "2005-12-31": "$13,508", "2005-09-30": "$13,458", "2005-06-30": "$13,120", "2005-03-31": "$13,860"}}, "total-share-holder-equity": {"PPL Annual Share Holder Equity (Millions of US $)": {"2019": "$12,991", "2018": "$11,657", "2017": "$10,761", "2016": "$9,899", "2015": "$9,919", "2014": "$13,628", "2013": "$12,466", "2012": "$10,498", "2011": "$11,096", "2010": "$8,478", "2009": "$5,815", "2008": "$5,077", "2007": "$5,556", "2006": "$5,122", "2005": "$4,418"}, "PPL Quarterly Share Holder Equity (Millions of US $)": {"2020-09-30": "$13,686", "2020-06-30": "$13,044", "2020-03-31": "$13,241", "2019-12-31": "$12,991", "2019-09-30": "$11,902", "2019-06-30": "$11,983", "2019-03-31": "$12,172", "2018-12-31": "$11,657", "2018-09-30": "$11,783", "2018-06-30": "$11,240", "2018-03-31": "$11,176", "2017-12-31": "$10,761", "2017-09-30": "$10,692", "2017-06-30": "$10,490", "2017-03-31": "$10,109", "2016-12-31": "$9,899", "2016-09-30": "$9,975", "2016-06-30": "$10,325", "2016-03-31": "$9,762", "2015-12-31": "$9,919", "2015-09-30": "$10,222", "2015-06-30": "$9,941", "2015-03-31": "$14,036", "2014-12-31": "$13,628", "2014-09-30": "$13,974", "2014-06-30": "$13,735", "2014-03-31": "$12,717", "2013-12-31": "$12,466", "2013-09-30": "$12,362", "2013-06-30": "$10,954", "2013-03-31": "$10,542", "2012-12-31": "$10,498", "2012-09-30": "$11,232", "2012-06-30": "$10,980", "2012-03-31": "$11,535", "2011-12-31": "$11,096", "2011-09-30": "$11,116", "2011-06-30": "$10,919", "2011-03-31": "$8,798", "2010-12-31": "$8,478", "2010-09-30": "$8,592", "2010-06-30": "$8,205", "2010-03-31": "$6,211", "2009-12-31": "$5,815", "2009-09-30": "$5,937", "2009-06-30": "$5,838", "2009-03-31": "$5,556", "2008-12-31": "$5,077", "2008-09-30": "$5,584", "2008-06-30": "$5,183", "2008-03-31": "$5,584", "2007-12-31": "$5,556", "2007-09-30": "$5,160", "2007-06-30": "$5,369", "2007-03-31": "$5,273", "2006-12-31": "$5,122", "2006-09-30": "$5,090", "2006-06-30": "$4,890", "2006-03-31": "$4,722", "2005-12-31": "$4,418", "2005-09-30": "$4,305", "2005-06-30": "$4,307", "2005-03-31": "$4,318"}}, "profit-margins": {"current": "21.93%"}, "gross margin": {"2020-09-30": "83.15%", "2020-06-30": "82.85%", "2020-03-31": "82.54%", "2019-12-31": "81.57%", "2019-09-30": "80.77%", "2019-06-30": "80.48%", "2019-03-31": "80.19%", "2018-12-31": "80.17%", "2018-09-30": "80.43%", "2018-06-30": "80.49%", "2018-03-31": "80.41%", "2017-12-31": "80.61%", "2017-09-30": "80.57%", "2017-06-30": "80.24%", "2017-03-31": "80.25%", "2016-12-31": "80.09%", "2016-09-30": "80.11%", "2016-06-30": "79.72%", "2016-03-31": "78.98%", "2015-12-31": "77.60%", "2015-09-30": "63.94%", "2015-06-30": "63.85%", "2015-03-31": "63.92%", "2014-12-31": "75.94%", "2014-09-30": "140.45%", "2014-06-30": "115.00%", "2014-03-31": "92.85%", "2013-12-31": "75.89%", "2013-09-30": "64.47%", "2013-06-30": "66.46%", "2013-03-31": "70.60%", "2012-12-31": "63.80%", "2012-09-30": "59.13%", "2012-06-30": "57.24%", "2012-03-31": "57.18%", "2011-12-31": "59.18%", "2011-09-30": "67.54%", "2011-06-30": "65.71%", "2011-03-31": "63.82%", "2010-12-31": "56.32%", "2010-09-30": "51.10%", "2010-06-30": "49.65%", "2010-03-31": "47.01%", "2009-12-31": "50.33%", "2009-09-30": "48.26%", "2009-06-30": "45.24%", "2009-03-31": "52.28%", "2008-12-31": "58.84%", "2008-09-30": "66.09%", "2008-06-30": "81.85%", "2008-03-31": "75.64%", "2007-12-31": "74.84%", "2007-09-30": "75.31%", "2007-06-30": "74.10%", "2007-03-31": "73.00%", "2006-12-31": "71.68%", "2006-09-30": "73.94%", "2006-06-30": "74.72%", "2006-03-31": "75.36%", "2005-12-31": "74.31%"}, "operating margin": {"2020-09-30": "36.58%", "2020-06-30": "36.86%", "2020-03-31": "37.14%", "2019-12-31": "36.56%", "2019-09-30": "36.16%", "2019-06-30": "35.93%", "2019-03-31": "35.95%", "2018-12-31": "36.63%", "2018-09-30": "37.88%", "2018-06-30": "38.66%", "2018-03-31": "39.28%", "2017-12-31": "38.96%", "2017-09-30": "37.45%", "2017-06-30": "37.91%", "2017-03-31": "38.50%", "2016-12-31": "39.06%", "2016-09-30": "39.53%", "2016-06-30": "38.25%", "2016-03-31": "37.10%", "2015-12-31": "36.91%", "2015-09-30": "33.93%", "2015-06-30": "33.95%", "2015-03-31": "34.14%", "2014-12-31": "36.51%", "2014-09-30": "73.44%", "2014-06-30": "57.08%", "2014-03-31": "43.18%", "2013-12-31": "35.26%", "2013-09-30": "25.20%", "2013-06-30": "25.08%", "2013-03-31": "25.47%", "2012-12-31": "24.94%", "2012-09-30": "24.25%", "2012-06-30": "23.74%", "2012-03-31": "24.01%", "2011-12-31": "24.35%", "2011-09-30": "27.06%", "2011-06-30": "27.16%", "2011-03-31": "26.05%", "2010-12-31": "21.90%", "2010-09-30": "17.24%", "2010-06-30": "13.67%", "2010-03-31": "11.84%", "2009-12-31": "12.03%", "2009-09-30": "14.01%", "2009-06-30": "14.51%", "2009-03-31": "18.85%", "2008-12-31": "21.67%", "2008-09-30": "22.88%", "2008-06-30": "29.87%", "2008-03-31": "27.17%", "2007-12-31": "25.67%", "2007-09-30": "25.55%", "2007-06-30": "23.69%", "2007-03-31": "23.64%", "2006-12-31": "24.61%", "2006-09-30": "25.25%", "2006-06-30": "25.52%", "2006-03-31": "25.25%", "2005-12-31": "22.98%"}, "ebitda margin": {"2020-09-30": "54.09%", "2020-06-30": "54.18%", "2020-03-31": "53.96%", "2019-12-31": "53.03%", "2019-09-30": "52.27%", "2019-06-30": "51.67%", "2019-03-31": "51.31%", "2018-12-31": "51.69%", "2018-09-30": "52.82%", "2018-06-30": "53.48%", "2018-03-31": "54.11%", "2017-12-31": "53.79%", "2017-09-30": "52.10%", "2017-06-30": "51.99%", "2017-03-31": "52.23%", "2016-12-31": "52.44%", "2016-09-30": "52.71%", "2016-06-30": "51.40%", "2016-03-31": "50.01%", "2015-12-31": "49.20%", "2015-09-30": "44.73%", "2015-06-30": "44.80%", "2015-03-31": "43.70%", "2014-12-31": "49.10%", "2014-09-30": "92.95%", "2014-06-30": "73.36%", "2014-03-31": "58.62%", "2013-12-31": "47.78%", "2013-09-30": "36.42%", "2013-06-30": "36.91%", "2013-03-31": "38.02%", "2012-12-31": "35.54%", "2012-09-30": "34.00%", "2012-06-30": "32.79%", "2012-03-31": "33.19%", "2011-12-31": "33.89%", "2011-09-30": "37.79%", "2011-06-30": "37.82%", "2011-03-31": "36.43%", "2010-12-31": "31.05%", "2010-09-30": "26.53%", "2010-06-30": "23.76%", "2010-03-31": "21.92%", "2009-12-31": "23.57%", "2009-09-30": "24.35%", "2009-06-30": "23.54%", "2009-03-31": "28.54%", "2008-12-31": "32.42%", "2008-09-30": "34.92%", "2008-06-30": "44.38%", "2008-03-31": "40.59%", "2007-12-31": "39.46%", "2007-09-30": "39.36%", "2007-06-30": "37.30%", "2007-03-31": "36.95%", "2006-12-31": "36.93%", "2006-09-30": "38.48%", "2006-06-30": "38.75%", "2006-03-31": "38.34%", "2005-12-31": "36.00%"}, "pre tax profit margin": {"2020-09-30": "26.82%", "2020-06-30": "27.99%", "2020-03-31": "29.15%", "2019-12-31": "27.74%", "2019-09-30": "28.64%", "2019-06-30": "28.29%", "2019-03-31": "29.83%", "2018-12-31": "29.35%", "2018-09-30": "29.79%", "2018-06-30": "28.90%", "2018-03-31": "25.57%", "2017-12-31": "25.67%", "2017-09-30": "26.85%", "2017-06-30": "28.59%", "2017-03-31": "32.48%", "2016-12-31": "33.92%", "2016-09-30": "31.95%", "2016-06-30": "31.03%", "2016-03-31": "26.30%", "2015-12-31": "26.97%", "2015-09-30": "26.24%", "2015-06-30": "27.04%", "2015-03-31": "27.68%", "2014-12-31": "27.11%", "2014-09-30": "50.28%", "2014-06-30": "33.76%", "2014-03-31": "26.70%", "2013-12-31": "23.79%", "2013-09-30": "16.85%", "2013-06-30": "16.85%", "2013-03-31": "16.88%", "2012-12-31": "16.56%", "2012-09-30": "17.02%", "2012-06-30": "17.49%", "2012-03-31": "17.07%", "2011-12-31": "17.28%", "2011-09-30": "18.59%", "2011-06-30": "17.96%", "2011-03-31": "17.70%", "2010-12-31": "14.54%", "2010-09-30": "10.99%", "2010-06-30": "8.39%", "2010-03-31": "7.03%", "2009-12-31": "7.22%", "2009-09-30": "9.31%", "2009-06-30": "10.17%", "2009-03-31": "14.22%", "2008-12-31": "16.20%", "2008-09-30": "17.08%", "2008-06-30": "23.27%", "2008-03-31": "21.19%", "2007-12-31": "19.82%", "2007-09-30": "19.41%", "2007-06-30": "17.34%", "2007-03-31": "17.47%", "2006-12-31": "18.33%", "2006-09-30": "18.66%", "2006-06-30": "18.49%", "2006-03-31": "17.62%", "2005-12-31": "14.89%"}, "net profit margin": {"2020-09-30": "20.22%", "2020-06-30": "22.62%", "2020-03-31": "23.68%", "2019-12-31": "22.47%", "2019-09-30": "23.18%", "2019-06-30": "22.97%", "2019-03-31": "23.79%", "2018-12-31": "23.47%", "2018-09-30": "19.17%", "2018-06-30": "18.08%", "2018-03-31": "15.44%", "2017-12-31": "15.15%", "2017-09-30": "20.60%", "2017-06-30": "22.08%", "2017-03-31": "24.46%", "2016-12-31": "25.30%", "2016-09-30": "24.59%", "2016-06-30": "23.56%", "2016-03-31": "6.93%", "2015-12-31": "8.89%", "2015-09-30": "10.99%", "2015-06-30": "12.17%", "2015-03-31": "23.17%", "2014-12-31": "22.01%", "2014-09-30": "29.28%", "2014-06-30": "19.35%", "2014-03-31": "17.12%", "2013-12-31": "15.48%", "2013-09-30": "13.08%", "2013-06-30": "13.37%", "2013-03-31": "13.24%", "2012-12-31": "12.46%", "2012-09-30": "12.18%", "2012-06-30": "12.19%", "2012-03-31": "11.71%", "2011-12-31": "11.74%", "2011-09-30": "13.41%", "2011-06-30": "12.67%", "2011-03-31": "12.88%", "2010-12-31": "10.96%", "2010-09-30": "8.86%", "2010-06-30": "6.42%", "2010-03-31": "5.13%", "2009-12-31": "5.46%", "2009-09-30": "6.52%", "2009-06-30": "7.65%", "2009-03-31": "10.50%", "2008-12-31": "11.84%", "2008-09-30": "15.13%", "2008-06-30": "20.23%", "2008-03-31": "20.88%", "2007-12-31": "19.93%", "2007-09-30": "16.69%", "2007-06-30": "15.62%", "2007-03-31": "13.07%", "2006-12-31": "14.11%", "2006-09-30": "15.59%", "2006-06-30": "14.98%", "2006-03-31": "14.13%", "2005-12-31": "12.24%"}, "pe ratio": {"current": "11.76", "2021-02-05": "13.80", "2020-09-30": "13.28", "2020-06-30": "10.91", "2020-03-31": "9.64", "2019-12-31": "14.29", "2019-09-30": "11.94", "2019-06-30": "11.73", "2019-03-31": "11.25", "2018-12-31": "9.88", "2018-09-30": "12.26", "2018-06-30": "12.45", "2018-03-31": "14.29", "2017-12-31": "15.97", "2017-09-30": "14.37", "2017-06-30": "13.40", "2017-03-31": "11.48", "2016-12-31": "9.90", "2016-09-30": "10.27", "2016-06-30": "11.56", "2016-03-31": "39.88", "2015-12-31": "26.53", "2015-09-30": "17.43", "2015-06-30": "13.89", "2015-03-31": "7.64", "2014-12-31": "9.62", "2014-09-30": "15.93", "2014-06-30": "18.63", "2014-03-31": "14.04", "2013-12-31": "11.44", "2013-09-30": "7.94", "2013-06-30": "7.84", "2013-03-31": "8.60", "2012-12-31": "6.94", "2012-09-30": "6.50", "2012-06-30": "5.83", "2012-03-31": "6.08", "2011-12-31": "6.50", "2011-09-30": "6.35", "2011-06-30": "6.75", "2011-03-31": "6.41", "2010-12-31": "7.07", "2010-09-30": "8.54", "2010-06-30": "10.40", "2010-03-31": "13.90", "2009-12-31": "16.32", "2009-09-30": "11.50", "2009-06-30": "9.16", "2009-03-31": "6.18", "2008-12-31": "6.38", "2008-09-30": "6.49", "2008-06-30": "8.24", "2008-03-31": "6.44", "2007-12-31": "7.62", "2007-09-30": "8.47", "2007-06-30": "9.41", "2007-03-31": "9.81", "2006-12-31": "7.73"}, "price sales": {"2021-02-05": "2.78", "2020-09-30": "2.67", "2020-06-30": "2.45", "2020-03-31": "2.26", "2019-12-31": "3.19", "2019-09-30": "2.75", "2019-06-30": "2.67", "2019-03-31": "2.65", "2018-12-31": "2.29", "2018-09-30": "2.32", "2018-06-30": "2.23", "2018-03-31": "2.20", "2017-12-31": "2.41", "2017-09-30": "2.96", "2017-06-30": "2.95", "2017-03-31": "2.80", "2016-12-31": "2.50", "2016-09-30": "2.52", "2016-06-30": "2.72", "2016-03-31": "2.71", "2015-12-31": "2.32", "2015-09-30": "1.92", "2015-06-30": "1.69", "2015-03-31": "1.77", "2014-12-31": "2.13", "2014-09-30": "4.67", "2014-06-30": "3.63", "2014-03-31": "2.46", "2013-12-31": "1.81", "2013-09-30": "1.05", "2013-06-30": "1.07", "2013-03-31": "1.14", "2012-12-31": "0.86", "2012-09-30": "0.78", "2012-06-30": "0.70", "2012-03-31": "0.70", "2011-12-31": "0.75", "2011-09-30": "0.84", "2011-06-30": "0.84", "2011-03-31": "0.78", "2010-12-31": "0.73", "2010-09-30": "0.74", "2010-06-30": "0.66", "2010-03-31": "0.70", "2009-12-31": "0.88", "2009-09-30": "0.75", "2009-06-30": "0.70", "2009-03-31": "0.65", "2008-12-31": "0.76", "2008-09-30": "1.01", "2008-06-30": "1.71", "2008-03-31": "1.37", "2007-12-31": "1.55", "2007-09-30": "1.42", "2007-06-30": "1.47", "2007-03-31": "1.29", "2006-12-31": "1.10"}, "price book": {"current": "1.57", "2021-02-05": "1.57", "2020-09-30": "1.51", "2020-06-30": "1.48", "2020-03-31": "1.37", "2019-12-31": "2.00", "2019-09-30": "1.78", "2019-06-30": "1.72", "2019-03-31": "1.71", "2018-12-31": "1.57", "2018-09-30": "1.58", "2018-06-30": "1.55", "2018-03-31": "1.52", "2017-12-31": "1.69", "2017-09-30": "2.04", "2017-06-30": "2.09", "2017-03-31": "2.07", "2016-12-31": "1.90", "2016-09-30": "1.89", "2016-06-30": "1.97", "2016-03-31": "2.07", "2015-12-31": "1.80", "2015-09-30": "1.66", "2015-06-30": "1.51", "2015-03-31": "1.12", "2014-12-31": "1.23", "2014-09-30": "1.07", "2014-06-30": "1.16", "2014-03-31": "1.10", "2013-12-31": "1.01", "2013-09-30": "1.01", "2013-06-30": "1.05", "2013-03-31": "1.10", "2012-12-31": "1.00", "2012-09-30": "0.93", "2012-06-30": "0.90", "2012-03-31": "0.86", "2011-12-31": "0.92", "2011-09-30": "0.88", "2011-06-30": "0.86", "2011-03-31": "0.80", "2010-12-31": "0.85", "2010-09-30": "0.86", "2010-06-30": "0.81", "2010-03-31": "0.92", "2009-12-31": "1.13", "2009-09-30": "1.03", "2009-06-30": "1.12", "2009-03-31": "1.02", "2008-12-31": "1.17", "2008-09-30": "1.27", "2008-06-30": "1.91", "2008-03-31": "1.54", "2007-12-31": "1.74", "2007-09-30": "1.67", "2007-06-30": "1.65", "2007-03-31": "1.46", "2006-12-31": "1.31", "2006-09-30": "1.19", "2006-06-30": "1.20", "2006-03-31": "1.12"}, "price fcf": {"2021-02-05": "", "2020-09-30": "$-0.60", "2020-06-30": "$-0.70", "2020-03-31": "$-0.72", "2019-12-31": "$-0.89", "2019-09-30": "$-0.82", "2019-06-30": "$-0.85", "2019-03-31": "$-0.67", "2018-12-31": "$-0.59", "2018-09-30": "$-0.59", "2018-06-30": "$-0.42", "2018-03-31": "$-0.45", "2017-12-31": "$-0.98", "2017-09-30": "$-0.85", "2017-06-30": "$-0.64", "2017-03-31": "$-0.69", "2016-12-31": "$-0.04", "2016-09-30": "$-0.35", "2016-06-30": "$-1.08", "2016-03-31": "$-1.27", "2015-12-31": "$-1.36", "2015-09-30": "$-1.23", "2015-06-30": "$-0.81", "2015-03-31": "$-0.70", "2014-12-31": "$-0.41", "2014-09-30": "$-0.31", "2014-06-30": "$-0.03", "2014-03-31": "$-0.22", "2013-12-31": "$-1.17", "2013-09-30": "$-1.43", "2013-06-30": "$-1.24", "2013-03-31": "$-1.55", "2012-12-31": "$-0.59", "2012-09-30": "$-0.18", "2012-06-30": "$0.44", "2012-03-31": "$1.29", "2011-12-31": "$0.73", "2011-09-30": "$0.46", "2011-06-30": "$0.81", "2011-03-31": "$-0.83", "2010-12-31": "$1.01", "2010-09-30": "$2.02", "2010-06-30": "$1.41", "2010-03-31": "$2.92", "2009-12-31": "$1.67", "2009-09-30": "$1.10", "2009-06-30": "$-0.15", "2009-03-31": "$0.27", "2008-12-31": "$0.46", "2008-09-30": "$-0.08", "2008-06-30": "$0.68", "2008-03-31": "$0.21", "2007-12-31": "$-0.22", "2007-09-30": "$0.26", "2007-06-30": "$0.20", "2007-03-31": "$0.54", "2006-12-31": "$0.94"}, "net worth": {"value": "$21.43B"}, "current ratio": {"current": "0.50", "2020-09-30": "0.50", "2020-06-30": "0.63", "2020-03-31": "0.56", "2019-12-31": "0.57", "2019-09-30": "0.66", "2019-06-30": "0.55", "2019-03-31": "0.60", "2018-12-31": "0.53", "2018-09-30": "0.58", "2018-06-30": "0.59", "2018-03-31": "0.59", "2017-12-31": "0.57", "2017-09-30": "0.56", "2017-06-30": "0.50", "2017-03-31": "0.52", "2016-12-31": "0.54", "2016-09-30": "0.62", "2016-06-30": "0.69", "2016-03-31": "0.67", "2015-12-31": "0.68", "2015-09-30": "0.67", "2015-06-30": "0.64", "2015-03-31": "0.79", "2014-12-31": "0.81", "2014-09-30": "1.06", "2014-06-30": "1.07", "2014-03-31": "0.96", "2013-12-31": "1.05", "2013-09-30": "1.01", "2013-06-30": "0.86", "2013-03-31": "0.88", "2012-12-31": "0.90", "2012-09-30": "1.07", "2012-06-30": "1.16", "2012-03-31": "1.20", "2011-12-31": "1.22", "2011-09-30": "1.19", "2011-06-30": "1.17", "2011-03-31": "1.17", "2010-12-31": "1.19", "2010-09-30": "2.12", "2010-06-30": "2.05", "2010-03-31": "1.25", "2009-12-31": "1.14", "2009-09-30": "1.13", "2009-06-30": "1.06", "2009-03-31": "0.97", "2008-12-31": "1.01", "2008-09-30": "0.96", "2008-06-30": "1.04", "2008-03-31": "1.12", "2007-12-31": "1.10", "2007-09-30": "1.31", "2007-06-30": "1.34", "2007-03-31": "1.41", "2006-12-31": "1.08", "2006-09-30": "1.00", "2006-06-30": "1.02", "2006-03-31": "0.89", "2005-12-31": "0.87", "2005-09-30": "0.88", "2005-06-30": "0.90", "2005-03-31": "0.96"}, "quick ratio": {"2020-09-30": "0.43", "2020-06-30": "0.57", "2020-03-31": "0.50", "2019-12-31": "0.50", "2019-09-30": "0.58", "2019-06-30": "0.48", "2019-03-31": "0.53", "2018-12-31": "0.47", "2018-09-30": "0.51", "2018-06-30": "0.52", "2018-03-31": "0.52", "2017-12-31": "0.49", "2017-09-30": "0.48", "2017-06-30": "0.43", "2017-03-31": "0.45", "2016-12-31": "0.45", "2016-09-30": "0.51", "2016-06-30": "0.59", "2016-03-31": "0.59", "2015-12-31": "0.59", "2015-09-30": "0.60", "2015-06-30": "0.57", "2015-03-31": "0.69", "2014-12-31": "0.76", "2014-09-30": "0.92", "2014-06-30": "0.95", "2014-03-31": "0.86", "2013-12-31": "0.91", "2013-09-30": "0.87", "2013-06-30": "0.75", "2013-03-31": "0.77", "2012-12-31": "0.78", "2012-09-30": "0.93", "2012-06-30": "1.02", "2012-03-31": "1.09", "2011-12-31": "1.10", "2011-09-30": "1.05", "2011-06-30": "1.03", "2011-03-31": "1.05", "2010-12-31": "1.06", "2010-09-30": "2.04", "2010-06-30": "1.96", "2010-03-31": "1.19", "2009-12-31": "1.05", "2009-09-30": "1.04", "2009-06-30": "0.98", "2009-03-31": "0.89", "2008-12-31": "0.94", "2008-09-30": "0.86", "2008-06-30": "0.98", "2008-03-31": "1.04", "2007-12-31": "0.99", "2007-09-30": "1.20", "2007-06-30": "1.23", "2007-03-31": "1.32", "2006-12-31": "0.97", "2006-09-30": "0.89", "2006-06-30": "0.90", "2006-03-31": "0.77", "2005-12-31": "0.76", "2005-09-30": "0.79", "2005-06-30": "0.79", "2005-03-31": "0.87"}, "debt equity ratio": {"current": "1.55", "2020-09-30": "2.50", "2020-06-30": "2.57", "2020-03-31": "2.50", "2019-12-31": "2.52", "2019-09-30": "2.74", "2019-06-30": "2.69", "2019-03-31": "2.66", "2018-12-31": "2.72", "2018-09-30": "2.65", "2018-06-30": "2.81", "2018-03-31": "2.79", "2017-12-31": "2.86", "2017-09-30": "2.81", "2017-06-30": "2.81", "2017-03-31": "2.86", "2016-12-31": "2.87", "2016-09-30": "2.81", "2016-06-30": "2.83", "2016-03-31": "2.97", "2015-12-31": "2.96", "2015-09-30": "2.84", "2015-06-30": "2.85", "2015-03-31": "2.49", "2014-12-31": "2.57", "2014-09-30": "2.45", "2014-06-30": "2.51", "2014-03-31": "2.77", "2013-12-31": "2.71", "2013-09-30": "2.64", "2013-06-30": "2.99", "2013-03-31": "3.11", "2012-12-31": "3.16", "2012-09-30": "2.85", "2012-06-30": "2.96", "2012-03-31": "2.82", "2011-12-31": "2.84", "2011-09-30": "2.68", "2011-06-30": "2.71", "2011-03-31": "2.72", "2010-12-31": "2.87", "2010-09-30": "2.11", "2010-06-30": "2.16", "2010-03-31": "3.02", "2009-12-31": "2.81", "2009-09-30": "2.70", "2009-06-30": "2.84", "2009-03-31": "2.92", "2008-12-31": "3.22", "2008-09-30": "2.67", "2008-06-30": "3.61", "2008-03-31": "2.77", "2007-12-31": "2.60", "2007-09-30": "2.84", "2007-06-30": "2.73", "2007-03-31": "2.81", "2006-12-31": "2.86", "2006-09-30": "2.71", "2006-06-30": "2.75", "2006-03-31": "2.79", "2005-12-31": "3.06", "2005-09-30": "3.13", "2005-06-30": "3.05", "2005-03-31": "3.21"}, "return on equity": {"2020-09-30": "11.65%", "2020-06-30": "13.58%", "2020-03-31": "14.64%", "2019-12-31": "14.24%", "2019-09-30": "15.06%", "2019-06-30": "14.85%", "2019-03-31": "15.72%", "2018-12-31": "15.94%", "2018-09-30": "13.26%", "2018-06-30": "12.77%", "2018-03-31": "10.92%", "2017-12-31": "10.73%", "2017-09-30": "14.71%", "2017-06-30": "16.14%", "2017-03-31": "18.10%", "2016-12-31": "19.04%", "2016-09-30": "18.37%", "2016-06-30": "17.46%", "2016-03-31": "5.18%", "2015-12-31": "6.18%", "2015-09-30": "8.10%", "2015-06-30": "8.32%", "2015-03-31": "14.87%", "2014-12-31": "12.79%", "2014-09-30": "7.09%", "2014-06-30": "6.64%", "2014-03-31": "8.47%", "2013-12-31": "9.71%", "2013-09-30": "14.21%", "2013-06-30": "14.07%", "2013-03-31": "12.83%", "2012-12-31": "13.67%", "2012-09-30": "14.43%", "2012-06-30": "15.27%", "2012-03-31": "14.62%", "2011-12-31": "14.26%", "2011-09-30": "14.16%", "2011-06-30": "13.00%", "2011-03-31": "12.74%", "2010-12-31": "11.87%", "2010-09-30": "10.21%", "2010-06-30": "7.77%", "2010-03-31": "6.99%", "2009-12-31": "7.03%", "2009-09-30": "9.48%", "2009-06-30": "12.95%", "2009-03-31": "17.03%", "2008-12-31": "17.36%", "2008-09-30": "19.56%", "2008-06-30": "22.16%", "2008-03-31": "24.83%", "2007-12-31": "24.12%", "2007-09-30": "20.03%", "2007-06-30": "18.26%", "2007-03-31": "15.47%", "2006-12-31": "17.45%", "2006-09-30": "18.24%", "2006-06-30": "18.39%", "2006-03-31": "17.80%", "2005-12-31": "15.63%"}, "return on assets": {"2020-09-30": "3.31%", "2020-06-30": "3.79%", "2020-03-31": "4.06%", "2019-12-31": "3.90%", "2019-09-30": "4.07%", "2019-06-30": "4.03%", "2019-03-31": "4.24%", "2018-12-31": "4.26%", "2018-09-30": "3.51%", "2018-06-30": "3.34%", "2018-03-31": "2.86%", "2017-12-31": "2.80%", "2017-09-30": "3.83%", "2017-06-30": "4.20%", "2017-03-31": "4.71%", "2016-12-31": "4.92%", "2016-09-30": "4.72%", "2016-06-30": "4.48%", "2016-03-31": "1.33%", "2015-12-31": "1.65%", "2015-09-30": "2.21%", "2015-06-30": "2.33%", "2015-03-31": "4.25%", "2014-12-31": "3.58%", "2014-09-30": "1.97%", "2014-06-30": "1.82%", "2014-03-31": "2.25%", "2013-12-31": "2.52%", "2013-09-30": "3.59%", "2013-06-30": "3.50%", "2013-03-31": "3.19%", "2012-12-31": "3.47%", "2012-09-30": "3.73%", "2012-06-30": "3.99%", "2012-03-31": "3.88%", "2011-12-31": "3.81%", "2011-09-30": "3.79%", "2011-06-30": "3.60%", "2011-03-31": "3.67%", "2010-12-31": "3.38%", "2010-09-30": "2.95%", "2010-06-30": "2.14%", "2010-03-31": "1.82%", "2009-12-31": "1.84%", "2009-09-30": "2.43%", "2009-06-30": "3.32%", "2009-03-31": "4.16%", "2008-12-31": "4.28%", "2008-09-30": "5.01%", "2008-06-30": "5.62%", "2008-03-31": "6.65%", "2007-12-31": "6.45%", "2007-09-30": "5.26%", "2007-06-30": "4.84%", "2007-03-31": "4.09%", "2006-12-31": "4.62%", "2006-09-30": "4.78%", "2006-06-30": "4.69%", "2006-03-31": "4.45%", "2005-12-31": "3.80%"}, "return on investments": {"2020-09-30": "8.17%", "2020-06-30": "8.37%", "2020-03-31": "8.58%", "2019-12-31": "8.52%", "2019-09-30": "8.54%", "2019-06-30": "8.53%", "2019-03-31": "8.68%", "2018-12-31": "9.03%", "2018-09-30": "9.41%", "2018-06-30": "9.72%", "2018-03-31": "9.92%", "2017-12-31": "9.89%", "2017-09-30": "9.62%", "2017-06-30": "9.95%", "2017-03-31": "10.15%", "2016-12-31": "10.41%", "2016-09-30": "10.39%", "2016-06-30": "10.04%", "2016-03-31": "9.93%", "2015-12-31": "9.74%", "2015-09-30": "10.10%", "2015-06-30": "9.58%", "2015-03-31": "9.16%", "2014-12-31": "8.62%", "2014-09-30": "6.95%", "2014-06-30": "7.59%", "2014-03-31": "8.12%", "2013-12-31": "8.28%", "2013-09-30": "10.13%", "2013-06-30": "9.64%", "2013-03-31": "9.02%", "2012-12-31": "10.22%", "2012-09-30": "10.89%", "2012-06-30": "11.35%", "2012-03-31": "11.55%", "2011-12-31": "11.55%", "2011-09-30": "11.36%", "2011-06-30": "11.71%", "2011-03-31": "11.55%", "2010-12-31": "10.84%", "2010-09-30": "9.37%", "2010-06-30": "7.60%", "2010-03-31": "7.24%", "2009-12-31": "6.95%", "2009-09-30": "8.98%", "2009-06-30": "10.85%", "2009-03-31": "13.33%", "2008-12-31": "13.80%", "2008-09-30": "13.07%", "2008-06-30": "14.16%", "2008-03-31": "14.10%", "2007-12-31": "13.49%", "2007-09-30": "13.21%", "2007-06-30": "12.17%", "2007-03-31": "12.35%", "2006-12-31": "13.53%", "2006-09-30": "13.07%", "2006-06-30": "13.58%", "2006-03-31": "13.48%", "2005-12-31": "12.08%"}, "return on tangible equity": {"2020-09-30": "16.58%", "2020-06-30": "19.44%", "2020-03-31": "21.18%", "2019-12-31": "20.84%", "2019-09-30": "22.30%", "2019-06-30": "22.13%", "2019-03-31": "23.72%", "2018-12-31": "24.34%", "2018-09-30": "20.51%", "2018-06-30": "19.92%", "2018-03-31": "17.08%", "2017-12-31": "16.83%", "2017-09-30": "23.18%", "2017-06-30": "25.76%", "2017-03-31": "29.39%", "2016-12-31": "31.48%", "2016-09-30": "30.96%", "2016-06-30": "29.83%", "2016-03-31": "8.94%", "2015-12-31": "10.31%", "2015-09-30": "12.89%", "2015-06-30": "13.01%", "2015-03-31": "23.02%", "2014-12-31": "20.27%", "2014-09-30": "11.69%", "2014-06-30": "11.11%", "2014-03-31": "14.56%", "2013-12-31": "17.05%", "2013-09-30": "25.74%", "2013-06-30": "26.11%", "2013-03-31": "23.84%", "2012-12-31": "25.25%", "2012-09-30": "26.47%", "2012-06-30": "28.32%", "2012-03-31": "27.52%", "2011-12-31": "25.49%", "2011-09-30": "23.91%", "2011-06-30": "19.38%", "2011-03-31": "16.75%", "2010-12-31": "15.12%", "2010-09-30": "12.60%", "2010-06-30": "9.85%", "2010-03-31": "9.15%", "2009-12-31": "9.27%", "2009-09-30": "12.61%", "2009-06-30": "17.33%", "2009-03-31": "23.17%", "2008-12-31": "23.60%", "2008-09-30": "26.26%", "2008-06-30": "29.65%", "2008-03-31": "32.75%", "2007-12-31": "32.00%", "2007-09-30": "27.09%", "2007-06-30": "25.02%", "2007-03-31": "21.58%", "2006-12-31": "24.76%", "2006-09-30": "26.21%", "2006-06-30": "26.95%", "2006-03-31": "26.48%", "2005-12-31": "23.66%"}, "dividend yield history": {"last payout": "$1.66", "last yield": "5.96%"}}