{"ticker": "PRAH", "price": {"title": "PRA Health Sciences Historical Annual Stock Price Data", "value": 121.87, "historical": {"2020": {"Average Stock Price": "101.1525", "Year Open": "110.1000", "Year High": "125.4400", "Year Low": "64.1400", "Year Close": "125.4400", "Annual % Change": "12.86%"}, "2019": {"Average Stock Price": "100.5019", "Year Open": "89.9500", "Year High": "114.2100", "Year Low": "84.9300", "Year Close": "111.1500", "Annual % Change": "20.87%"}, "2018": {"Average Stock Price": "95.0789", "Year Open": "90.7900", "Year High": "116.7400", "Year Low": "79.9500", "Year Close": "91.9600", "Annual % Change": "0.98%"}, "2017": {"Average Stock Price": "71.7966", "Year Open": "55.3700", "Year High": "91.5300", "Year Low": "54.4400", "Year Close": "91.0700", "Annual % Change": "65.22%"}, "2016": {"Average Stock Price": "48.1022", "Year Open": "44.1100", "Year High": "58.3800", "Year Low": "37.7700", "Year Close": "55.1200", "Annual % Change": "21.76%"}, "2015": {"Average Stock Price": "35.4979", "Year Open": "23.5200", "Year High": "49.2400", "Year Low": "22.7200", "Year Close": "45.2700", "Annual % Change": "86.91%"}, "2014": {"Average Stock Price": "22.5367", "Year Open": "19.6200", "Year High": "25.5000", "Year Low": "19.6200", "Year Close": "24.2200", "Annual % Change": "0.00%"}}}, "market cap": {"value": "$7.82B"}, "income statement": {"Revenue": {"2019-12-31": "3066.26200", "2018-12-31": "2871.92200", "2017-12-31": "2259.38900", "2016-12-31": "1811.71100", "2015-12-31": "1613.88300", "2014-12-31": "1459.58600", "2013-12-31": "991.28600", "2012-12-31": "699.73600"}, "Cost Of Goods Sold": {"2019-12-31": "2189.62100", "2018-12-31": "2070.63100", "2017-12-31": "1594.88300", "2016-12-31": "1264.37600", "2015-12-31": "1124.56400", "2014-12-31": "1052.20800", "2013-12-31": "685.26300", "2012-12-31": "461.23600"}, "Gross Profit": {"2019-12-31": "876.64090", "2018-12-31": "801.29130", "2017-12-31": "664.50590", "2016-12-31": "547.33510", "2015-12-31": "489.31910", "2014-12-31": "407.37810", "2013-12-31": "306.02300", "2012-12-31": "238.50000"}, "Research And Development Expenses": {"2019-12-31": "", "2018-12-31": "", "2017-12-31": "", "2016-12-31": "", "2015-12-31": "", "2014-12-31": "", "2013-12-31": "", "2012-12-31": ""}, "SG&A Expenses": {"2019-12-31": "394.92500", "2018-12-31": "371.79500", "2017-12-31": "321.98700", "2016-12-31": "269.89300", "2015-12-31": "246.41700", "2014-12-31": "253.97000", "2013-12-31": "212.61000", "2012-12-31": "160.64300"}, "Other Operating Income Or Expenses": {"2019-12-31": "-2.89300", "2018-12-31": "-35.93700", "2017-12-31": "-88.06700", "2016-12-31": "-45.58700", "2015-12-31": "-0.65200", "2014-12-31": "-0.00500", "2013-12-31": "-76.89100", "2012-12-31": "-1.56000"}, "Operating Expenses": {"2019-12-31": "2702.33700", "2018-12-31": "2590.61000", "2017-12-31": "2083.16400", "2016-12-31": "1649.36200", "2015-12-31": "1449.58500", "2014-12-31": "1402.74700", "2013-12-31": "1025.24100", "2012-12-31": "654.12600"}, "Operating Income": {"2019-12-31": "363.92480", "2018-12-31": "281.31230", "2017-12-31": "176.22490", "2016-12-31": "162.34910", "2015-12-31": "164.29810", "2014-12-31": "56.83910", "2013-12-31": "-33.95500", "2012-12-31": "45.61000"}, "Total Non-Operating Income/Expense": {"2019-12-31": "-57.99800", "2018-12-31": "-59.76500", "2017-12-31": "-101.67800", "2016-12-31": "-68.45500", "2015-12-31": "-49.13300", "2014-12-31": "-98.69100", "2013-12-31": "-92.41900", "2012-12-31": "-50.16400"}, "Pre-Tax Income": {"2019-12-31": "305.92700", "2018-12-31": "221.54700", "2017-12-31": "74.54700", "2016-12-31": "93.89400", "2015-12-31": "115.16500", "2014-12-31": "-41.85200", "2013-12-31": "-126.37400", "2012-12-31": "-4.55400"}, "Income Taxes": {"2019-12-31": "62.80800", "2018-12-31": "67.23200", "2017-12-31": "-12.62300", "2016-12-31": "28.49400", "2015-12-31": "30.00400", "2014-12-31": "-8.15400", "2013-12-31": "-39.26500", "2012-12-31": "-1.84700"}, "Income After Taxes": {"2019-12-31": "243.11900", "2018-12-31": "154.31500", "2017-12-31": "87.17000", "2016-12-31": "65.40000", "2015-12-31": "85.16100", "2014-12-31": "-33.69800", "2013-12-31": "-87.10900", "2012-12-31": "-2.70700"}, "Other Income": {"2019-12-31": "", "2018-12-31": "", "2017-12-31": "", "2016-12-31": "", "2015-12-31": "", "2014-12-31": "", "2013-12-31": "", "2012-12-31": ""}, "Income From Continuous Operations": {"2019-12-31": "243.11900", "2018-12-31": "154.45800", "2017-12-31": "87.29300", "2016-12-31": "68.17500", "2015-12-31": "81.76500", "2014-12-31": "-35.74200", "2013-12-31": "-88.33300", "2012-12-31": "-2.70700"}, "Income From Discontinued Operations": {"2019-12-31": "", "2018-12-31": "", "2017-12-31": "", "2016-12-31": "", "2015-12-31": "", "2014-12-31": "", "2013-12-31": "", "2012-12-31": ""}, "Net Income": {"2019-12-31": "243.02000", "2018-12-31": "153.90500", "2017-12-31": "86.92700", "2016-12-31": "68.17500", "2015-12-31": "81.76500", "2014-12-31": "-35.74200", "2013-12-31": "-88.33300", "2012-12-31": "-2.70700"}, "EBITDA": {"2019-12-31": "487.17480", "2018-12-31": "402.81630", "2017-12-31": "263.24380", "2016-12-31": "241.24910", "2015-12-31": "248.96410", "2014-12-31": "159.14010", "2013-12-31": "20.04600", "2012-12-31": "80.62100"}, "EBIT": {"2019-12-31": "363.92480", "2018-12-31": "281.31230", "2017-12-31": "176.22490", "2016-12-31": "162.34910", "2015-12-31": "164.29810", "2014-12-31": "56.83910", "2013-12-31": "-33.95500", "2012-12-31": "45.61000"}, "Basic Shares Outstanding": {"2019-12-31": "64.50600", "2018-12-31": "64.12300", "2017-12-31": "62.43700", "2016-12-31": "60.75900", "2015-12-31": "59.96500", "2014-12-31": "42.89700", "2013-12-31": "39.33700", "2012-12-31": "39.64100"}, "Shares Outstanding": {"2019-12-31": "66.00400", "2018-12-31": "66.34100", "2017-12-31": "65.77300", "2016-12-31": "64.45200", "2015-12-31": "63.20700", "2014-12-31": "42.89700", "2013-12-31": "39.33700", "2012-12-31": "39.64100"}, "Basic EPS": {"2019-12-31": "3.77000", "2018-12-31": "2.40000", "2017-12-31": "1.39000", "2016-12-31": "1.12000", "2015-12-31": "1.36000", "2014-12-31": "-0.83000", "2013-12-31": "-2.25000", "2012-12-31": "-0.07000"}, "EPS - Earnings Per Share": {"2019-12-31": "3.68000", "2018-12-31": "2.32000", "2017-12-31": "1.32000", "2016-12-31": "1.06000", "2015-12-31": "1.29000", "2014-12-31": "-0.83000", "2013-12-31": "-2.25000", "2012-12-31": "-0.07000"}}, "income statement, quarterly": {"Revenue": {"2020-09-30": "796.30700", "2020-06-30": "729.89100", "2020-03-31": "783.70800", "2019-12-31": "800.24000", "2019-09-30": "780.69100", "2019-06-30": "763.30900", "2019-03-31": "722.02200", "2018-12-31": "729.64810", "2018-09-30": "717.59600", "2018-06-30": "722.84100", "2018-03-31": "701.83700", "2017-12-31": "655.89590", "2017-09-30": "582.00900", "2017-06-30": "533.72400", "2017-03-31": "487.76000", "2016-12-31": "472.38610", "2016-09-30": "453.25500", "2016-06-30": "455.84700", "2016-03-31": "430.22300", "2015-12-31": "428.94700", "2015-09-30": "403.51000", "2015-06-30": "392.84800", "2015-03-31": "388.57800", "2014-12-31": "369.96400", "2014-09-30": "377.33700", "2014-06-30": "357.54500", "2014-03-31": "354.74000", "2013-12-31": "", "2013-09-30": "227.79200", "2013-06-30": "219.62900", "2012-12-31": ""}, "Cost Of Goods Sold": {"2020-09-30": "568.46500", "2020-06-30": "543.60600", "2020-03-31": "580.70300", "2019-12-31": "564.49810", "2019-09-30": "559.26900", "2019-06-30": "547.34600", "2019-03-31": "518.50800", "2018-12-31": "505.22990", "2018-09-30": "514.13900", "2018-06-30": "528.82200", "2018-03-31": "522.44000", "2017-12-31": "455.97410", "2017-09-30": "414.32400", "2017-06-30": "376.39300", "2017-03-31": "348.19200", "2016-12-31": "333.12800", "2016-09-30": "313.32400", "2016-06-30": "316.53400", "2016-03-31": "301.39000", "2015-12-31": "301.56400", "2015-09-30": "271.22200", "2015-06-30": "276.20700", "2015-03-31": "275.57100", "2014-12-31": "261.14800", "2014-09-30": "273.02000", "2014-06-30": "259.50100", "2014-03-31": "258.53900", "2013-12-31": "", "2013-09-30": "155.20100", "2013-06-30": "146.23800", "2012-12-31": ""}, "Gross Profit": {"2020-09-30": "227.84200", "2020-06-30": "186.28500", "2020-03-31": "203.00500", "2019-12-31": "235.74190", "2019-09-30": "221.42200", "2019-06-30": "215.96300", "2019-03-31": "203.51400", "2018-12-31": "224.41820", "2018-09-30": "203.45700", "2018-06-30": "194.01900", "2018-03-31": "179.39700", "2017-12-31": "199.92180", "2017-09-30": "167.68500", "2017-06-30": "157.33100", "2017-03-31": "139.56800", "2016-12-31": "139.25810", "2016-09-30": "139.93100", "2016-06-30": "139.31300", "2016-03-31": "128.83300", "2015-12-31": "127.38300", "2015-09-30": "132.28800", "2015-06-30": "116.64100", "2015-03-31": "113.00700", "2014-12-31": "108.81600", "2014-09-30": "104.31700", "2014-06-30": "98.04400", "2014-03-31": "96.20100", "2013-12-31": "", "2013-09-30": "72.59100", "2013-06-30": "73.39100", "2012-12-31": ""}, "Research And Development Expenses": {"2020-09-30": "", "2020-06-30": "", "2020-03-31": "", "2019-12-31": "", "2019-09-30": "", "2019-06-30": "", "2019-03-31": "", "2018-12-31": "", "2018-09-30": "", "2018-06-30": "", "2018-03-31": "", "2017-12-31": "", "2017-09-30": "", "2017-06-30": "", "2017-03-31": "", "2016-12-31": "", "2016-09-30": "", "2016-06-30": "", "2016-03-31": "", "2015-12-31": "", "2015-09-30": "", "2015-06-30": "", "2015-03-31": "", "2014-12-31": "", "2014-09-30": "", "2014-06-30": "", "2014-03-31": "", "2013-12-31": "", "2013-09-30": "", "2013-06-30": "", "2012-12-31": ""}, "SG&A Expenses": {"2020-09-30": "115.40900", "2020-06-30": "109.98000", "2020-03-31": "106.95700", "2019-12-31": "103.48400", "2019-09-30": "95.54200", "2019-06-30": "98.80400", "2019-03-31": "97.09500", "2018-12-31": "96.37100", "2018-09-30": "92.55300", "2018-06-30": "91.16900", "2018-03-31": "91.70200", "2017-12-31": "92.21700", "2017-09-30": "79.30700", "2017-06-30": "76.19500", "2017-03-31": "74.26800", "2016-12-31": "70.24500", "2016-09-30": "67.19000", "2016-06-30": "68.46800", "2016-03-31": "63.99000", "2015-12-31": "63.58600", "2015-09-30": "63.09100", "2015-06-30": "58.90500", "2015-03-31": "60.83500", "2014-12-31": "73.68900", "2014-09-30": "63.43200", "2014-06-30": "56.01000", "2014-03-31": "60.83900", "2013-12-31": "", "2013-09-30": "50.73500", "2013-06-30": "44.79800", "2012-12-31": ""}, "Other Operating Income Or Expenses": {"2020-09-30": "45.04200", "2020-06-30": "-0.19400", "2020-03-31": "-0.59000", "2019-12-31": "-1.42200", "2019-09-30": "-0.82800", "2019-06-30": "-0.55500", "2019-03-31": "-0.08800", "2018-12-31": "-3.20700", "2018-09-30": "-43.82200", "2018-06-30": "-0.50000", "2018-03-31": "11.59200", "2017-12-31": "-76.01100", "2017-09-30": "-11.74900", "2017-06-30": "-0.18500", "2017-03-31": "-0.12200", "2016-12-31": "-13.51200", "2016-09-30": "-0.21900", "2016-06-30": "-2.91200", "2016-03-31": "-28.94400", "2015-12-31": "-0.20100", "2015-09-30": "-0.25600", "2015-06-30": "-0.19500", "2015-03-31": "0.00000", "2014-12-31": "0.00300", "2014-09-30": "-0.00800", "2014-06-30": "0.00000", "2014-03-31": "", "2013-12-31": "", "2013-09-30": "-73.96300", "2013-06-30": "", "2012-12-31": ""}, "Operating Expenses": {"2020-09-30": "672.14700", "2020-06-30": "686.26500", "2020-03-31": "720.52800", "2019-12-31": "698.83920", "2019-09-30": "684.90300", "2019-06-30": "675.29600", "2019-03-31": "643.29900", "2018-12-31": "632.89180", "2018-09-30": "678.78400", "2018-06-30": "649.04500", "2018-03-31": "629.88900", "2017-12-31": "652.28300", "2017-09-30": "524.23300", "2017-06-30": "468.87400", "2017-03-31": "437.77400", "2016-12-31": "434.14490", "2016-09-30": "398.44100", "2016-06-30": "405.49900", "2016-03-31": "411.27700", "2015-12-31": "385.08600", "2015-09-30": "354.33100", "2015-06-30": "354.52700", "2015-03-31": "355.64100", "2014-12-31": "358.25900", "2014-09-30": "360.36300", "2014-06-30": "340.10900", "2014-03-31": "344.01600", "2013-12-31": "", "2013-09-30": "291.50600", "2013-06-30": "200.40400", "2012-12-31": ""}, "Operating Income": {"2020-09-30": "124.16000", "2020-06-30": "43.62600", "2020-03-31": "63.18000", "2019-12-31": "101.40080", "2019-09-30": "95.78800", "2019-06-30": "88.01300", "2019-03-31": "78.72300", "2018-12-31": "96.75630", "2018-09-30": "38.81200", "2018-06-30": "73.79600", "2018-03-31": "71.94790", "2017-12-31": "3.61290", "2017-09-30": "57.77590", "2017-06-30": "64.85000", "2017-03-31": "49.98600", "2016-12-31": "38.24120", "2016-09-30": "54.81400", "2016-06-30": "50.34800", "2016-03-31": "18.94600", "2015-12-31": "43.86110", "2015-09-30": "49.17900", "2015-06-30": "38.32100", "2015-03-31": "32.93700", "2014-12-31": "11.70500", "2014-09-30": "16.97400", "2014-06-30": "17.43600", "2014-03-31": "10.72400", "2013-12-31": "", "2013-09-30": "-63.71400", "2013-06-30": "19.22500", "2012-12-31": ""}, "Total Non-Operating Income/Expense": {"2020-09-30": "-19.85000", "2020-06-30": "-22.64000", "2020-03-31": "-5.64900", "2019-12-31": "-20.10900", "2019-09-30": "-9.40600", "2019-06-30": "-22.15400", "2019-03-31": "-6.32900", "2018-12-31": "-13.83400", "2018-09-30": "-16.75400", "2018-06-30": "-14.07000", "2018-03-31": "-15.10700", "2017-12-31": "-32.29700", "2017-09-30": "-27.43500", "2017-06-30": "-25.02500", "2017-03-31": "-16.92100", "2016-12-31": "-13.62400", "2016-09-30": "-12.57700", "2016-06-30": "-2.61300", "2016-03-31": "-39.64100", "2015-12-31": "-10.35900", "2015-09-30": "-12.50500", "2015-06-30": "-19.47800", "2015-03-31": "-6.79100", "2014-12-31": "-35.02300", "2014-09-30": "-10.42600", "2014-06-30": "-26.32100", "2014-03-31": "-26.92100", "2013-12-31": "", "2013-09-30": "-45.84200", "2013-06-30": "-13.79400", "2012-12-31": ""}, "Pre-Tax Income": {"2020-09-30": "104.31000", "2020-06-30": "20.98600", "2020-03-31": "57.53100", "2019-12-31": "81.29200", "2019-09-30": "86.38200", "2019-06-30": "65.85900", "2019-03-31": "72.39400", "2018-12-31": "82.92200", "2018-09-30": "22.05800", "2018-06-30": "59.72600", "2018-03-31": "56.84100", "2017-12-31": "-28.68400", "2017-09-30": "30.34100", "2017-06-30": "39.82500", "2017-03-31": "33.06500", "2016-12-31": "24.61700", "2016-09-30": "42.23700", "2016-06-30": "47.73500", "2016-03-31": "-20.69500", "2015-12-31": "33.50200", "2015-09-30": "36.67400", "2015-06-30": "18.84300", "2015-03-31": "26.14600", "2014-12-31": "-23.31800", "2014-09-30": "6.54800", "2014-06-30": "-8.88500", "2014-03-31": "-16.19700", "2013-12-31": "", "2013-09-30": "-109.55600", "2013-06-30": "5.43100", "2012-12-31": ""}, "Income Taxes": {"2020-09-30": "13.05800", "2020-06-30": "7.11200", "2020-03-31": "16.87100", "2019-12-31": "6.49100", "2019-09-30": "3.37500", "2019-06-30": "24.80400", "2019-03-31": "28.13800", "2018-12-31": "11.84000", "2018-09-30": "20.24800", "2018-06-30": "17.49000", "2018-03-31": "17.65400", "2017-12-31": "-12.45800", "2017-09-30": "-18.24100", "2017-06-30": "10.19300", "2017-03-31": "7.88300", "2016-12-31": "10.62500", "2016-09-30": "10.82100", "2016-06-30": "12.31200", "2016-03-31": "-5.26400", "2015-12-31": "5.66300", "2015-09-30": "10.69600", "2015-06-30": "5.62300", "2015-03-31": "8.02200", "2014-12-31": "-1.53400", "2014-09-30": "4.89900", "2014-06-30": "-5.18600", "2014-03-31": "-6.33300", "2013-12-31": "", "2013-09-30": "-26.52900", "2013-06-30": "0.41600", "2012-12-31": ""}, "Income After Taxes": {"2020-09-30": "91.25200", "2020-06-30": "13.87400", "2020-03-31": "40.66000", "2019-12-31": "74.80100", "2019-09-30": "83.00700", "2019-06-30": "41.05500", "2019-03-31": "44.25600", "2018-12-31": "71.08200", "2018-09-30": "1.81000", "2018-06-30": "42.23600", "2018-03-31": "39.18700", "2017-12-31": "-16.22600", "2017-09-30": "48.58200", "2017-06-30": "29.63200", "2017-03-31": "25.18200", "2016-12-31": "13.99200", "2016-09-30": "31.41600", "2016-06-30": "35.42300", "2016-03-31": "-15.43100", "2015-12-31": "27.83900", "2015-09-30": "25.97800", "2015-06-30": "13.22000", "2015-03-31": "18.12400", "2014-12-31": "-21.78400", "2014-09-30": "1.64900", "2014-06-30": "-3.69900", "2014-03-31": "-9.86400", "2013-12-31": "", "2013-09-30": "-83.02700", "2013-06-30": "5.01500", "2012-12-31": ""}, "Other Income": {"2020-09-30": "", "2020-06-30": "", "2020-03-31": "", "2019-12-31": "", "2019-09-30": "", "2019-06-30": "", "2019-03-31": "", "2018-12-31": "", "2018-09-30": "", "2018-06-30": "", "2018-03-31": "", "2017-12-31": "", "2017-09-30": "", "2017-06-30": "", "2017-03-31": "", "2016-12-31": "", "2016-09-30": "", "2016-06-30": "", "2016-03-31": "", "2015-12-31": "", "2015-09-30": "", "2015-06-30": "", "2015-03-31": "", "2014-12-31": "", "2014-09-30": "", "2014-06-30": "", "2014-03-31": "", "2013-12-31": "", "2013-09-30": "", "2013-06-30": "", "2012-12-31": ""}, "Income From Continuous Operations": {"2020-09-30": "91.25200", "2020-06-30": "13.87400", "2020-03-31": "40.66000", "2019-12-31": "74.80100", "2019-09-30": "83.00700", "2019-06-30": "41.05500", "2019-03-31": "44.25600", "2018-12-31": "71.10700", "2018-09-30": "1.85400", "2018-06-30": "42.28200", "2018-03-31": "39.21500", "2017-12-31": "-16.19500", "2017-09-30": "48.60600", "2017-06-30": "29.65800", "2017-03-31": "25.22400", "2016-12-31": "14.02500", "2016-09-30": "31.44900", "2016-06-30": "38.67000", "2016-03-31": "-15.96900", "2015-12-31": "28.50400", "2015-09-30": "23.65900", "2015-06-30": "12.41500", "2015-03-31": "17.18700", "2014-12-31": "-22.82000", "2014-09-30": "1.17500", "2014-06-30": "-4.05600", "2014-03-31": "-10.04100", "2013-12-31": "", "2013-09-30": "-83.42400", "2013-06-30": "4.80700", "2012-12-31": ""}, "Income From Discontinued Operations": {"2020-09-30": "", "2020-06-30": "", "2020-03-31": "", "2019-12-31": "", "2019-09-30": "", "2019-06-30": "", "2019-03-31": "", "2018-12-31": "", "2018-09-30": "", "2018-06-30": "", "2018-03-31": "", "2017-12-31": "", "2017-09-30": "", "2017-06-30": "", "2017-03-31": "", "2016-12-31": "", "2016-09-30": "", "2016-06-30": "", "2016-03-31": "", "2015-12-31": "", "2015-09-30": "", "2015-06-30": "", "2015-03-31": "", "2014-12-31": "", "2014-09-30": "", "2014-06-30": "", "2014-03-31": "", "2013-12-31": "", "2013-09-30": "", "2013-06-30": "", "2012-12-31": ""}, "Net Income": {"2020-09-30": "91.25200", "2020-06-30": "13.87400", "2020-03-31": "40.66000", "2019-12-31": "74.80100", "2019-09-30": "83.00700", "2019-06-30": "41.12800", "2019-03-31": "44.08400", "2018-12-31": "71.45200", "2018-09-30": "1.49500", "2018-06-30": "41.97700", "2018-03-31": "38.98100", "2017-12-31": "-16.04800", "2017-09-30": "48.20500", "2017-06-30": "29.54600", "2017-03-31": "25.22400", "2016-12-31": "14.02500", "2016-09-30": "31.44900", "2016-06-30": "38.67000", "2016-03-31": "-15.96900", "2015-12-31": "28.50400", "2015-09-30": "23.65900", "2015-06-30": "12.41500", "2015-03-31": "17.18700", "2014-12-31": "-22.82000", "2014-09-30": "1.17500", "2014-06-30": "-4.05600", "2014-03-31": "-10.04100", "2013-12-31": "", "2013-09-30": "-83.42400", "2013-06-30": "4.80700", "2012-12-31": ""}, "EBITDA": {"2020-09-30": "159.33100", "2020-06-30": "78.09400", "2020-03-31": "97.44400", "2019-12-31": "132.86480", "2019-09-30": "127.18500", "2019-06-30": "118.71500", "2019-03-31": "108.41000", "2018-12-31": "127.00030", "2018-09-30": "69.49600", "2018-06-30": "104.72500", "2018-03-31": "101.59490", "2017-12-31": "34.07490", "2017-09-30": "78.89790", "2017-06-30": "83.08300", "2017-03-31": "67.18800", "2016-12-31": "58.04720", "2016-09-30": "75.00500", "2016-06-30": "70.20400", "2016-03-31": "37.99300", "2015-12-31": "65.48810", "2015-09-30": "70.47700", "2015-06-30": "59.17800", "2015-03-31": "53.82100", "2014-12-31": "36.48800", "2014-09-30": "42.36300", "2014-06-30": "43.49300", "2014-03-31": "36.79600", "2013-12-31": "", "2013-09-30": "-51.35600", "2013-06-30": "19.22500", "2012-12-31": ""}, "EBIT": {"2020-09-30": "124.16000", "2020-06-30": "43.62600", "2020-03-31": "63.18000", "2019-12-31": "101.40080", "2019-09-30": "95.78800", "2019-06-30": "88.01300", "2019-03-31": "78.72300", "2018-12-31": "96.75640", "2018-09-30": "38.81200", "2018-06-30": "73.79600", "2018-03-31": "71.94790", "2017-12-31": "3.61290", "2017-09-30": "57.77590", "2017-06-30": "64.85000", "2017-03-31": "49.98600", "2016-12-31": "38.24110", "2016-09-30": "54.81400", "2016-06-30": "50.34800", "2016-03-31": "18.94600", "2015-12-31": "43.86110", "2015-09-30": "49.17900", "2015-06-30": "38.32100", "2015-03-31": "32.93700", "2014-12-31": "11.70510", "2014-09-30": "16.97400", "2014-06-30": "17.43600", "2014-03-31": "10.72400", "2013-12-31": "", "2013-09-30": "-63.71400", "2013-06-30": "19.22500", "2012-12-31": ""}, "Basic Shares Outstanding": {"2020-09-30": "63.44700", "2020-06-30": "63.16800", "2020-03-31": "62.93300", "2019-12-31": "64.50600", "2019-09-30": "64.77100", "2019-06-30": "65.32800", "2019-03-31": "65.19200", "2018-12-31": "64.12300", "2018-09-30": "64.26100", "2018-06-30": "63.87400", "2018-03-31": "63.53000", "2017-12-31": "62.43700", "2017-09-30": "62.73000", "2017-06-30": "62.23200", "2017-03-31": "61.57800", "2016-12-31": "60.75900", "2016-09-30": "60.93700", "2016-06-30": "60.59700", "2016-03-31": "60.19900", "2015-12-31": "59.96500", "2015-09-30": "60.05000", "2015-06-30": "59.87100", "2015-03-31": "59.81500", "2014-12-31": "42.89700", "2014-09-30": "40.28400", "2014-06-30": "40.26800", "2014-03-31": "40.26800", "2013-12-31": "", "2013-09-30": "38.93800", "2013-06-30": "39.64100", "2012-12-31": ""}, "Shares Outstanding": {"2020-09-30": "64.87400", "2020-06-30": "64.45700", "2020-03-31": "64.33900", "2019-12-31": "66.00400", "2019-09-30": "66.21300", "2019-06-30": "66.76300", "2019-03-31": "66.84700", "2018-12-31": "66.34100", "2018-09-30": "66.50600", "2018-06-30": "66.07800", "2018-03-31": "66.16100", "2017-12-31": "65.77300", "2017-09-30": "65.87200", "2017-06-30": "65.72700", "2017-03-31": "65.43900", "2016-12-31": "64.45200", "2016-09-30": "64.52100", "2016-06-30": "64.41000", "2016-03-31": "60.19900", "2015-12-31": "63.20700", "2015-09-30": "63.50400", "2015-06-30": "62.95100", "2015-03-31": "62.77700", "2014-12-31": "42.89700", "2014-09-30": "42.07200", "2014-06-30": "40.26800", "2014-03-31": "40.26800", "2013-12-31": "", "2013-09-30": "38.93800", "2013-06-30": "40.25100", "2012-12-31": ""}, "Basic EPS": {"2020-09-30": "1.44000", "2020-06-30": "0.22000", "2020-03-31": "0.65000", "2019-12-31": "1.18000", "2019-09-30": "1.28000", "2019-06-30": "0.63000", "2019-03-31": "0.68000", "2018-12-31": "1.11000", "2018-09-30": "0.02000", "2018-06-30": "0.66000", "2018-03-31": "0.61000", "2017-12-31": "-0.26000", "2017-09-30": "0.77000", "2017-06-30": "0.47000", "2017-03-31": "0.41000", "2016-12-31": "0.23000", "2016-09-30": "0.52000", "2016-06-30": "0.64000", "2016-03-31": "-0.27000", "2015-12-31": "0.47000", "2015-09-30": "0.39000", "2015-06-30": "0.21000", "2015-03-31": "0.29000", "2014-12-31": "-0.51000", "2014-09-30": "0.03000", "2014-06-30": "-0.10000", "2014-03-31": "-0.25000", "2013-12-31": "", "2013-09-30": "-2.14000", "2013-06-30": "0.12000", "2012-12-31": ""}, "EPS - Earnings Per Share": {"2020-09-30": "1.41000", "2020-06-30": "0.22000", "2020-03-31": "0.63000", "2019-12-31": "1.15000", "2019-09-30": "1.25000", "2019-06-30": "0.62000", "2019-03-31": "0.66000", "2018-12-31": "1.07000", "2018-09-30": "0.02000", "2018-06-30": "0.64000", "2018-03-31": "0.59000", "2017-12-31": "-0.25000", "2017-09-30": "0.73000", "2017-06-30": "0.45000", "2017-03-31": "0.39000", "2016-12-31": "0.24000", "2016-09-30": "0.49000", "2016-06-30": "0.60000", "2016-03-31": "-0.27000", "2015-12-31": "0.45000", "2015-09-30": "0.37000", "2015-06-30": "0.20000", "2015-03-31": "0.27000", "2014-12-31": "-0.51000", "2014-09-30": "0.03000", "2014-06-30": "-0.10000", "2014-03-31": "-0.25000", "2013-12-31": "0.00000", "2013-09-30": "-2.14000", "2013-06-30": "0.12000", "2012-12-31": "0.00000"}}, "balance sheet": {"Cash On Hand": {"2019-12-31": "236.27000", "2018-12-31": "144.70900", "2017-12-31": "192.89000", "2016-12-31": "149.33800", "2015-12-31": "126.12500", "2014-12-31": "91.52900", "2013-12-31": "80.91500", "2012-12-31": "109.21100"}, "Receivables": {"2019-12-31": "661.15600", "2018-12-31": "571.04100", "2017-12-31": "628.55400", "2016-12-31": "440.03200", "2015-12-31": "417.47600", "2014-12-31": "342.84900", "2013-12-31": "320.63300", "2012-12-31": "187.98300"}, "Inventory": {"2019-12-31": "", "2018-12-31": "", "2017-12-31": "", "2016-12-31": "", "2015-12-31": "", "2014-12-31": "", "2013-12-31": "", "2012-12-31": ""}, "Pre-Paid Expenses": {"2019-12-31": "88.14100", "2018-12-31": "66.60500", "2017-12-31": "55.58000", "2016-12-31": "35.36700", "2015-12-31": "30.17500", "2014-12-31": "33.39600", "2013-12-31": "27.22200", "2012-12-31": "18.20800"}, "Other Current Assets": {"2019-12-31": "", "2018-12-31": "", "2017-12-31": "", "2016-12-31": "", "2015-12-31": "", "2014-12-31": "", "2013-12-31": "", "2012-12-31": ""}, "Total Current Assets": {"2019-12-31": "985.56700", "2018-12-31": "782.35500", "2017-12-31": "877.02400", "2016-12-31": "624.73700", "2015-12-31": "573.77600", "2014-12-31": "488.72300", "2013-12-31": "457.99400", "2012-12-31": "324.23500"}, "Property, Plant, And Equipment": {"2019-12-31": "180.71600", "2018-12-31": "154.76400", "2017-12-31": "143.07000", "2016-12-31": "87.57700", "2015-12-31": "80.69100", "2014-12-31": "72.93300", "2013-12-31": "75.82700", "2012-12-31": "50.96100"}, "Long-Term Investments": {"2019-12-31": "", "2018-12-31": "", "2017-12-31": "0.40700", "2016-12-31": "0.28400", "2015-12-31": "1.28800", "2014-12-31": "1.21300", "2013-12-31": "3.24600", "2012-12-31": ""}, "Goodwill And Intangible Assets": {"2019-12-31": "2141.33300", "2018-12-31": "2199.20800", "2017-12-31": "2296.26000", "2016-12-31": "1445.95600", "2015-12-31": "1548.73600", "2014-12-31": "1634.90900", "2013-12-31": "1798.87200", "2012-12-31": "599.04900"}, "Other Long-Term Assets": {"2019-12-31": "36.81200", "2018-12-31": "39.81300", "2017-12-31": "30.50200", "2016-12-31": "23.50700", "2015-12-31": "18.69300", "2014-12-31": "12.37000", "2013-12-31": "16.39600", "2012-12-31": "2.31300"}, "Total Long-Term Assets": {"2019-12-31": "2558.86300", "2018-12-31": "2404.11200", "2017-12-31": "2481.02200", "2016-12-31": "1565.65400", "2015-12-31": "1654.96700", "2014-12-31": "1725.76100", "2013-12-31": "1936.74000", "2012-12-31": "658.29000"}, "Total Assets": {"2019-12-31": "3544.43000", "2018-12-31": "3186.46700", "2017-12-31": "3358.04600", "2016-12-31": "2190.39100", "2015-12-31": "2228.74300", "2014-12-31": "2214.48400", "2013-12-31": "2394.73400", "2012-12-31": "982.52500"}, "Total Current Liabilities": {"2019-12-31": "1017.20900", "2018-12-31": "898.87400", "2017-12-31": "971.61600", "2016-12-31": "564.19900", "2015-12-31": "529.98000", "2014-12-31": "466.35600", "2013-12-31": "469.26400", "2012-12-31": "305.91800"}, "Long Term Debt": {"2019-12-31": "1140.17800", "2018-12-31": "1082.38400", "2017-12-31": "1225.39700", "2016-12-31": "797.05200", "2015-12-31": "889.51400", "2014-12-31": "924.44400", "2013-12-31": "1245.81200", "2012-12-31": "451.07600"}, "Other Non-Current Liabilities": {"2019-12-31": "46.17100", "2018-12-31": "53.07700", "2017-12-31": "112.37100", "2016-12-31": "26.18500", "2015-12-31": "24.83600", "2014-12-31": "40.54500", "2013-12-31": "26.73200", "2012-12-31": "22.85100"}, "Total Long Term Liabilities": {"2019-12-31": "1437.23000", "2018-12-31": "1236.17300", "2017-12-31": "1449.94900", "2016-12-31": "896.94000", "2015-12-31": "996.04100", "2014-12-31": "1071.31300", "2013-12-31": "1458.13500", "2012-12-31": "500.65000"}, "Total Liabilities": {"2019-12-31": "2454.43900", "2018-12-31": "2135.04700", "2017-12-31": "2421.56500", "2016-12-31": "1461.13900", "2015-12-31": "1526.02100", "2014-12-31": "1537.66900", "2013-12-31": "1927.39900", "2012-12-31": "806.56800"}, "Common Stock Net": {"2019-12-31": "0.63500", "2018-12-31": "0.65400", "2017-12-31": "0.63600", "2016-12-31": "0.61600", "2015-12-31": "0.60200", "2014-12-31": "0.59800", "2013-12-31": "0.40300", "2012-12-31": "0.00400"}, "Retained Earnings (Accumulated Deficit)": {"2019-12-31": "243.28200", "2018-12-31": "254.50000", "2017-12-31": "161.18200", "2016-12-31": "74.25500", "2015-12-31": "6.08000", "2014-12-31": "-75.68500", "2013-12-31": "-39.94300", "2012-12-31": "-156.74300"}, "Comprehensive Income": {"2019-12-31": "-160.10800", "2018-12-31": "-170.65900", "2017-12-31": "-136.47000", "2016-12-31": "-224.68600", "2015-12-31": "-132.30700", "2014-12-31": "-69.50900", "2013-12-31": "16.86900", "2012-12-31": "2.17600"}, "Other Share Holders Equity": {"2019-12-31": "", "2018-12-31": "", "2017-12-31": "", "2016-12-31": "", "2015-12-31": "", "2014-12-31": "", "2013-12-31": "", "2012-12-31": ""}, "Share Holder Equity": {"2019-12-31": "1089.99100", "2018-12-31": "1051.42000", "2017-12-31": "936.48100", "2016-12-31": "729.25200", "2015-12-31": "702.72200", "2014-12-31": "676.81500", "2013-12-31": "467.33500", "2012-12-31": "175.95700"}, "Total Liabilities And Share Holders Equity": {"2019-12-31": "3544.43000", "2018-12-31": "3186.46700", "2017-12-31": "3358.04600", "2016-12-31": "2190.39100", "2015-12-31": "2228.74300", "2014-12-31": "2214.48400", "2013-12-31": "2394.73400", "2012-12-31": "982.52500"}}, "balance sheet, quarterly": {"Cash On Hand": {"2020-09-30": "336.22800", "2020-06-30": "168.22900", "2020-03-31": "150.84000", "2019-12-31": "236.27000", "2019-09-30": "181.79000", "2019-06-30": "142.21500", "2019-03-31": "177.59900", "2018-12-31": "144.70900", "2018-09-30": "127.83500", "2018-06-30": "123.54900", "2018-03-31": "130.61800", "2017-12-31": "192.89000", "2017-09-30": "194.27800", "2017-06-30": "114.97800", "2017-03-31": "125.07300", "2016-12-31": "149.33800", "2016-09-30": "135.57800", "2016-06-30": "100.91800", "2016-03-31": "103.07600", "2015-12-31": "126.12500", "2015-09-30": "53.92000", "2015-06-30": "67.19900", "2015-03-31": "70.84700", "2014-12-31": "91.52900", "2014-09-30": "55.68100", "2014-06-30": "65.84500", "2014-03-31": "", "2013-12-31": "", "2013-09-30": "", "2013-06-30": "", "2012-12-31": "109.21000"}, "Receivables": {"2020-09-30": "708.81000", "2020-06-30": "732.55100", "2020-03-31": "692.25100", "2019-12-31": "658.51700", "2019-09-30": "702.63600", "2019-06-30": "637.54600", "2019-03-31": "597.21200", "2018-12-31": "571.04100", "2018-09-30": "616.94000", "2018-06-30": "602.86000", "2018-03-31": "593.61800", "2017-12-31": "628.55400", "2017-09-30": "628.02900", "2017-06-30": "607.32200", "2017-03-31": "497.12800", "2016-12-31": "440.03200", "2016-09-30": "447.14600", "2016-06-30": "463.45700", "2016-03-31": "420.13700", "2015-12-31": "417.47600", "2015-09-30": "400.45300", "2015-06-30": "396.62700", "2015-03-31": "372.35400", "2014-12-31": "342.84900", "2014-09-30": "349.30500", "2014-06-30": "339.95600", "2014-03-31": "", "2013-12-31": "", "2013-09-30": "", "2013-06-30": "", "2012-12-31": "187.98000"}, "Inventory": {"2020-09-30": "", "2020-06-30": "", "2020-03-31": "", "2019-12-31": "", "2019-09-30": "", "2019-06-30": "", "2019-03-31": "", "2018-12-31": "", "2018-09-30": "", "2018-06-30": "", "2018-03-31": "", "2017-12-31": "", "2017-09-30": "", "2017-06-30": "", "2017-03-31": "", "2016-12-31": "", "2016-09-30": "", "2016-06-30": "", "2016-03-31": "", "2015-12-31": "", "2015-09-30": "", "2015-06-30": "", "2015-03-31": "", "2014-12-31": "", "2014-09-30": "", "2014-06-30": "", "2014-03-31": "", "2013-12-31": "", "2013-09-30": "", "2013-06-30": "", "2012-12-31": ""}, "Pre-Paid Expenses": {"2020-09-30": "", "2020-06-30": "", "2020-03-31": "", "2019-12-31": "", "2019-09-30": "", "2019-06-30": "", "2019-03-31": "", "2018-12-31": "66.60500", "2018-09-30": "", "2018-06-30": "", "2018-03-31": "", "2017-12-31": "55.58000", "2017-09-30": "", "2017-06-30": "", "2017-03-31": "", "2016-12-31": "35.36700", "2016-09-30": "", "2016-06-30": "", "2016-03-31": "", "2015-12-31": "30.17500", "2015-09-30": "", "2015-06-30": "", "2015-03-31": "", "2014-12-31": "33.39600", "2014-09-30": "", "2014-06-30": "", "2014-03-31": "", "2013-12-31": "", "2013-09-30": "", "2013-06-30": "", "2012-12-31": ""}, "Other Current Assets": {"2020-09-30": "89.26100", "2020-06-30": "111.17700", "2020-03-31": "111.83200", "2019-12-31": "90.78000", "2019-09-30": "76.48900", "2019-06-30": "89.45600", "2019-03-31": "80.91400", "2018-12-31": "", "2018-09-30": "75.64900", "2018-06-30": "81.87400", "2018-03-31": "70.63900", "2017-12-31": "", "2017-09-30": "70.36100", "2017-06-30": "42.80700", "2017-03-31": "40.83100", "2016-12-31": "", "2016-09-30": "42.28600", "2016-06-30": "40.30400", "2016-03-31": "35.83300", "2015-12-31": "", "2015-09-30": "84.94800", "2015-06-30": "65.38900", "2015-03-31": "61.44900", "2014-12-31": "", "2014-09-30": "81.63200", "2014-06-30": "78.31100", "2014-03-31": "", "2013-12-31": "", "2013-09-30": "", "2013-06-30": "", "2012-12-31": "27.04000"}, "Total Current Assets": {"2020-09-30": "1134.29900", "2020-06-30": "1011.95700", "2020-03-31": "954.92300", "2019-12-31": "985.56700", "2019-09-30": "960.91500", "2019-06-30": "869.21700", "2019-03-31": "855.72500", "2018-12-31": "782.35500", "2018-09-30": "820.42400", "2018-06-30": "808.28300", "2018-03-31": "794.87500", "2017-12-31": "877.02400", "2017-09-30": "892.66800", "2017-06-30": "765.10700", "2017-03-31": "663.03200", "2016-12-31": "624.73700", "2016-09-30": "625.01000", "2016-06-30": "604.67900", "2016-03-31": "559.04600", "2015-12-31": "573.77600", "2015-09-30": "539.32100", "2015-06-30": "529.21500", "2015-03-31": "504.65000", "2014-12-31": "488.72300", "2014-09-30": "486.61800", "2014-06-30": "484.11200", "2014-03-31": "", "2013-12-31": "", "2013-09-30": "", "2013-06-30": "", "2012-12-31": "324.23000"}, "Property, Plant, And Equipment": {"2020-09-30": "191.79800", "2020-06-30": "189.07800", "2020-03-31": "184.89900", "2019-12-31": "180.71600", "2019-09-30": "176.74500", "2019-06-30": "171.58400", "2019-03-31": "163.55300", "2018-12-31": "154.76400", "2018-09-30": "149.53500", "2018-06-30": "146.93100", "2018-03-31": "147.43100", "2017-12-31": "143.07000", "2017-09-30": "131.43200", "2017-06-30": "103.32200", "2017-03-31": "88.89400", "2016-12-31": "87.57700", "2016-09-30": "87.71200", "2016-06-30": "87.97400", "2016-03-31": "83.14300", "2015-12-31": "80.69100", "2015-09-30": "79.60900", "2015-06-30": "76.25000", "2015-03-31": "72.70800", "2014-12-31": "72.93300", "2014-09-30": "72.85600", "2014-06-30": "73.38900", "2014-03-31": "", "2013-12-31": "", "2013-09-30": "", "2013-06-30": "", "2012-12-31": "112.69000"}, "Long-Term Investments": {"2020-09-30": "", "2020-06-30": "", "2020-03-31": "", "2019-12-31": "", "2019-09-30": "", "2019-06-30": "", "2019-03-31": "", "2018-12-31": "", "2018-09-30": "", "2018-06-30": "", "2018-03-31": "", "2017-12-31": "0.40700", "2017-09-30": "", "2017-06-30": "", "2017-03-31": "", "2016-12-31": "0.28400", "2016-09-30": "", "2016-06-30": "", "2016-03-31": "", "2015-12-31": "1.28800", "2015-09-30": "", "2015-06-30": "", "2015-03-31": "", "2014-12-31": "1.21300", "2014-09-30": "2.24300", "2014-06-30": "2.79200", "2014-03-31": "", "2013-12-31": "", "2013-09-30": "", "2013-06-30": "", "2012-12-31": ""}, "Goodwill And Intangible Assets": {"2020-09-30": "2285.43200", "2020-06-30": "2288.53900", "2020-03-31": "2306.18100", "2019-12-31": "2141.33300", "2019-09-30": "2133.80100", "2019-06-30": "2164.25200", "2019-03-31": "2188.93700", "2018-12-31": "2199.20800", "2018-09-30": "2226.62900", "2018-06-30": "2247.02500", "2018-03-31": "2295.00500", "2017-12-31": "2296.26000", "2017-09-30": "2246.78400", "2017-06-30": "1505.42600", "2017-03-31": "1444.76000", "2016-12-31": "1445.95600", "2016-09-30": "1477.82700", "2016-06-30": "1498.10000", "2016-03-31": "1536.99900", "2015-12-31": "1548.73600", "2015-09-30": "1576.39000", "2015-06-30": "1607.03700", "2015-03-31": "1590.27600", "2014-12-31": "1634.90900", "2014-09-30": "1689.49200", "2014-06-30": "1745.24300", "2014-03-31": "0.00000", "2013-12-31": "", "2013-09-30": "0.00000", "2013-06-30": "0.00000", "2012-12-31": "599.04000"}, "Other Long-Term Assets": {"2020-09-30": "49.17100", "2020-06-30": "51.55600", "2020-03-31": "49.67000", "2019-12-31": "50.47100", "2019-09-30": "47.18200", "2019-06-30": "48.55100", "2019-03-31": "47.82300", "2018-12-31": "39.81300", "2018-09-30": "54.03200", "2018-06-30": "50.66900", "2018-03-31": "47.13100", "2017-12-31": "30.50200", "2017-09-30": "38.74900", "2017-06-30": "35.80200", "2017-03-31": "32.58100", "2016-12-31": "23.50700", "2016-09-30": "29.89800", "2016-06-30": "27.82700", "2016-03-31": "26.52300", "2015-12-31": "18.69300", "2015-09-30": "46.23200", "2015-06-30": "39.11100", "2015-03-31": "37.51300", "2014-12-31": "12.37000", "2014-09-30": "53.32200", "2014-06-30": "57.92600", "2014-03-31": "", "2013-12-31": "", "2013-09-30": "", "2013-06-30": "", "2012-12-31": "7.85000"}, "Total Long-Term Assets": {"2020-09-30": "2704.91500", "2020-06-30": "2710.84400", "2020-03-31": "2726.23300", "2019-12-31": "2558.86300", "2019-09-30": "2539.54100", "2019-06-30": "2573.32100", "2019-03-31": "2579.84500", "2018-12-31": "2404.11200", "2018-09-30": "2430.19600", "2018-06-30": "2444.62500", "2018-03-31": "2489.56700", "2017-12-31": "2481.02200", "2017-09-30": "2416.96500", "2017-06-30": "1644.55000", "2017-03-31": "1566.23500", "2016-12-31": "1565.65400", "2016-09-30": "1595.43700", "2016-06-30": "1613.90100", "2016-03-31": "1646.66500", "2015-12-31": "1654.96700", "2015-09-30": "1702.23100", "2015-06-30": "1722.39800", "2015-03-31": "1700.49700", "2014-12-31": "1725.76100", "2014-09-30": "1817.91300", "2014-06-30": "1879.35000", "2014-03-31": "", "2013-12-31": "", "2013-09-30": "", "2013-06-30": "", "2012-12-31": "719.99990"}, "Total Assets": {"2020-09-30": "3839.21400", "2020-06-30": "3722.80100", "2020-03-31": "3681.15600", "2019-12-31": "3544.43000", "2019-09-30": "3500.45600", "2019-06-30": "3442.53800", "2019-03-31": "3435.57000", "2018-12-31": "3186.46700", "2018-09-30": "3250.62000", "2018-06-30": "3252.90800", "2018-03-31": "3284.44200", "2017-12-31": "3358.04600", "2017-09-30": "3309.63300", "2017-06-30": "2409.65700", "2017-03-31": "2229.26700", "2016-12-31": "2190.39100", "2016-09-30": "2220.44700", "2016-06-30": "2218.58000", "2016-03-31": "2205.71100", "2015-12-31": "2228.74300", "2015-09-30": "2241.55200", "2015-06-30": "2251.61300", "2015-03-31": "2205.14700", "2014-12-31": "2214.48400", "2014-09-30": "2304.53100", "2014-06-30": "2363.46200", "2014-03-31": "0.00000", "2013-12-31": "0.00000", "2013-09-30": "0.00000", "2013-06-30": "0.00000", "2012-12-31": "982.52000"}, "Total Current Liabilities": {"2020-09-30": "999.74000", "2020-06-30": "1030.82900", "2020-03-31": "1026.63500", "2019-12-31": "1017.20900", "2019-09-30": "872.70300", "2019-06-30": "879.82000", "2019-03-31": "950.65300", "2018-12-31": "898.87400", "2018-09-30": "920.33100", "2018-06-30": "871.62200", "2018-03-31": "953.46300", "2017-12-31": "971.61600", "2017-09-30": "888.02000", "2017-06-30": "653.18600", "2017-03-31": "572.30400", "2016-12-31": "564.19900", "2016-09-30": "500.12800", "2016-06-30": "522.69500", "2016-03-31": "518.84900", "2015-12-31": "529.98000", "2015-09-30": "512.82800", "2015-06-30": "486.05600", "2015-03-31": "473.30500", "2014-12-31": "466.35600", "2014-09-30": "474.39300", "2014-06-30": "487.81200", "2014-03-31": "", "2013-12-31": "", "2013-09-30": "", "2013-06-30": "", "2012-12-31": "305.91000"}, "Long Term Debt": {"2020-09-30": "1255.96900", "2020-06-30": "1261.97000", "2020-03-31": "1267.97300", "2019-12-31": "1140.17800", "2019-09-30": "1388.39500", "2019-06-30": "1113.05100", "2019-03-31": "1082.71400", "2018-12-31": "1082.38400", "2018-09-30": "1191.51100", "2018-06-30": "1271.84100", "2018-03-31": "1218.61600", "2017-12-31": "1225.39700", "2017-09-30": "1293.49800", "2017-06-30": "794.40100", "2017-03-31": "785.72600", "2016-12-31": "797.05200", "2016-09-30": "882.44600", "2016-06-30": "881.50300", "2016-03-31": "880.58300", "2015-12-31": "889.51400", "2015-09-30": "909.42700", "2015-06-30": "919.15600", "2015-03-31": "933.84800", "2014-12-31": "924.44400", "2014-09-30": "1240.30600", "2014-06-30": "1242.27600", "2014-03-31": "", "2013-12-31": "", "2013-09-30": "", "2013-06-30": "", "2012-12-31": "451.07000"}, "Other Non-Current Liabilities": {"2020-09-30": "49.13600", "2020-06-30": "47.37300", "2020-03-31": "46.86000", "2019-12-31": "46.17100", "2019-09-30": "49.39700", "2019-06-30": "31.51200", "2019-03-31": "26.72400", "2018-12-31": "53.07700", "2018-09-30": "51.19500", "2018-06-30": "50.51300", "2018-03-31": "60.45400", "2017-12-31": "112.37100", "2017-09-30": "63.45200", "2017-06-30": "113.88700", "2017-03-31": "96.45400", "2016-12-31": "26.18500", "2016-09-30": "99.85500", "2016-06-30": "100.28300", "2016-03-31": "97.44200", "2015-12-31": "24.83600", "2015-09-30": "126.24600", "2015-06-30": "150.87700", "2015-03-31": "149.78100", "2014-12-31": "40.54500", "2014-09-30": "172.70000", "2014-06-30": "171.31300", "2014-03-31": "", "2013-12-31": "", "2013-09-30": "", "2013-06-30": "", "2012-12-31": "22.85000"}, "Total Long Term Liabilities": {"2020-09-30": "1514.20800", "2020-06-30": "1524.57200", "2020-03-31": "1547.10400", "2019-12-31": "1437.23000", "2019-09-30": "1681.01000", "2019-06-30": "1399.01800", "2019-03-31": "1369.75300", "2018-12-31": "1236.17300", "2018-09-30": "1349.91300", "2018-06-30": "1427.16300", "2018-03-31": "1386.10300", "2017-12-31": "1449.94900", "2017-09-30": "1485.31600", "2017-06-30": "908.28800", "2017-03-31": "882.18000", "2016-12-31": "896.94000", "2016-09-30": "982.30100", "2016-06-30": "981.78600", "2016-03-31": "978.02500", "2015-12-31": "996.04100", "2015-09-30": "1035.67300", "2015-06-30": "1070.03300", "2015-03-31": "1083.62900", "2014-12-31": "1071.31300", "2014-09-30": "1413.00600", "2014-06-30": "1413.58900", "2014-03-31": "", "2013-12-31": "", "2013-09-30": "", "2013-06-30": "", "2012-12-31": "500.64000"}, "Total Liabilities": {"2020-09-30": "2513.94800", "2020-06-30": "2555.40100", "2020-03-31": "2573.73900", "2019-12-31": "2454.43900", "2019-09-30": "2553.71300", "2019-06-30": "2278.83800", "2019-03-31": "2320.40600", "2018-12-31": "2135.04700", "2018-09-30": "2270.24400", "2018-06-30": "2298.78500", "2018-03-31": "2339.56600", "2017-12-31": "2421.56500", "2017-09-30": "2373.33600", "2017-06-30": "1561.47400", "2017-03-31": "1454.48400", "2016-12-31": "1461.13900", "2016-09-30": "1482.42900", "2016-06-30": "1504.48100", "2016-03-31": "1496.87400", "2015-12-31": "1526.02100", "2015-09-30": "1548.50100", "2015-06-30": "1556.08900", "2015-03-31": "1556.93400", "2014-12-31": "1537.66900", "2014-09-30": "1887.39900", "2014-06-30": "1901.40100", "2014-03-31": "0.00000", "2013-12-31": "", "2013-09-30": "0.00000", "2013-06-30": "0.00000", "2012-12-31": "806.56000"}, "Common Stock Net": {"2020-09-30": "0.64100", "2020-06-30": "0.63900", "2020-03-31": "0.63600", "2019-12-31": "0.63500", "2019-09-30": "0.63200", "2019-06-30": "0.65700", "2019-03-31": "0.65600", "2018-12-31": "0.65400", "2018-09-30": "0.64900", "2018-06-30": "0.64300", "2018-03-31": "0.64100", "2017-12-31": "0.63600", "2017-09-30": "0.63300", "2017-06-30": "0.62600", "2017-03-31": "0.62300", "2016-12-31": "0.61600", "2016-09-30": "0.61300", "2016-06-30": "0.60900", "2016-03-31": "0.60500", "2015-12-31": "0.60200", "2015-09-30": "0.60200", "2015-06-30": "0.60200", "2015-03-31": "0.59800", "2014-12-31": "0.59800", "2014-09-30": "0.40300", "2014-06-30": "0.40300", "2014-03-31": "0.00000", "2013-12-31": "", "2013-09-30": "0.00000", "2013-06-30": "0.00000", "2012-12-31": "0.00400"}, "Retained Earnings (Accumulated Deficit)": {"2020-09-30": "389.06800", "2020-06-30": "297.81600", "2020-03-31": "283.94200", "2019-12-31": "243.28200", "2019-09-30": "168.48100", "2019-06-30": "338.29300", "2019-03-31": "297.16500", "2018-12-31": "254.50000", "2018-09-30": "183.04800", "2018-06-30": "181.55300", "2018-03-31": "139.57600", "2017-12-31": "161.18200", "2017-09-30": "177.23000", "2017-06-30": "129.02500", "2017-03-31": "99.47900", "2016-12-31": "74.25500", "2016-09-30": "60.23000", "2016-06-30": "28.78100", "2016-03-31": "-9.88900", "2015-12-31": "6.08000", "2015-09-30": "-22.42400", "2015-06-30": "-46.08300", "2015-03-31": "-58.49800", "2014-12-31": "-75.68500", "2014-09-30": "-52.86500", "2014-06-30": "-54.04000", "2014-03-31": "", "2013-12-31": "", "2013-09-30": "", "2013-06-30": "", "2012-12-31": "-156.74000"}, "Comprehensive Income": {"2020-09-30": "-153.55800", "2020-06-30": "-189.78500", "2020-03-31": "-204.26000", "2019-12-31": "-160.10800", "2019-09-30": "-197.60300", "2019-06-30": "-170.98000", "2019-03-31": "-169.62400", "2018-12-31": "-170.65900", "2018-09-30": "-150.29800", "2018-06-30": "-148.57900", "2018-03-31": "-114.73900", "2017-12-31": "-136.47000", "2017-09-30": "-146.29100", "2017-06-30": "-173.06200", "2017-03-31": "-207.35800", "2016-12-31": "-224.68600", "2016-09-30": "-186.15900", "2016-06-30": "-176.69200", "2016-03-31": "-138.58900", "2015-12-31": "-132.30700", "2015-09-30": "-111.77700", "2015-06-30": "-84.03200", "2015-03-31": "-116.08700", "2014-12-31": "-69.50900", "2014-09-30": "-23.27700", "2014-06-30": "23.89900", "2014-03-31": "", "2013-12-31": "", "2013-09-30": "", "2013-06-30": "", "2012-12-31": ""}, "Other Share Holders Equity": {"2020-09-30": "", "2020-06-30": "", "2020-03-31": "", "2019-12-31": "", "2019-09-30": "", "2019-06-30": "", "2019-03-31": "", "2018-12-31": "", "2018-09-30": "", "2018-06-30": "", "2018-03-31": "", "2017-12-31": "", "2017-09-30": "", "2017-06-30": "", "2017-03-31": "", "2016-12-31": "", "2016-09-30": "", "2016-06-30": "", "2016-03-31": "", "2015-12-31": "", "2015-09-30": "", "2015-06-30": "", "2015-03-31": "", "2014-12-31": "", "2014-09-30": "", "2014-06-30": "", "2014-03-31": "0.00000", "2013-12-31": "", "2013-09-30": "0.00000", "2013-06-30": "0.00000", "2012-12-31": "2.17000"}, "Share Holder Equity": {"2020-09-30": "1325.26600", "2020-06-30": "1167.40000", "2020-03-31": "1107.41700", "2019-12-31": "1089.99100", "2019-09-30": "946.74300", "2019-06-30": "1163.70000", "2019-03-31": "1115.16400", "2018-12-31": "1051.42000", "2018-09-30": "980.37600", "2018-06-30": "954.12300", "2018-03-31": "944.87600", "2017-12-31": "936.48100", "2017-09-30": "936.29700", "2017-06-30": "848.18300", "2017-03-31": "774.78300", "2016-12-31": "729.25200", "2016-09-30": "738.01800", "2016-06-30": "714.09900", "2016-03-31": "708.83700", "2015-12-31": "702.72200", "2015-09-30": "693.05100", "2015-06-30": "695.52400", "2015-03-31": "648.21300", "2014-12-31": "676.81500", "2014-09-30": "417.13200", "2014-06-30": "462.06100", "2014-03-31": "0.00000", "2013-12-31": "", "2013-09-30": "0.00000", "2013-06-30": "0.00000", "2012-12-31": "175.95000"}, "Total Liabilities And Share Holders Equity": {"2020-09-30": "3839.21400", "2020-06-30": "3722.80100", "2020-03-31": "3681.15600", "2019-12-31": "3544.43000", "2019-09-30": "3500.45600", "2019-06-30": "3442.53800", "2019-03-31": "3435.57000", "2018-12-31": "3186.46700", "2018-09-30": "3250.62000", "2018-06-30": "3252.90800", "2018-03-31": "3284.44200", "2017-12-31": "3358.04600", "2017-09-30": "3309.63300", "2017-06-30": "2409.65700", "2017-03-31": "2229.26700", "2016-12-31": "2190.39100", "2016-09-30": "2220.44700", "2016-06-30": "2218.58000", "2016-03-31": "2205.71100", "2015-12-31": "2228.74300", "2015-09-30": "2241.55200", "2015-06-30": "2251.61300", "2015-03-31": "2205.14700", "2014-12-31": "2214.48400", "2014-09-30": "2304.53100", "2014-06-30": "2363.46200", "2014-03-31": "0.00000", "2013-12-31": "", "2013-09-30": "0.00000", "2013-06-30": "0.00000", "2012-12-31": "982.52000"}}, "cash flow statement": {"Net Income/Loss": {"2019-12-31": "243.11900", "2018-12-31": "154.45800", "2017-12-31": "87.29300", "2016-12-31": "68.17500", "2015-12-31": "81.76500", "2014-12-31": "-35.74200", "2013-12-31": "-88.33300", "2012-12-31": "-2.70700"}, "Total Depreciation And Amortization - Cash Flow": {"2019-12-31": "123.25000", "2018-12-31": "121.50400", "2017-12-31": "87.01900", "2016-12-31": "78.90000", "2015-12-31": "84.66600", "2014-12-31": "102.30100", "2013-12-31": "54.00100", "2012-12-31": "35.01100"}, "Other Non-Cash Items": {"2019-12-31": "17.64300", "2018-12-31": "73.77100", "2017-12-31": "72.68500", "2016-12-31": "48.44300", "2015-12-31": "-8.04000", "2014-12-31": "-10.42500", "2013-12-31": "1.82500", "2012-12-31": "20.32300"}, "Total Non-Cash Items": {"2019-12-31": "140.89300", "2018-12-31": "195.27500", "2017-12-31": "159.70400", "2016-12-31": "127.34300", "2015-12-31": "76.62600", "2014-12-31": "91.87600", "2013-12-31": "55.82600", "2012-12-31": "55.33400"}, "Change In Accounts Receivable": {"2019-12-31": "-89.30400", "2018-12-31": "-17.01700", "2017-12-31": "-136.33000", "2016-12-31": "-31.31300", "2015-12-31": "-83.21100", "2014-12-31": "-32.78100", "2013-12-31": "20.37400", "2012-12-31": "17.64900"}, "Change In Inventories": {"2019-12-31": "", "2018-12-31": "", "2017-12-31": "", "2016-12-31": "", "2015-12-31": "", "2014-12-31": "", "2013-12-31": "", "2012-12-31": ""}, "Change In Accounts Payable": {"2019-12-31": "", "2018-12-31": "", "2017-12-31": "", "2016-12-31": "", "2015-12-31": "", "2014-12-31": "", "2013-12-31": "", "2012-12-31": ""}, "Change In Assets/Liabilities": {"2019-12-31": "-31.69600", "2018-12-31": "-39.74400", "2017-12-31": "63.30900", "2016-12-31": "-9.99200", "2015-12-31": "31.15500", "2014-12-31": "-24.68000", "2013-12-31": "17.65600", "2012-12-31": "33.53000"}, "Total Change In Assets/Liabilities": {"2019-12-31": "-130.44500", "2018-12-31": "-19.94100", "2017-12-31": "-26.58900", "2016-12-31": "-35.47100", "2015-12-31": "-5.96300", "2014-12-31": "-22.10000", "2013-12-31": "57.77600", "2012-12-31": "46.63200"}, "Cash Flow From Operating Activities": {"2019-12-31": "253.56700", "2018-12-31": "329.79200", "2017-12-31": "220.40800", "2016-12-31": "160.04700", "2015-12-31": "152.42800", "2014-12-31": "34.03400", "2013-12-31": "25.26900", "2012-12-31": "99.25900"}, "Net Change In Property, Plant, And Equipment": {"2019-12-31": "-74.26800", "2018-12-31": "-55.83700", "2017-12-31": "-61.26200", "2016-12-31": "-33.13300", "2015-12-31": "-32.77000", "2014-12-31": "-27.32300", "2013-12-31": "-19.70600", "2012-12-31": "-18.05800"}, "Net Change In Intangible Assets": {"2019-12-31": "", "2018-12-31": "", "2017-12-31": "", "2016-12-31": "", "2015-12-31": "", "2014-12-31": "", "2013-12-31": "", "2012-12-31": ""}, "Net Acquisitions/Divestitures": {"2019-12-31": "", "2018-12-31": "", "2017-12-31": "-557.50300", "2016-12-31": "-4.26800", "2015-12-31": "-2.23600", "2014-12-31": "", "2013-12-31": "-1054.82300", "2012-12-31": ""}, "Net Change In Short-term Investments": {"2019-12-31": "", "2018-12-31": "", "2017-12-31": "", "2016-12-31": "", "2015-12-31": "", "2014-12-31": "", "2013-12-31": "", "2012-12-31": ""}, "Net Change In Long-Term Investments": {"2019-12-31": "", "2018-12-31": "0.18300", "2017-12-31": "", "2016-12-31": "", "2015-12-31": "-23.00000", "2014-12-31": "", "2013-12-31": "-4.60900", "2012-12-31": ""}, "Net Change In Investments - Total": {"2019-12-31": "", "2018-12-31": "0.18300", "2017-12-31": "", "2016-12-31": "", "2015-12-31": "-23.00000", "2014-12-31": "", "2013-12-31": "-4.60900", "2012-12-31": ""}, "Investing Activities - Other": {"2019-12-31": "1.08500", "2018-12-31": "0.18100", "2017-12-31": "-68.65500", "2016-12-31": "2.78700", "2015-12-31": "-13.68000", "2014-12-31": "15.85100", "2013-12-31": "", "2012-12-31": ""}, "Cash Flow From Investing Activities": {"2019-12-31": "-73.18300", "2018-12-31": "-55.47300", "2017-12-31": "-687.42000", "2016-12-31": "-34.61400", "2015-12-31": "-71.68600", "2014-12-31": "-11.47200", "2013-12-31": "-1079.13800", "2012-12-31": "-18.05800"}, "Net Long-Term Debt": {"2019-12-31": "83.46700", "2018-12-31": "-224.39400", "2017-12-31": "415.26100", "2016-12-31": "-215.38300", "2015-12-31": "-40.00000", "2014-12-31": "-323.02500", "2013-12-31": "787.71400", "2012-12-31": "61.20000"}, "Net Current Debt": {"2019-12-31": "88.80000", "2018-12-31": "-91.50000", "2017-12-31": "91.50000", "2016-12-31": "", "2015-12-31": "", "2014-12-31": "-10.00000", "2013-12-31": "10.00000", "2012-12-31": ""}, "Debt Issuance/Retirement Net - Total": {"2019-12-31": "172.26700", "2018-12-31": "-315.89400", "2017-12-31": "506.76100", "2016-12-31": "-215.38300", "2015-12-31": "-40.00000", "2014-12-31": "-333.02500", "2013-12-31": "797.71400", "2012-12-31": "61.20000"}, "Net Common Equity Issued/Repurchased": {"2019-12-31": "-254.18100", "2018-12-31": "31.38200", "2017-12-31": "7.23600", "2016-12-31": "0.65500", "2015-12-31": "0.08100", "2014-12-31": "333.98300", "2013-12-31": "470.50500", "2012-12-31": ""}, "Net Total Equity Issued/Repurchased": {"2019-12-31": "-254.18100", "2018-12-31": "31.38200", "2017-12-31": "7.23600", "2016-12-31": "0.65500", "2015-12-31": "0.08100", "2014-12-31": "333.98300", "2013-12-31": "470.50500", "2012-12-31": ""}, "Total Common And Preferred Stock Dividends Paid": {"2019-12-31": "", "2018-12-31": "", "2017-12-31": "", "2016-12-31": "", "2015-12-31": "", "2014-12-31": "", "2013-12-31": "-131.62600", "2012-12-31": "-101.60700"}, "Financial Activities - Other": {"2019-12-31": "-8.79300", "2018-12-31": "-35.00000", "2017-12-31": "-6.98800", "2016-12-31": "113.13300", "2015-12-31": "-2.52500", "2014-12-31": "-6.91400", "2013-12-31": "-58.81900", "2012-12-31": "-1.75000"}, "Cash Flow From Financial Activities": {"2019-12-31": "-90.70700", "2018-12-31": "-319.51200", "2017-12-31": "507.00900", "2016-12-31": "-101.59500", "2015-12-31": "-42.44400", "2014-12-31": "-5.95600", "2013-12-31": "1077.77400", "2012-12-31": "-42.15700"}, "Net Cash Flow": {"2019-12-31": "91.56100", "2018-12-31": "-48.18100", "2017-12-31": "43.55200", "2016-12-31": "23.21300", "2015-12-31": "34.59600", "2014-12-31": "10.61400", "2013-12-31": "23.45500", "2012-12-31": "39.83100"}, "Stock-Based Compensation": {"2019-12-31": "45.83400", "2018-12-31": "29.14300", "2017-12-31": "12.61600", "2016-12-31": "7.06700", "2015-12-31": "5.27600", "2014-12-31": "3.46700", "2013-12-31": "24.74100", "2012-12-31": "11.61000"}, "Common Stock Dividends Paid": {"2019-12-31": "", "2018-12-31": "", "2017-12-31": "", "2016-12-31": "", "2015-12-31": "", "2014-12-31": "", "2013-12-31": "-131.62600", "2012-12-31": "-101.60700"}}, "cash flow statement, quarterly": {"Net Income/Loss": {"2020-09-30": 91.252, "2020-06-30": 13.874, "2020-03-31": "40.66000", "2019-12-31": 74.801, "2019-09-30": 83.007, "2019-06-30": 41.055, "2019-03-31": "44.25600", "2018-12-31": 71.107, "2018-09-30": 1.854, "2018-06-30": 42.282, "2018-03-31": "39.21500", "2017-12-31": -16.195, "2017-09-30": 48.606, "2017-06-30": 29.658, "2017-03-31": "25.22400", "2016-12-31": 14.025, "2016-09-30": 31.449, "2016-06-30": 38.67, "2016-03-31": "-15.96900", "2015-12-31": 28.504, "2015-09-30": 23.659, "2015-06-30": 12.415, "2015-03-31": "17.18700", "2014-12-31": -22.82, "2014-09-30": 1.175, "2014-06-30": -4.056, "2014-03-31": "-10.04100", "2013-12-31": -9.377, "2013-09-30": -83.424, "2013-06-30": 7.171, "2012-12-31": -2.7}, "Total Depreciation And Amortization - Cash Flow": {"2020-09-30": 35.171, "2020-06-30": 34.468, "2020-03-31": "34.26400", "2019-12-31": 31.464, "2019-09-30": 31.397, "2019-06-30": 30.702, "2019-03-31": "29.68700", "2018-12-31": 30.244, "2018-09-30": 30.684, "2018-06-30": 30.929, "2018-03-31": "29.64700", "2017-12-31": 30.462, "2017-09-30": 21.122, "2017-06-30": 18.233, "2017-03-31": "17.20200", "2016-12-31": 19.806, "2016-09-30": 20.191, "2016-06-30": 19.856, "2016-03-31": "19.04700", "2015-12-31": 21.627, "2015-09-30": 21.298, "2015-06-30": 20.857, "2015-03-31": "20.88400", "2014-12-31": 24.783, "2014-09-30": 25.389, "2014-06-30": 26.057, "2014-03-31": "26.07200", "2013-12-31": 23.438, "2013-09-30": 12.358, "2013-06-30": -16.806, "2012-12-31": 35.01}, "Other Non-Cash Items": {"2020-09-30": -8.902, "2020-06-30": 15.76, "2020-03-31": "-7.17800", "2019-12-31": 19.625, "2019-09-30": 0.428, "2019-06-30": 6.909, "2019-03-31": "-9.31900", "2018-12-31": 1.905, "2018-09-30": 55.118, "2018-06-30": 6.938, "2018-03-31": "9.81000", "2017-12-31": 49.376, "2017-09-30": -2.636, "2017-06-30": 20.96, "2017-03-31": "4.98500", "2016-12-31": 12.754, "2016-09-30": 2.644, "2016-06-30": -7.406, "2016-03-31": "40.45100", "2015-12-31": -4.539, "2015-09-30": 1.81, "2015-06-30": 4.504, "2015-03-31": "-9.81500", "2014-12-31": 4.615, "2014-09-30": -3.921, "2014-06-30": -4.956, "2014-03-31": "-6.16300", "2013-12-31": -14.509, "2013-09-30": 1.92, "2013-06-30": 12.589, "2012-12-31": 0}, "Total Non-Cash Items": {"2020-09-30": 26.269, "2020-06-30": 50.228, "2020-03-31": "27.08600", "2019-12-31": 51.089, "2019-09-30": 31.825, "2019-06-30": 37.611, "2019-03-31": "20.36800", "2018-12-31": 32.149, "2018-09-30": 85.802, "2018-06-30": 37.867, "2018-03-31": "39.45700", "2017-12-31": 79.838, "2017-09-30": 18.486, "2017-06-30": 39.193, "2017-03-31": "22.18700", "2016-12-31": 32.56, "2016-09-30": 22.835, "2016-06-30": 12.45, "2016-03-31": "59.49800", "2015-12-31": 17.088, "2015-09-30": 23.108, "2015-06-30": 25.361, "2015-03-31": "11.06900", "2014-12-31": 29.398, "2014-09-30": 21.468, "2014-06-30": 21.101, "2014-03-31": "19.90900", "2013-12-31": 8.929, "2013-09-30": 14.278, "2013-06-30": -4.217, "2012-12-31": 35.01}, "Change In Accounts Receivable": {"2020-09-30": 53.176, "2020-06-30": -24.686, "2020-03-31": "-7.60000", "2019-12-31": 15.285, "2019-09-30": -28.318, "2019-06-30": -39.423, "2019-03-31": "-36.84800", "2018-12-31": -4.465, "2018-09-30": 8.683, "2018-06-30": 3.285, "2018-03-31": "-24.52000", "2017-12-31": -84.447, "2017-09-30": 69.382, "2017-06-30": -57.606, "2017-03-31": "-63.65900", "2016-12-31": 20.977, "2016-09-30": -4.843, "2016-06-30": -30.063, "2016-03-31": "-17.38400", "2015-12-31": -16.571, "2015-09-30": -1.09, "2015-06-30": -16.121, "2015-03-31": "-49.42900", "2014-12-31": 43.848, "2014-09-30": -26.082, "2014-06-30": 16.088, "2014-03-31": "-66.63500", "2013-12-31": 3.589, "2013-09-30": 4.733, "2013-06-30": -8.322, "2012-12-31": 0}, "Change In Inventories": {"2020-09-30": 0, "2020-06-30": 0, "2020-03-31": "", "2019-12-31": 0, "2019-09-30": 0, "2019-06-30": 0, "2019-03-31": "", "2018-12-31": 0, "2018-09-30": 0, "2018-06-30": 0, "2018-03-31": "", "2017-12-31": 0, "2017-09-30": 0, "2017-06-30": 0, "2017-03-31": "", "2016-12-31": 0, "2016-09-30": 0, "2016-06-30": 0, "2016-03-31": "", "2015-12-31": 0, "2015-09-30": 0, "2015-06-30": 0, "2015-03-31": "", "2014-12-31": 0, "2014-09-30": 0, "2014-06-30": 0, "2014-03-31": "", "2013-12-31": 0, "2013-09-30": 0, "2013-06-30": 0, "2012-12-31": 0}, "Change In Accounts Payable": {"2020-09-30": 0, "2020-06-30": 0, "2020-03-31": "", "2019-12-31": 0, "2019-09-30": 0, "2019-06-30": 0, "2019-03-31": "", "2018-12-31": 0, "2018-09-30": 0, "2018-06-30": 0, "2018-03-31": "", "2017-12-31": 0, "2017-09-30": 0, "2017-06-30": 0, "2017-03-31": "", "2016-12-31": 0, "2016-09-30": 0, "2016-06-30": 0, "2016-03-31": "", "2015-12-31": 0, "2015-09-30": 0, "2015-06-30": 0, "2015-03-31": "", "2014-12-31": 0, "2014-09-30": 0, "2014-06-30": 0, "2014-03-31": "", "2013-12-31": 0, "2013-09-30": 0, "2013-06-30": 0, "2012-12-31": 0}, "Change In Assets/Liabilities": {"2020-09-30": 9.939, "2020-06-30": -13.531, "2020-03-31": "0.43600", "2019-12-31": 55.842, "2019-09-30": -15.715, "2019-06-30": -85.073, "2019-03-31": "13.25000", "2018-12-31": -4.396, "2018-09-30": 15.047, "2018-06-30": -30.861, "2018-03-31": "-19.53400", "2017-12-31": 76.952, "2017-09-30": -34.583, "2017-06-30": 15.488, "2017-03-31": "5.45200", "2016-12-31": 19.943, "2016-09-30": -6.785, "2016-06-30": -17.404, "2016-03-31": "-5.74600", "2015-12-31": 5.112, "2015-09-30": -3.432, "2015-06-30": 4.896, "2015-03-31": "24.57900", "2014-12-31": -53.212, "2014-09-30": 8.158, "2014-06-30": 3.934, "2014-03-31": "16.44000", "2013-12-31": -22.863, "2013-09-30": 16.44, "2013-06-30": 6.423, "2012-12-31": 0}, "Total Change In Assets/Liabilities": {"2020-09-30": 63.115, "2020-06-30": -38.217, "2020-03-31": "-7.16400", "2019-12-31": 61.682, "2019-09-30": -44.033, "2019-06-30": -124.496, "2019-03-31": "-23.59800", "2018-12-31": 27.959, "2018-09-30": 23.73, "2018-06-30": -27.576, "2018-03-31": "-44.05400", "2017-12-31": 38.937, "2017-09-30": 34.799, "2017-06-30": -42.118, "2017-03-31": "-58.20700", "2016-12-31": 46.754, "2016-09-30": -11.628, "2016-06-30": -47.467, "2016-03-31": "-23.13000", "2015-12-31": 34.634, "2015-09-30": -4.522, "2015-06-30": -11.225, "2015-03-31": "-24.85000", "2014-12-31": 25.997, "2014-09-30": -17.924, "2014-06-30": 20.022, "2014-03-31": "-50.19500", "2013-12-31": 38.496, "2013-09-30": 21.173, "2013-06-30": -48.529, "2012-12-31": 46.63}, "Cash Flow From Operating Activities": {"2020-09-30": 180.636, "2020-06-30": 25.885, "2020-03-31": "60.58200", "2019-12-31": 187.572, "2019-09-30": 70.799, "2019-06-30": -45.83, "2019-03-31": "41.02600", "2018-12-31": 131.215, "2018-09-30": 111.386, "2018-06-30": 52.573, "2018-03-31": "34.61800", "2017-12-31": 102.58, "2017-09-30": 101.891, "2017-06-30": 26.733, "2017-03-31": "-10.79600", "2016-12-31": 93.339, "2016-09-30": 42.656, "2016-06-30": 3.653, "2016-03-31": "20.39900", "2015-12-31": 80.226, "2015-09-30": 42.245, "2015-06-30": 26.551, "2015-03-31": "3.40600", "2014-12-31": 32.575, "2014-09-30": 4.719, "2014-06-30": 37.067, "2014-03-31": "-40.32700", "2013-12-31": 39.868, "2013-09-30": -47.973, "2013-06-30": -65.885, "2012-12-31": 99.25}, "Net Change In Property, Plant, And Equipment": {"2020-09-30": -15.151, "2020-06-30": -17.41, "2020-03-31": "-21.43400", "2019-12-31": -13.084, "2019-09-30": -20.345, "2019-06-30": -20.944, "2019-03-31": "-19.89500", "2018-12-31": -15.794, "2018-09-30": -13.551, "2018-06-30": -12.68, "2018-03-31": "-13.81200", "2017-12-31": -22.03, "2017-09-30": -17.302, "2017-06-30": -13.982, "2017-03-31": "-7.94800", "2016-12-31": -7.476, "2016-09-30": -8.111, "2016-06-30": -9.408, "2016-03-31": "-8.13800", "2015-12-31": -6.779, "2015-09-30": -8.925, "2015-06-30": -9.456, "2015-03-31": "-7.61000", "2014-12-31": -8.331, "2014-09-30": -7.116, "2014-06-30": -6.092, "2014-03-31": "-5.78400", "2013-12-31": -4.684, "2013-09-30": -4.13, "2013-06-30": 7.164, "2012-12-31": -18.05}, "Net Change In Intangible Assets": {"2020-09-30": 0, "2020-06-30": 0, "2020-03-31": "", "2019-12-31": 0, "2019-09-30": 0, "2019-06-30": 0, "2019-03-31": "", "2018-12-31": 0, "2018-09-30": 0, "2018-06-30": 0, "2018-03-31": "", "2017-12-31": 0, "2017-09-30": 0, "2017-06-30": 0, "2017-03-31": "", "2016-12-31": 0, "2016-09-30": 0, "2016-06-30": 0, "2016-03-31": "", "2015-12-31": 0, "2015-09-30": 0, "2015-06-30": 0, "2015-03-31": "", "2014-12-31": 0, "2014-09-30": 0, "2014-06-30": 0, "2014-03-31": "", "2013-12-31": 0, "2013-09-30": 0, "2013-06-30": 0, "2012-12-31": 0}, "Net Acquisitions/Divestitures": {"2020-09-30": 0, "2020-06-30": 0.254, "2020-03-31": "-159.07800", "2019-12-31": 0, "2019-09-30": 0, "2019-06-30": 0, "2019-03-31": "", "2018-12-31": 0, "2018-09-30": 0, "2018-06-30": 0, "2018-03-31": "", "2017-12-31": 2.101, "2017-09-30": -523.237, "2017-06-30": -36.367, "2017-03-31": "", "2016-12-31": -3.7, "2016-09-30": -0.121, "2016-06-30": 3.7, "2016-03-31": "-4.14700", "2015-12-31": 0, "2015-09-30": -1.693, "2015-06-30": -0.543, "2015-03-31": "", "2014-12-31": 0, "2014-09-30": 0, "2014-06-30": 0, "2014-03-31": "", "2013-12-31": -81.959, "2013-09-30": -932.087, "2013-06-30": -40.774, "2012-12-31": 0}, "Net Change In Short-term Investments": {"2020-09-30": 0, "2020-06-30": 0, "2020-03-31": "", "2019-12-31": 0, "2019-09-30": 0, "2019-06-30": 0, "2019-03-31": "", "2018-12-31": 0, "2018-09-30": 0, "2018-06-30": 0, "2018-03-31": "", "2017-12-31": 0, "2017-09-30": 0, "2017-06-30": 0, "2017-03-31": "", "2016-12-31": 0, "2016-09-30": 0, "2016-06-30": 0, "2016-03-31": "", "2015-12-31": 0, "2015-09-30": 0, "2015-06-30": 0, "2015-03-31": "", "2014-12-31": 0, "2014-09-30": 0, "2014-06-30": 0, "2014-03-31": "", "2013-12-31": 0, "2013-09-30": 0, "2013-06-30": 0, "2012-12-31": 0}, "Net Change In Long-Term Investments": {"2020-09-30": 0, "2020-06-30": 0, "2020-03-31": "", "2019-12-31": 0, "2019-09-30": 0, "2019-06-30": 0, "2019-03-31": "", "2018-12-31": 0, "2018-09-30": 0.183, "2018-06-30": 0, "2018-03-31": "", "2017-12-31": 0, "2017-09-30": 0, "2017-06-30": 0, "2017-03-31": "", "2016-12-31": 0, "2016-09-30": 0, "2016-06-30": 0, "2016-03-31": "", "2015-12-31": 0, "2015-09-30": -20, "2015-06-30": -3, "2015-03-31": "", "2014-12-31": 0, "2014-09-30": 0, "2014-06-30": 0, "2014-03-31": "", "2013-12-31": 4.609, "2013-09-30": 0, "2013-06-30": -4.609, "2012-12-31": 0}, "Net Change In Investments - Total": {"2020-09-30": 0, "2020-06-30": 0, "2020-03-31": "", "2019-12-31": 0, "2019-09-30": 0, "2019-06-30": 0, "2019-03-31": "", "2018-12-31": 0, "2018-09-30": 0.183, "2018-06-30": 0, "2018-03-31": "", "2017-12-31": 0, "2017-09-30": 0, "2017-06-30": 0, "2017-03-31": "", "2016-12-31": 0, "2016-09-30": 0, "2016-06-30": 0, "2016-03-31": "", "2015-12-31": 0, "2015-09-30": -20, "2015-06-30": -3, "2015-03-31": "", "2014-12-31": 0, "2014-09-30": 0, "2014-06-30": 0, "2014-03-31": "", "2013-12-31": 0.009, "2013-09-30": 0, "2013-06-30": -4.609, "2012-12-31": 0}, "Investing Activities - Other": {"2020-09-30": -3.254, "2020-06-30": -2.38, "2020-03-31": "-0.78000", "2019-12-31": -0.409, "2019-09-30": 0.22, "2019-06-30": 0.44, "2019-03-31": "0.83400", "2018-12-31": 0.056, "2018-09-30": 0.433, "2018-06-30": 0.031, "2018-03-31": "-0.33900", "2017-12-31": -67.892, "2017-09-30": -0.172, "2017-06-30": -0.25, "2017-03-31": "-0.34100", "2016-12-31": 3.7, "2016-09-30": -0.306, "2016-06-30": -0.305, "2016-03-31": "-0.30200", "2015-12-31": 19.227, "2015-09-30": -32.907, "2015-06-30": 0, "2015-03-31": "", "2014-12-31": 0.787, "2014-09-30": 0, "2014-06-30": 0.064, "2014-03-31": "15.00000", "2013-12-31": 0, "2013-09-30": 0, "2013-06-30": 0, "2012-12-31": 0}, "Cash Flow From Investing Activities": {"2020-09-30": -18.405, "2020-06-30": -19.536, "2020-03-31": "-181.29200", "2019-12-31": -13.493, "2019-09-30": -20.125, "2019-06-30": -20.504, "2019-03-31": "-19.06100", "2018-12-31": -15.738, "2018-09-30": -12.935, "2018-06-30": -12.649, "2018-03-31": "-14.15100", "2017-12-31": -87.821, "2017-09-30": -540.711, "2017-06-30": -50.599, "2017-03-31": "-8.28900", "2016-12-31": -7.476, "2016-09-30": -8.538, "2016-06-30": -6.013, "2016-03-31": "-12.58700", "2015-12-31": 12.448, "2015-09-30": -63.525, "2015-06-30": -12.999, "2015-03-31": "-7.61000", "2014-12-31": -7.544, "2014-09-30": -7.116, "2014-06-30": -6.028, "2014-03-31": "9.21600", "2013-12-31": -86.644, "2013-09-30": -936.217, "2013-06-30": -38.219, "2012-12-31": -18.05}, "Net Long-Term Debt": {"2020-09-30": -6.25, "2020-06-30": -6.25, "2020-03-31": "-6.25000", "2019-12-31": -191.533, "2019-09-30": 275, "2019-06-30": 0, "2019-03-31": "", "2018-12-31": -109.999, "2018-09-30": -100, "2018-06-30": -7.198, "2018-03-31": "-7.19700", "2017-12-31": -107.864, "2017-09-30": 538.75, "2017-06-30": -7.812, "2017-03-31": "-7.81300", "2016-12-31": -64, "2016-09-30": 0, "2016-06-30": 0, "2016-03-31": "-151.38300", "2015-12-31": 0, "2015-09-30": -10, "2015-06-30": -15, "2015-03-31": "-15.00000", "2014-12-31": -316.35, "2014-09-30": -2.225, "2014-06-30": -2.225, "2014-03-31": "-2.22500", "2013-12-31": -726.496, "2013-09-30": 635.162, "2013-06-30": 91.334, "2012-12-31": 0}, "Net Current Debt": {"2020-09-30": 0, "2020-06-30": 0, "2020-03-31": "45.00000", "2019-12-31": 88.8, "2019-09-30": 0, "2019-06-30": 0, "2019-03-31": "", "2018-12-31": 0, "2018-09-30": 0, "2018-06-30": -91.5, "2018-03-31": "", "2017-12-31": 91.5, "2017-09-30": 0, "2017-06-30": 0, "2017-03-31": "", "2016-12-31": 0, "2016-09-30": 0, "2016-06-30": 0, "2016-03-31": "", "2015-12-31": -20, "2015-09-30": 20, "2015-06-30": 0, "2015-03-31": "", "2014-12-31": 0, "2014-09-30": 0, "2014-06-30": -30, "2014-03-31": "20.00000", "2013-12-31": 10, "2013-09-30": 0, "2013-06-30": 0, "2012-12-31": 0}, "Debt Issuance/Retirement Net - Total": {"2020-09-30": -6.25, "2020-06-30": -6.25, "2020-03-31": "38.75000", "2019-12-31": -102.733, "2019-09-30": 275, "2019-06-30": 0, "2019-03-31": "", "2018-12-31": -109.999, "2018-09-30": -100, "2018-06-30": -98.698, "2018-03-31": "-7.19700", "2017-12-31": -16.364, "2017-09-30": 538.75, "2017-06-30": -7.812, "2017-03-31": "-7.81300", "2016-12-31": -64, "2016-09-30": 0, "2016-06-30": 0, "2016-03-31": "-151.38300", "2015-12-31": -20, "2015-09-30": 10, "2015-06-30": -15, "2015-03-31": "-15.00000", "2014-12-31": -316.35, "2014-09-30": -2.225, "2014-06-30": -32.225, "2014-03-31": "17.77500", "2013-12-31": 61.214, "2013-09-30": 635.162, "2013-06-30": 30.134, "2012-12-31": 61.2}, "Net Common Equity Issued/Repurchased": {"2020-09-30": 11.157, "2020-06-30": 15.676, "2020-03-31": "2.90800", "2019-12-31": 15.639, "2019-09-30": -284.586, "2019-06-30": 4.347, "2019-03-31": "10.41900", "2018-12-31": 12.109, "2018-09-30": 17.03, "2018-06-30": 0, "2018-03-31": "2.24300", "2017-12-31": 0.779, "2017-09-30": 3.647, "2017-06-30": 1.761, "2017-03-31": "1.04900", "2016-12-31": 0.017, "2016-09-30": 0.272, "2016-06-30": 0.326, "2016-03-31": "0.04000", "2015-12-31": 0.054, "2015-09-30": 0, "2015-06-30": 0.013, "2015-03-31": "0.01400", "2014-12-31": 333.848, "2014-09-30": 0.102, "2014-06-30": 0.033, "2014-03-31": "", "2013-12-31": -454.905, "2013-09-30": 454.905, "2013-06-30": 0, "2012-12-31": 0}, "Net Total Equity Issued/Repurchased": {"2020-09-30": 11.157, "2020-06-30": 15.676, "2020-03-31": "2.90800", "2019-12-31": 15.639, "2019-09-30": -284.586, "2019-06-30": 4.347, "2019-03-31": "10.41900", "2018-12-31": 12.109, "2018-09-30": 17.03, "2018-06-30": 0, "2018-03-31": "2.24300", "2017-12-31": 0.779, "2017-09-30": 3.647, "2017-06-30": 1.761, "2017-03-31": "1.04900", "2016-12-31": 0.017, "2016-09-30": 0.272, "2016-06-30": 0.326, "2016-03-31": "0.04000", "2015-12-31": 0.054, "2015-09-30": 0, "2015-06-30": 0.013, "2015-03-31": "0.01400", "2014-12-31": 333.848, "2014-09-30": 0.102, "2014-06-30": 0.033, "2014-03-31": "", "2013-12-31": 15.595, "2013-09-30": 454.905, "2013-06-30": 0, "2012-12-31": 0}, "Total Common And Preferred Stock Dividends Paid": {"2020-09-30": 0, "2020-06-30": 0, "2020-03-31": "", "2019-12-31": 0, "2019-09-30": 0, "2019-06-30": 0, "2019-03-31": "", "2018-12-31": 0, "2018-09-30": 0, "2018-06-30": 0, "2018-03-31": "", "2017-12-31": 0, "2017-09-30": 0, "2017-06-30": 0, "2017-03-31": "", "2016-12-31": 0, "2016-09-30": 0, "2016-06-30": 0, "2016-03-31": "", "2015-12-31": 0, "2015-09-30": 0, "2015-06-30": 0, "2015-03-31": "", "2014-12-31": 0, "2014-09-30": 0, "2014-06-30": 0, "2014-03-31": "", "2013-12-31": -0.699, "2013-09-30": -3.733, "2013-06-30": -25.588, "2012-12-31": -101.6}, "Financial Activities - Other": {"2020-09-30": 0, "2020-06-30": 0, "2020-03-31": "-0.47000", "2019-12-31": -34.655, "2019-09-30": 0, "2019-06-30": 25.862, "2019-03-31": "", "2018-12-31": 0, "2018-09-30": -10.517, "2018-06-30": 55.18, "2018-03-31": "-79.66300", "2017-12-31": -1.076, "2017-09-30": -25.512, "2017-06-30": 19.6, "2017-03-31": "", "2016-12-31": -6.867, "2016-09-30": 0, "2016-06-30": 0, "2016-03-31": "120.00000", "2015-12-31": 0, "2015-09-30": 0, "2015-06-30": -2, "2015-03-31": "-0.52500", "2014-12-31": -5.325, "2014-09-30": -1.589, "2014-06-30": 0, "2014-03-31": "", "2013-12-31": -3.137, "2013-09-30": -54.247, "2013-06-30": 0.324, "2012-12-31": -1.75}, "Cash Flow From Financial Activities": {"2020-09-30": 4.907, "2020-06-30": 9.426, "2020-03-31": "41.18800", "2019-12-31": -121.749, "2019-09-30": -9.586, "2019-06-30": 30.209, "2019-03-31": "10.41900", "2018-12-31": -97.89, "2018-09-30": -93.487, "2018-06-30": -43.518, "2018-03-31": "-84.61700", "2017-12-31": -16.661, "2017-09-30": 516.885, "2017-06-30": 13.549, "2017-03-31": "-6.76400", "2016-12-31": -70.85, "2016-09-30": 0.272, "2016-06-30": 0.326, "2016-03-31": "-31.34300", "2015-12-31": -19.946, "2015-09-30": 10, "2015-06-30": -16.987, "2015-03-31": "-15.51100", "2014-12-31": 12.173, "2014-09-30": -3.712, "2014-06-30": -32.192, "2014-03-31": "17.77500", "2013-12-31": 82.963, "2013-09-30": 1032.087, "2013-06-30": 4.87, "2012-12-31": -42.15}, "Net Cash Flow": {"2020-09-30": 167.999, "2020-06-30": 17.389, "2020-03-31": "-85.43000", "2019-12-31": 54.48, "2019-09-30": 39.575, "2019-06-30": -35.384, "2019-03-31": "32.89000", "2018-12-31": 16.874, "2018-09-30": 4.286, "2018-06-30": -7.069, "2018-03-31": "-62.27200", "2017-12-31": -1.388, "2017-09-30": 79.3, "2017-06-30": -10.095, "2017-03-31": "-24.26500", "2016-12-31": 13.76, "2016-09-30": 34.66, "2016-06-30": -2.158, "2016-03-31": "-23.04900", "2015-12-31": 71.35, "2015-09-30": -12.71, "2015-06-30": -2.855, "2015-03-31": "-21.18900", "2014-12-31": 33.515, "2014-09-30": -8.392, "2014-06-30": -0.656, "2014-03-31": "-13.85300", "2013-12-31": 36.156, "2013-09-30": 48.622, "2013-06-30": -101.158, "2012-12-31": 39.83}, "Stock-Based Compensation": {"2020-09-30": 19.343, "2020-06-30": 15.845, "2020-03-31": "15.42500", "2019-12-31": 15.427, "2019-09-30": 11.244, "2019-06-30": 9.916, "2019-03-31": "9.24700", "2018-12-31": 8.674, "2018-09-30": 7.771, "2018-06-30": 6.399, "2018-03-31": "6.29900", "2017-12-31": 4.93, "2017-09-30": 3.45, "2017-06-30": 2.306, "2017-03-31": "1.93000", "2016-12-31": 2.127, "2016-09-30": 1.666, "2016-06-30": 1.77, "2016-03-31": "1.50400", "2015-12-31": 1.642, "2015-09-30": 1.614, "2015-06-30": 1.245, "2015-03-31": "0.77500", "2014-12-31": 0.738, "2014-09-30": 0.969, "2014-06-30": 0.868, "2014-03-31": "0.89200", "2013-12-31": -24.609, "2013-09-30": 8.927, "2013-06-30": 15.682, "2012-12-31": 0}, "Common Stock Dividends Paid": {"2020-09-30": 0, "2020-06-30": 0, "2020-03-31": "", "2019-12-31": 0, "2019-09-30": 0, "2019-06-30": 0, "2019-03-31": "", "2018-12-31": 0, "2018-09-30": 0, "2018-06-30": 0, "2018-03-31": "", "2017-12-31": 0, "2017-09-30": 0, "2017-06-30": 0, "2017-03-31": "", "2016-12-31": 0, "2016-09-30": 0, "2016-06-30": 0, "2016-03-31": "", "2015-12-31": 0, "2015-09-30": 0, "2015-06-30": 0, "2015-03-31": "", "2014-12-31": 0, "2014-09-30": 0, "2014-06-30": 0, "2014-03-31": "", "2013-12-31": 130.921, "2013-09-30": -3.733, "2013-06-30": -127.188, "2012-12-31": 0}}, "financial ratios": {"Current Ratio": {"2019-12-31": "0.96890", "2018-12-31": "0.87040", "2017-12-31": "0.90260", "2016-12-31": "1.10730", "2015-12-31": "1.08260", "2014-12-31": "1.04800", "2013-12-31": "0.97600", "2012-12-31": "1.05990"}, "Long-term Debt / Capital": {"2019-12-31": "0.51130", "2018-12-31": "0.50730", "2017-12-31": "0.56680", "2016-12-31": "0.52220", "2015-12-31": "0.55870", "2014-12-31": "0.57730", "2013-12-31": "0.72720", "2012-12-31": "0.71940"}, "Debt/Equity Ratio": {"2019-12-31": "1.15040", "2018-12-31": "1.02950", "2017-12-31": "1.43700", "2016-12-31": "1.13580", "2015-12-31": "1.26580", "2014-12-31": "1.36590", "2013-12-31": "2.70620", "2012-12-31": "2.58260"}, "Gross Margin": {"2019-12-31": "28.58990", "2018-12-31": "27.90090", "2017-12-31": "29.41090", "2016-12-31": "30.21100", "2015-12-31": "30.31940", "2014-12-31": "27.91050", "2013-12-31": "30.87130", "2012-12-31": "34.08430"}, "Operating Margin": {"2019-12-31": "11.86870", "2018-12-31": "9.79530", "2017-12-31": "7.79970", "2016-12-31": "8.96110", "2015-12-31": "10.18030", "2014-12-31": "3.89420", "2013-12-31": "-3.42530", "2012-12-31": "6.51820"}, "EBIT Margin": {"2019-12-31": "11.86870", "2018-12-31": "9.79530", "2017-12-31": "7.79970", "2016-12-31": "8.96110", "2015-12-31": "10.18030", "2014-12-31": "3.89420", "2013-12-31": "-3.42530", "2012-12-31": "6.51820"}, "EBITDA Margin": {"2019-12-31": "15.88820", "2018-12-31": "14.02600", "2017-12-31": "11.65110", "2016-12-31": "13.31610", "2015-12-31": "15.42640", "2014-12-31": "10.90310", "2013-12-31": "2.02220", "2012-12-31": "11.52160"}, "Pre-Tax Profit Margin": {"2019-12-31": "9.97720", "2018-12-31": "7.71420", "2017-12-31": "3.29940", "2016-12-31": "5.18260", "2015-12-31": "7.13590", "2014-12-31": "-2.86740", "2013-12-31": "-12.74850", "2012-12-31": "-0.65080"}, "Net Profit Margin": {"2019-12-31": "7.92560", "2018-12-31": "5.35900", "2017-12-31": "3.84740", "2016-12-31": "3.76300", "2015-12-31": "5.06640", "2014-12-31": "-2.44880", "2013-12-31": "-8.91100", "2012-12-31": "-0.38690"}, "Asset Turnover": {"2019-12-31": "0.86510", "2018-12-31": "0.90130", "2017-12-31": "0.67280", "2016-12-31": "0.82710", "2015-12-31": "0.72410", "2014-12-31": "0.65910", "2013-12-31": "0.41390", "2012-12-31": "0.71220"}, "Inventory Turnover Ratio": {"2019-12-31": "", "2018-12-31": "", "2017-12-31": "", "2016-12-31": "", "2015-12-31": "", "2014-12-31": "", "2013-12-31": "", "2012-12-31": ""}, "Receiveable Turnover": {"2019-12-31": "4.63770", "2018-12-31": "5.02930", "2017-12-31": "3.59460", "2016-12-31": "4.11720", "2015-12-31": "3.86580", "2014-12-31": "4.25720", "2013-12-31": "3.09170", "2012-12-31": "3.72230"}, "Days Sales In Receivables": {"2019-12-31": "78.70230", "2018-12-31": "72.57510", "2017-12-31": "101.54170", "2016-12-31": "88.65190", "2015-12-31": "94.41750", "2014-12-31": "85.73660", "2013-12-31": "118.05980", "2012-12-31": "98.05670"}, "ROE - Return On Equity": {"2019-12-31": "22.30470", "2018-12-31": "14.69040", "2017-12-31": "9.32140", "2016-12-31": "9.34860", "2015-12-31": "11.63550", "2014-12-31": "-5.28090", "2013-12-31": "-18.90140", "2012-12-31": "-1.53840"}, "Return On Tangible Equity": {"2019-12-31": "-23.12460", "2018-12-31": "-13.45700", "2017-12-31": "-6.41960", "2016-12-31": "-9.51230", "2015-12-31": "-9.66470", "2014-12-31": "3.73050", "2013-12-31": "6.63390", "2012-12-31": "0.63980"}, "ROA - Return On Assets": {"2019-12-31": "6.85920", "2018-12-31": "4.84730", "2017-12-31": "2.59950", "2016-12-31": "3.11250", "2015-12-31": "3.66870", "2014-12-31": "-1.61400", "2013-12-31": "-3.68860", "2012-12-31": "-0.27550"}, "ROI - Return On Investment": {"2019-12-31": "10.90140", "2018-12-31": "7.23860", "2017-12-31": "4.03780", "2016-12-31": "4.46670", "2015-12-31": "5.13520", "2014-12-31": "-2.23210", "2013-12-31": "-5.15620", "2012-12-31": "-0.43170"}, "Book Value Per Share": {"2019-12-31": "17.16740", "2018-12-31": "16.07800", "2017-12-31": "14.71900", "2016-12-31": "11.83890", "2015-12-31": "11.66440", "2014-12-31": "11.31530", "2013-12-31": "11.60560", "2012-12-31": "4.43880"}, "Operating Cash Flow Per Share": {"2019-12-31": -1.1295, "2018-12-31": 1.6202, "2017-12-31": 0.8678, "2016-12-31": 0.0716, "2015-12-31": 1.6182, "2014-12-31": 0.151, "2013-12-31": -1.8615, "2012-12-31": 2.5039}, "Free Cash Flow Per Share": {"2019-12-31": -1.413, "2018-12-31": 1.7099, "2017-12-31": 0.4505, "2016-12-31": 0.076, "2015-12-31": 1.7367, "2014-12-31": 0.015, "2013-12-31": -1.907, "2012-12-31": 2.0484}}, "financial ratios, quarterly": {"Current Ratio": {"2020-09-30": "1.13460", "2020-06-30": "0.98170", "2020-03-31": "0.93010", "2019-12-31": "0.96890", "2019-09-30": "1.10110", "2019-06-30": "0.98790", "2019-03-31": "0.90010", "2018-12-31": "0.87040", "2018-09-30": "0.89140", "2018-06-30": "0.92730", "2018-03-31": "0.83370", "2017-12-31": "0.90260", "2017-09-30": "1.00520", "2017-06-30": "1.17130", "2017-03-31": "1.15850", "2016-12-31": "1.10730", "2016-09-30": "1.24970", "2016-06-30": "1.15680", "2016-03-31": "1.07750", "2015-12-31": "1.08260", "2015-09-30": "1.05170", "2015-06-30": "1.08880", "2015-03-31": "1.06620", "2014-12-31": "1.04800", "2014-09-30": "1.02580", "2014-06-30": "0.99240", "2014-03-31": "", "2013-12-31": "", "2013-09-30": "", "2013-06-30": "", "2012-12-31": ""}, "Long-term Debt / Capital": {"2020-09-30": "0.48660", "2020-06-30": "0.51950", "2020-03-31": "0.53380", "2019-12-31": "0.51130", "2019-09-30": "0.59460", "2019-06-30": "0.48890", "2019-03-31": "0.49260", "2018-12-31": "0.50730", "2018-09-30": "0.54860", "2018-06-30": "0.57140", "2018-03-31": "0.56330", "2017-12-31": "0.56680", "2017-09-30": "0.58010", "2017-06-30": "0.48360", "2017-03-31": "0.50350", "2016-12-31": "0.52220", "2016-09-30": "0.54460", "2016-06-30": "0.55250", "2016-03-31": "0.55400", "2015-12-31": "0.55870", "2015-09-30": "0.56750", "2015-06-30": "0.56920", "2015-03-31": "0.59030", "2014-12-31": "0.57730", "2014-09-30": "0.74830", "2014-06-30": "0.72890", "2014-03-31": "", "2013-12-31": "", "2013-09-30": "", "2013-06-30": "", "2012-12-31": ""}, "Debt/Equity Ratio": {"2020-09-30": "0.96660", "2020-06-30": "1.10240", "2020-03-31": "1.16760", "2019-12-31": "1.15040", "2019-09-30": "1.46650", "2019-06-30": "0.95650", "2019-03-31": "0.97090", "2018-12-31": "1.02950", "2018-09-30": "1.21540", "2018-06-30": "1.36320", "2018-03-31": "1.41700", "2017-12-31": "1.43700", "2017-09-30": "1.44210", "2017-06-30": "0.98260", "2017-03-31": "1.05950", "2016-12-31": "1.13580", "2016-09-30": "1.19570", "2016-06-30": "1.23440", "2016-03-31": "1.24230", "2015-12-31": "1.26580", "2015-09-30": "1.34110", "2015-06-30": "1.32150", "2015-03-31": "1.44070", "2014-12-31": "1.36590", "2014-09-30": "2.99480", "2014-06-30": "2.70780", "2014-03-31": "", "2013-12-31": "", "2013-09-30": "", "2013-06-30": "", "2012-12-31": ""}, "Gross Margin": {"2020-09-30": "28.61230", "2020-06-30": "25.52230", "2020-03-31": "25.90310", "2019-12-31": "29.45890", "2019-09-30": "28.36230", "2019-06-30": "28.29300", "2019-03-31": "28.18670", "2018-12-31": "30.75710", "2018-09-30": "28.35260", "2018-06-30": "26.84120", "2018-03-31": "25.56110", "2017-12-31": "30.48070", "2017-09-30": "28.81140", "2017-06-30": "29.47800", "2017-03-31": "28.61410", "2016-12-31": "29.47970", "2016-09-30": "30.87250", "2016-06-30": "30.56140", "2016-03-31": "29.94560", "2015-12-31": "29.69670", "2015-09-30": "32.78430", "2015-06-30": "29.69110", "2015-03-31": "29.08220", "2014-12-31": "29.41260", "2014-09-30": "27.64560", "2014-06-30": "27.42140", "2014-03-31": "27.11870", "2013-12-31": "", "2013-09-30": "31.86720", "2013-06-30": "33.41590", "2012-12-31": ""}, "Operating Margin": {"2020-09-30": "15.59200", "2020-06-30": "5.97710", "2020-03-31": "8.06170", "2019-12-31": "12.67130", "2019-09-30": "12.26970", "2019-06-30": "11.53050", "2019-03-31": "10.90310", "2018-12-31": "13.26070", "2018-09-30": "5.40860", "2018-06-30": "10.20920", "2018-03-31": "10.25140", "2017-12-31": "0.55080", "2017-09-30": "9.92700", "2017-06-30": "12.15050", "2017-03-31": "10.24810", "2016-12-31": "8.09530", "2016-09-30": "12.09340", "2016-06-30": "11.04490", "2016-03-31": "4.40380", "2015-12-31": "10.22530", "2015-09-30": "12.18780", "2015-06-30": "9.75470", "2015-03-31": "8.47630", "2014-12-31": "3.16380", "2014-09-30": "4.49840", "2014-06-30": "4.87660", "2014-03-31": "3.02310", "2013-12-31": "", "2013-09-30": "-27.97020", "2013-06-30": "8.75340", "2012-12-31": ""}, "EBIT Margin": {"2020-09-30": "15.59200", "2020-06-30": "5.97710", "2020-03-31": "8.06170", "2019-12-31": "12.67130", "2019-09-30": "12.26970", "2019-06-30": "11.53050", "2019-03-31": "10.90310", "2018-12-31": "13.26070", "2018-09-30": "5.40860", "2018-06-30": "10.20920", "2018-03-31": "10.25140", "2017-12-31": "0.55080", "2017-09-30": "9.92700", "2017-06-30": "12.15050", "2017-03-31": "10.24810", "2016-12-31": "8.09530", "2016-09-30": "12.09340", "2016-06-30": "11.04490", "2016-03-31": "4.40380", "2015-12-31": "10.22530", "2015-09-30": "12.18780", "2015-06-30": "9.75470", "2015-03-31": "8.47630", "2014-12-31": "3.16380", "2014-09-30": "4.49840", "2014-06-30": "4.87660", "2014-03-31": "3.02310", "2013-12-31": "", "2013-09-30": "-27.97020", "2013-06-30": "8.75340", "2012-12-31": ""}, "EBITDA Margin": {"2020-09-30": "", "2020-06-30": "", "2020-03-31": "", "2019-12-31": "", "2019-09-30": "", "2019-06-30": "", "2019-03-31": "", "2018-12-31": "", "2018-09-30": "", "2018-06-30": "", "2018-03-31": "", "2017-12-31": "", "2017-09-30": "", "2017-06-30": "", "2017-03-31": "", "2016-12-31": "", "2016-09-30": "", "2016-06-30": "", "2016-03-31": "", "2015-12-31": "", "2015-09-30": "", "2015-06-30": "", "2015-03-31": "", "2014-12-31": "", "2014-09-30": "", "2014-06-30": "", "2014-03-31": "", "2013-12-31": "", "2013-09-30": "", "2013-06-30": "", "2012-12-31": ""}, "Pre-Tax Profit Margin": {"2020-09-30": "13.09920", "2020-06-30": "2.87520", "2020-03-31": "7.34090", "2019-12-31": "10.15850", "2019-09-30": "11.06480", "2019-06-30": "8.62810", "2019-03-31": "10.02660", "2018-12-31": "11.36470", "2018-09-30": "3.07390", "2018-06-30": "8.26270", "2018-03-31": "8.09890", "2017-12-31": "-4.37330", "2017-09-30": "5.21320", "2017-06-30": "7.46170", "2017-03-31": "6.77890", "2016-12-31": "5.21120", "2016-09-30": "9.31860", "2016-06-30": "10.47170", "2016-03-31": "-4.81030", "2015-12-31": "7.81030", "2015-09-30": "9.08870", "2015-06-30": "4.79650", "2015-03-31": "6.72860", "2014-12-31": "-6.30280", "2014-09-30": "1.73530", "2014-06-30": "-2.48500", "2014-03-31": "-4.56590", "2013-12-31": "", "2013-09-30": "-48.09480", "2013-06-30": "2.47280", "2012-12-31": ""}, "Net Profit Margin": {"2020-09-30": "11.45940", "2020-06-30": "1.90080", "2020-03-31": "5.18820", "2019-12-31": "9.34730", "2019-09-30": "10.63250", "2019-06-30": "5.38810", "2019-03-31": "6.10560", "2018-12-31": "9.79270", "2018-09-30": "0.20830", "2018-06-30": "5.80720", "2018-03-31": "5.55410", "2017-12-31": "-2.44670", "2017-09-30": "8.28250", "2017-06-30": "5.53580", "2017-03-31": "5.17140", "2016-12-31": "2.96900", "2016-09-30": "6.93850", "2016-06-30": "8.48310", "2016-03-31": "-3.71180", "2015-12-31": "6.64510", "2015-09-30": "5.86330", "2015-06-30": "3.16030", "2015-03-31": "4.42310", "2014-12-31": "-6.16820", "2014-09-30": "0.31140", "2014-06-30": "-1.13440", "2014-03-31": "-2.83050", "2013-12-31": "", "2013-09-30": "-36.62290", "2013-06-30": "2.18870", "2012-12-31": ""}, "Asset Turnover": {"2020-09-30": "0.20740", "2020-06-30": "0.19610", "2020-03-31": "0.21290", "2019-12-31": "0.22580", "2019-09-30": "0.22300", "2019-06-30": "0.22170", "2019-03-31": "0.21020", "2018-12-31": "0.22900", "2018-09-30": "0.22080", "2018-06-30": "0.22220", "2018-03-31": "0.21370", "2017-12-31": "0.19530", "2017-09-30": "0.17590", "2017-06-30": "0.22150", "2017-03-31": "0.21880", "2016-12-31": "0.21570", "2016-09-30": "0.20410", "2016-06-30": "0.20550", "2016-03-31": "0.19500", "2015-12-31": "0.19250", "2015-09-30": "0.18000", "2015-06-30": "0.17450", "2015-03-31": "0.17620", "2014-12-31": "0.16710", "2014-09-30": "0.16370", "2014-06-30": "0.15130", "2014-03-31": "", "2013-12-31": "", "2013-09-30": "", "2013-06-30": "", "2012-12-31": ""}, "Inventory Turnover Ratio": {"2020-09-30": "", "2020-06-30": "", "2020-03-31": "", "2019-12-31": "", "2019-09-30": "", "2019-06-30": "", "2019-03-31": "", "2018-12-31": "", "2018-09-30": "", "2018-06-30": "", "2018-03-31": "", "2017-12-31": "", "2017-09-30": "", "2017-06-30": "", "2017-03-31": "", "2016-12-31": "", "2016-09-30": "", "2016-06-30": "", "2016-03-31": "", "2015-12-31": "", "2015-09-30": "", "2015-06-30": "", "2015-03-31": "", "2014-12-31": "", "2014-09-30": "", "2014-06-30": "", "2014-03-31": "", "2013-12-31": "", "2013-09-30": "", "2013-06-30": "", "2012-12-31": ""}, "Receiveable Turnover": {"2020-09-30": "1.12340", "2020-06-30": "0.99640", "2020-03-31": "1.13210", "2019-12-31": "1.21520", "2019-09-30": "1.11110", "2019-06-30": "1.19730", "2019-03-31": "1.20900", "2018-12-31": "1.27780", "2018-09-30": "1.16320", "2018-06-30": "1.19900", "2018-03-31": "1.18230", "2017-12-31": "1.04350", "2017-09-30": "0.92670", "2017-06-30": "0.87880", "2017-03-31": "0.98120", "2016-12-31": "1.07350", "2016-09-30": "1.01370", "2016-06-30": "0.98360", "2016-03-31": "1.02400", "2015-12-31": "1.02750", "2015-09-30": "1.00760", "2015-06-30": "0.99050", "2015-03-31": "1.04360", "2014-12-31": "1.07910", "2014-09-30": "1.08030", "2014-06-30": "1.05170", "2014-03-31": "", "2013-12-31": "", "2013-09-30": "", "2013-06-30": "", "2012-12-31": ""}, "Days Sales In Receivables": {"2020-09-30": "80.11090", "2020-06-30": "90.32800", "2020-03-31": "79.49720", "2019-12-31": "74.06100", "2019-09-30": "81.00160", "2019-06-30": "75.17160", "2019-03-31": "74.44240", "2018-12-31": "70.43630", "2018-09-30": "77.37590", "2018-06-30": "75.06130", "2018-03-31": "76.12250", "2017-12-31": "86.24820", "2017-09-30": "97.11640", "2017-06-30": "102.41060", "2017-03-31": "91.72860", "2016-12-31": "83.83580", "2016-09-30": "88.78700", "2016-06-30": "91.50250", "2016-03-31": "87.89010", "2015-12-31": "87.59320", "2015-09-30": "89.31820", "2015-06-30": "90.86580", "2015-03-31": "86.24230", "2014-12-31": "83.40380", "2014-09-30": "83.31400", "2014-06-30": "85.57260", "2014-03-31": "", "2013-12-31": "", "2013-09-30": "", "2013-06-30": "", "2012-12-31": ""}, "ROE - Return On Equity": {"2020-09-30": "6.88560", "2020-06-30": "1.18850", "2020-03-31": "3.67160", "2019-12-31": "6.86250", "2019-09-30": "8.76760", "2019-06-30": "3.52800", "2019-03-31": "3.96860", "2018-12-31": "6.76300", "2018-09-30": "0.18910", "2018-06-30": "4.43150", "2018-03-31": "4.15030", "2017-12-31": "-1.72930", "2017-09-30": "5.19130", "2017-06-30": "3.49670", "2017-03-31": "3.25560", "2016-12-31": "1.92320", "2016-09-30": "4.26130", "2016-06-30": "5.41520", "2016-03-31": "-2.25280", "2015-12-31": "4.05620", "2015-09-30": "3.41370", "2015-06-30": "1.78500", "2015-03-31": "2.65140", "2014-12-31": "-3.37170", "2014-09-30": "0.28170", "2014-06-30": "-0.87780", "2014-03-31": "", "2013-12-31": "", "2013-09-30": "", "2013-06-30": "", "2012-12-31": ""}, "Return On Tangible Equity": {"2020-09-30": "-9.50380", "2020-06-30": "-1.23750", "2020-03-31": "-3.39180", "2019-12-31": "-7.11480", "2019-09-30": "-6.99270", "2019-06-30": "-4.10320", "2019-03-31": "-4.12150", "2018-12-31": "-6.19510", "2018-09-30": "-0.14880", "2018-06-30": "-3.27030", "2018-03-31": "-2.90450", "2017-12-31": "1.19100", "2017-09-30": "-3.70900", "2017-06-30": "-4.51250", "2017-03-31": "-3.76490", "2016-12-31": "-1.95690", "2016-09-30": "-4.25100", "2016-06-30": "-4.93240", "2016-03-31": "1.92820", "2015-12-31": "-3.36920", "2015-09-30": "-2.67840", "2015-06-30": "-1.36200", "2015-03-31": "-1.82440", "2014-12-31": "2.38180", "2014-09-30": "-0.09230", "2014-06-30": "0.31610", "2014-03-31": "", "2013-12-31": "", "2013-09-30": "", "2013-06-30": "", "2012-12-31": ""}, "ROA - Return On Assets": {"2020-09-30": "2.37680", "2020-06-30": "0.37270", "2020-03-31": "1.10450", "2019-12-31": "2.11040", "2019-09-30": "2.37130", "2019-06-30": "1.19260", "2019-03-31": "1.28820", "2018-12-31": "2.23150", "2018-09-30": "0.05700", "2018-06-30": "1.29980", "2018-03-31": "1.19400", "2017-12-31": "-0.48230", "2017-09-30": "1.46860", "2017-06-30": "1.23080", "2017-03-31": "1.13150", "2016-12-31": "0.64030", "2016-09-30": "1.41630", "2016-06-30": "1.74300", "2016-03-31": "-0.72400", "2015-12-31": "1.27890", "2015-09-30": "1.05550", "2015-06-30": "0.55140", "2015-03-31": "0.77940", "2014-12-31": "-1.03050", "2014-09-30": "0.05100", "2014-06-30": "-0.17160", "2014-03-31": "", "2013-12-31": "", "2013-09-30": "", "2013-06-30": "", "2012-12-31": ""}, "ROI - Return On Investment": {"2020-09-30": "3.53520", "2020-06-30": "0.57110", "2020-03-31": "1.71170", "2019-12-31": "3.35410", "2019-09-30": "3.55470", "2019-06-30": "1.80320", "2019-03-31": "2.01360", "2018-12-31": "3.33240", "2018-09-30": "0.08540", "2018-06-30": "1.89950", "2018-03-31": "1.81260", "2017-12-31": "-0.74910", "2017-09-30": "2.17980", "2017-06-30": "1.80560", "2017-03-31": "1.61640", "2016-12-31": "0.91890", "2016-09-30": "1.94070", "2016-06-30": "2.42350", "2016-03-31": "-1.00470", "2015-12-31": "1.79020", "2015-09-30": "1.47640", "2015-06-30": "0.76890", "2015-03-31": "1.08640", "2014-12-31": "-1.42510", "2014-09-30": "0.07090", "2014-06-30": "-0.23800", "2014-03-31": "", "2013-12-31": "", "2013-09-30": "", "2013-06-30": "", "2012-12-31": ""}, "Book Value Per Share": {"2020-09-30": "20.67500", "2020-06-30": "18.25520", "2020-03-31": "17.40510", "2019-12-31": "17.16740", "2019-09-30": "14.97040", "2019-06-30": "17.70260", "2019-03-31": "16.98730", "2018-12-31": "16.07800", "2018-09-30": "15.10250", "2018-06-30": "14.84850", "2018-03-31": "14.74990", "2017-12-31": "14.71900", "2017-09-30": "14.78470", "2017-06-30": "13.54300", "2017-03-31": "12.44570", "2016-12-31": "11.83890", "2016-09-30": "12.03770", "2016-06-30": "11.72310", "2016-03-31": "11.71520", "2015-12-31": "11.66440", "2015-09-30": "11.51170", "2015-06-30": "11.56160", "2015-03-31": "10.83460", "2014-12-31": "11.31530", "2014-09-30": "10.35430", "2014-06-30": "11.47150", "2014-03-31": "", "2013-12-31": "", "2013-09-30": "", "2013-06-30": "", "2012-12-31": ""}, "Operating Cash Flow Per Share": {"2020-09-30": 2.7758, "2020-06-30": 0.3999, "2020-03-31": "0.94160", "2019-12-31": 2.845, "2019-09-30": 1.0687, "2019-06-30": -0.6857, "2019-03-31": "0.61370", "2018-12-31": 1.9853, "2018-09-30": 1.6664, "2018-06-30": 0.7963, "2018-03-31": "0.52320", "2017-12-31": 1.5623, "2017-09-30": 1.5462, "2017-06-30": 0.4075, "2017-03-31": "-0.16500", "2016-12-31": 1.4493, "2016-09-30": 0.6605, "2016-06-30": 0.0345, "2016-03-31": "0.33890", "2015-12-31": 1.2746, "2015-09-30": 0.6611, "2015-06-30": 0.4216, "2015-03-31": "0.05430", "2014-12-31": 0.7587, "2014-09-30": 0.1157, "2014-06-30": 0.9205, "2014-03-31": "-1.00150", "2013-12-31": 0.3752, "2013-09-30": -1.2041, "2013-06-30": 0.8289, "2012-12-31": 0}, "Free Cash Flow Per Share": {"2020-09-30": 2.5462, "2020-06-30": 0.1303, "2020-03-31": "0.60850", "2019-12-31": 2.6438, "2019-09-30": 0.7564, "2019-06-30": -0.9998, "2019-03-31": "0.31610", "2018-12-31": 1.7457, "2018-09-30": 1.4652, "2018-06-30": 0.6041, "2018-03-31": "0.31450", "2017-12-31": 1.2264, "2017-09-30": 1.2844, "2017-06-30": 0.1952, "2017-03-31": "-0.28640", "2016-12-31": 1.3329, "2016-09-30": 0.5352, "2016-06-30": -0.1027, "2016-03-31": "0.20370", "2015-12-31": 1.1654, "2015-09-30": 0.5229, "2015-06-30": 0.2718, "2015-03-31": "-0.06700", "2014-12-31": 0.5731, "2014-09-30": -0.0408, "2014-06-30": 0.7692, "2014-03-31": "-1.14510", "2013-12-31": 0.7608, "2013-09-30": -1.3193, "2013-06-30": 0.5585, "2012-12-31": 0}}, "revenue": {"PRA Health Sciences Annual Revenue (Millions of US $)": {"2019": "$3,066", "2018": "$2,872", "2017": "$2,259", "2016": "$1,812", "2015": "$1,614", "2014": "$1,460", "2013": "$991", "2012": "$700"}, "PRA Health Sciences Quarterly Revenue (Millions of US $)": {"2020-09-30": "$796", "2020-06-30": "$730", "2020-03-31": "$784", "2019-12-31": "$800", "2019-09-30": "$781", "2019-06-30": "$763", "2019-03-31": "$722", "2018-12-31": "$730", "2018-09-30": "$718", "2018-06-30": "$723", "2018-03-31": "$702", "2017-12-31": "$656", "2017-09-30": "$582", "2017-06-30": "$534", "2017-03-31": "$488", "2016-12-31": "$472", "2016-09-30": "$453", "2016-06-30": "$456", "2016-03-31": "$430", "2015-12-31": "$429", "2015-09-30": "$404", "2015-06-30": "$393", "2015-03-31": "$389", "2014-12-31": "$370", "2014-09-30": "$377", "2014-06-30": "$358", "2014-03-31": "$355", "2013-12-31": "", "2013-09-30": "$228", "2013-06-30": "$220", "2012-12-31": ""}}, "gross-profit": {"PRA Health Sciences Annual Gross Profit (Millions of US $)": {"2019": "$877", "2018": "$801", "2017": "$665", "2016": "$547", "2015": "$489", "2014": "$407", "2013": "$306", "2012": "$239"}, "PRA Health Sciences Quarterly Gross Profit (Millions of US $)": {"2020-09-30": "$228", "2020-06-30": "$186", "2020-03-31": "$203", "2019-12-31": "$236", "2019-09-30": "$221", "2019-06-30": "$216", "2019-03-31": "$204", "2018-12-31": "$224", "2018-09-30": "$203", "2018-06-30": "$194", "2018-03-31": "$179", "2017-12-31": "$200", "2017-09-30": "$168", "2017-06-30": "$157", "2017-03-31": "$140", "2016-12-31": "$139", "2016-09-30": "$140", "2016-06-30": "$139", "2016-03-31": "$129", "2015-12-31": "$127", "2015-09-30": "$132", "2015-06-30": "$117", "2015-03-31": "$113", "2014-12-31": "$109", "2014-09-30": "$104", "2014-06-30": "$98", "2014-03-31": "$96", "2013-12-31": "", "2013-09-30": "$73", "2013-06-30": "$73", "2012-12-31": ""}}, "operating-income": {"PRA Health Sciences Annual Operating Income (Millions of US $)": {"2019": "$364", "2018": "$281", "2017": "$176", "2016": "$162", "2015": "$164", "2014": "$57", "2013": "$-34", "2012": "$46"}, "PRA Health Sciences Quarterly Operating Income (Millions of US $)": {"2020-09-30": "$124", "2020-06-30": "$44", "2020-03-31": "$63", "2019-12-31": "$101", "2019-09-30": "$96", "2019-06-30": "$88", "2019-03-31": "$79", "2018-12-31": "$97", "2018-09-30": "$39", "2018-06-30": "$74", "2018-03-31": "$72", "2017-12-31": "$4", "2017-09-30": "$58", "2017-06-30": "$65", "2017-03-31": "$50", "2016-12-31": "$38", "2016-09-30": "$55", "2016-06-30": "$50", "2016-03-31": "$19", "2015-12-31": "$44", "2015-09-30": "$49", "2015-06-30": "$38", "2015-03-31": "$33", "2014-12-31": "$12", "2014-09-30": "$17", "2014-06-30": "$17", "2014-03-31": "$11", "2013-12-31": "", "2013-09-30": "$-64", "2013-06-30": "$19", "2012-12-31": ""}}, "ebitda": {"PRA Health Sciences Annual EBITDA (Millions of US $)": {"2019": "$487", "2018": "$403", "2017": "$263", "2016": "$241", "2015": "$249", "2014": "$159", "2013": "$20", "2012": "$81"}, "PRA Health Sciences Quarterly EBITDA (Millions of US $)": {"2020-09-30": "$159", "2020-06-30": "$78", "2020-03-31": "$97", "2019-12-31": "$133", "2019-09-30": "$127", "2019-06-30": "$119", "2019-03-31": "$108", "2018-12-31": "$127", "2018-09-30": "$69", "2018-06-30": "$105", "2018-03-31": "$102", "2017-12-31": "$34", "2017-09-30": "$79", "2017-06-30": "$83", "2017-03-31": "$67", "2016-12-31": "$58", "2016-09-30": "$75", "2016-06-30": "$70", "2016-03-31": "$38", "2015-12-31": "$65", "2015-09-30": "$70", "2015-06-30": "$59", "2015-03-31": "$54", "2014-12-31": "$36", "2014-09-30": "$42", "2014-06-30": "$43", "2014-03-31": "$37", "2013-12-31": "", "2013-09-30": "$-51", "2013-06-30": "$19", "2012-12-31": ""}}, "net-income": {"PRA Health Sciences Annual Net Income (Millions of US $)": {"2019": "$243", "2018": "$154", "2017": "$87", "2016": "$68", "2015": "$82", "2014": "$-36", "2013": "$-88", "2012": "$-3"}, "PRA Health Sciences Quarterly Net Income (Millions of US $)": {"2020-09-30": "$91", "2020-06-30": "$14", "2020-03-31": "$41", "2019-12-31": "$75", "2019-09-30": "$83", "2019-06-30": "$41", "2019-03-31": "$44", "2018-12-31": "$71", "2018-09-30": "$1", "2018-06-30": "$42", "2018-03-31": "$39", "2017-12-31": "$-16", "2017-09-30": "$48", "2017-06-30": "$30", "2017-03-31": "$25", "2016-12-31": "$14", "2016-09-30": "$31", "2016-06-30": "$39", "2016-03-31": "$-16", "2015-12-31": "$29", "2015-09-30": "$24", "2015-06-30": "$12", "2015-03-31": "$17", "2014-12-31": "$-23", "2014-09-30": "$1", "2014-06-30": "$-4", "2014-03-31": "$-10", "2013-12-31": "", "2013-09-30": "$-83", "2013-06-30": "$5", "2012-12-31": ""}}, "eps-earnings-per-share-diluted": {"PRA Health Sciences Annual EPS": {"2019": "$3.68", "2018": "$2.32", "2017": "$1.32", "2016": "$1.06", "2015": "$1.29", "2014": "$-0.83", "2013": "$-2.25", "2012": "$-0.07"}, "PRA Health Sciences Quarterly EPS": {"2020-09-30": "$1.41", "2020-06-30": "$0.22", "2020-03-31": "$0.63", "2019-12-31": "$1.15", "2019-09-30": "$1.25", "2019-06-30": "$0.62", "2019-03-31": "$0.66", "2018-12-31": "$1.07", "2018-09-30": "$0.02", "2018-06-30": "$0.64", "2018-03-31": "$0.59", "2017-12-31": "$-0.25", "2017-09-30": "$0.73", "2017-06-30": "$0.45", "2017-03-31": "$0.39", "2016-12-31": "$0.24", "2016-09-30": "$0.49", "2016-06-30": "$0.60", "2016-03-31": "$-0.27", "2015-12-31": "$0.45", "2015-09-30": "$0.37", "2015-06-30": "$0.20", "2015-03-31": "$0.27", "2014-12-31": "$-0.51", "2014-09-30": "$0.03", "2014-06-30": "$-0.10", "2014-03-31": "$-0.25", "2013-12-31": "$0.00", "2013-09-30": "$-2.14", "2013-06-30": "$0.12", "2012-12-31": "$0.00"}}, "shares-outstanding": {"PRA Health Sciences Annual Shares Outstanding (Millions of Shares)": {"2019": "66", "2018": "66", "2017": "66", "2016": "64", "2015": "63", "2014": "43", "2013": "39", "2012": "40"}, "PRA Health Sciences Quarterly Shares Outstanding (Millions of Shares)": {"2020-09-30": "65", "2020-06-30": "64", "2020-03-31": "64", "2019-12-31": "66", "2019-09-30": "66", "2019-06-30": "67", "2019-03-31": "67", "2018-12-31": "66", "2018-09-30": "67", "2018-06-30": "66", "2018-03-31": "66", "2017-12-31": "66", "2017-09-30": "66", "2017-06-30": "66", "2017-03-31": "65", "2016-12-31": "64", "2016-09-30": "65", "2016-06-30": "64", "2016-03-31": "60", "2015-12-31": "63", "2015-09-30": "64", "2015-06-30": "63", "2015-03-31": "63", "2014-12-31": "43", "2014-09-30": "42", "2014-06-30": "40", "2014-03-31": "40", "2013-12-31": "", "2013-09-30": "39", "2013-06-30": "40", "2012-12-31": ""}}, "total-assets": {"PRA Health Sciences Annual Total Assets (Millions of US $)": {"2019": "$3,544", "2018": "$3,186", "2017": "$3,358", "2016": "$2,190", "2015": "$2,229", "2014": "$2,214", "2013": "$2,395", "2012": "$983"}, "PRA Health Sciences Quarterly Total Assets (Millions of US $)": {"2020-09-30": "$3,839", "2020-06-30": "$3,723", "2020-03-31": "$3,681", "2019-12-31": "$3,544", "2019-09-30": "$3,500", "2019-06-30": "$3,443", "2019-03-31": "$3,436", "2018-12-31": "$3,186", "2018-09-30": "$3,251", "2018-06-30": "$3,253", "2018-03-31": "$3,284", "2017-12-31": "$3,358", "2017-09-30": "$3,310", "2017-06-30": "$2,410", "2017-03-31": "$2,229", "2016-12-31": "$2,190", "2016-09-30": "$2,220", "2016-06-30": "$2,219", "2016-03-31": "$2,206", "2015-12-31": "$2,229", "2015-09-30": "$2,242", "2015-06-30": "$2,252", "2015-03-31": "$2,205", "2014-12-31": "$2,214", "2014-09-30": "$2,305", "2014-06-30": "$2,363", "2014-03-31": "$0", "2013-12-31": "$0", "2013-09-30": "$0", "2013-06-30": "$0", "2012-12-31": "$983"}}, "cash-on-hand": {"PRA Health Sciences Annual Cash on Hand (Millions of US $)": {"2019": "$236", "2018": "$145", "2017": "$193", "2016": "$149", "2015": "$126", "2014": "$92", "2013": "$81", "2012": "$109"}, "PRA Health Sciences Quarterly Cash on Hand (Millions of US $)": {"2020-09-30": "$336", "2020-06-30": "$168", "2020-03-31": "$151", "2019-12-31": "$236", "2019-09-30": "$182", "2019-06-30": "$142", "2019-03-31": "$178", "2018-12-31": "$145", "2018-09-30": "$128", "2018-06-30": "$124", "2018-03-31": "$131", "2017-12-31": "$193", "2017-09-30": "$194", "2017-06-30": "$115", "2017-03-31": "$125", "2016-12-31": "$149", "2016-09-30": "$136", "2016-06-30": "$101", "2016-03-31": "$103", "2015-12-31": "$126", "2015-09-30": "$54", "2015-06-30": "$67", "2015-03-31": "$71", "2014-12-31": "$92", "2014-09-30": "$56", "2014-06-30": "$66", "2014-03-31": "", "2013-12-31": "", "2013-09-30": "", "2013-06-30": "", "2012-12-31": "$109"}}, "long-term-debt": {"PRA Health Sciences Annual Long Term Debt (Millions of US $)": {"2019": "$1,140", "2018": "$1,082", "2017": "$1,225", "2016": "$797", "2015": "$890", "2014": "$924", "2013": "$1,246", "2012": "$451"}, "PRA Health Sciences Quarterly Long Term Debt (Millions of US $)": {"2020-09-30": "$1,256", "2020-06-30": "$1,262", "2020-03-31": "$1,268", "2019-12-31": "$1,140", "2019-09-30": "$1,388", "2019-06-30": "$1,113", "2019-03-31": "$1,083", "2018-12-31": "$1,082", "2018-09-30": "$1,192", "2018-06-30": "$1,272", "2018-03-31": "$1,219", "2017-12-31": "$1,225", "2017-09-30": "$1,293", "2017-06-30": "$794", "2017-03-31": "$786", "2016-12-31": "$797", "2016-09-30": "$882", "2016-06-30": "$882", "2016-03-31": "$881", "2015-12-31": "$890", "2015-09-30": "$909", "2015-06-30": "$919", "2015-03-31": "$934", "2014-12-31": "$924", "2014-09-30": "$1,240", "2014-06-30": "$1,242", "2014-03-31": "", "2013-12-31": "", "2013-09-30": "", "2013-06-30": "", "2012-12-31": "$451"}}, "total-liabilities": {"PRA Health Sciences Annual Total Liabilities (Millions of US $)": {"2019": "$2,454", "2018": "$2,135", "2017": "$2,422", "2016": "$1,461", "2015": "$1,526", "2014": "$1,538", "2013": "$1,927", "2012": "$807"}, "PRA Health Sciences Quarterly Total Liabilities (Millions of US $)": {"2020-09-30": "$2,514", "2020-06-30": "$2,555", "2020-03-31": "$2,574", "2019-12-31": "$2,454", "2019-09-30": "$2,554", "2019-06-30": "$2,279", "2019-03-31": "$2,320", "2018-12-31": "$2,135", "2018-09-30": "$2,270", "2018-06-30": "$2,299", "2018-03-31": "$2,340", "2017-12-31": "$2,422", "2017-09-30": "$2,373", "2017-06-30": "$1,561", "2017-03-31": "$1,454", "2016-12-31": "$1,461", "2016-09-30": "$1,482", "2016-06-30": "$1,504", "2016-03-31": "$1,497", "2015-12-31": "$1,526", "2015-09-30": "$1,549", "2015-06-30": "$1,556", "2015-03-31": "$1,557", "2014-12-31": "$1,538", "2014-09-30": "$1,887", "2014-06-30": "$1,901", "2014-03-31": "$0", "2013-12-31": "", "2013-09-30": "$0", "2013-06-30": "$0", "2012-12-31": "$807"}}, "total-share-holder-equity": {"PRA Health Sciences Annual Share Holder Equity (Millions of US $)": {"2019": "$1,090", "2018": "$1,051", "2017": "$936", "2016": "$729", "2015": "$703", "2014": "$677", "2013": "$467", "2012": "$176"}, "PRA Health Sciences Quarterly Share Holder Equity (Millions of US $)": {"2020-09-30": "$1,325", "2020-06-30": "$1,167", "2020-03-31": "$1,107", "2019-12-31": "$1,090", "2019-09-30": "$947", "2019-06-30": "$1,164", "2019-03-31": "$1,115", "2018-12-31": "$1,051", "2018-09-30": "$980", "2018-06-30": "$954", "2018-03-31": "$945", "2017-12-31": "$936", "2017-09-30": "$936", "2017-06-30": "$848", "2017-03-31": "$775", "2016-12-31": "$729", "2016-09-30": "$738", "2016-06-30": "$714", "2016-03-31": "$709", "2015-12-31": "$703", "2015-09-30": "$693", "2015-06-30": "$696", "2015-03-31": "$648", "2014-12-31": "$677", "2014-09-30": "$417", "2014-06-30": "$462", "2014-03-31": "$0", "2013-12-31": "", "2013-09-30": "$0", "2013-06-30": "$0", "2012-12-31": "$176"}}, "profit-margins": {"current": "7.09%"}, "gross margin": {"2020-09-30": "27.43%", "2020-06-30": "27.33%", "2020-03-31": "28.01%", "2019-12-31": "28.60%", "2019-09-30": "28.87%", "2019-06-30": "28.88%", "2019-03-31": "28.52%", "2018-12-31": "27.85%", "2018-09-30": "27.72%", "2018-06-30": "27.83%", "2018-03-31": "28.46%", "2017-12-31": "29.42%", "2017-09-30": "29.09%", "2017-06-30": "29.58%", "2017-03-31": "29.86%", "2016-12-31": "30.20%", "2016-09-30": "30.26%", "2016-06-30": "30.66%", "2016-03-31": "30.50%", "2015-12-31": "30.28%", "2015-09-30": "30.27%", "2015-06-30": "28.97%", "2015-03-31": "28.38%", "2014-12-31": "27.88%", "2014-06-30": "28.37%", "2014-03-31": "30.14%"}, "operating margin": {"2020-09-30": "10.68%", "2020-06-30": "9.82%", "2020-03-31": "11.13%", "2019-12-31": "11.87%", "2019-09-30": "12.02%", "2019-06-30": "10.33%", "2019-03-31": "9.99%", "2018-12-31": "9.82%", "2018-09-30": "6.75%", "2018-06-30": "7.81%", "2018-03-31": "8.04%", "2017-12-31": "7.83%", "2017-09-30": "10.16%", "2017-06-30": "10.68%", "2017-03-31": "10.33%", "2016-12-31": "8.95%", "2016-09-30": "9.50%", "2016-06-30": "9.42%", "2016-03-31": "9.06%", "2015-12-31": "10.15%", "2015-09-30": "8.48%", "2015-06-30": "6.54%", "2015-03-31": "5.29%", "2014-12-31": "3.90%", "2014-06-30": "-3.83%", "2014-03-31": "-4.23%"}, "ebitda margin": {"2020-09-30": "15.02%", "2020-06-30": "14.05%", "2020-03-31": "15.22%", "2019-12-31": "15.88%", "2019-09-30": "16.05%", "2019-06-30": "14.42%", "2019-03-31": "14.14%", "2018-12-31": "14.03%", "2018-09-30": "11.08%", "2018-06-30": "12.02%", "2018-03-31": "12.05%", "2017-12-31": "11.64%", "2017-09-30": "13.82%", "2017-06-30": "14.54%", "2017-03-31": "14.45%", "2016-12-31": "13.31%", "2016-09-30": "14.03%", "2016-06-30": "14.14%", "2016-03-31": "14.01%", "2015-12-31": "15.36%", "2015-09-30": "14.07%", "2015-06-30": "12.49%", "2015-03-31": "11.71%", "2014-12-31": "10.82%", "2014-06-30": "3.08%", "2014-03-31": "0.62%"}, "pre tax profit margin": {"2020-09-30": "8.49%", "2020-06-30": "7.95%", "2020-03-31": "9.30%", "2019-12-31": "9.95%", "2019-09-30": "10.25%", "2019-06-30": "8.29%", "2019-03-31": "8.19%", "2018-12-31": "7.73%", "2018-09-30": "3.93%", "2018-06-30": "4.43%", "2018-03-31": "3.96%", "2017-12-31": "3.27%", "2017-09-30": "6.17%", "2017-06-30": "7.19%", "2017-03-31": "7.92%", "2016-12-31": "5.19%", "2016-09-30": "5.83%", "2016-06-30": "5.70%", "2016-03-31": "4.17%", "2015-12-31": "7.18%", "2015-09-30": "3.79%", "2015-06-30": "1.90%", "2015-03-31": "0.07%", "2014-12-31": "-2.81%", "2014-06-30": "-14.35%", "2014-03-31": "-15.07%"}, "net profit margin": {"2020-09-30": "7.11%", "2020-06-30": "6.88%", "2020-03-31": "7.67%", "2019-12-31": "7.93%", "2019-09-30": "7.98%", "2019-06-30": "5.35%", "2019-03-31": "5.46%", "2018-12-31": "5.33%", "2018-09-30": "2.36%", "2018-06-30": "4.24%", "2018-03-31": "4.08%", "2017-12-31": "3.85%", "2017-09-30": "5.64%", "2017-06-30": "5.14%", "2017-03-31": "5.83%", "2016-12-31": "3.75%", "2016-09-30": "4.69%", "2016-06-30": "4.42%", "2016-03-31": "2.96%", "2015-12-31": "5.08%", "2015-09-30": "1.93%", "2015-06-30": "0.46%", "2015-03-31": "-0.60%", "2014-12-31": "-2.47%", "2014-06-30": "-10.31%", "2014-03-31": "-10.96%"}, "pe ratio": {"current": "30.09", "2021-02-05": "35.63", "2020-09-30": "29.66", "2020-06-30": "29.84", "2020-03-31": "22.69", "2019-12-31": "30.12", "2019-09-30": "27.56", "2019-06-30": "41.84", "2019-03-31": "46.15", "2018-12-31": "39.64", "2018-09-30": "110.19", "2018-06-30": "54.60", "2018-03-31": "54.58", "2017-12-31": "68.99", "2017-09-30": "42.55", "2017-06-30": "48.39", "2017-03-31": "38.37", "2016-12-31": "53.00", "2016-09-30": "44.50", "2016-06-30": "36.31", "2016-03-31": "57.01", "2015-12-31": "35.09", "2015-09-30": "99.56"}, "price sales": {"2021-02-05": "2.54", "2020-09-30": "2.12", "2020-06-30": "2.05", "2020-03-31": "1.75", "2019-12-31": "2.41", "2019-09-30": "2.20", "2019-06-30": "2.25", "2019-03-31": "2.53", "2018-12-31": "2.12", "2018-09-30": "2.60", "2018-06-30": "2.31", "2018-03-31": "2.21", "2017-12-31": "2.65", "2017-09-30": "2.40", "2017-06-30": "2.51", "2017-03-31": "2.26", "2016-12-31": "1.93", "2016-09-30": "2.02", "2016-06-30": "1.53", "2016-03-31": "1.61", "2015-12-31": "1.77", "2015-09-30": "1.42"}, "price book": {"current": "5.90", "2021-02-05": "5.89", "2020-09-30": "4.91", "2020-06-30": "5.33", "2020-03-31": "4.77", "2019-12-31": "6.47", "2019-09-30": "6.63", "2019-06-30": "5.60", "2019-03-31": "6.49", "2018-12-31": "5.72", "2018-09-30": "7.30", "2018-06-30": "6.29", "2018-03-31": "5.62", "2017-12-31": "6.19", "2017-09-30": "5.15", "2017-06-30": "5.54", "2017-03-31": "5.24", "2016-12-31": "4.66", "2016-09-30": "4.69", "2016-06-30": "3.56", "2016-03-31": "3.65", "2015-12-31": "3.88", "2015-09-30": "3.37", "2015-06-30": "3.14", "2015-03-31": "2.66", "2014-12-31": "2.14"}, "price fcf": {"2021-02-05": "", "2020-09-30": "$5.93", "2020-06-30": "$4.14", "2020-03-31": "$3.01", "2019-12-31": "$2.72", "2019-09-30": "$1.82", "2019-06-30": "$2.53", "2019-03-31": "$4.13", "2018-12-31": "$4.13", "2018-09-30": "$3.61", "2018-06-30": "$3.43", "2018-03-31": "$3.02", "2017-12-31": "$2.42", "2017-09-30": "$2.53", "2017-06-30": "$1.78", "2017-03-31": "$1.48", "2016-12-31": "$1.97", "2016-09-30": "$1.80", "2016-06-30": "$1.79", "2016-03-31": "$2.16", "2015-12-31": "$1.89", "2015-09-30": "$0.88"}, "net worth": {"value": "$7.82B"}, "current ratio": {"current": "1.14", "2020-09-30": "1.14", "2020-06-30": "0.98", "2020-03-31": "0.93", "2019-12-31": "0.97", "2019-09-30": "1.10", "2019-06-30": "0.99", "2019-03-31": "0.90", "2018-12-31": "0.87", "2018-09-30": "0.89", "2018-06-30": "0.93", "2018-03-31": "0.83", "2017-12-31": "0.90", "2017-09-30": "1.01", "2017-06-30": "1.17", "2017-03-31": "1.16", "2016-12-31": "1.11", "2016-09-30": "1.25", "2016-06-30": "1.16", "2016-03-31": "1.08", "2015-12-31": "1.08", "2015-09-30": "1.05", "2015-06-30": "1.09", "2015-03-31": "1.07", "2014-12-31": "1.05", "2014-09-30": "1.03", "2014-06-30": "0.99", "2014-03-31": "0.00", "2013-12-31": "0.00", "2013-09-30": "0.00", "2013-06-30": "0.00", "2012-12-31": "1.06"}, "quick ratio": {"2020-09-30": "0.00", "2020-06-30": "0.00", "2020-03-31": "0.00", "2019-12-31": "0.00", "2019-09-30": "0.00", "2019-06-30": "0.00", "2019-03-31": "0.00", "2018-12-31": "0.00", "2018-09-30": "0.00", "2018-06-30": "0.00", "2018-03-31": "0.00", "2017-12-31": "0.00", "2017-09-30": "0.00", "2017-06-30": "0.00", "2017-03-31": "0.00", "2016-12-31": "0.00", "2016-09-30": "0.00", "2016-06-30": "0.00", "2016-03-31": "0.00", "2015-12-31": "0.00", "2015-09-30": "0.00", "2015-06-30": "0.00", "2015-03-31": "0.00", "2014-12-31": "0.00", "2014-09-30": "0.00", "2014-06-30": "0.00", "2014-03-31": "0.00", "2013-12-31": "0.00", "2013-09-30": "0.00", "2013-06-30": "0.00", "2012-12-31": "0.00"}, "debt equity ratio": {"current": "0.95", "2020-09-30": "1.90", "2020-06-30": "2.19", "2020-03-31": "2.32", "2019-12-31": "2.25", "2019-09-30": "2.70", "2019-06-30": "1.96", "2019-03-31": "2.08", "2018-12-31": "2.03", "2018-09-30": "2.32", "2018-06-30": "2.41", "2018-03-31": "2.48", "2017-12-31": "2.59", "2017-09-30": "2.54", "2017-06-30": "1.84", "2017-03-31": "1.88", "2016-12-31": "2.00", "2016-09-30": "2.01", "2016-06-30": "2.11", "2016-03-31": "2.11", "2015-12-31": "2.17", "2015-09-30": "2.23", "2015-06-30": "2.24", "2015-03-31": "2.40", "2014-12-31": "2.27", "2014-09-30": "4.53", "2014-06-30": "4.12", "2014-03-31": "0.00", "2013-12-31": "0.00", "2013-09-30": "0.00", "2013-06-30": "0.00", "2012-12-31": "4.58"}, "return on equity": {"2020-09-30": "18.85%", "2020-06-30": "19.76%", "2020-03-31": "22.28%", "2019-12-31": "22.52%", "2019-09-30": "22.35%", "2019-06-30": "14.57%", "2019-03-31": "15.41%", "2018-12-31": "15.57%", "2018-09-30": "6.92%", "2018-06-30": "11.99%", "2018-03-31": "11.02%", "2017-12-31": "9.96%", "2017-09-30": "14.23%", "2017-06-30": "12.94%", "2017-03-31": "14.75%", "2016-12-31": "9.41%", "2016-09-30": "11.59%", "2016-06-30": "10.78%", "2016-03-31": "7.00%", "2015-12-31": "11.97%", "2015-09-30": "4.42%", "2015-06-30": "1.15%", "2015-03-31": "-1.63%", "2014-12-31": "-9.25%", "2014-06-30": "-83.98%", "2014-03-31": "inf%"}, "return on assets": {"2020-09-30": "5.98%", "2020-06-30": "5.90%", "2020-03-31": "6.78%", "2019-12-31": "6.98%", "2019-09-30": "7.05%", "2019-06-30": "4.72%", "2019-03-31": "4.81%", "2018-12-31": "4.72%", "2018-09-30": "2.01%", "2018-06-30": "3.42%", "2018-03-31": "3.27%", "2017-12-31": "3.08%", "2017-09-30": "4.62%", "2017-06-30": "4.42%", "2017-03-31": "4.92%", "2016-12-31": "3.08%", "2016-09-30": "3.74%", "2016-06-30": "3.42%", "2016-03-31": "2.20%", "2015-12-31": "3.67%", "2015-09-30": "1.35%", "2015-06-30": "0.31%", "2015-03-31": "-0.40%", "2014-12-31": "-2.09%", "2014-06-30": "-16.42%", "2014-03-31": "inf%"}, "return on investments": {"2020-09-30": "13.81%", "2020-06-30": "12.98%", "2020-03-31": "15.10%", "2019-12-31": "16.11%", "2019-09-30": "16.10%", "2019-06-30": "13.80%", "2019-03-31": "13.24%", "2018-12-31": "12.97%", "2018-09-30": "8.67%", "2018-06-30": "9.48%", "2018-03-31": "9.71%", "2017-12-31": "9.32%", "2017-09-30": "12.13%", "2017-06-30": "13.10%", "2017-03-31": "12.25%", "2016-12-31": "10.24%", "2016-09-30": "10.50%", "2016-06-30": "10.16%", "2016-03-31": "9.38%", "2015-12-31": "10.26%", "2015-09-30": "8.25%", "2015-06-30": "6.20%", "2015-03-31": "4.83%", "2014-12-31": "4.59%", "2014-06-30": "-8.45%", "2014-03-31": "inf%"}, "return on tangible equity": {"2020-09-30": "-20.41%", "2020-06-30": "-18.69%", "2020-03-31": "-21.63%", "2019-12-31": "-22.54%", "2019-09-30": "-21.68%", "2019-06-30": "-14.05%", "2019-03-31": "-13.27%", "2018-12-31": "-12.15%", "2018-09-30": "-5.03%", "2018-06-30": "-8.51%", "2018-03-31": "-8.64%", "2017-12-31": "-8.71%", "2017-09-30": "-13.95%", "2017-06-30": "-14.37%", "2017-03-31": "-14.98%", "2016-12-31": "-8.86%", "2016-09-30": "-10.38%", "2016-06-30": "-9.10%", "2016-03-31": "-5.65%", "2015-12-31": "-9.15%", "2015-09-30": "-3.25%", "2015-06-30": "-0.69%", "2015-03-31": "0.81%", "2014-12-31": "4.10%", "2014-06-30": "30.24%", "2014-03-31": "inf%"}, "dividend yield history": {"last payout": "$0.00", "last yield": "0.00%"}}