{"ticker": "PINC", "price": {"title": "Premier Historical Annual Stock Price Data", "value": 35.18, "historical": {"2020": {"Average Stock Price": "33.3025", "Year Open": "36.4300", "Year High": "37.0500", "Year Low": "27.4000", "Year Close": "35.1000", "Annual % Change": "-7.34%"}, "2019": {"Average Stock Price": "36.3704", "Year Open": "37.2000", "Year High": "40.8200", "Year Low": "27.9400", "Year Close": "37.8800", "Annual % Change": "1.42%"}, "2018": {"Average Stock Price": "36.7916", "Year Open": "29.6900", "Year High": "46.5500", "Year Low": "29.1800", "Year Close": "37.3500", "Annual % Change": "27.95%"}, "2017": {"Average Stock Price": "32.5957", "Year Open": "31.0800", "Year High": "36.4300", "Year Low": "27.7900", "Year Close": "29.1900", "Annual % Change": "-3.85%"}, "2016": {"Average Stock Price": "32.1801", "Year Open": "35.2200", "Year High": "35.7100", "Year Low": "28.5100", "Year Close": "30.3600", "Annual % Change": "-13.92%"}, "2015": {"Average Stock Price": "35.8250", "Year Open": "33.2300", "Year High": "39.0000", "Year Low": "31.8800", "Year Close": "35.2700", "Annual % Change": "5.19%"}, "2014": {"Average Stock Price": "31.8836", "Year Open": "36.1400", "Year High": "38.4400", "Year Low": "26.9200", "Year Close": "33.5300", "Annual % Change": "-8.79%"}, "2013": {"Average Stock Price": "32.9133", "Year Open": "30.6500", "Year High": "38.2500", "Year Low": "30.2600", "Year Close": "36.7600", "Annual % Change": "0.00%"}}}, "market cap": {"value": "$4.3B"}, "income statement": {"Revenue": {"2020-06-30": "1299.59200", "2019-06-30": "1217.63800", "2018-06-30": "1184.65700", "2017-06-30": "1066.23800", "2016-06-30": "1162.59400", "2015-06-30": "1007.02900", "2014-06-30": "910.54900", "2013-06-30": "869.29000", "2012-06-30": "768.28500", "2011-06-30": "680.75800"}, "Cost Of Goods Sold": {"2020-06-30": "432.79100", "2019-06-30": "355.63000", "2018-06-30": "341.99700", "2017-06-30": "308.71300", "2016-06-30": "457.05600", "2015-06-30": "396.91000", "2014-06-30": "307.62500", "2013-06-30": "237.41300", "2012-06-30": "189.71900", "2011-06-30": "119.87500"}, "Gross Profit": {"2020-06-30": "866.80100", "2019-06-30": "862.00790", "2018-06-30": "842.66000", "2017-06-30": "757.52500", "2016-06-30": "705.53800", "2015-06-30": "610.11900", "2014-06-30": "602.92400", "2013-06-30": "631.87700", "2012-06-30": "578.56600", "2011-06-30": "560.88300"}, "Research And Development Expenses": {"2020-06-30": "2.37600", "2019-06-30": "1.22400", "2018-06-30": "1.42300", "2017-06-30": "3.10700", "2016-06-30": "2.92500", "2015-06-30": "2.93700", "2014-06-30": "3.38900", "2013-06-30": "9.37000", "2012-06-30": "12.58300", "2011-06-30": "8.68500"}, "SG&A Expenses": {"2020-06-30": "459.85900", "2019-06-30": "438.98500", "2018-06-30": "425.25100", "2017-06-30": "395.78600", "2016-06-30": "408.42900", "2015-06-30": "332.00400", "2014-06-30": "294.42100", "2013-06-30": "248.30100", "2012-06-30": "240.74800", "2011-06-30": "242.86300"}, "Other Operating Income Or Expenses": {"2020-06-30": "24.58400", "2019-06-30": "", "2018-06-30": "177.17400", "2017-06-30": "5.44700", "2016-06-30": "4.81800", "2015-06-30": "", "2014-06-30": "", "2013-06-30": "", "2012-06-30": "", "2011-06-30": ""}, "Operating Expenses": {"2020-06-30": "925.97200", "2019-06-30": "849.12400", "2018-06-30": "644.29800", "2017-06-30": "748.28100", "2016-06-30": "896.64600", "2015-06-30": "740.98700", "2014-06-30": "608.49700", "2013-06-30": "496.62300", "2012-06-30": "446.19600", "2011-06-30": "374.88600"}, "Operating Income": {"2020-06-30": "373.62000", "2019-06-30": "368.51390", "2018-06-30": "540.35890", "2017-06-30": "317.95700", "2016-06-30": "265.94800", "2015-06-30": "266.04200", "2014-06-30": "302.05200", "2013-06-30": "372.66700", "2012-06-30": "322.08900", "2011-06-30": "305.87200"}, "Total Non-Operating Income/Expense": {"2020-06-30": "10.06700", "2019-06-30": "-0.37500", "2018-06-30": "-22.82600", "2017-06-30": "213.57100", "2016-06-30": "18.93400", "2015-06-30": "5.08500", "2014-06-30": "58.27400", "2013-06-30": "12.14500", "2012-06-30": "12.80800", "2011-06-30": "11.09200"}, "Pre-Tax Income": {"2020-06-30": "383.68700", "2019-06-30": "368.13900", "2018-06-30": "517.53300", "2017-06-30": "531.52800", "2016-06-30": "284.88200", "2015-06-30": "271.12700", "2014-06-30": "360.32600", "2013-06-30": "384.81200", "2012-06-30": "334.89700", "2011-06-30": "316.96400"}, "Income Taxes": {"2020-06-30": "92.56100", "2019-06-30": "33.46200", "2018-06-30": "259.52600", "2017-06-30": "81.92400", "2016-06-30": "49.72100", "2015-06-30": "36.34200", "2014-06-30": "27.70900", "2013-06-30": "9.72600", "2012-06-30": "8.22900", "2011-06-30": "4.70400"}, "Income After Taxes": {"2020-06-30": "291.12600", "2019-06-30": "334.67700", "2018-06-30": "258.00700", "2017-06-30": "449.60400", "2016-06-30": "235.16100", "2015-06-30": "234.78500", "2014-06-30": "332.61700", "2013-06-30": "375.08600", "2012-06-30": "326.66800", "2011-06-30": "312.26000"}, "Other Income": {"2020-06-30": "", "2019-06-30": "", "2018-06-30": "", "2017-06-30": "", "2016-06-30": "", "2015-06-30": "", "2014-06-30": "", "2013-06-30": "", "2012-06-30": "", "2011-06-30": ""}, "Income From Continuous Operations": {"2020-06-30": "291.12600", "2019-06-30": "334.67700", "2018-06-30": "258.00700", "2017-06-30": "449.60400", "2016-06-30": "235.16100", "2015-06-30": "234.78500", "2014-06-30": "332.61700", "2013-06-30": "375.08600", "2012-06-30": "326.66800", "2011-06-30": "312.26000"}, "Income From Discontinued Operations": {"2020-06-30": "1.05400", "2019-06-30": "-50.59800", "2018-06-30": "-0.43700", "2017-06-30": "-0.12700", "2016-06-30": "", "2015-06-30": "", "2014-06-30": "", "2013-06-30": "", "2012-06-30": "", "2011-06-30": ""}, "Net Income": {"2020-06-30": "598.67500", "2019-06-30": "-8.94400", "2018-06-30": "190.88200", "2017-06-30": "76.24900", "2016-06-30": "818.36400", "2015-06-30": "-865.29200", "2014-06-30": "-2713.25600", "2013-06-30": "7.37600", "2012-06-30": "3.93700", "2011-06-30": "2.42000"}, "EBITDA": {"2020-06-30": "526.44700", "2019-06-30": "508.67790", "2018-06-30": "663.42400", "2017-06-30": "421.95700", "2016-06-30": "350.10400", "2015-06-30": "320.36400", "2014-06-30": "341.87500", "2013-06-30": "401.88700", "2012-06-30": "347.48700", "2011-06-30": "328.75000"}, "EBIT": {"2020-06-30": "373.62000", "2019-06-30": "368.51390", "2018-06-30": "540.35890", "2017-06-30": "317.95700", "2016-06-30": "265.94800", "2015-06-30": "266.04200", "2014-06-30": "302.05200", "2013-06-30": "372.66700", "2012-06-30": "322.08900", "2011-06-30": "305.87200"}, "Basic Shares Outstanding": {"2020-06-30": "67.03500", "2019-06-30": "59.18800", "2018-06-30": "53.51800", "2017-06-30": "49.65400", "2016-06-30": "42.36800", "2015-06-30": "35.68100", "2014-06-30": "25.63300", "2013-06-30": "5.85800", "2012-06-30": "6.18300", "2011-06-30": "6.27300"}, "Shares Outstanding": {"2020-06-30": "123.61400", "2019-06-30": "60.26900", "2018-06-30": "137.34000", "2017-06-30": "50.37400", "2016-06-30": "145.30800", "2015-06-30": "35.68100", "2014-06-30": "25.63300", "2013-06-30": "5.85800", "2012-06-30": "6.18300", "2011-06-30": "6.27300"}, "Basic EPS": {"2020-06-30": "8.93000", "2019-06-30": "-0.15000", "2018-06-30": "3.57000", "2017-06-30": "1.54000", "2016-06-30": "19.32000", "2015-06-30": "-24.25000", "2014-06-30": "-105.85000", "2013-06-30": "1.26000", "2012-06-30": "0.64000", "2011-06-30": "0.39000"}, "EPS - Earnings Per Share": {"2020-06-30": "2.04000", "2019-06-30": "-0.15000", "2018-06-30": "1.36000", "2017-06-30": "1.51000", "2016-06-30": "0.97000", "2015-06-30": "-24.25000", "2014-06-30": "-105.85000", "2013-06-30": "1.26000", "2012-06-30": "0.64000", "2011-06-30": "0.39000"}}, "income statement, quarterly": {"Revenue": {"2020-12-31": "422.82700", "2020-09-30": "346.88700", "2020-06-30": "342.75310", "2020-03-31": "334.82300", "2019-12-31": "319.60600", "2019-09-30": "302.41000", "2019-06-30": "316.23400", "2019-03-31": "301.21300", "2018-12-31": "307.58900", "2018-09-30": "292.60200", "2018-06-30": "-42.64300", "2018-03-31": "425.33800", "2017-12-31": "411.39800", "2017-09-30": "390.56400", "2017-06-30": "14.66310", "2017-03-31": "379.80300", "2016-12-31": "358.50000", "2016-09-30": "313.27200", "2016-06-30": "301.42100", "2016-03-31": "298.66900", "2015-12-31": "291.66900", "2015-09-30": "270.83500", "2015-06-30": "266.55300", "2015-03-31": "261.72300", "2014-12-31": "249.44500", "2014-09-30": "229.30800", "2014-06-30": "235.46600", "2014-03-31": "225.59800", "2013-12-31": "208.90900", "2013-09-30": "240.57600", "2013-06-30": "240.60100", "2013-03-31": "223.69800", "2012-12-31": "206.42500", "2012-09-30": "198.56600", "2012-06-30": "", "2011-06-30": ""}, "Cost Of Goods Sold": {"2020-12-31": "211.84400", "2020-09-30": "152.17800", "2020-06-30": "138.41100", "2020-03-31": "103.12800", "2019-12-31": "100.24100", "2019-09-30": "91.01100", "2019-06-30": "98.49900", "2019-03-31": "86.04100", "2018-12-31": "87.95100", "2018-09-30": "83.13900", "2018-06-30": "-253.45400", "2018-03-31": "203.54800", "2017-12-31": "200.52700", "2017-09-30": "191.37600", "2017-06-30": "-183.05200", "2017-03-31": "177.24800", "2016-12-31": "176.01400", "2016-09-30": "138.50300", "2016-06-30": "123.24300", "2016-03-31": "112.09300", "2015-12-31": "112.59700", "2015-09-30": "109.12300", "2015-06-30": "109.54200", "2015-03-31": "102.81500", "2014-12-31": "94.53200", "2014-09-30": "90.02100", "2014-06-30": "86.23800", "2014-03-31": "81.12400", "2013-12-31": "72.73700", "2013-09-30": "67.52600", "2013-06-30": "63.42000", "2013-03-31": "61.59300", "2012-12-31": "58.17600", "2012-09-30": "54.23200", "2012-06-30": "", "2011-06-30": ""}, "Gross Profit": {"2020-12-31": "210.98300", "2020-09-30": "194.70900", "2020-06-30": "204.34210", "2020-03-31": "231.69500", "2019-12-31": "219.36500", "2019-09-30": "211.39900", "2019-06-30": "217.73500", "2019-03-31": "215.17200", "2018-12-31": "219.63800", "2018-09-30": "209.46300", "2018-06-30": "210.81100", "2018-03-31": "221.79000", "2017-12-31": "210.87100", "2017-09-30": "199.18800", "2017-06-30": "197.71500", "2017-03-31": "202.55500", "2016-12-31": "182.48600", "2016-09-30": "174.76900", "2016-06-30": "178.17800", "2016-03-31": "186.57600", "2015-12-31": "179.07200", "2015-09-30": "161.71200", "2015-06-30": "157.01100", "2015-03-31": "158.90800", "2014-12-31": "154.91300", "2014-09-30": "139.28700", "2014-06-30": "149.22800", "2014-03-31": "144.47400", "2013-12-31": "136.17200", "2013-09-30": "173.05000", "2013-06-30": "177.18100", "2013-03-31": "162.10500", "2012-12-31": "148.24900", "2012-09-30": "144.33400", "2012-06-30": "", "2011-06-30": ""}, "Research And Development Expenses": {"2020-12-31": "0.72200", "2020-09-30": "0.57600", "2020-06-30": "0.56800", "2020-03-31": "0.62800", "2019-12-31": "0.80100", "2019-09-30": "0.37900", "2019-06-30": "0.29600", "2019-03-31": "0.29600", "2018-12-31": "0.29200", "2018-09-30": "0.34000", "2018-06-30": "0.31800", "2018-03-31": "0.29200", "2017-12-31": "0.32400", "2017-09-30": "0.48900", "2017-06-30": "0.77900", "2017-03-31": "0.75500", "2016-12-31": "0.76700", "2016-09-30": "0.80600", "2016-06-30": "0.86500", "2016-03-31": "1.18000", "2015-12-31": "0.42400", "2015-09-30": "0.45600", "2015-06-30": "0.55200", "2015-03-31": "0.59600", "2014-12-31": "0.71600", "2014-09-30": "1.07300", "2014-06-30": "0.67500", "2014-03-31": "0.82000", "2013-12-31": "1.04200", "2013-09-30": "0.85200", "2013-06-30": "1.59000", "2013-03-31": "1.78900", "2012-12-31": "2.37200", "2012-09-30": "3.63800", "2012-06-30": "", "2011-06-30": ""}, "SG&A Expenses": {"2020-12-31": "129.99700", "2020-09-30": "123.95400", "2020-06-30": "144.54800", "2020-03-31": "115.28900", "2019-12-31": "86.09300", "2019-09-30": "113.92900", "2019-06-30": "118.78700", "2019-03-31": "113.33600", "2018-12-31": "105.34500", "2018-09-30": "101.51700", "2018-06-30": "93.30300", "2018-03-31": "109.00700", "2017-12-31": "108.62000", "2017-09-30": "114.32100", "2017-06-30": "98.95300", "2017-03-31": "108.66800", "2016-12-31": "95.92700", "2016-09-30": "92.23800", "2016-06-30": "120.30900", "2016-03-31": "101.89800", "2015-12-31": "99.28400", "2015-09-30": "86.93800", "2015-06-30": "88.60000", "2015-03-31": "86.84700", "2014-12-31": "85.39100", "2014-09-30": "71.16600", "2014-06-30": "85.32500", "2014-03-31": "73.32700", "2013-12-31": "73.12600", "2013-09-30": "62.64300", "2013-06-30": "71.18000", "2013-03-31": "59.96500", "2012-12-31": "61.43600", "2012-09-30": "55.73200", "2012-06-30": "", "2011-06-30": ""}, "Other Operating Income Or Expenses": {"2020-12-31": "", "2020-09-30": "", "2020-06-30": "", "2020-03-31": "", "2019-12-31": "", "2019-09-30": "", "2019-06-30": "", "2019-03-31": "", "2018-12-31": "", "2018-09-30": "", "2018-06-30": "", "2018-03-31": "", "2017-12-31": "177.17400", "2017-09-30": "", "2017-06-30": "", "2017-03-31": "", "2016-12-31": "", "2016-09-30": "", "2016-06-30": "", "2016-03-31": "", "2015-12-31": "", "2015-09-30": "", "2015-06-30": "", "2015-03-31": "", "2014-12-31": "", "2014-09-30": "", "2014-06-30": "", "2014-03-31": "", "2013-12-31": "", "2013-09-30": "", "2013-06-30": "", "2013-03-31": "", "2012-12-31": "", "2012-09-30": "", "2012-06-30": "", "2011-06-30": ""}, "Operating Expenses": {"2020-12-31": "352.82300", "2020-09-30": "289.91200", "2020-06-30": "275.52510", "2020-03-31": "233.01100", "2019-12-31": "199.07300", "2019-09-30": "218.36300", "2019-06-30": "231.08000", "2019-03-31": "213.24500", "2018-12-31": "206.82600", "2018-09-30": "197.97300", "2018-06-30": "-148.62800", "2018-03-31": "326.72800", "2017-12-31": "146.11400", "2017-09-30": "320.08400", "2017-06-30": "-77.08500", "2017-03-31": "300.75100", "2016-12-31": "283.85900", "2016-09-30": "240.75600", "2016-06-30": "248.59500", "2016-03-31": "223.91100", "2015-12-31": "221.57600", "2015-09-30": "202.56400", "2015-06-30": "201.23200", "2015-03-31": "192.81200", "2014-12-31": "183.78000", "2014-09-30": "163.16300", "2014-06-30": "173.14200", "2014-03-31": "156.07300", "2013-12-31": "147.66000", "2013-09-30": "131.62200", "2013-06-30": "136.58000", "2013-03-31": "123.73200", "2012-12-31": "122.36800", "2012-09-30": "113.98700", "2012-06-30": "", "2011-06-30": ""}, "Operating Income": {"2020-12-31": "70.00400", "2020-09-30": "56.97500", "2020-06-30": "67.22800", "2020-03-31": "101.81200", "2019-12-31": "120.53300", "2019-09-30": "84.04700", "2019-06-30": "85.15400", "2019-03-31": "87.96800", "2018-12-31": "100.76300", "2018-09-30": "94.62900", "2018-06-30": "105.98500", "2018-03-31": "98.61000", "2017-12-31": "265.28400", "2017-09-30": "70.48000", "2017-06-30": "91.74810", "2017-03-31": "79.05200", "2016-12-31": "74.64100", "2016-09-30": "72.51600", "2016-06-30": "52.82600", "2016-03-31": "74.75800", "2015-12-31": "70.09300", "2015-09-30": "68.27100", "2015-06-30": "65.32100", "2015-03-31": "68.91100", "2014-12-31": "65.66500", "2014-09-30": "66.14500", "2014-06-30": "62.32400", "2014-03-31": "69.52500", "2013-12-31": "61.24900", "2013-09-30": "108.95400", "2013-06-30": "104.02100", "2013-03-31": "99.96600", "2012-12-31": "84.05700", "2012-09-30": "84.57900", "2012-06-30": "", "2011-06-30": ""}, "Total Non-Operating Income/Expense": {"2020-12-31": "-8.44300", "2020-09-30": "5.57200", "2020-06-30": "2.39700", "2020-03-31": "-24.43500", "2019-12-31": "35.59900", "2019-09-30": "-3.49400", "2019-06-30": "-7.25400", "2019-03-31": "-0.96600", "2018-12-31": "7.78400", "2018-09-30": "0.06100", "2018-06-30": "-2.94600", "2018-03-31": "-8.77300", "2017-12-31": "-14.00700", "2017-09-30": "2.90000", "2017-06-30": "-3.91700", "2017-03-31": "-0.39900", "2016-12-31": "208.97200", "2016-09-30": "8.91500", "2016-06-30": "5.99400", "2016-03-31": "6.34200", "2015-12-31": "3.57600", "2015-09-30": "3.02200", "2015-06-30": "-9.02500", "2015-03-31": "5.14400", "2014-12-31": "4.41300", "2014-09-30": "4.55300", "2014-06-30": "7.55600", "2014-03-31": "41.86800", "2013-12-31": "4.51200", "2013-09-30": "4.33800", "2013-06-30": "3.22000", "2013-03-31": "2.43100", "2012-12-31": "3.49000", "2012-09-30": "3.00500", "2012-06-30": "", "2011-06-30": ""}, "Pre-Tax Income": {"2020-12-31": "61.56100", "2020-09-30": "62.54700", "2020-06-30": "69.62500", "2020-03-31": "77.37700", "2019-12-31": "156.13200", "2019-09-30": "80.55300", "2019-06-30": "77.90000", "2019-03-31": "87.00200", "2018-12-31": "108.54700", "2018-09-30": "94.69000", "2018-06-30": "103.03900", "2018-03-31": "89.83700", "2017-12-31": "251.27700", "2017-09-30": "73.38000", "2017-06-30": "87.83100", "2017-03-31": "78.65300", "2016-12-31": "283.61300", "2016-09-30": "81.43100", "2016-06-30": "58.82000", "2016-03-31": "81.10000", "2015-12-31": "73.66900", "2015-09-30": "71.29300", "2015-06-30": "56.29600", "2015-03-31": "74.05500", "2014-12-31": "70.07800", "2014-09-30": "70.69800", "2014-06-30": "69.88000", "2014-03-31": "111.39300", "2013-12-31": "65.76100", "2013-09-30": "113.29200", "2013-06-30": "107.30000", "2013-03-31": "102.39700", "2012-12-31": "87.54700", "2012-09-30": "87.58400", "2012-06-30": "", "2011-06-30": ""}, "Income Taxes": {"2020-12-31": "16.65700", "2020-09-30": "-118.13800", "2020-06-30": "14.22500", "2020-03-31": "4.16500", "2019-12-31": "64.55700", "2019-09-30": "9.61400", "2019-06-30": "7.67100", "2019-03-31": "11.73700", "2018-12-31": "2.73600", "2018-09-30": "11.31800", "2018-06-30": "1.96600", "2018-03-31": "13.28800", "2017-12-31": "231.50800", "2017-09-30": "12.76400", "2017-06-30": "13.84400", "2017-03-31": "7.31500", "2016-12-31": "37.42900", "2016-09-30": "23.33600", "2016-06-30": "8.46400", "2016-03-31": "9.54300", "2015-12-31": "12.67400", "2015-09-30": "19.04000", "2015-06-30": "24.23500", "2015-03-31": "2.02600", "2014-12-31": "4.27000", "2014-09-30": "5.81100", "2014-06-30": "3.24800", "2014-03-31": "9.41300", "2013-12-31": "14.28400", "2013-09-30": "0.76400", "2013-06-30": "3.80000", "2013-03-31": "1.25500", "2012-12-31": "2.16600", "2012-09-30": "2.51700", "2012-06-30": "", "2011-06-30": ""}, "Income After Taxes": {"2020-12-31": "44.90400", "2020-09-30": "180.68500", "2020-06-30": "55.40000", "2020-03-31": "73.21200", "2019-12-31": "91.57500", "2019-09-30": "70.93900", "2019-06-30": "70.22900", "2019-03-31": "75.26500", "2018-12-31": "105.81100", "2018-09-30": "83.37200", "2018-06-30": "101.07300", "2018-03-31": "76.54900", "2017-12-31": "19.76900", "2017-09-30": "60.61600", "2017-06-30": "73.98700", "2017-03-31": "71.33800", "2016-12-31": "246.18400", "2016-09-30": "58.09500", "2016-06-30": "50.35600", "2016-03-31": "71.55700", "2015-12-31": "60.99500", "2015-09-30": "52.25300", "2015-06-30": "32.06100", "2015-03-31": "72.02900", "2014-12-31": "65.80800", "2014-09-30": "64.88700", "2014-06-30": "66.63200", "2014-03-31": "101.98000", "2013-12-31": "51.47700", "2013-09-30": "112.52800", "2013-06-30": "103.50000", "2013-03-31": "101.14200", "2012-12-31": "85.38100", "2012-09-30": "85.06700", "2012-06-30": "", "2011-06-30": ""}, "Other Income": {"2020-12-31": "", "2020-09-30": "", "2020-06-30": "", "2020-03-31": "", "2019-12-31": "", "2019-09-30": "", "2019-06-30": "", "2019-03-31": "", "2018-12-31": "", "2018-09-30": "", "2018-06-30": "", "2018-03-31": "", "2017-12-31": "", "2017-09-30": "", "2017-06-30": "", "2017-03-31": "", "2016-12-31": "", "2016-09-30": "", "2016-06-30": "", "2016-03-31": "", "2015-12-31": "", "2015-09-30": "", "2015-06-30": "", "2015-03-31": "", "2014-12-31": "", "2014-09-30": "", "2014-06-30": "", "2014-03-31": "", "2013-12-31": "", "2013-09-30": "", "2013-06-30": "0.00000", "2013-03-31": "", "2012-12-31": "", "2012-09-30": "", "2012-06-30": "", "2011-06-30": ""}, "Income From Continuous Operations": {"2020-12-31": "44.90400", "2020-09-30": "180.68500", "2020-06-30": "55.40000", "2020-03-31": "73.21200", "2019-12-31": "91.57500", "2019-09-30": "70.93900", "2019-06-30": "70.22900", "2019-03-31": "75.26500", "2018-12-31": "105.81100", "2018-09-30": "83.37200", "2018-06-30": "101.07300", "2018-03-31": "76.54900", "2017-12-31": "19.76900", "2017-09-30": "60.61600", "2017-06-30": "73.98700", "2017-03-31": "71.33800", "2016-12-31": "246.18400", "2016-09-30": "58.09500", "2016-06-30": "50.35600", "2016-03-31": "71.55700", "2015-12-31": "60.99500", "2015-09-30": "52.25300", "2015-06-30": "32.06100", "2015-03-31": "72.02900", "2014-12-31": "65.80800", "2014-09-30": "64.88700", "2014-06-30": "66.63200", "2014-03-31": "101.98000", "2013-12-31": "51.47700", "2013-09-30": "112.52800", "2013-06-30": "-0.79700", "2013-03-31": "101.14200", "2012-12-31": "85.38100", "2012-09-30": "85.06700", "2012-06-30": "", "2011-06-30": ""}, "Income From Discontinued Operations": {"2020-12-31": "", "2020-09-30": "", "2020-06-30": "0.04500", "2020-03-31": "0.00500", "2019-12-31": "0.61400", "2019-09-30": "0.39000", "2019-06-30": "-46.73600", "2019-03-31": "-1.46300", "2018-12-31": "-1.00000", "2018-09-30": "-1.39900", "2018-06-30": "", "2018-03-31": "", "2017-12-31": "", "2017-09-30": "", "2017-06-30": "", "2017-03-31": "", "2016-12-31": "", "2016-09-30": "", "2016-06-30": "", "2016-03-31": "", "2015-12-31": "", "2015-09-30": "", "2015-06-30": "", "2015-03-31": "", "2014-12-31": "", "2014-09-30": "", "2014-06-30": "", "2014-03-31": "", "2013-12-31": "", "2013-09-30": "", "2013-06-30": "0.00000", "2013-03-31": "", "2012-12-31": "", "2012-09-30": "", "2012-06-30": "", "2011-06-30": ""}, "Net Income": {"2020-12-31": "43.96900", "2020-09-30": "142.15500", "2020-06-30": "-22.11600", "2020-03-31": "340.72800", "2019-12-31": "-443.66800", "2019-09-30": "723.73100", "2019-06-30": "-287.30800", "2019-03-31": "265.80800", "2018-12-31": "693.88900", "2018-09-30": "-681.33300", "2018-06-30": "-323.21100", "2018-03-31": "-103.53700", "2017-12-31": "281.20000", "2017-09-30": "336.43000", "2017-06-30": "-313.72700", "2017-03-31": "-80.60100", "2016-12-31": "400.27500", "2016-09-30": "70.30200", "2016-06-30": "101.64500", "2016-03-31": "299.94800", "2015-12-31": "-54.38300", "2015-09-30": "471.15400", "2015-06-30": "-84.07600", "2015-03-31": "-374.85300", "2014-12-31": "-32.97900", "2014-09-30": "-373.38400", "2014-06-30": "491.38890", "2014-03-31": "509.23900", "2013-12-31": "-3713.40800", "2013-09-30": "-0.47600", "2013-06-30": "-0.79700", "2013-03-31": "4.22900", "2012-12-31": "1.99100", "2012-09-30": "2.25600", "2012-06-30": "", "2011-06-30": ""}, "EBITDA": {"2020-12-31": "99.35700", "2020-09-30": "87.65300", "2020-06-30": "105.41700", "2020-03-31": "141.55500", "2019-12-31": "157.84900", "2019-09-30": "121.62600", "2019-06-30": "122.00200", "2019-03-31": "123.33700", "2018-12-31": "135.48000", "2018-09-30": "127.85900", "2018-06-30": "135.05200", "2018-03-31": "131.07600", "2017-12-31": "296.41100", "2017-09-30": "100.88500", "2017-06-30": "117.99010", "2017-03-31": "108.23400", "2016-12-31": "99.99000", "2016-09-30": "95.74300", "2016-06-30": "75.75000", "2016-03-31": "96.60800", "2015-12-31": "91.56300", "2015-09-30": "86.18300", "2015-06-30": "79.93800", "2015-03-31": "83.00200", "2014-12-31": "80.06800", "2014-09-30": "77.35600", "2014-06-30": "73.03700", "2014-03-31": "79.72300", "2013-12-31": "71.20400", "2013-09-30": "117.91100", "2013-06-30": "113.60900", "2013-03-31": "107.14000", "2012-12-31": "91.05500", "2012-09-30": "91.35900", "2012-06-30": "", "2011-06-30": ""}, "EBIT": {"2020-12-31": "70.00400", "2020-09-30": "56.97500", "2020-06-30": "67.22800", "2020-03-31": "101.81200", "2019-12-31": "120.53300", "2019-09-30": "84.04700", "2019-06-30": "85.15400", "2019-03-31": "87.96800", "2018-12-31": "100.76300", "2018-09-30": "94.62900", "2018-06-30": "105.98500", "2018-03-31": "98.61000", "2017-12-31": "265.28400", "2017-09-30": "70.48000", "2017-06-30": "91.74810", "2017-03-31": "79.05200", "2016-12-31": "74.64100", "2016-09-30": "72.51600", "2016-06-30": "52.82600", "2016-03-31": "74.75800", "2015-12-31": "70.09300", "2015-09-30": "68.27100", "2015-06-30": "65.32100", "2015-03-31": "68.91100", "2014-12-31": "65.66500", "2014-09-30": "66.14500", "2014-06-30": "62.32400", "2014-03-31": "69.52500", "2013-12-31": "61.24900", "2013-09-30": "108.95400", "2013-06-30": "104.02100", "2013-03-31": "99.96600", "2012-12-31": "84.05700", "2012-09-30": "84.57900", "2012-06-30": "", "2011-06-30": ""}, "Basic Shares Outstanding": {"2020-12-31": "122.12700", "2020-09-30": "99.57500", "2020-06-30": "67.03500", "2020-03-31": "69.45100", "2019-12-31": "64.55200", "2019-09-30": "62.78500", "2019-06-30": "61.72500", "2019-03-31": "62.02000", "2018-12-31": "59.87600", "2018-09-30": "53.22100", "2018-06-30": "53.51800", "2018-03-31": "53.52900", "2017-12-31": "55.20900", "2017-09-30": "52.90900", "2017-06-30": "49.65400", "2017-03-31": "50.52500", "2016-12-31": "49.44500", "2016-09-30": "47.21400", "2016-06-30": "42.36800", "2016-03-31": "44.71600", "2015-12-31": "41.57500", "2015-09-30": "37.73500", "2015-06-30": "35.68100", "2015-03-31": "37.31600", "2014-12-31": "35.58900", "2014-09-30": "32.37600", "2014-06-30": "25.63300", "2014-03-31": "32.37500", "2013-12-31": "32.37500", "2013-09-30": "5.62700", "2013-06-30": "5.73300", "2013-03-31": "5.75700", "2012-12-31": "6.04000", "2012-09-30": "6.09000", "2012-06-30": "", "2011-06-30": ""}, "Shares Outstanding": {"2020-12-31": "122.91900", "2020-09-30": "100.13000", "2020-06-30": "123.61400", "2020-03-31": "122.47000", "2019-12-31": "64.55200", "2019-09-30": "126.63200", "2019-06-30": "61.72500", "2019-03-31": "129.07200", "2018-12-31": "133.67200", "2018-09-30": "53.22100", "2018-06-30": "137.34000", "2018-03-31": "53.52900", "2017-12-31": "139.23700", "2017-09-30": "140.04600", "2017-06-30": "50.37400", "2017-03-31": "50.52500", "2016-12-31": "141.30800", "2016-09-30": "142.96200", "2016-06-30": "145.30800", "2016-03-31": "145.01800", "2015-12-31": "41.57500", "2015-09-30": "145.56000", "2015-06-30": "35.68100", "2015-03-31": "37.31600", "2014-12-31": "35.58900", "2014-09-30": "32.37600", "2014-06-30": "25.63300", "2014-03-31": "32.55600", "2013-12-31": "32.37500", "2013-09-30": "5.62700", "2013-06-30": "5.73300", "2013-03-31": "5.75700", "2012-12-31": "6.04000", "2012-09-30": "6.09000", "2012-06-30": "", "2011-06-30": ""}, "Basic EPS": {"2020-12-31": "0.36000", "2020-09-30": "1.43000", "2020-06-30": "-0.64000", "2020-03-31": "4.91000", "2019-12-31": "-6.87000", "2019-09-30": "11.53000", "2019-06-30": "-4.65000", "2019-03-31": "4.29000", "2018-12-31": "11.59000", "2018-09-30": "-12.80000", "2018-06-30": "-5.95000", "2018-03-31": "-1.93000", "2017-12-31": "5.09000", "2017-09-30": "6.36000", "2017-06-30": "-6.45000", "2017-03-31": "-1.60000", "2016-12-31": "8.10000", "2016-09-30": "1.49000", "2016-06-30": "1.43000", "2016-03-31": "6.71000", "2015-12-31": "-1.31000", "2015-09-30": "12.49000", "2015-06-30": "-1.74000", "2015-03-31": "-10.05000", "2014-12-31": "-0.93000", "2014-09-30": "-11.53000", "2014-06-30": "-6.80000", "2014-03-31": "15.73000", "2013-12-31": "-114.70000", "2013-09-30": "-0.08000", "2013-06-30": "-0.14000", "2013-03-31": "0.73000", "2012-12-31": "0.33000", "2012-09-30": "0.37000", "2012-06-30": "", "2011-06-30": ""}, "EPS - Earnings Per Share": {"2020-12-31": "0.36000", "2020-09-30": "1.42000", "2020-06-30": "7.88000", "2020-03-31": "0.54000", "2019-12-31": "-6.87000", "2019-09-30": "0.49000", "2019-06-30": "-4.65000", "2019-03-31": "0.48000", "2018-12-31": "0.69000", "2018-09-30": "-12.80000", "2018-06-30": "2.93000", "2018-03-31": "-1.93000", "2017-12-31": "0.06000", "2017-09-30": "0.30000", "2017-06-30": "1.35000", "2017-03-31": "-1.60000", "2016-12-31": "1.50000", "2016-09-30": "0.26000", "2016-06-30": "1.61000", "2016-03-31": "0.43000", "2015-12-31": "-1.31000", "2015-09-30": "0.24000", "2015-06-30": "-1.74000", "2015-03-31": "-10.05000", "2014-12-31": "-0.93000", "2014-09-30": "-11.53000", "2014-06-30": "-6.71000", "2014-03-31": "15.64000", "2013-12-31": "-114.70000", "2013-09-30": "-0.08000", "2013-06-30": "-0.14000", "2013-03-31": "0.73000", "2012-12-31": "0.33000", "2012-09-30": "0.37000", "2012-06-30": "0.00000", "2011-06-30": "0.00000"}}, "balance sheet": {"Cash On Hand": {"2020-06-30": "99.30400", "2019-06-30": "141.05500", "2018-06-30": "152.38600", "2017-06-30": "156.73500", "2016-06-30": "266.57600", "2015-06-30": "387.18900", "2014-06-30": "291.60600", "2013-06-30": "255.61900", "2012-06-30": "241.66900", "2011-06-30": ""}, "Receivables": {"2020-06-30": "135.06300", "2019-06-30": "168.11500", "2018-06-30": "186.76800", "2017-06-30": "159.74500", "2016-06-30": "144.42400", "2015-06-30": "99.12000", "2014-06-30": "67.57700", "2013-06-30": "60.60000", "2012-06-30": "56.75500", "2011-06-30": ""}, "Inventory": {"2020-06-30": "70.99700", "2019-06-30": "51.03200", "2018-06-30": "52.63500", "2017-06-30": "50.42600", "2016-06-30": "29.12100", "2015-06-30": "33.05800", "2014-06-30": "20.82300", "2013-06-30": "12.74100", "2012-06-30": "5.96700", "2011-06-30": ""}, "Pre-Paid Expenses": {"2020-06-30": "97.33800", "2019-06-30": "23.76500", "2018-06-30": "22.43700", "2017-06-30": "35.16400", "2016-06-30": "19.64600", "2015-06-30": "22.35300", "2014-06-30": "31.17500", "2013-06-30": "27.02800", "2012-06-30": "19.32100", "2011-06-30": ""}, "Other Current Assets": {"2020-06-30": "215.66000", "2019-06-30": "205.50900", "2018-06-30": "", "2017-06-30": "6.74200", "2016-06-30": "3.12300", "2015-06-30": "3.44400", "2014-06-30": "1.22800", "2013-06-30": "1.65000", "2012-06-30": "0.53400", "2011-06-30": ""}, "Total Current Assets": {"2020-06-30": "618.36200", "2019-06-30": "614.04400", "2018-06-30": "428.61800", "2017-06-30": "408.81200", "2016-06-30": "462.89000", "2015-06-30": "545.16400", "2014-06-30": "422.05600", "2013-06-30": "366.04100", "2012-06-30": "335.36500", "2011-06-30": ""}, "Property, Plant, And Equipment": {"2020-06-30": "206.72800", "2019-06-30": "205.10800", "2018-06-30": "205.34900", "2017-06-30": "187.36500", "2016-06-30": "174.08000", "2015-06-30": "147.62500", "2014-06-30": "134.55100", "2013-06-30": "115.58700", "2012-06-30": "101.63000", "2011-06-30": ""}, "Long-Term Investments": {"2020-06-30": "133.33500", "2019-06-30": "99.63600", "2018-06-30": "94.05300", "2017-06-30": "92.87900", "2016-06-30": "46.93000", "2015-06-30": "174.74500", "2014-06-30": "248.79900", "2013-06-30": "", "2012-06-30": "9.71300", "2011-06-30": ""}, "Goodwill And Intangible Assets": {"2020-06-30": "1359.38700", "2019-06-30": "1151.43100", "2018-06-30": "1143.55600", "2017-06-30": "1284.50700", "2016-06-30": "696.17900", "2015-06-30": "254.31400", "2014-06-30": "105.30600", "2013-06-30": "65.70200", "2012-06-30": "67.24100", "2011-06-30": "0.00000"}, "Other Long-Term Assets": {"2020-06-30": "93.68000", "2019-06-30": "31.86800", "2018-06-30": "3.89200", "2017-06-30": "10.27100", "2016-06-30": "12.49000", "2015-06-30": "17.13700", "2014-06-30": "16.13600", "2013-06-30": "36.50900", "2012-06-30": "25.37100", "2011-06-30": ""}, "Total Long-Term Assets": {"2020-06-30": "2330.15300", "2019-06-30": "1955.52300", "2018-06-30": "1883.59800", "2017-06-30": "2099.02400", "2016-06-30": "1392.49300", "2015-06-30": "985.02700", "2014-06-30": "824.60000", "2013-06-30": "232.87500", "2012-06-30": "219.57400", "2011-06-30": ""}, "Total Assets": {"2020-06-30": "2948.51500", "2019-06-30": "2569.56700", "2018-06-30": "2312.21600", "2017-06-30": "2507.83600", "2016-06-30": "1855.38300", "2015-06-30": "1530.19100", "2014-06-30": "1246.65600", "2013-06-30": "598.91600", "2012-06-30": "554.93900", "2011-06-30": "0.00000"}, "Total Current Liabilities": {"2020-06-30": "496.07400", "2019-06-30": "458.02200", "2018-06-30": "448.88200", "2017-06-30": "571.58700", "2016-06-30": "326.06300", "2015-06-30": "269.63100", "2014-06-30": "223.88200", "2013-06-30": "145.14800", "2012-06-30": "134.56600", "2011-06-30": ""}, "Long Term Debt": {"2020-06-30": "4.64000", "2019-06-30": "6.00300", "2018-06-30": "6.96200", "2017-06-30": "6.27900", "2016-06-30": "13.85800", "2015-06-30": "15.67900", "2014-06-30": "16.05100", "2013-06-30": "22.46800", "2012-06-30": "62.42400", "2011-06-30": ""}, "Other Non-Current Liabilities": {"2020-06-30": "2238.04000", "2019-06-30": "2963.02600", "2018-06-30": "3265.54700", "2017-06-30": "3543.99600", "2016-06-30": "3466.92300", "2015-06-30": "4362.98300", "2014-06-30": "3477.03400", "2013-06-30": "337.75300", "2012-06-30": "279.51300", "2011-06-30": ""}, "Total Long Term Liabilities": {"2020-06-30": "2313.17800", "2019-06-30": "2973.79500", "2018-06-30": "3290.39800", "2017-06-30": "3598.50200", "2016-06-30": "3480.78100", "2015-06-30": "4378.66200", "2014-06-30": "3493.08500", "2013-06-30": "376.00000", "2012-06-30": "341.93700", "2011-06-30": ""}, "Total Liabilities": {"2020-06-30": "2809.25200", "2019-06-30": "3431.81700", "2018-06-30": "3739.28000", "2017-06-30": "4170.08900", "2016-06-30": "3806.84400", "2015-06-30": "4648.29300", "2014-06-30": "3716.96700", "2013-06-30": "521.14800", "2012-06-30": "476.50300", "2011-06-30": "0.00000"}, "Common Stock Net": {"2020-06-30": "0.71600", "2019-06-30": "0.64400", "2018-06-30": "0.57500", "2017-06-30": "0.51900", "2016-06-30": "0.46000", "2015-06-30": "0.37700", "2014-06-30": "0.32400", "2013-06-30": "0.35700", "2012-06-30": "0.06100", "2011-06-30": "0.00000"}, "Retained Earnings (Accumulated Deficit)": {"2020-06-30": "", "2019-06-30": "-775.67400", "2018-06-30": "-1277.58100", "2017-06-30": "-1662.77200", "2016-06-30": "-1951.87800", "2015-06-30": "-3118.47400", "2014-06-30": "-2469.87300", "2013-06-30": "50.59900", "2012-06-30": "43.22300", "2011-06-30": ""}, "Comprehensive Income": {"2020-06-30": "", "2019-06-30": "", "2018-06-30": "", "2017-06-30": "", "2016-06-30": "-0.04300", "2015-06-30": "-0.00500", "2014-06-30": "0.04300", "2013-06-30": "0.00000", "2012-06-30": "", "2011-06-30": ""}, "Other Share Holders Equity": {"2020-06-30": "", "2019-06-30": "", "2018-06-30": "", "2017-06-30": "", "2016-06-30": "", "2015-06-30": "", "2014-06-30": "", "2013-06-30": "-0.30000", "2012-06-30": "", "2011-06-30": "0.00000"}, "Share Holder Equity": {"2020-06-30": "139.26300", "2019-06-30": "-862.25000", "2018-06-30": "-1427.06400", "2017-06-30": "-1662.25300", "2016-06-30": "-1951.46100", "2015-06-30": "-3118.10200", "2014-06-30": "-2470.31100", "2013-06-30": "77.76800", "2012-06-30": "78.43600", "2011-06-30": "0.00000"}, "Total Liabilities And Share Holders Equity": {"2020-06-30": "2948.51500", "2019-06-30": "2569.56700", "2018-06-30": "2312.21600", "2017-06-30": "2507.83600", "2016-06-30": "1855.38300", "2015-06-30": "1530.19100", "2014-06-30": "1246.65600", "2013-06-30": "598.91600", "2012-06-30": "554.93900", "2011-06-30": "0.00000"}}, "balance sheet, quarterly": {"Cash On Hand": {"2020-12-31": "109.01300", "2020-09-30": "120.41600", "2020-06-30": "99.30400", "2020-03-31": "241.73400", "2019-12-31": "111.57000", "2019-09-30": "125.24400", "2019-06-30": "141.05500", "2019-03-31": "137.51200", "2018-12-31": "110.58400", "2018-09-30": "142.42200", "2018-06-30": "152.38600", "2018-03-31": "149.41000", "2017-12-31": "163.01400", "2017-09-30": "132.12000", "2017-06-30": "156.73500", "2017-03-31": "236.21800", "2016-12-31": "218.89200", "2016-09-30": "156.01200", "2016-06-30": "266.57600", "2016-03-31": "265.55400", "2015-12-31": "199.61500", "2015-09-30": "172.27300", "2015-06-30": "387.18900", "2015-03-31": "348.38800", "2014-12-31": "347.38900", "2014-09-30": "268.63800", "2014-06-30": "291.60600", "2014-03-31": "267.66000", "2013-12-31": "233.86100", "2013-09-30": "132.85100", "2013-06-30": "255.61900", "2013-03-31": "", "2012-12-31": "", "2012-09-30": "", "2012-06-30": "241.66000", "2011-06-30": ""}, "Receivables": {"2020-12-31": "166.43800", "2020-09-30": "131.78300", "2020-06-30": "135.06300", "2020-03-31": "139.90200", "2019-12-31": "166.90700", "2019-09-30": "157.83000", "2019-06-30": "168.11500", "2019-03-31": "206.59500", "2018-12-31": "197.36600", "2018-09-30": "182.25400", "2018-06-30": "186.76800", "2018-03-31": "174.09200", "2017-12-31": "171.35400", "2017-09-30": "173.86900", "2017-06-30": "159.74500", "2017-03-31": "162.17800", "2016-12-31": "181.08300", "2016-09-30": "144.46400", "2016-06-30": "144.42400", "2016-03-31": "128.98100", "2015-12-31": "125.05200", "2015-09-30": "116.14200", "2015-06-30": "99.12000", "2015-03-31": "101.16500", "2014-12-31": "86.78700", "2014-09-30": "81.02700", "2014-06-30": "67.57700", "2014-03-31": "72.31100", "2013-12-31": "68.68800", "2013-09-30": "61.96800", "2013-06-30": "60.60000", "2013-03-31": "", "2012-12-31": "", "2012-09-30": "", "2012-06-30": "56.75000", "2011-06-30": ""}, "Inventory": {"2020-12-31": "178.34600", "2020-09-30": "143.30500", "2020-06-30": "70.99700", "2020-03-31": "48.52200", "2019-12-31": "52.71300", "2019-09-30": "52.34400", "2019-06-30": "51.03200", "2019-03-31": "64.77500", "2018-12-31": "70.03200", "2018-09-30": "68.23600", "2018-06-30": "52.63500", "2018-03-31": "57.23000", "2017-12-31": "62.06700", "2017-09-30": "57.60400", "2017-06-30": "50.42600", "2017-03-31": "48.77000", "2016-12-31": "65.69000", "2016-09-30": "34.68500", "2016-06-30": "29.12100", "2016-03-31": "29.30700", "2015-12-31": "30.24400", "2015-09-30": "31.88900", "2015-06-30": "33.05800", "2015-03-31": "29.85800", "2014-12-31": "27.67700", "2014-09-30": "22.48000", "2014-06-30": "20.82300", "2014-03-31": "19.28000", "2013-12-31": "16.11600", "2013-09-30": "13.02900", "2013-06-30": "12.74100", "2013-03-31": "", "2012-12-31": "", "2012-09-30": "", "2012-06-30": "5.96000", "2011-06-30": ""}, "Pre-Paid Expenses": {"2020-12-31": "93.40200", "2020-09-30": "77.45000", "2020-06-30": "97.33800", "2020-03-31": "87.74600", "2019-12-31": "28.71800", "2019-09-30": "26.98900", "2019-06-30": "23.76500", "2019-03-31": "28.59300", "2018-12-31": "27.25900", "2018-09-30": "29.67500", "2018-06-30": "22.43700", "2018-03-31": "24.37400", "2017-12-31": "24.02100", "2017-09-30": "29.78700", "2017-06-30": "35.16400", "2017-03-31": "41.70200", "2016-12-31": "45.67400", "2016-09-30": "45.00700", "2016-06-30": "19.64600", "2016-03-31": "24.97000", "2015-12-31": "28.08300", "2015-09-30": "31.48300", "2015-06-30": "22.35300", "2015-03-31": "32.03900", "2014-12-31": "34.35800", "2014-09-30": "44.59600", "2014-06-30": "31.17500", "2014-03-31": "22.97400", "2013-12-31": "27.23200", "2013-09-30": "34.57600", "2013-06-30": "27.02800", "2013-03-31": "", "2012-12-31": "", "2012-09-30": "", "2012-06-30": "", "2011-06-30": ""}, "Other Current Assets": {"2020-12-31": "239.13900", "2020-09-30": "245.09900", "2020-06-30": "215.66000", "2020-03-31": "234.46700", "2019-12-31": "214.90400", "2019-09-30": "214.27700", "2019-06-30": "205.50900", "2019-03-31": "197.48200", "2018-12-31": "208.97400", "2018-09-30": "203.61500", "2018-06-30": "", "2018-03-31": "0.49100", "2017-12-31": "0.38100", "2017-09-30": "0.48700", "2017-06-30": "6.74200", "2017-03-31": "5.38800", "2016-12-31": "2.61100", "2016-09-30": "3.86200", "2016-06-30": "3.12300", "2016-03-31": "4.44500", "2015-12-31": "3.76400", "2015-09-30": "4.57800", "2015-06-30": "3.44400", "2015-03-31": "0.71200", "2014-12-31": "1.55900", "2014-09-30": "1.41600", "2014-06-30": "1.22800", "2014-03-31": "1.44600", "2013-12-31": "2.21200", "2013-09-30": "0.78800", "2013-06-30": "1.65000", "2013-03-31": "", "2012-12-31": "", "2012-09-30": "", "2012-06-30": "30.97000", "2011-06-30": ""}, "Total Current Assets": {"2020-12-31": "786.33800", "2020-09-30": "718.05300", "2020-06-30": "618.36200", "2020-03-31": "752.37100", "2019-12-31": "574.81200", "2019-09-30": "576.68400", "2019-06-30": "614.04400", "2019-03-31": "634.95700", "2018-12-31": "614.21500", "2018-09-30": "626.20200", "2018-06-30": "428.61800", "2018-03-31": "405.59700", "2017-12-31": "420.83700", "2017-09-30": "393.86700", "2017-06-30": "408.81200", "2017-03-31": "494.25600", "2016-12-31": "513.95000", "2016-09-30": "384.03000", "2016-06-30": "462.89000", "2016-03-31": "453.25700", "2015-12-31": "386.75800", "2015-09-30": "363.46600", "2015-06-30": "545.16400", "2015-03-31": "525.21700", "2014-12-31": "509.63700", "2014-09-30": "426.61300", "2014-06-30": "422.05600", "2014-03-31": "395.00500", "2013-12-31": "358.07800", "2013-09-30": "250.90300", "2013-06-30": "366.04100", "2013-03-31": "", "2012-12-31": "", "2012-09-30": "", "2012-06-30": "335.36000", "2011-06-30": ""}, "Property, Plant, And Equipment": {"2020-12-31": "220.56900", "2020-09-30": "214.16600", "2020-06-30": "206.72800", "2020-03-31": "203.51200", "2019-12-31": "199.97000", "2019-09-30": "202.56400", "2019-06-30": "205.10800", "2019-03-31": "212.30600", "2018-12-31": "211.85900", "2018-09-30": "211.24800", "2018-06-30": "205.34900", "2018-03-31": "198.85300", "2017-12-31": "190.81500", "2017-09-30": "186.17900", "2017-06-30": "187.36500", "2017-03-31": "182.09300", "2016-12-31": "180.40800", "2016-09-30": "175.22100", "2016-06-30": "174.08000", "2016-03-31": "165.73600", "2015-12-31": "163.04400", "2015-09-30": "153.50900", "2015-06-30": "147.62500", "2015-03-31": "152.97200", "2014-12-31": "145.43000", "2014-09-30": "139.27700", "2014-06-30": "134.55100", "2014-03-31": "128.52300", "2013-12-31": "124.09600", "2013-09-30": "119.53800", "2013-06-30": "115.58700", "2013-03-31": "", "2012-12-31": "", "2012-09-30": "", "2012-06-30": "235.26000", "2011-06-30": ""}, "Long-Term Investments": {"2020-12-31": "148.24500", "2020-09-30": "139.26300", "2020-06-30": "133.33500", "2020-03-31": "120.64200", "2019-12-31": "116.20000", "2019-09-30": "107.81000", "2019-06-30": "99.63600", "2019-03-31": "98.64200", "2018-12-31": "98.08900", "2018-09-30": "96.74300", "2018-06-30": "94.05300", "2018-03-31": "93.44800", "2017-12-31": "98.38800", "2017-09-30": "97.13100", "2017-06-30": "92.87900", "2017-03-31": "98.87800", "2016-12-31": "98.79500", "2016-09-30": "95.70600", "2016-06-30": "46.93000", "2016-03-31": "39.45600", "2015-12-31": "51.96300", "2015-09-30": "63.95200", "2015-06-30": "174.74500", "2015-03-31": "154.94400", "2014-12-31": "122.15100", "2014-09-30": "129.57900", "2014-06-30": "248.79900", "2014-03-31": "239.71900", "2013-12-31": "174.82400", "2013-09-30": "10.77300", "2013-06-30": "", "2013-03-31": "", "2012-12-31": "", "2012-09-30": "", "2012-06-30": "9.71000", "2011-06-30": ""}, "Goodwill And Intangible Assets": {"2020-12-31": "1337.84400", "2020-09-30": "1347.08800", "2020-06-30": "1359.38700", "2020-03-31": "1349.71900", "2019-12-31": "1156.31400", "2019-09-30": "1129.91200", "2019-06-30": "1151.43100", "2019-03-31": "1247.93600", "2018-12-31": "1261.48000", "2018-09-30": "1215.02200", "2018-06-30": "1143.55600", "2018-03-31": "1242.49300", "2017-12-31": "1256.39200", "2017-09-30": "1270.60900", "2017-06-30": "1284.50700", "2017-03-31": "1301.42400", "2016-12-31": "1318.21000", "2016-09-30": "753.40000", "2016-06-30": "696.17900", "2016-03-31": "705.11400", "2015-12-31": "713.85710", "2015-09-30": "712.38200", "2015-06-30": "254.31400", "2015-03-31": "255.05800", "2014-12-31": "258.26700", "2014-09-30": "260.59100", "2014-06-30": "105.30600", "2014-03-31": "100.15500", "2013-12-31": "100.95700", "2013-09-30": "93.88800", "2013-06-30": "65.70200", "2013-03-31": "0.00000", "2012-12-31": "0.00000", "2012-09-30": "0.00000", "2012-06-30": "67.24000", "2011-06-30": "0.00000"}, "Other Long-Term Assets": {"2020-12-31": "84.21000", "2020-09-30": "89.52200", "2020-06-30": "93.68000", "2020-03-31": "98.09700", "2019-12-31": "34.71900", "2019-09-30": "38.33400", "2019-06-30": "31.86800", "2019-03-31": "33.12500", "2018-12-31": "29.82400", "2018-09-30": "22.72700", "2018-06-30": "3.89200", "2018-03-31": "4.24100", "2017-12-31": "5.40300", "2017-09-30": "9.48400", "2017-06-30": "10.27100", "2017-03-31": "13.39800", "2016-12-31": "14.34400", "2016-09-30": "18.75500", "2016-06-30": "12.49000", "2016-03-31": "28.85600", "2015-12-31": "25.41800", "2015-09-30": "31.77900", "2015-06-30": "17.13700", "2015-03-31": "51.77800", "2014-12-31": "50.35100", "2014-09-30": "48.92500", "2014-06-30": "16.13600", "2014-03-31": "44.16600", "2013-12-31": "43.76300", "2013-09-30": "33.41000", "2013-06-30": "36.50900", "2013-03-31": "", "2012-12-31": "", "2012-09-30": "", "2012-06-30": "25.37000", "2011-06-30": ""}, "Total Long-Term Assets": {"2020-12-31": "2724.46100", "2020-09-30": "2723.53000", "2020-06-30": "2330.15300", "2020-03-31": "2310.69800", "2019-12-31": "2041.35000", "2019-09-30": "2017.90000", "2019-06-30": "1955.52300", "2019-03-31": "2049.21600", "2018-12-31": "2030.63600", "2018-09-30": "1890.35000", "2018-06-30": "1883.59800", "2018-03-31": "1889.04000", "2017-12-31": "1899.32600", "2017-09-30": "2110.47500", "2017-06-30": "2099.02400", "2017-03-31": "2104.42800", "2016-12-31": "2102.20400", "2016-09-30": "1505.63400", "2016-06-30": "1392.49300", "2016-03-31": "1401.71900", "2015-12-31": "1401.22200", "2015-09-30": "1328.81000", "2015-06-30": "985.02700", "2015-03-31": "963.31600", "2014-12-31": "922.73300", "2014-09-30": "856.33200", "2014-06-30": "824.60000", "2014-03-31": "804.86600", "2013-12-31": "737.55600", "2013-09-30": "270.93700", "2013-06-30": "232.87500", "2013-03-31": "", "2012-12-31": "", "2012-09-30": "", "2012-06-30": "353.19000", "2011-06-30": ""}, "Total Assets": {"2020-12-31": "3510.79900", "2020-09-30": "3441.58300", "2020-06-30": "2948.51500", "2020-03-31": "3063.06900", "2019-12-31": "2616.16200", "2019-09-30": "2594.58400", "2019-06-30": "2569.56700", "2019-03-31": "2684.17300", "2018-12-31": "2644.85100", "2018-09-30": "2516.55200", "2018-06-30": "2312.21600", "2018-03-31": "2294.63700", "2017-12-31": "2320.16300", "2017-09-30": "2504.34200", "2017-06-30": "2507.83600", "2017-03-31": "2598.68400", "2016-12-31": "2616.15400", "2016-09-30": "1889.66400", "2016-06-30": "1855.38300", "2016-03-31": "1854.97600", "2015-12-31": "1787.98000", "2015-09-30": "1692.27600", "2015-06-30": "1530.19100", "2015-03-31": "1488.53300", "2014-12-31": "1432.37000", "2014-09-30": "1282.94500", "2014-06-30": "1246.65600", "2014-03-31": "1199.87100", "2013-12-31": "1095.63400", "2013-09-30": "521.84000", "2013-06-30": "598.91600", "2013-03-31": "0.00000", "2012-12-31": "0.00000", "2012-09-30": "0.00000", "2012-06-30": "554.93000", "2011-06-30": "0.00000"}, "Total Current Liabilities": {"2020-12-31": "704.87200", "2020-09-30": "668.06400", "2020-06-30": "496.07400", "2020-03-31": "686.18300", "2019-12-31": "450.24200", "2019-09-30": "410.63100", "2019-06-30": "458.02200", "2019-03-31": "587.98200", "2018-12-31": "514.68800", "2018-09-30": "469.83200", "2018-06-30": "448.88200", "2018-03-31": "523.91500", "2017-12-31": "506.35700", "2017-09-30": "490.13400", "2017-06-30": "571.58700", "2017-03-31": "725.90700", "2016-12-31": "791.69500", "2016-09-30": "301.12200", "2016-06-30": "326.06300", "2016-03-31": "299.09000", "2015-12-31": "262.56900", "2015-09-30": "246.70600", "2015-06-30": "269.63100", "2015-03-31": "246.47900", "2014-12-31": "240.05700", "2014-09-30": "211.17500", "2014-06-30": "223.88200", "2014-03-31": "227.71600", "2013-12-31": "212.04000", "2013-09-30": "157.17600", "2013-06-30": "145.14800", "2013-03-31": "", "2012-12-31": "", "2012-09-30": "", "2012-06-30": "134.56000", "2011-06-30": ""}, "Long Term Debt": {"2020-12-31": "352.95000", "2020-09-30": "375.77000", "2020-06-30": "4.64000", "2020-03-31": "4.82800", "2019-12-31": "6.83400", "2019-09-30": "7.19800", "2019-06-30": "6.00300", "2019-03-31": "6.18800", "2018-12-31": "5.10700", "2018-09-30": "5.44700", "2018-06-30": "6.96200", "2018-03-31": "6.96200", "2017-12-31": "6.54400", "2017-09-30": "6.27500", "2017-06-30": "6.27900", "2017-03-31": "6.92800", "2016-12-31": "6.99900", "2016-09-30": "8.88100", "2016-06-30": "13.85800", "2016-03-31": "64.24300", "2015-12-31": "113.10400", "2015-09-30": "163.90200", "2015-06-30": "15.67900", "2015-03-31": "15.97000", "2014-12-31": "15.96000", "2014-09-30": "17.22700", "2014-06-30": "16.05100", "2014-03-31": "18.79000", "2013-12-31": "19.75700", "2013-09-30": "31.80100", "2013-06-30": "22.46800", "2013-03-31": "", "2012-12-31": "", "2012-09-30": "", "2012-06-30": "62.42000", "2011-06-30": ""}, "Other Non-Current Liabilities": {"2020-12-31": "232.41000", "2020-09-30": "212.62300", "2020-06-30": "2238.04000", "2020-03-31": "2162.12000", "2019-12-31": "2523.65600", "2019-09-30": "2228.40700", "2019-06-30": "2963.02600", "2019-03-31": "2671.23800", "2018-12-31": "2996.83700", "2018-09-30": "3975.14000", "2018-06-30": "3265.54700", "2018-03-31": "2865.23700", "2017-12-31": "2725.89300", "2017-09-30": "3245.13100", "2017-06-30": "3543.99600", "2017-03-31": "3227.46200", "2016-12-31": "3113.95700", "2016-09-30": "3420.44500", "2016-06-30": "3466.92300", "2016-03-31": "3559.42100", "2015-12-31": "3858.82000", "2015-09-30": "3910.97900", "2015-06-30": "4362.98300", "2015-03-31": "4269.12600", "2014-12-31": "3848.85600", "2014-09-30": "3875.07600", "2014-06-30": "3477.03400", "2014-03-31": "3884.61800", "2013-12-31": "4332.42900", "2013-09-30": "240.10600", "2013-06-30": "337.75300", "2013-03-31": "", "2012-12-31": "", "2012-09-30": "", "2012-06-30": "279.51000", "2011-06-30": ""}, "Total Long Term Liabilities": {"2020-12-31": "633.51100", "2020-09-30": "638.93800", "2020-06-30": "2313.17800", "2020-03-31": "2235.42400", "2019-12-31": "2598.80000", "2019-09-30": "2298.80900", "2019-06-30": "2973.79500", "2019-03-31": "2697.90500", "2018-12-31": "3020.79400", "2018-09-30": "4002.53700", "2018-06-30": "3290.39800", "2018-03-31": "2905.98600", "2017-12-31": "2763.37900", "2017-09-30": "3302.76900", "2017-06-30": "3598.50200", "2017-03-31": "3280.52700", "2016-12-31": "3171.19900", "2016-09-30": "3429.32600", "2016-06-30": "3480.78100", "2016-03-31": "3623.66400", "2015-12-31": "3971.92400", "2015-09-30": "4074.88100", "2015-06-30": "4378.66200", "2015-03-31": "4301.14300", "2014-12-31": "3880.86300", "2014-09-30": "3908.30200", "2014-06-30": "3493.08500", "2014-03-31": "3919.35200", "2013-12-31": "4368.08800", "2013-09-30": "287.74800", "2013-06-30": "376.00000", "2013-03-31": "", "2012-12-31": "", "2012-09-30": "", "2012-06-30": "341.93000", "2011-06-30": ""}, "Total Liabilities": {"2020-12-31": "1338.38300", "2020-09-30": "1307.00200", "2020-06-30": "2809.25200", "2020-03-31": "2921.60700", "2019-12-31": "3049.04200", "2019-09-30": "2709.44000", "2019-06-30": "3431.81700", "2019-03-31": "3285.88700", "2018-12-31": "3535.48200", "2018-09-30": "4472.36900", "2018-06-30": "3739.28000", "2018-03-31": "3429.90100", "2017-12-31": "3269.73600", "2017-09-30": "3792.90300", "2017-06-30": "4170.08900", "2017-03-31": "4006.43400", "2016-12-31": "3962.89400", "2016-09-30": "3730.44800", "2016-06-30": "3806.84400", "2016-03-31": "3922.75400", "2015-12-31": "4234.49300", "2015-09-30": "4321.58700", "2015-06-30": "4648.29300", "2015-03-31": "4547.62200", "2014-12-31": "4120.92000", "2014-09-30": "4119.47700", "2014-06-30": "3716.96700", "2014-03-31": "4147.06800", "2013-12-31": "4580.12800", "2013-09-30": "444.92400", "2013-06-30": "521.14800", "2013-03-31": "0.00000", "2012-12-31": "0.00000", "2012-09-30": "0.00000", "2012-06-30": "476.50000", "2011-06-30": "0.00000"}, "Common Stock Net": {"2020-12-31": "1.22200", "2020-09-30": "1.22100", "2020-06-30": "0.71600", "2020-03-31": "0.71100", "2019-12-31": "0.66900", "2019-09-30": "0.64900", "2019-06-30": "0.64400", "2019-03-31": "0.64200", "2018-12-31": "0.63800", "2018-09-30": "0.58000", "2018-06-30": "0.57500", "2018-03-31": "0.57400", "2017-12-31": "0.57300", "2017-09-30": "0.53600", "2017-06-30": "0.51900", "2017-03-31": "0.50700", "2016-12-31": "0.50200", "2016-09-30": "0.48100", "2016-06-30": "0.46000", "2016-03-31": "0.45300", "2015-12-31": "0.43600", "2015-09-30": "0.37800", "2015-06-30": "0.37700", "2015-03-31": "0.37400", "2014-12-31": "0.37100", "2014-09-30": "0.32400", "2014-06-30": "0.32400", "2014-03-31": "0.32400", "2013-12-31": "0.32400", "2013-09-30": "0.05600", "2013-06-30": "0.35700", "2013-03-31": "0.00000", "2012-12-31": "0.00000", "2012-09-30": "0.00000", "2012-06-30": "0.06000", "2011-06-30": "0.00000"}, "Retained Earnings (Accumulated Deficit)": {"2020-12-31": "141.59000", "2020-09-30": "121.31300", "2020-06-30": "", "2020-03-31": "", "2019-12-31": "-409.83100", "2019-09-30": "-39.89400", "2019-06-30": "-775.67400", "2019-03-31": "-499.44600", "2018-12-31": "-794.07000", "2018-09-30": "-1820.00000", "2018-06-30": "-1277.58100", "2018-03-31": "-965.56400", "2017-12-31": "-875.44800", "2017-09-30": "-1289.09700", "2017-06-30": "-1662.77200", "2017-03-31": "-1408.25700", "2016-12-31": "-1347.24200", "2016-09-30": "-1841.26500", "2016-06-30": "-1951.87800", "2016-03-31": "-2068.15200", "2015-12-31": "-2446.78800", "2015-09-30": "-2629.51200", "2015-06-30": "-3118.47400", "2015-03-31": "-3059.48000", "2014-12-31": "-2689.66000", "2014-09-30": "-2836.87400", "2014-06-30": "-2469.87300", "2014-03-31": "-2946.26500", "2013-12-31": "-3482.99600", "2013-09-30": "50.32100", "2013-06-30": "50.59900", "2013-03-31": "", "2012-12-31": "", "2012-09-30": "", "2012-06-30": "43.22000", "2011-06-30": ""}, "Comprehensive Income": {"2020-12-31": "", "2020-09-30": "", "2020-06-30": "", "2020-03-31": "", "2019-12-31": "", "2019-09-30": "", "2019-06-30": "", "2019-03-31": "", "2018-12-31": "", "2018-09-30": "", "2018-06-30": "", "2018-03-31": "", "2017-12-31": "", "2017-09-30": "", "2017-06-30": "", "2017-03-31": "", "2016-12-31": "0.00000", "2016-09-30": "", "2016-06-30": "-0.04300", "2016-03-31": "-0.07900", "2015-12-31": "-0.16100", "2015-09-30": "-0.17700", "2015-06-30": "-0.00500", "2015-03-31": "0.01700", "2014-12-31": "-0.04000", "2014-09-30": "0.02500", "2014-06-30": "0.04300", "2014-03-31": "0.02100", "2013-12-31": "0.00000", "2013-09-30": "", "2013-06-30": "", "2013-03-31": "", "2012-12-31": "", "2012-09-30": "", "2012-06-30": "", "2011-06-30": ""}, "Other Share Holders Equity": {"2020-12-31": "", "2020-09-30": "", "2020-06-30": "", "2020-03-31": "", "2019-12-31": "", "2019-09-30": "", "2019-06-30": "", "2019-03-31": "", "2018-12-31": "", "2018-09-30": "", "2018-06-30": "", "2018-03-31": "", "2017-12-31": "", "2017-09-30": "", "2017-06-30": "", "2017-03-31": "", "2016-12-31": "", "2016-09-30": "", "2016-06-30": "", "2016-03-31": "", "2015-12-31": "", "2015-09-30": "", "2015-06-30": "", "2015-03-31": "", "2014-12-31": "", "2014-09-30": "", "2014-06-30": "", "2014-03-31": "", "2013-12-31": "", "2013-09-30": "", "2013-06-30": "-0.30000", "2013-03-31": "0.00000", "2012-12-31": "0.00000", "2012-09-30": "0.00000", "2012-06-30": "-0.27000", "2011-06-30": "0.00000"}, "Share Holder Equity": {"2020-12-31": "2172.41600", "2020-09-30": "2134.58100", "2020-06-30": "139.26300", "2020-03-31": "141.46200", "2019-12-31": "-432.88000", "2019-09-30": "-114.85600", "2019-06-30": "-862.25000", "2019-03-31": "-601.71400", "2018-12-31": "-890.63100", "2018-09-30": "-1955.81700", "2018-06-30": "-1427.06400", "2018-03-31": "-1135.26400", "2017-12-31": "-949.57300", "2017-09-30": "-1288.56100", "2017-06-30": "-1662.25300", "2017-03-31": "-1407.75000", "2016-12-31": "-1346.74000", "2016-09-30": "-1840.78400", "2016-06-30": "-1951.46100", "2016-03-31": "-2067.77800", "2015-12-31": "-2446.51300", "2015-09-30": "-2629.31100", "2015-06-30": "-3118.10200", "2015-03-31": "-3059.08900", "2014-12-31": "-2688.55000", "2014-09-30": "-2836.53200", "2014-06-30": "-2470.31100", "2014-03-31": "-2947.19700", "2013-12-31": "-3484.49400", "2013-09-30": "76.91600", "2013-06-30": "77.76800", "2013-03-31": "0.00000", "2012-12-31": "0.00000", "2012-09-30": "0.00000", "2012-06-30": "78.43000", "2011-06-30": "0.00000"}, "Total Liabilities And Share Holders Equity": {"2020-12-31": "3510.79900", "2020-09-30": "3441.58300", "2020-06-30": "2948.51500", "2020-03-31": "3063.06900", "2019-12-31": "2616.16200", "2019-09-30": "2594.58400", "2019-06-30": "2569.56700", "2019-03-31": "2684.17300", "2018-12-31": "2644.85100", "2018-09-30": "2516.55200", "2018-06-30": "2312.21600", "2018-03-31": "2294.63700", "2017-12-31": "2320.16300", "2017-09-30": "2504.34200", "2017-06-30": "2507.83600", "2017-03-31": "2598.68400", "2016-12-31": "2616.15400", "2016-09-30": "1889.66400", "2016-06-30": "1855.38300", "2016-03-31": "1854.97600", "2015-12-31": "1787.98000", "2015-09-30": "1692.27600", "2015-06-30": "1530.19100", "2015-03-31": "1488.53300", "2014-12-31": "1432.37000", "2014-09-30": "1282.94500", "2014-06-30": "1246.65600", "2014-03-31": "1199.87100", "2013-12-31": "1095.63400", "2013-09-30": "521.84000", "2013-06-30": "598.91600", "2013-03-31": "0.00000", "2012-12-31": "0.00000", "2012-09-30": "0.00000", "2012-06-30": "554.93000", "2011-06-30": "0.00000"}}, "cash flow statement": {"Net Income/Loss": {"2020-06-30": "292.18000", "2019-06-30": "284.07900", "2018-06-30": "257.57000", "2017-06-30": "449.47700", "2016-06-30": "235.16100", "2015-06-30": "234.78500", "2014-06-30": "332.61700", "2013-06-30": "375.08600", "2012-06-30": "326.66800", "2011-06-30": "312.26000"}, "Total Depreciation And Amortization - Cash Flow": {"2020-06-30": "152.82700", "2019-06-30": "140.16400", "2018-06-30": "123.06500", "2017-06-30": "104.00000", "2016-06-30": "84.15600", "2015-06-30": "54.32200", "2014-06-30": "39.82300", "2013-06-30": "29.22000", "2012-06-30": "25.39800", "2011-06-30": "22.87800"}, "Other Non-Cash Items": {"2020-06-30": "64.81000", "2019-06-30": "88.68000", "2018-06-30": "117.28200", "2017-06-30": "-125.07500", "2016-06-30": "47.91900", "2015-06-30": "41.75000", "2014-06-30": "-19.83700", "2013-06-30": "-8.71000", "2012-06-30": "-14.97500", "2011-06-30": "-6.75200"}, "Total Non-Cash Items": {"2020-06-30": "217.63700", "2019-06-30": "228.84400", "2018-06-30": "240.34700", "2017-06-30": "-21.07500", "2016-06-30": "132.07500", "2015-06-30": "96.07200", "2014-06-30": "19.98600", "2013-06-30": "20.51000", "2012-06-30": "10.42300", "2011-06-30": "16.12600"}, "Change In Accounts Receivable": {"2020-06-30": "-121.73500", "2019-06-30": "-11.10000", "2018-06-30": "-27.16400", "2017-06-30": "2.72600", "2016-06-30": "-37.25000", "2015-06-30": "-18.96400", "2014-06-30": "-18.92400", "2013-06-30": "-14.00500", "2012-06-30": "-11.98300", "2011-06-30": "-8.80500"}, "Change In Inventories": {"2020-06-30": "", "2019-06-30": "", "2018-06-30": "", "2017-06-30": "-17.60400", "2016-06-30": "3.93700", "2015-06-30": "-12.23500", "2014-06-30": "-8.08200", "2013-06-30": "-6.77400", "2012-06-30": "-4.44800", "2011-06-30": ""}, "Change In Accounts Payable": {"2020-06-30": "", "2019-06-30": "", "2018-06-30": "", "2017-06-30": "", "2016-06-30": "", "2015-06-30": "", "2014-06-30": "", "2013-06-30": "", "2012-06-30": "", "2011-06-30": ""}, "Change In Assets/Liabilities": {"2020-06-30": "-8.20500", "2019-06-30": "-36.54900", "2018-06-30": "0.00000", "2017-06-30": "-1.17400", "2016-06-30": "-12.76600", "2015-06-30": "3.56600", "2014-06-30": "-3.47200", "2013-06-30": "-0.06900", "2012-06-30": "10.03900", "2011-06-30": "1.48800"}, "Total Change In Assets/Liabilities": {"2020-06-30": "-160.29300", "2019-06-30": "-7.58400", "2018-06-30": "9.78900", "2017-06-30": "-36.15500", "2016-06-30": "4.23400", "2015-06-30": "33.20100", "2014-06-30": "15.51900", "2013-06-30": "-17.32700", "2012-06-30": "-22.43900", "2011-06-30": "26.59000"}, "Cash Flow From Operating Activities": {"2020-06-30": "349.52400", "2019-06-30": "505.33900", "2018-06-30": "507.70600", "2017-06-30": "392.24700", "2016-06-30": "371.47000", "2015-06-30": "364.05800", "2014-06-30": "368.12200", "2013-06-30": "378.26900", "2012-06-30": "314.65200", "2011-06-30": "354.97600"}, "Net Change In Property, Plant, And Equipment": {"2020-06-30": "-90.76500", "2019-06-30": "-70.65400", "2018-06-30": "-92.42500", "2017-06-30": "-71.37200", "2016-06-30": "-76.99000", "2015-06-30": "-70.73400", "2014-06-30": "-55.74000", "2013-06-30": "-42.42700", "2012-06-30": "-37.95900", "2011-06-30": "-38.35100"}, "Net Change In Intangible Assets": {"2020-06-30": "", "2019-06-30": "", "2018-06-30": "", "2017-06-30": "", "2016-06-30": "", "2015-06-30": "", "2014-06-30": "", "2013-06-30": "", "2012-06-30": "", "2011-06-30": ""}, "Net Acquisitions/Divestitures": {"2020-06-30": "-121.64000", "2019-06-30": "-50.85400", "2018-06-30": "", "2017-06-30": "-382.60900", "2016-06-30": "-468.62300", "2015-06-30": "-156.00700", "2014-06-30": "-42.56900", "2013-06-30": "", "2012-06-30": "", "2011-06-30": "-35.94900"}, "Net Change In Short-term Investments": {"2020-06-30": "", "2019-06-30": "", "2018-06-30": "", "2017-06-30": "", "2016-06-30": "", "2015-06-30": "", "2014-06-30": "", "2013-06-30": "", "2012-06-30": "", "2011-06-30": ""}, "Net Change In Long-Term Investments": {"2020-06-30": "-10.16500", "2019-06-30": "", "2018-06-30": "", "2017-06-30": "-17.64700", "2016-06-30": "363.91100", "2015-06-30": "-14.51400", "2014-06-30": "-314.44400", "2013-06-30": "45.75400", "2012-06-30": "-99.37700", "2011-06-30": "34.27000"}, "Net Change In Investments - Total": {"2020-06-30": "-10.16500", "2019-06-30": "", "2018-06-30": "", "2017-06-30": "-17.64700", "2016-06-30": "363.91100", "2015-06-30": "-14.51400", "2014-06-30": "-314.44400", "2013-06-30": "45.75400", "2012-06-30": "-99.37700", "2011-06-30": "34.27000"}, "Investing Activities - Other": {"2020-06-30": "0.24800", "2019-06-30": "-7.96200", "2018-06-30": "-0.25500", "2017-06-30": "6.57500", "2016-06-30": "22.06600", "2015-06-30": "9.38200", "2014-06-30": "15.65000", "2013-06-30": "11.50300", "2012-06-30": "11.13900", "2011-06-30": "12.45600"}, "Cash Flow From Investing Activities": {"2020-06-30": "-222.32200", "2019-06-30": "-129.47000", "2018-06-30": "-92.68000", "2017-06-30": "-465.05300", "2016-06-30": "-159.63600", "2015-06-30": "-231.87300", "2014-06-30": "-397.10300", "2013-06-30": "14.83000", "2012-06-30": "-126.19700", "2011-06-30": "-27.57400"}, "Net Long-Term Debt": {"2020-06-30": "30.15600", "2019-06-30": "-93.65100", "2018-06-30": "-128.00200", "2017-06-30": "200.55500", "2016-06-30": "-12.94800", "2015-06-30": "-26.61000", "2014-06-30": "-3.29700", "2013-06-30": "-2.15700", "2012-06-30": "-3.40900", "2011-06-30": "-12.82600"}, "Net Current Debt": {"2020-06-30": "", "2019-06-30": "", "2018-06-30": "", "2017-06-30": "", "2016-06-30": "", "2015-06-30": "", "2014-06-30": "", "2013-06-30": "-10.00000", "2012-06-30": "", "2011-06-30": ""}, "Debt Issuance/Retirement Net - Total": {"2020-06-30": "30.15600", "2019-06-30": "-93.65100", "2018-06-30": "-128.00200", "2017-06-30": "200.55500", "2016-06-30": "-12.94800", "2015-06-30": "-26.61000", "2014-06-30": "-3.29700", "2013-06-30": "-12.15700", "2012-06-30": "-3.40900", "2011-06-30": "-12.82600"}, "Net Common Equity Issued/Repurchased": {"2020-06-30": "-150.09300", "2019-06-30": "-250.13300", "2018-06-30": "-200.12900", "2017-06-30": "-111.68000", "2016-06-30": "5.86900", "2015-06-30": "1.50800", "2014-06-30": "278.11400", "2013-06-30": "0.52500", "2012-06-30": "0.15000", "2011-06-30": "0.70000"}, "Net Total Equity Issued/Repurchased": {"2020-06-30": "-150.09300", "2019-06-30": "-250.13300", "2018-06-30": "-200.12900", "2017-06-30": "-111.68000", "2016-06-30": "5.86900", "2015-06-30": "1.50800", "2014-06-30": "278.11400", "2013-06-30": "0.52500", "2012-06-30": "0.15000", "2011-06-30": "0.70000"}, "Total Common And Preferred Stock Dividends Paid": {"2020-06-30": "-48.90400", "2019-06-30": "-57.82500", "2018-06-30": "-79.25500", "2017-06-30": "-90.43400", "2016-06-30": "-92.70700", "2015-06-30": "-92.21200", "2014-06-30": "-319.68700", "2013-06-30": "-329.04700", "2012-06-30": "-290.98300", "2011-06-30": "-280.60600"}, "Financial Activities - Other": {"2020-06-30": "-0.11200", "2019-06-30": "14.40900", "2018-06-30": "-11.98900", "2017-06-30": "-17.71700", "2016-06-30": "-9.75300", "2015-06-30": "-0.13500", "2014-06-30": "7.34100", "2013-06-30": "5.05400", "2012-06-30": "", "2011-06-30": ""}, "Cash Flow From Financial Activities": {"2020-06-30": "-168.95300", "2019-06-30": "-387.20000", "2018-06-30": "-419.37500", "2017-06-30": "-19.27600", "2016-06-30": "-109.53900", "2015-06-30": "-117.44900", "2014-06-30": "-37.52900", "2013-06-30": "-335.62500", "2012-06-30": "-294.24200", "2011-06-30": "-292.73200"}, "Net Cash Flow": {"2020-06-30": "-41.75100", "2019-06-30": "-11.33100", "2018-06-30": "-4.34900", "2017-06-30": "-92.08200", "2016-06-30": "102.29500", "2015-06-30": "14.73600", "2014-06-30": "-66.51000", "2013-06-30": "57.47400", "2012-06-30": "-105.78700", "2011-06-30": "34.67000"}, "Stock-Based Compensation": {"2020-06-30": "20.70600", "2019-06-30": "29.00100", "2018-06-30": "28.84400", "2017-06-30": "26.09700", "2016-06-30": "48.67000", "2015-06-30": "28.49800", "2014-06-30": "19.47600", "2013-06-30": "0.00000", "2012-06-30": "0.00000", "2011-06-30": ""}, "Common Stock Dividends Paid": {"2020-06-30": "-48.90400", "2019-06-30": "-57.82500", "2018-06-30": "-79.25500", "2017-06-30": "-90.43400", "2016-06-30": "-92.70700", "2015-06-30": "-92.21200", "2014-06-30": "-319.68700", "2013-06-30": "-329.04700", "2012-06-30": "-290.98300", "2011-06-30": "-280.60600"}}, "cash flow statement, quarterly": {"Net Income/Loss": {"2020-12-31": 44.904, "2020-09-30": "180.68500", "2020-06-30": 55.445, "2020-03-31": 73.217, "2019-12-31": 92.189, "2019-09-30": "71.32900", "2019-06-30": 23.493, "2019-03-31": 73.802, "2018-12-31": 104.811, "2018-09-30": "81.97300", "2018-06-30": 100.636, "2018-03-31": 76.549, "2017-12-31": 19.769, "2017-09-30": "60.61600", "2017-06-30": 73.86, "2017-03-31": 71.338, "2016-12-31": 246.184, "2016-09-30": "58.09500", "2016-06-30": 50.356, "2016-03-31": 71.557, "2015-12-31": 60.995, "2015-09-30": "52.25300", "2015-06-30": 32.061, "2015-03-31": 72.029, "2014-12-31": 65.808, "2014-09-30": "64.88700", "2014-06-30": 66.632, "2014-03-31": 101.98, "2013-12-31": 51.477, "2013-09-30": "112.52800", "2013-06-30": 103.49, "2013-03-31": 101.142, "2012-12-31": 85.381, "2012-09-30": "85.06700", "2012-06-30": 14.4, "2011-06-30": 312.26}, "Total Depreciation And Amortization - Cash Flow": {"2020-12-31": 29.353, "2020-09-30": "30.67800", "2020-06-30": 38.189, "2020-03-31": 39.743, "2019-12-31": 37.316, "2019-09-30": "37.57900", "2019-06-30": 36.848, "2019-03-31": 35.369, "2018-12-31": 34.717, "2018-09-30": "33.23000", "2018-06-30": 29.067, "2018-03-31": 32.466, "2017-12-31": 31.127, "2017-09-30": "30.40500", "2017-06-30": 26.242, "2017-03-31": 29.182, "2016-12-31": 25.349, "2016-09-30": "23.22700", "2016-06-30": 22.924, "2016-03-31": 21.85, "2015-12-31": 21.47, "2015-09-30": "17.91200", "2015-06-30": 14.617, "2015-03-31": 14.091, "2014-12-31": 14.403, "2014-09-30": "11.21100", "2014-06-30": 10.713, "2014-03-31": 10.198, "2013-12-31": 9.955, "2013-09-30": "8.95700", "2013-06-30": 9.588, "2013-03-31": 7.174, "2012-12-31": 6.998, "2012-09-30": "6.78000", "2012-06-30": 2.48, "2011-06-30": 22.87}, "Other Non-Cash Items": {"2020-12-31": 19.381, "2020-09-30": "-126.12100", "2020-06-30": 12.638, "2020-03-31": 27.991, "2019-12-31": 0.188, "2019-09-30": "23.99300", "2019-06-30": 51.258, "2019-03-31": 26.416, "2018-12-31": -1.634, "2018-09-30": "12.64000", "2018-06-30": 24.821, "2018-03-31": 20.077, "2017-12-31": 58.203, "2017-09-30": "14.18100", "2017-06-30": 30.172, "2017-03-31": 7.725, "2016-12-31": -172.063, "2016-09-30": "9.09100", "2016-06-30": 9.609, "2016-03-31": 6.15, "2015-12-31": 14.824, "2015-09-30": "17.33600", "2015-06-30": 34.702, "2015-03-31": 0.829, "2014-12-31": -0.836, "2014-09-30": "7.05500", "2014-06-30": 14.233, "2014-03-31": -34.877, "2013-12-31": 2.135, "2013-09-30": "-1.32800", "2013-06-30": -2.497, "2013-03-31": 2.876, "2012-12-31": -7.367, "2012-09-30": "-1.72200", "2012-06-30": 0, "2011-06-30": 0}, "Total Non-Cash Items": {"2020-12-31": 48.734, "2020-09-30": "-95.44300", "2020-06-30": 50.827, "2020-03-31": 67.734, "2019-12-31": 37.504, "2019-09-30": "61.57200", "2019-06-30": 88.106, "2019-03-31": 61.785, "2018-12-31": 33.083, "2018-09-30": "45.87000", "2018-06-30": 53.888, "2018-03-31": 52.543, "2017-12-31": 89.33, "2017-09-30": "44.58600", "2017-06-30": 56.414, "2017-03-31": 36.907, "2016-12-31": -146.714, "2016-09-30": "32.31800", "2016-06-30": 32.533, "2016-03-31": 28, "2015-12-31": 36.294, "2015-09-30": "35.24800", "2015-06-30": 49.319, "2015-03-31": 14.92, "2014-12-31": 13.567, "2014-09-30": "18.26600", "2014-06-30": 24.946, "2014-03-31": -24.679, "2013-12-31": 12.09, "2013-09-30": "7.62900", "2013-06-30": 15.801, "2013-03-31": 10.05, "2012-12-31": -0.369, "2012-09-30": "5.05800", "2012-06-30": 2.48, "2011-06-30": 22.87}, "Change In Accounts Receivable": {"2020-12-31": -82.295, "2020-09-30": "-45.46900", "2020-06-30": -25.782, "2020-03-31": -90.201, "2019-12-31": -12.724, "2019-09-30": "6.97200", "2019-06-30": 19.168, "2019-03-31": -15.56, "2018-12-31": -7.936, "2018-09-30": "-6.77200", "2018-06-30": -23.606, "2018-03-31": -3.091, "2017-12-31": 8.281, "2017-09-30": "-8.74800", "2017-06-30": -4.311, "2017-03-31": 18.925, "2016-12-31": -3.769, "2016-09-30": "-8.11900", "2016-06-30": -10.179, "2016-03-31": -0.826, "2015-12-31": -6.106, "2015-09-30": "-20.13900", "2015-06-30": 4.681, "2015-03-31": -12.369, "2014-12-31": 6.314, "2014-09-30": "-17.59000", "2014-06-30": -3.874, "2014-03-31": -0.426, "2013-12-31": -6.042, "2013-09-30": "-8.58200", "2013-06-30": -10.044, "2013-03-31": -3.229, "2012-12-31": 0.749, "2012-09-30": "-1.48100", "2012-06-30": 0, "2011-06-30": 0}, "Change In Inventories": {"2020-12-31": 0, "2020-09-30": "", "2020-06-30": 0, "2020-03-31": 0, "2019-12-31": 0, "2019-09-30": "", "2019-06-30": 0, "2019-03-31": 0, "2018-12-31": 0, "2018-09-30": "", "2018-06-30": 6.804, "2018-03-31": 4.837, "2017-12-31": -4.463, "2017-09-30": "-7.17800", "2017-06-30": -2.911, "2017-03-31": 17.139, "2016-12-31": -31.005, "2016-09-30": "-0.82700", "2016-06-30": 0.186, "2016-03-31": 0.937, "2015-12-31": 1.645, "2015-09-30": "1.16900", "2015-06-30": -3.2, "2015-03-31": -2.181, "2014-12-31": -5.197, "2014-09-30": "-1.65700", "2014-06-30": -1.543, "2014-03-31": -3.164, "2013-12-31": -3.375, "2013-09-30": "", "2013-06-30": -4.916, "2013-03-31": -0.014, "2012-12-31": -1.844, "2012-09-30": "", "2012-06-30": 0, "2011-06-30": 0}, "Change In Accounts Payable": {"2020-12-31": 0, "2020-09-30": "", "2020-06-30": 0, "2020-03-31": 0, "2019-12-31": 0, "2019-09-30": "", "2019-06-30": 0, "2019-03-31": 0, "2018-12-31": 0, "2018-09-30": "", "2018-06-30": 0, "2018-03-31": 0, "2017-12-31": 0, "2017-09-30": "", "2017-06-30": 0, "2017-03-31": 0, "2016-12-31": 0, "2016-09-30": "", "2016-06-30": 0, "2016-03-31": 0, "2015-12-31": 0, "2015-09-30": "", "2015-06-30": 0, "2015-03-31": 0, "2014-12-31": 0, "2014-09-30": "", "2014-06-30": 0, "2014-03-31": 0, "2013-12-31": 0, "2013-09-30": "", "2013-06-30": 0, "2013-03-31": 0, "2012-12-31": 0, "2012-09-30": "", "2012-06-30": 0, "2011-06-30": 0}, "Change In Assets/Liabilities": {"2020-12-31": 6.027, "2020-09-30": "-29.56800", "2020-06-30": 18.626, "2020-03-31": -17.485, "2019-12-31": -0.578, "2019-09-30": "-8.76800", "2019-06-30": -9.511, "2019-03-31": 11.532, "2018-12-31": -8.959, "2018-09-30": "-29.61100", "2018-06-30": -27.013, "2018-03-31": 2.453, "2017-12-31": 16.87, "2017-09-30": "7.69000", "2017-06-30": 4.005, "2017-03-31": -1.516, "2016-12-31": -2.486, "2016-09-30": "-1.17700", "2016-06-30": -1.226, "2016-03-31": 2.716, "2015-12-31": -1.154, "2015-09-30": "-13.10200", "2015-06-30": 0.458, "2015-03-31": 5.037, "2014-12-31": -1.628, "2014-09-30": "-0.30100", "2014-06-30": -1.462, "2014-03-31": -0.005, "2013-12-31": -1.427, "2013-09-30": "-0.57800", "2013-06-30": 4.99, "2013-03-31": -9.466, "2012-12-31": 2.507, "2012-09-30": "1.90000", "2012-06-30": 0, "2011-06-30": 0}, "Total Change In Assets/Liabilities": {"2020-12-31": -8.243, "2020-09-30": "-54.46000", "2020-06-30": -14.168, "2020-03-31": -110.58, "2019-12-31": -9.919, "2019-09-30": "-25.62600", "2019-06-30": 25.604, "2019-03-31": 20.24, "2018-12-31": 10.088, "2018-09-30": "-63.51600", "2018-06-30": -16.552, "2018-03-31": 34.127, "2017-12-31": 22.383, "2017-09-30": "-30.16900", "2017-06-30": -12.238, "2017-03-31": 27.602, "2016-12-31": -2.933, "2016-09-30": "-48.58600", "2016-06-30": 17.644, "2016-03-31": 36.653, "2015-12-31": 14.719, "2015-09-30": "-64.78200", "2015-06-30": 27.103, "2015-03-31": 14.911, "2014-12-31": 28.467, "2014-09-30": "-37.28000", "2014-06-30": -12.147, "2014-03-31": 12.872, "2013-12-31": 68.159, "2013-09-30": "-53.36500", "2013-06-30": 1.054, "2013-03-31": -9.968, "2012-12-31": 19.173, "2012-09-30": "-32.78900", "2012-06-30": -49.17, "2011-06-30": 26.59}, "Cash Flow From Operating Activities": {"2020-12-31": 85.395, "2020-09-30": "30.78200", "2020-06-30": 92.104, "2020-03-31": 30.371, "2019-12-31": 119.774, "2019-09-30": "107.27500", "2019-06-30": 137.203, "2019-03-31": 155.827, "2018-12-31": 147.982, "2018-09-30": "64.32700", "2018-06-30": 137.972, "2018-03-31": 163.219, "2017-12-31": 131.482, "2017-09-30": "75.03300", "2017-06-30": 118.036, "2017-03-31": 135.847, "2016-12-31": 96.537, "2016-09-30": "41.82700", "2016-06-30": 100.533, "2016-03-31": 136.21, "2015-12-31": 112.008, "2015-09-30": "22.71900", "2015-06-30": 108.483, "2015-03-31": 101.86, "2014-12-31": 107.842, "2014-09-30": "45.87300", "2014-06-30": 79.431, "2014-03-31": 90.173, "2013-12-31": 131.726, "2013-09-30": "66.79200", "2013-06-30": 112.435, "2013-03-31": 101.224, "2012-12-31": 104.185, "2012-09-30": "57.33600", "2012-06-30": -40.32, "2011-06-30": 354.97}, "Net Change In Property, Plant, And Equipment": {"2020-12-31": -19.882, "2020-09-30": "-24.98200", "2020-06-30": -25.071, "2020-03-31": -24.558, "2019-12-31": -22.785, "2019-09-30": "-18.35100", "2019-06-30": -0.748, "2019-03-31": -22.797, "2018-12-31": -22.047, "2018-09-30": "-25.06200", "2018-06-30": -27.165, "2018-03-31": -26.638, "2017-12-31": -21.976, "2017-09-30": "-16.64600", "2017-06-30": -19.48, "2017-03-31": -17.567, "2016-12-31": -17.359, "2016-09-30": "-16.96600", "2016-06-30": -22.306, "2016-03-31": -15.802, "2015-12-31": -21.741, "2015-09-30": "-17.14100", "2015-06-30": -19.67, "2015-03-31": -18.653, "2014-12-31": -18.051, "2014-09-30": "-14.36000", "2014-06-30": -15.898, "2014-03-31": -13.823, "2013-12-31": -13.72, "2013-09-30": "-12.29900", "2013-06-30": -14.521, "2013-03-31": -8.864, "2012-12-31": -6.78, "2012-09-30": "-12.25500", "2012-06-30": 0.4, "2011-06-30": -38.35}, "Net Change In Intangible Assets": {"2020-12-31": 0, "2020-09-30": "", "2020-06-30": 0, "2020-03-31": 0, "2019-12-31": 0, "2019-09-30": "", "2019-06-30": 0, "2019-03-31": 0, "2018-12-31": 0, "2018-09-30": "", "2018-06-30": 0, "2018-03-31": 0, "2017-12-31": 0, "2017-09-30": "", "2017-06-30": 0, "2017-03-31": 0, "2016-12-31": 0, "2016-09-30": "", "2016-06-30": 0, "2016-03-31": 0, "2015-12-31": 0, "2015-09-30": "", "2015-06-30": 0, "2015-03-31": 0, "2014-12-31": 0, "2014-09-30": "", "2014-06-30": 0, "2014-03-31": 0, "2013-12-31": 0, "2013-09-30": "", "2013-06-30": 0, "2013-03-31": 0, "2012-12-31": 0, "2012-09-30": "", "2012-06-30": 0, "2011-06-30": 0}, "Net Acquisitions/Divestitures": {"2020-12-31": -0.791, "2020-09-30": "", "2020-06-30": -25.294, "2020-03-31": -61.619, "2019-12-31": -34.727, "2019-09-30": "", "2019-06-30": 0, "2019-03-31": 0.072, "2018-12-31": -50.926, "2018-09-30": "", "2018-06-30": 0, "2018-03-31": 0, "2017-12-31": 0, "2017-09-30": "", "2017-06-30": 1.608, "2017-03-31": -93.255, "2016-12-31": -222.217, "2016-09-30": "-68.74500", "2016-06-30": 0, "2016-03-31": 0.36, "2015-12-31": -6.088, "2015-09-30": "-462.89500", "2015-06-30": 0, "2015-03-31": 0, "2014-12-31": 0, "2014-09-30": "-156.00700", "2014-06-30": -6.142, "2014-03-31": -0.002, "2013-12-31": -7.685, "2013-09-30": "-28.74000", "2013-06-30": 0, "2013-03-31": 0, "2012-12-31": 0, "2012-09-30": "", "2012-06-30": 35.59, "2011-06-30": -35.94}, "Net Change In Short-term Investments": {"2020-12-31": 0, "2020-09-30": "", "2020-06-30": 0, "2020-03-31": 0, "2019-12-31": 0, "2019-09-30": "", "2019-06-30": 0, "2019-03-31": 0, "2018-12-31": 0, "2018-09-30": "", "2018-06-30": 0, "2018-03-31": 0, "2017-12-31": 0, "2017-09-30": "", "2017-06-30": 0, "2017-03-31": 0, "2016-12-31": 0, "2016-09-30": "", "2016-06-30": 0, "2016-03-31": 0, "2015-12-31": 0, "2015-09-30": "", "2015-06-30": 0, "2015-03-31": 0, "2014-12-31": 0, "2014-09-30": "", "2014-06-30": 0, "2014-03-31": 0, "2013-12-31": 0, "2013-09-30": "", "2013-06-30": 0, "2013-03-31": 0, "2012-12-31": 0, "2012-09-30": "", "2012-06-30": 0, "2011-06-30": 0}, "Net Change In Long-Term Investments": {"2020-12-31": 0, "2020-09-30": "", "2020-06-30": 0, "2020-03-31": 0, "2019-12-31": -5.5, "2019-09-30": "-4.66500", "2019-06-30": 0, "2019-03-31": 0, "2018-12-31": 4, "2018-09-30": "-4.00000", "2018-06-30": 0, "2018-03-31": 0, "2017-12-31": 0, "2017-09-30": "", "2017-06-30": 0, "2017-03-31": 0, "2016-12-31": 0, "2016-09-30": "-17.64700", "2016-06-30": 18.772, "2016-03-31": 25.676, "2015-12-31": 31.94, "2015-09-30": "287.52300", "2015-06-30": -73.489, "2015-03-31": -8.223, "2014-12-31": -37.05, "2014-09-30": "104.24800", "2014-06-30": -54.631, "2014-03-31": -66.381, "2013-12-31": -193.255, "2013-09-30": "-0.17700", "2013-06-30": -5.596, "2013-03-31": 7.59, "2012-12-31": 3.305, "2012-09-30": "40.45500", "2012-06-30": 0, "2011-06-30": 0}, "Net Change In Investments - Total": {"2020-12-31": 0, "2020-09-30": "", "2020-06-30": 0, "2020-03-31": 0, "2019-12-31": -5.5, "2019-09-30": "-4.66500", "2019-06-30": 0, "2019-03-31": 0, "2018-12-31": 4, "2018-09-30": "-4.00000", "2018-06-30": 0, "2018-03-31": 0, "2017-12-31": 0, "2017-09-30": "", "2017-06-30": 0, "2017-03-31": 0, "2016-12-31": 0, "2016-09-30": "-17.64700", "2016-06-30": 18.772, "2016-03-31": 25.676, "2015-12-31": 31.94, "2015-09-30": "287.52300", "2015-06-30": -73.489, "2015-03-31": -8.223, "2014-12-31": -37.05, "2014-09-30": "104.24800", "2014-06-30": -54.631, "2014-03-31": -66.381, "2013-12-31": -193.255, "2013-09-30": "-0.17700", "2013-06-30": -5.6, "2013-03-31": 7.59, "2012-12-31": 3.305, "2012-09-30": "40.45500", "2012-06-30": -133.64, "2011-06-30": 34.27}, "Investing Activities - Other": {"2020-12-31": -1.257, "2020-09-30": "0.02900", "2020-06-30": -0.003, "2020-03-31": 0, "2019-12-31": 5.501, "2019-09-30": "-5.25000", "2019-06-30": 3.663, "2019-03-31": -2.945, "2018-12-31": -8.68, "2018-09-30": "", "2018-06-30": -0.255, "2018-03-31": 0, "2017-12-31": 0, "2017-09-30": "", "2017-06-30": 0, "2017-03-31": -0.001, "2016-12-31": 0.021, "2016-09-30": "6.55500", "2016-06-30": 5.029, "2016-03-31": 5.299, "2015-12-31": 5.854, "2015-09-30": "5.88400", "2015-06-30": 10.443, "2015-03-31": -11.464, "2014-12-31": 4.872, "2014-09-30": "5.53100", "2014-06-30": 5, "2014-03-31": 3.85, "2013-12-31": 6.8, "2013-09-30": "", "2013-06-30": 2.59, "2013-03-31": 3.266, "2012-12-31": 2.409, "2012-09-30": "3.23500", "2012-06-30": -0.96, "2011-06-30": 12.45}, "Cash Flow From Investing Activities": {"2020-12-31": -21.93, "2020-09-30": "-24.95300", "2020-06-30": -50.368, "2020-03-31": -86.177, "2019-12-31": -57.511, "2019-09-30": "-28.26600", "2019-06-30": 2.915, "2019-03-31": -25.67, "2018-12-31": -77.653, "2018-09-30": "-29.06200", "2018-06-30": -27.42, "2018-03-31": -26.638, "2017-12-31": -21.976, "2017-09-30": "-16.64600", "2017-06-30": -17.872, "2017-03-31": -110.823, "2016-12-31": -239.555, "2016-09-30": "-96.80300", "2016-06-30": 1.495, "2016-03-31": 15.533, "2015-12-31": 9.965, "2015-09-30": "-186.62900", "2015-06-30": -82.716, "2015-03-31": -38.34, "2014-12-31": -50.229, "2014-09-30": "-60.58800", "2014-06-30": -71.671, "2014-03-31": -76.356, "2013-12-31": -207.86, "2013-09-30": "-41.21600", "2013-06-30": -17.531, "2013-03-31": 1.992, "2012-12-31": -1.066, "2012-09-30": "31.43500", "2012-06-30": -98.62, "2011-06-30": -27.57}, "Net Long-Term Debt": {"2020-12-31": -53.496, "2020-09-30": "50.59400", "2020-06-30": -175.373, "2020-03-31": 199.999, "2019-12-31": 49.468, "2019-09-30": "-43.93800", "2019-06-30": -125.676, "2019-03-31": 50, "2018-12-31": 0, "2018-09-30": "-17.97500", "2018-06-30": -100.005, "2018-03-31": -1.139, "2017-12-31": 28.116, "2017-09-30": "-54.97400", "2017-06-30": -163.609, "2017-03-31": 38.002, "2016-12-31": 326.38, "2016-09-30": "-0.21800", "2016-06-30": -61.101, "2016-03-31": -50.511, "2015-12-31": -51.006, "2015-09-30": "149.67000", "2015-06-30": -11.856, "2015-03-31": -14.37, "2014-12-31": -0.262, "2014-09-30": "-0.12200", "2014-06-30": -64.176, "2014-03-31": -2.395, "2013-12-31": 0.949, "2013-09-30": "62.32500", "2013-06-30": -8.386, "2013-03-31": 0.056, "2012-12-31": 6.303, "2012-09-30": "-0.13000", "2012-06-30": 0, "2011-06-30": 0}, "Net Current Debt": {"2020-12-31": 0, "2020-09-30": "", "2020-06-30": 0, "2020-03-31": 0, "2019-12-31": 0, "2019-09-30": "", "2019-06-30": 0, "2019-03-31": 0, "2018-12-31": 0, "2018-09-30": "", "2018-06-30": 0, "2018-03-31": 0, "2017-12-31": 0, "2017-09-30": "", "2017-06-30": 0, "2017-03-31": 0, "2016-12-31": 0, "2016-09-30": "", "2016-06-30": 0, "2016-03-31": 0, "2015-12-31": 0, "2015-09-30": "", "2015-06-30": 0, "2015-03-31": 0, "2014-12-31": 0, "2014-09-30": "", "2014-06-30": 60, "2014-03-31": 0, "2013-12-31": -60, "2013-09-30": "", "2013-06-30": 10, "2013-03-31": -10, "2012-12-31": 0, "2012-09-30": "", "2012-06-30": 0, "2011-06-30": 0}, "Debt Issuance/Retirement Net - Total": {"2020-12-31": -53.496, "2020-09-30": "50.59400", "2020-06-30": -175.373, "2020-03-31": 199.999, "2019-12-31": 49.468, "2019-09-30": "-43.93800", "2019-06-30": -125.676, "2019-03-31": 50, "2018-12-31": 0, "2018-09-30": "-17.97500", "2018-06-30": -100.005, "2018-03-31": -1.139, "2017-12-31": 28.116, "2017-09-30": "-54.97400", "2017-06-30": -163.609, "2017-03-31": 38.002, "2016-12-31": 326.38, "2016-09-30": "-0.21800", "2016-06-30": -61.101, "2016-03-31": -50.511, "2015-12-31": -51.006, "2015-09-30": "149.67000", "2015-06-30": -11.856, "2015-03-31": -14.37, "2014-12-31": -0.262, "2014-09-30": "-0.12200", "2014-06-30": -4.176, "2014-03-31": -2.395, "2013-12-31": -59.051, "2013-09-30": "62.32500", "2013-06-30": -8.379, "2013-03-31": -9.944, "2012-12-31": 6.303, "2012-09-30": "-0.13000", "2012-06-30": 9.42, "2011-06-30": -12.82}, "Net Common Equity Issued/Repurchased": {"2020-12-31": 0, "2020-09-30": "", "2020-06-30": 0, "2020-03-31": -1.527, "2019-12-31": -117.443, "2019-09-30": "-31.12300", "2019-06-30": -1.293, "2019-03-31": -157.907, "2018-12-31": -86.092, "2018-09-30": "-4.84100", "2018-06-30": -5.003, "2018-03-31": -128.478, "2017-12-31": -69.3, "2017-09-30": "2.65200", "2017-06-30": 7.072, "2017-03-31": -22.918, "2016-12-31": -98.151, "2016-09-30": "2.31700", "2016-06-30": 2.048, "2016-03-31": 2.282, "2015-12-31": 1.342, "2015-09-30": "0.19700", "2015-06-30": 0.432, "2015-03-31": 0.63, "2014-12-31": 0.446, "2014-09-30": "", "2014-06-30": 0, "2014-03-31": 0, "2013-12-31": 277.814, "2013-09-30": "0.30000", "2013-06-30": 0.525, "2013-03-31": 0, "2012-12-31": 0, "2012-09-30": "", "2012-06-30": 0, "2011-06-30": 0}, "Net Total Equity Issued/Repurchased": {"2020-12-31": 0, "2020-09-30": "", "2020-06-30": 0, "2020-03-31": -1.527, "2019-12-31": -117.443, "2019-09-30": "-31.12300", "2019-06-30": -1.293, "2019-03-31": -157.907, "2018-12-31": -86.092, "2018-09-30": "-4.84100", "2018-06-30": -5.003, "2018-03-31": -128.478, "2017-12-31": -69.3, "2017-09-30": "2.65200", "2017-06-30": 7.072, "2017-03-31": -22.918, "2016-12-31": -98.151, "2016-09-30": "2.31700", "2016-06-30": 2.048, "2016-03-31": 2.282, "2015-12-31": 1.342, "2015-09-30": "0.19700", "2015-06-30": 0.432, "2015-03-31": 0.63, "2014-12-31": 0.446, "2014-09-30": "", "2014-06-30": 0, "2014-03-31": 0, "2013-12-31": 277.814, "2013-09-30": "0.30000", "2013-06-30": 0.52, "2013-03-31": 0, "2012-12-31": 0, "2012-09-30": "", "2012-06-30": -0.55, "2011-06-30": 0.7}, "Total Common And Preferred Stock Dividends Paid": {"2020-12-31": -23.201, "2020-09-30": "-33.14400", "2020-06-30": -9.314, "2020-03-31": -12.689, "2019-12-31": -13.699, "2019-09-30": "-13.20200", "2019-06-30": -13.079, "2019-03-31": -14.288, "2018-12-31": -14.993, "2018-09-30": "-15.46500", "2018-06-30": -13.157, "2018-03-31": -20.395, "2017-12-31": -20.752, "2017-09-30": "-24.95100", "2017-06-30": -23.071, "2017-03-31": -22.733, "2016-12-31": -22.137, "2016-09-30": "-22.49300", "2016-06-30": -24.742, "2016-03-31": -22.504, "2015-12-31": -23.029, "2015-09-30": "-22.43200", "2015-06-30": -23.412, "2015-03-31": -23.701, "2014-12-31": -22.691, "2014-09-30": "-22.40800", "2014-06-30": -21.299, "2014-03-31": -17.419, "2013-12-31": -72.645, "2013-09-30": "-208.32400", "2013-06-30": -14.133, "2013-03-31": -131.707, "2012-12-31": -0.587, "2012-09-30": "-182.61300", "2012-06-30": -10.38, "2011-06-30": -280.6}, "Financial Activities - Other": {"2020-12-31": 1.829, "2020-09-30": "-2.16700", "2020-06-30": 0.521, "2020-03-31": 0.187, "2019-12-31": 5.737, "2019-09-30": "-6.55700", "2019-06-30": 3.473, "2019-03-31": 18.966, "2018-12-31": -1.082, "2018-09-30": "-6.94800", "2018-06-30": 10.589, "2018-03-31": -0.173, "2017-12-31": -16.676, "2017-09-30": "-5.72900", "2017-06-30": -0.039, "2017-03-31": -0.049, "2016-12-31": -0.194, "2016-09-30": "-17.43500", "2016-06-30": -7.8, "2016-03-31": -0.036, "2015-12-31": -1.705, "2015-09-30": "-0.21200", "2015-06-30": -0.045, "2015-03-31": -0.059, "2014-12-31": -0.012, "2014-09-30": "-0.01900", "2014-06-30": -2.539, "2014-03-31": -0.022, "2013-12-31": 12.724, "2013-09-30": "-2.82200", "2013-06-30": 8.14, "2013-03-31": 0, "2012-12-31": 0, "2012-09-30": "", "2012-06-30": 0, "2011-06-30": 0}, "Cash Flow From Financial Activities": {"2020-12-31": -74.868, "2020-09-30": "15.28300", "2020-06-30": -184.166, "2020-03-31": 185.97, "2019-12-31": -75.937, "2019-09-30": "-94.82000", "2019-06-30": -136.575, "2019-03-31": -103.229, "2018-12-31": -102.167, "2018-09-30": "-45.22900", "2018-06-30": -107.576, "2018-03-31": -150.185, "2017-12-31": -78.612, "2017-09-30": "-83.00200", "2017-06-30": -179.647, "2017-03-31": -7.698, "2016-12-31": 205.898, "2016-09-30": "-37.82900", "2016-06-30": -91.595, "2016-03-31": -70.769, "2015-12-31": -74.398, "2015-09-30": "127.22300", "2015-06-30": -34.881, "2015-03-31": -37.5, "2014-12-31": -22.519, "2014-09-30": "-22.54900", "2014-06-30": -28.014, "2014-03-31": -19.836, "2013-12-31": 158.842, "2013-09-30": "-148.52100", "2013-06-30": -13.852, "2013-03-31": -141.651, "2012-12-31": 5.716, "2012-09-30": "-182.74300", "2012-06-30": -1.51, "2011-06-30": -292.73}, "Net Cash Flow": {"2020-12-31": -11.403, "2020-09-30": "21.11200", "2020-06-30": -142.43, "2020-03-31": 130.164, "2019-12-31": -13.674, "2019-09-30": "-15.81100", "2019-06-30": 3.543, "2019-03-31": 26.928, "2018-12-31": -31.838, "2018-09-30": "-9.96400", "2018-06-30": 2.976, "2018-03-31": -13.604, "2017-12-31": 30.894, "2017-09-30": "-24.61500", "2017-06-30": -79.483, "2017-03-31": 17.326, "2016-12-31": 62.88, "2016-09-30": "-92.80500", "2016-06-30": 10.433, "2016-03-31": 80.974, "2015-12-31": 47.575, "2015-09-30": "-36.68700", "2015-06-30": -9.114, "2015-03-31": 26.02, "2014-12-31": 35.094, "2014-09-30": "-37.26400", "2014-06-30": -20.254, "2014-03-31": -6.019, "2013-12-31": 82.708, "2013-09-30": "-122.94500", "2013-06-30": 81.042, "2013-03-31": -38.435, "2012-12-31": 108.835, "2012-09-30": "-93.97200", "2012-06-30": -140.45, "2011-06-30": 34.67}, "Stock-Based Compensation": {"2020-12-31": 7.316, "2020-09-30": "7.22900", "2020-06-30": 1.658, "2020-03-31": 7.569, "2019-12-31": 7.775, "2019-09-30": "3.70400", "2019-06-30": 8.647, "2019-03-31": 6.667, "2018-12-31": 7.596, "2018-09-30": "6.09100", "2018-06-30": 3.914, "2018-03-31": 7.231, "2017-12-31": 8.884, "2017-09-30": "8.81500", "2017-06-30": 6.972, "2017-03-31": 7.059, "2016-12-31": 6.266, "2016-09-30": "5.80000", "2016-06-30": 11.885, "2016-03-31": 11.763, "2015-12-31": 11.475, "2015-09-30": "13.54700", "2015-06-30": 7.369, "2015-03-31": 7.285, "2014-12-31": 7.405, "2014-09-30": "6.43900", "2014-06-30": 6.358, "2014-03-31": 6.299, "2013-12-31": 6.494, "2013-09-30": "0.32500", "2013-06-30": 0, "2013-03-31": 0, "2012-12-31": 0, "2012-09-30": "", "2012-06-30": 0, "2011-06-30": 0}, "Common Stock Dividends Paid": {"2020-12-31": -23.201, "2020-09-30": "-33.14400", "2020-06-30": -9.314, "2020-03-31": -12.689, "2019-12-31": -13.699, "2019-09-30": "-13.20200", "2019-06-30": -13.079, "2019-03-31": -14.288, "2018-12-31": -14.993, "2018-09-30": "-15.46500", "2018-06-30": -13.157, "2018-03-31": -20.395, "2017-12-31": -20.752, "2017-09-30": "-24.95100", "2017-06-30": -23.071, "2017-03-31": -22.733, "2016-12-31": -22.137, "2016-09-30": "-22.49300", "2016-06-30": -24.742, "2016-03-31": -22.504, "2015-12-31": -23.029, "2015-09-30": "-22.43200", "2015-06-30": -23.412, "2015-03-31": -23.701, "2014-12-31": -22.691, "2014-09-30": "-22.40800", "2014-06-30": -21.299, "2014-03-31": -17.419, "2013-12-31": -72.645, "2013-09-30": "-208.32400", "2013-06-30": -14.14, "2013-03-31": -131.707, "2012-12-31": -0.587, "2012-09-30": "-182.61300", "2012-06-30": 0, "2011-06-30": 0}}, "financial ratios": {"Current Ratio": {"2020-06-30": "1.24650", "2019-06-30": "1.34060", "2018-06-30": "0.95490", "2017-06-30": "0.71520", "2016-06-30": "1.41960", "2015-06-30": "2.02190", "2014-06-30": "1.88520", "2013-06-30": "2.52180", "2012-06-30": "2.49220", "2011-06-30": ""}, "Long-term Debt / Capital": {"2020-06-30": "0.03220", "2019-06-30": "-0.00700", "2018-06-30": "-0.00490", "2017-06-30": "-0.00380", "2016-06-30": "-0.00720", "2015-06-30": "-0.00510", "2014-06-30": "-0.00650", "2013-06-30": "0.22420", "2012-06-30": "0.44320", "2011-06-30": ""}, "Debt/Equity Ratio": {"2020-06-30": "0.60460", "2019-06-30": "-0.03900", "2018-06-30": "-0.07510", "2017-06-30": "-0.14090", "2016-06-30": "-0.00990", "2015-06-30": "-0.00580", "2014-06-30": "-0.01370", "2013-06-30": "0.44510", "2012-06-30": "0.87970", "2011-06-30": ""}, "Gross Margin": {"2020-06-30": "66.69790", "2019-06-30": "70.79350", "2018-06-30": "71.13110", "2017-06-30": "71.04650", "2016-06-30": "60.68650", "2015-06-30": "60.58600", "2014-06-30": "66.21540", "2013-06-30": "72.68890", "2012-06-30": "75.30620", "2011-06-30": "82.39100"}, "Operating Margin": {"2020-06-30": "28.74900", "2019-06-30": "30.26470", "2018-06-30": "45.61310", "2017-06-30": "29.82050", "2016-06-30": "22.87540", "2015-06-30": "26.41850", "2014-06-30": "33.17250", "2013-06-30": "42.87030", "2012-06-30": "41.92310", "2011-06-30": "44.93110"}, "EBIT Margin": {"2020-06-30": "28.74900", "2019-06-30": "30.26470", "2018-06-30": "45.61310", "2017-06-30": "29.82050", "2016-06-30": "22.87540", "2015-06-30": "26.41850", "2014-06-30": "33.17250", "2013-06-30": "42.87030", "2012-06-30": "41.92310", "2011-06-30": "44.93110"}, "EBITDA Margin": {"2020-06-30": "40.50860", "2019-06-30": "41.77580", "2018-06-30": "56.00140", "2017-06-30": "39.57440", "2016-06-30": "30.11400", "2015-06-30": "31.81280", "2014-06-30": "37.54600", "2013-06-30": "46.23160", "2012-06-30": "45.22890", "2011-06-30": "48.29180"}, "Pre-Tax Profit Margin": {"2020-06-30": "29.52370", "2019-06-30": "30.23390", "2018-06-30": "43.68630", "2017-06-30": "49.85080", "2016-06-30": "24.50400", "2015-06-30": "26.92350", "2014-06-30": "39.57240", "2013-06-30": "44.26740", "2012-06-30": "43.59020", "2011-06-30": "46.56050"}, "Net Profit Margin": {"2020-06-30": "46.06640", "2019-06-30": "-0.73450", "2018-06-30": "16.11290", "2017-06-30": "7.15120", "2016-06-30": "70.39120", "2015-06-30": "-85.92520", "2014-06-30": "-297.98020", "2013-06-30": "0.84850", "2012-06-30": "0.51240", "2011-06-30": "0.35550"}, "Asset Turnover": {"2020-06-30": "0.44080", "2019-06-30": "0.47390", "2018-06-30": "0.51230", "2017-06-30": "0.42520", "2016-06-30": "0.62660", "2015-06-30": "0.65810", "2014-06-30": "0.73040", "2013-06-30": "1.45140", "2012-06-30": "1.38440", "2011-06-30": ""}, "Inventory Turnover Ratio": {"2020-06-30": "6.09590", "2019-06-30": "6.96880", "2018-06-30": "6.49750", "2017-06-30": "6.12210", "2016-06-30": "15.69510", "2015-06-30": "12.00650", "2014-06-30": "14.77330", "2013-06-30": "18.63380", "2012-06-30": "31.79470", "2011-06-30": ""}, "Receiveable Turnover": {"2020-06-30": "9.62210", "2019-06-30": "7.24290", "2018-06-30": "6.34290", "2017-06-30": "6.67460", "2016-06-30": "8.04990", "2015-06-30": "10.15970", "2014-06-30": "13.47420", "2013-06-30": "14.34470", "2012-06-30": "13.53690", "2011-06-30": ""}, "Days Sales In Receivables": {"2020-06-30": "37.93340", "2019-06-30": "50.39430", "2018-06-30": "57.54440", "2017-06-30": "54.68470", "2016-06-30": "45.34240", "2015-06-30": "35.92630", "2014-06-30": "27.08870", "2013-06-30": "25.44490", "2012-06-30": "26.96340", "2011-06-30": ""}, "ROE - Return On Equity": {"2020-06-30": "209.04760", "2019-06-30": "-38.81440", "2018-06-30": "-18.07960", "2017-06-30": "-27.04790", "2016-06-30": "-12.05050", "2015-06-30": "-7.52970", "2014-06-30": "-13.46460", "2013-06-30": "482.31410", "2012-06-30": "416.47710", "2011-06-30": ""}, "Return On Tangible Equity": {"2020-06-30": "-23.86040", "2019-06-30": "-16.62020", "2018-06-30": "-10.03680", "2017-06-30": "-15.25760", "2016-06-30": "-8.88190", "2015-06-30": "-6.96190", "2014-06-30": "-12.91410", "2013-06-30": "3108.61700", "2012-06-30": "2917.97100", "2011-06-30": ""}, "ROA - Return On Assets": {"2020-06-30": "9.87360", "2019-06-30": "13.02470", "2018-06-30": "11.15840", "2017-06-30": "17.92800", "2016-06-30": "12.67450", "2015-06-30": "15.34350", "2014-06-30": "26.68070", "2013-06-30": "62.62750", "2012-06-30": "58.86560", "2011-06-30": ""}, "ROI - Return On Investment": {"2020-06-30": "202.30710", "2019-06-30": "-39.08650", "2018-06-30": "-18.16820", "2017-06-30": "-27.15040", "2016-06-30": "-12.13670", "2015-06-30": "-7.56780", "2014-06-30": "-13.55260", "2013-06-30": "374.20290", "2012-06-30": "231.90970", "2011-06-30": ""}, "Book Value Per Share": {"2020-06-30": "1.14300", "2019-06-30": "-6.81700", "2018-06-30": "-10.72200", "2017-06-30": "-11.93790", "2016-06-30": "-13.73030", "2015-06-30": "-21.64570", "2014-06-30": "-17.05000", "2013-06-30": "13.75690", "2012-06-30": "12.74140", "2011-06-30": ""}, "Operating Cash Flow Per Share": {"2020-06-30": -5.5572, "2019-06-30": 4.688, "2018-06-30": -4.09, "2017-06-30": 5.2303, "2016-06-30": -7.6467, "2015-06-30": -4.1582, "2014-06-30": -50.2118, "2013-06-30": 13.6832, "2012-06-30": -5.698, "2011-06-30": 56.5879}, "Free Cash Flow Per Share": {"2020-06-30": -5.1191, "2019-06-30": 4.1887, "2018-06-30": -3.3462, "2017-06-30": 4.3433, "2016-06-30": -6.1941, "2015-06-30": -3.966, "2014-06-30": -45.1438, "2013-06-30": 12.5799, "2012-06-30": -5.7237, "2011-06-30": 50.4743}}, "financial ratios, quarterly": {"Current Ratio": {"2020-12-31": "1.11560", "2020-09-30": "1.07480", "2020-06-30": "1.24650", "2020-03-31": "1.09650", "2019-12-31": "1.27670", "2019-09-30": "1.40440", "2019-06-30": "1.34060", "2019-03-31": "1.07990", "2018-12-31": "1.19340", "2018-09-30": "1.33280", "2018-06-30": "0.95490", "2018-03-31": "0.77420", "2017-12-31": "0.83110", "2017-09-30": "0.80360", "2017-06-30": "0.71520", "2017-03-31": "0.68090", "2016-12-31": "0.64920", "2016-09-30": "1.27530", "2016-06-30": "1.41960", "2016-03-31": "1.51550", "2015-12-31": "1.47300", "2015-09-30": "1.47330", "2015-06-30": "2.02190", "2015-03-31": "2.13090", "2014-12-31": "2.12300", "2014-09-30": "2.02020", "2014-06-30": "1.88520", "2014-03-31": "1.73460", "2013-12-31": "1.68870", "2013-09-30": "1.59630", "2013-06-30": "2.52180", "2013-03-31": "", "2012-12-31": "", "2012-09-30": "", "2012-06-30": "", "2011-06-30": ""}, "Long-term Debt / Capital": {"2020-12-31": "0.13980", "2020-09-30": "0.14970", "2020-06-30": "0.03220", "2020-03-31": "0.03300", "2019-12-31": "-0.01600", "2019-09-30": "-0.06690", "2019-06-30": "-0.00700", "2019-03-31": "-0.01040", "2018-12-31": "-0.00580", "2018-09-30": "-0.00280", "2018-06-30": "-0.00490", "2018-03-31": "-0.00620", "2017-12-31": "-0.00690", "2017-09-30": "-0.00490", "2017-06-30": "-0.00380", "2017-03-31": "-0.00490", "2016-12-31": "-0.00520", "2016-09-30": "-0.00480", "2016-06-30": "-0.00720", "2016-03-31": "-0.03210", "2015-12-31": "-0.04850", "2015-09-30": "-0.06650", "2015-06-30": "-0.00510", "2015-03-31": "-0.00520", "2014-12-31": "-0.00600", "2014-09-30": "-0.00610", "2014-06-30": "-0.00650", "2014-03-31": "-0.00640", "2013-12-31": "-0.00570", "2013-09-30": "0.29250", "2013-06-30": "0.22420", "2013-03-31": "", "2012-12-31": "", "2012-09-30": "", "2012-06-30": "", "2011-06-30": ""}, "Debt/Equity Ratio": {"2020-12-31": "0.25490", "2020-09-30": "0.28010", "2020-06-30": "0.60460", "2020-03-31": "1.83490", "2019-12-31": "-0.13300", "2019-09-30": "-0.07370", "2019-06-30": "-0.03900", "2019-03-31": "-0.26300", "2018-12-31": "-0.12060", "2018-09-30": "-0.05480", "2018-06-30": "-0.07510", "2018-03-31": "-0.18250", "2017-12-31": "-0.21870", "2017-09-30": "-0.13910", "2017-06-30": "-0.14090", "2017-03-31": "-0.27250", "2016-12-31": "-0.25650", "2016-09-30": "-0.01040", "2016-06-30": "-0.00990", "2016-03-31": "-0.03340", "2015-12-31": "-0.04790", "2015-09-30": "-0.06390", "2015-06-30": "-0.00580", "2015-03-31": "-0.00670", "2014-12-31": "-0.01290", "2014-09-30": "-0.01240", "2014-06-30": "-0.01370", "2014-03-31": "-0.01280", "2013-12-31": "-0.01150", "2013-09-30": "1.29020", "2013-06-30": "0.44510", "2013-03-31": "", "2012-12-31": "", "2012-09-30": "", "2012-06-30": "", "2011-06-30": ""}, "Gross Margin": {"2020-12-31": "49.89820", "2020-09-30": "56.13040", "2020-06-30": "59.61790", "2020-03-31": "69.19930", "2019-12-31": "68.63610", "2019-09-30": "69.90480", "2019-06-30": "68.85250", "2019-03-31": "71.43520", "2018-12-31": "71.40630", "2018-09-30": "71.58630", "2018-06-30": "-494.36210", "2018-03-31": "52.14440", "2017-12-31": "51.25720", "2017-09-30": "51.00010", "2017-06-30": "1348.38900", "2017-03-31": "53.33160", "2016-12-31": "50.90270", "2016-09-30": "55.78830", "2016-06-30": "59.11270", "2016-03-31": "62.46920", "2015-12-31": "61.39560", "2015-09-30": "59.70870", "2015-06-30": "58.90420", "2015-03-31": "60.71610", "2014-12-31": "62.10310", "2014-09-30": "60.74230", "2014-06-30": "63.37560", "2014-03-31": "64.04050", "2013-12-31": "65.18250", "2013-09-30": "71.93150", "2013-06-30": "73.64890", "2013-03-31": "72.46600", "2012-12-31": "71.81740", "2012-09-30": "72.68820", "2012-06-30": "", "2011-06-30": ""}, "Operating Margin": {"2020-12-31": "16.55620", "2020-09-30": "16.42470", "2020-06-30": "19.61410", "2020-03-31": "30.40770", "2019-12-31": "37.71300", "2019-09-30": "27.79240", "2019-06-30": "26.92750", "2019-03-31": "29.20460", "2018-12-31": "32.75900", "2018-09-30": "32.34050", "2018-06-30": "-248.53990", "2018-03-31": "23.18390", "2017-12-31": "64.48350", "2017-09-30": "18.04570", "2017-06-30": "625.70920", "2017-03-31": "20.81400", "2016-12-31": "20.82040", "2016-09-30": "23.14790", "2016-06-30": "17.52570", "2016-03-31": "25.03040", "2015-12-31": "24.03170", "2015-09-30": "25.20760", "2015-06-30": "24.50580", "2015-03-31": "26.32970", "2014-12-31": "26.32440", "2014-09-30": "28.84550", "2014-06-30": "26.46840", "2014-03-31": "30.81810", "2013-12-31": "29.31850", "2013-09-30": "45.28880", "2013-06-30": "43.23380", "2013-03-31": "44.68790", "2012-12-31": "40.72040", "2012-09-30": "42.59490", "2012-06-30": "", "2011-06-30": ""}, "EBIT Margin": {"2020-12-31": "16.55620", "2020-09-30": "16.42470", "2020-06-30": "19.61410", "2020-03-31": "30.40770", "2019-12-31": "37.71300", "2019-09-30": "27.79240", "2019-06-30": "26.92750", "2019-03-31": "29.20460", "2018-12-31": "32.75900", "2018-09-30": "32.34050", "2018-06-30": "-248.53990", "2018-03-31": "23.18390", "2017-12-31": "64.48350", "2017-09-30": "18.04570", "2017-06-30": "625.70890", "2017-03-31": "20.81400", "2016-12-31": "20.82040", "2016-09-30": "23.14790", "2016-06-30": "17.52570", "2016-03-31": "25.03040", "2015-12-31": "24.03170", "2015-09-30": "25.20760", "2015-06-30": "24.50580", "2015-03-31": "26.32970", "2014-12-31": "26.32440", "2014-09-30": "28.84550", "2014-06-30": "26.46840", "2014-03-31": "30.81810", "2013-12-31": "29.31850", "2013-09-30": "45.28880", "2013-06-30": "43.23380", "2013-03-31": "44.68790", "2012-12-31": "40.72040", "2012-09-30": "42.59490", "2012-06-30": "", "2011-06-30": ""}, "EBITDA Margin": {"2020-12-31": "", "2020-09-30": "", "2020-06-30": "", "2020-03-31": "", "2019-12-31": "", "2019-09-30": "", "2019-06-30": "", "2019-03-31": "", "2018-12-31": "", "2018-09-30": "", "2018-06-30": "", "2018-03-31": "", "2017-12-31": "", "2017-09-30": "", "2017-06-30": "", "2017-03-31": "", "2016-12-31": "", "2016-09-30": "", "2016-06-30": "", "2016-03-31": "", "2015-12-31": "", "2015-09-30": "", "2015-06-30": "", "2015-03-31": "", "2014-12-31": "", "2014-09-30": "", "2014-06-30": "", "2014-03-31": "", "2013-12-31": "", "2013-09-30": "", "2013-06-30": "", "2013-03-31": "", "2012-12-31": "", "2012-09-30": "", "2012-06-30": "", "2011-06-30": ""}, "Pre-Tax Profit Margin": {"2020-12-31": "14.55940", "2020-09-30": "18.03090", "2020-06-30": "20.31350", "2020-03-31": "23.10980", "2019-12-31": "48.85140", "2019-09-30": "26.63700", "2019-06-30": "24.63370", "2019-03-31": "28.88390", "2018-12-31": "35.28960", "2018-09-30": "32.36140", "2018-06-30": "-241.63150", "2018-03-31": "21.12130", "2017-12-31": "61.07880", "2017-09-30": "18.78820", "2017-06-30": "598.99520", "2017-03-31": "20.70890", "2016-12-31": "79.11100", "2016-09-30": "25.99370", "2016-06-30": "19.51420", "2016-03-31": "27.15380", "2015-12-31": "25.25770", "2015-09-30": "26.32340", "2015-06-30": "21.12000", "2015-03-31": "28.29520", "2014-12-31": "28.09360", "2014-09-30": "30.83100", "2014-06-30": "29.67730", "2014-03-31": "49.37680", "2013-12-31": "31.47830", "2013-09-30": "47.09200", "2013-06-30": "44.59670", "2013-03-31": "45.77470", "2012-12-31": "42.41110", "2012-09-30": "44.10830", "2012-06-30": "", "2011-06-30": ""}, "Net Profit Margin": {"2020-12-31": "10.39880", "2020-09-30": "40.98020", "2020-06-30": "-6.45250", "2020-03-31": "101.76360", "2019-12-31": "-138.81720", "2019-09-30": "239.32110", "2019-06-30": "-90.85300", "2019-03-31": "88.24590", "2018-12-31": "225.58970", "2018-09-30": "-232.85320", "2018-06-30": "757.94560", "2018-03-31": "-24.34230", "2017-12-31": "68.35230", "2017-09-30": "86.13950", "2017-06-30": "-2139.57400", "2017-03-31": "-21.22180", "2016-12-31": "111.65270", "2016-09-30": "22.44120", "2016-06-30": "33.72190", "2016-03-31": "100.42820", "2015-12-31": "-18.64550", "2015-09-30": "173.96350", "2015-06-30": "-31.54190", "2015-03-31": "-143.22510", "2014-12-31": "-13.22100", "2014-09-30": "-162.83080", "2014-06-30": "208.68780", "2014-03-31": "225.72850", "2013-12-31": "-1777.52400", "2013-09-30": "-0.19790", "2013-06-30": "-0.33130", "2013-03-31": "1.89050", "2012-12-31": "0.96450", "2012-09-30": "1.13610", "2012-06-30": "", "2011-06-30": ""}, "Asset Turnover": {"2020-12-31": "0.12040", "2020-09-30": "0.10080", "2020-06-30": "0.11620", "2020-03-31": "0.10930", "2019-12-31": "0.12220", "2019-09-30": "0.11660", "2019-06-30": "0.12310", "2019-03-31": "0.11220", "2018-12-31": "0.11630", "2018-09-30": "0.11630", "2018-06-30": "-0.01840", "2018-03-31": "0.18540", "2017-12-31": "0.17730", "2017-09-30": "0.15600", "2017-06-30": "0.00580", "2017-03-31": "0.14620", "2016-12-31": "0.13700", "2016-09-30": "0.16580", "2016-06-30": "0.16250", "2016-03-31": "0.16100", "2015-12-31": "0.16310", "2015-09-30": "0.16000", "2015-06-30": "0.17420", "2015-03-31": "0.17580", "2014-12-31": "0.17410", "2014-09-30": "0.17870", "2014-06-30": "0.18890", "2014-03-31": "0.18800", "2013-12-31": "0.19070", "2013-09-30": "0.46100", "2013-06-30": "0.40170", "2013-03-31": "", "2012-12-31": "", "2012-09-30": "", "2012-06-30": "", "2011-06-30": ""}, "Inventory Turnover Ratio": {"2020-12-31": "1.18780", "2020-09-30": "1.06190", "2020-06-30": "1.94950", "2020-03-31": "2.12540", "2019-12-31": "1.90160", "2019-09-30": "1.73870", "2019-06-30": "1.93010", "2019-03-31": "1.32830", "2018-12-31": "1.25590", "2018-09-30": "1.21840", "2018-06-30": "-4.81530", "2018-03-31": "3.55670", "2017-12-31": "3.23080", "2017-09-30": "3.32230", "2017-06-30": "-3.63010", "2017-03-31": "3.63440", "2016-12-31": "2.67950", "2016-09-30": "3.99320", "2016-06-30": "4.23210", "2016-03-31": "3.82480", "2015-12-31": "3.72300", "2015-09-30": "3.42200", "2015-06-30": "3.31360", "2015-03-31": "3.44350", "2014-12-31": "3.41550", "2014-09-30": "4.00450", "2014-06-30": "4.14150", "2014-03-31": "4.20770", "2013-12-31": "4.51330", "2013-09-30": "5.18270", "2013-06-30": "4.97760", "2013-03-31": "", "2012-12-31": "", "2012-09-30": "", "2012-06-30": "", "2011-06-30": ""}, "Receiveable Turnover": {"2020-12-31": "2.54040", "2020-09-30": "2.63230", "2020-06-30": "2.53770", "2020-03-31": "2.39330", "2019-12-31": "1.91490", "2019-09-30": "1.91600", "2019-06-30": "1.88110", "2019-03-31": "1.45800", "2018-12-31": "1.55850", "2018-09-30": "1.60550", "2018-06-30": "-0.22830", "2018-03-31": "2.44320", "2017-12-31": "2.40090", "2017-09-30": "2.24630", "2017-06-30": "0.09180", "2017-03-31": "2.34190", "2016-12-31": "1.97980", "2016-09-30": "2.16850", "2016-06-30": "2.08710", "2016-03-31": "2.31560", "2015-12-31": "2.33240", "2015-09-30": "2.33190", "2015-06-30": "2.68920", "2015-03-31": "2.58710", "2014-12-31": "2.87420", "2014-09-30": "2.83000", "2014-06-30": "3.48440", "2014-03-31": "3.11980", "2013-12-31": "3.04140", "2013-09-30": "3.88230", "2013-06-30": "3.97030", "2013-03-31": "", "2012-12-31": "", "2012-09-30": "", "2012-06-30": "", "2011-06-30": ""}, "Days Sales In Receivables": {"2020-12-31": "35.42680", "2020-09-30": "34.19120", "2020-06-30": "35.46480", "2020-03-31": "37.60550", "2019-12-31": "47.00050", "2019-09-30": "46.97170", "2019-06-30": "47.84540", "2019-03-31": "61.72890", "2018-12-31": "57.74900", "2018-09-30": "56.05860", "2018-06-30": "-394.18210", "2018-03-31": "36.83720", "2017-12-31": "37.48650", "2017-09-30": "40.06570", "2017-06-30": "980.49480", "2017-03-31": "38.43050", "2016-12-31": "45.46020", "2016-09-30": "41.50310", "2016-06-30": "43.12290", "2016-03-31": "38.86670", "2015-12-31": "38.58720", "2015-09-30": "38.59460", "2015-06-30": "33.46730", "2015-03-31": "34.78810", "2014-12-31": "31.31280", "2014-09-30": "31.80190", "2014-06-30": "25.82930", "2014-03-31": "28.84770", "2013-12-31": "29.59150", "2013-09-30": "23.18240", "2013-06-30": "22.66820", "2013-03-31": "", "2012-12-31": "", "2012-09-30": "", "2012-06-30": "", "2011-06-30": ""}, "ROE - Return On Equity": {"2020-12-31": "2.06700", "2020-09-30": "8.46470", "2020-06-30": "39.78090", "2020-03-31": "51.75380", "2019-12-31": "-21.15480", "2019-09-30": "-61.76340", "2019-06-30": "-8.14490", "2019-03-31": "-12.50840", "2018-12-31": "-11.88050", "2018-09-30": "-4.26280", "2018-06-30": "-7.08260", "2018-03-31": "-6.74280", "2017-12-31": "-2.08190", "2017-09-30": "-4.70420", "2017-06-30": "-4.45100", "2017-03-31": "-5.06750", "2016-12-31": "-18.28000", "2016-09-30": "-3.15600", "2016-06-30": "-2.58040", "2016-03-31": "-3.46060", "2015-12-31": "-2.49310", "2015-09-30": "-1.98730", "2015-06-30": "-1.02820", "2015-03-31": "-2.35460", "2014-12-31": "-2.44770", "2014-09-30": "-2.28750", "2014-06-30": "-2.69730", "2014-03-31": "-3.46020", "2013-12-31": "-1.47730", "2013-09-30": "146.29990", "2013-06-30": "-1.02480", "2013-03-31": "", "2012-12-31": "", "2012-09-30": "", "2012-06-30": "", "2011-06-30": ""}, "Return On Tangible Equity": {"2020-12-31": "5.38050", "2020-09-30": "22.94430", "2020-06-30": "-4.54050", "2020-03-31": "-6.05930", "2019-12-31": "-5.76240", "2019-09-30": "-5.69900", "2019-06-30": "-3.48760", "2019-03-31": "-4.06910", "2018-12-31": "-4.91660", "2018-09-30": "-2.62930", "2018-06-30": "-3.93190", "2018-03-31": "-3.21940", "2017-12-31": "-0.89620", "2017-09-30": "-2.36860", "2017-06-30": "-2.51080", "2017-03-31": "-2.63320", "2016-12-31": "-9.23780", "2016-09-30": "-2.23940", "2016-06-30": "-1.90190", "2016-03-31": "-2.58060", "2015-12-31": "-1.93000", "2015-09-30": "-1.56370", "2015-06-30": "-0.95070", "2015-03-31": "-2.17340", "2014-12-31": "-2.23320", "2014-09-30": "-2.09510", "2014-06-30": "-2.58700", "2014-03-31": "-3.34650", "2013-12-31": "-1.43570", "2013-09-30": "-663.02200", "2013-06-30": "-6.60530", "2013-03-31": "", "2012-12-31": "", "2012-09-30": "", "2012-06-30": "", "2011-06-30": ""}, "ROA - Return On Assets": {"2020-12-31": "1.27900", "2020-09-30": "5.25010", "2020-06-30": "1.87890", "2020-03-31": "2.39020", "2019-12-31": "3.50040", "2019-09-30": "2.73410", "2019-06-30": "2.73310", "2019-03-31": "2.80400", "2018-12-31": "4.00060", "2018-09-30": "3.31290", "2018-06-30": "4.37130", "2018-03-31": "3.33600", "2017-12-31": "0.85210", "2017-09-30": "2.42040", "2017-06-30": "2.95020", "2017-03-31": "2.74520", "2016-12-31": "9.41020", "2016-09-30": "3.07440", "2016-06-30": "2.71400", "2016-03-31": "3.85760", "2015-12-31": "3.41140", "2015-09-30": "3.08770", "2015-06-30": "2.09520", "2015-03-31": "4.83890", "2014-12-31": "4.59430", "2014-09-30": "5.05770", "2014-06-30": "5.34490", "2014-03-31": "8.49920", "2013-12-31": "4.69840", "2013-09-30": "21.56370", "2013-06-30": "-0.13310", "2013-03-31": "", "2012-12-31": "", "2012-09-30": "", "2012-06-30": "", "2011-06-30": ""}, "ROI - Return On Investment": {"2020-12-31": "1.77810", "2020-09-30": "7.19760", "2020-06-30": "38.49820", "2020-03-31": "50.04580", "2019-12-31": "-21.49420", "2019-09-30": "-65.89290", "2019-06-30": "-8.20200", "2019-03-31": "-12.63840", "2018-12-31": "-11.94900", "2018-09-30": "-4.27470", "2018-06-30": "-7.11730", "2018-03-31": "-6.78440", "2017-12-31": "-2.09630", "2017-09-30": "-4.72720", "2017-06-30": "-4.46790", "2017-03-31": "-5.09260", "2016-12-31": "-18.37550", "2016-09-30": "-3.17130", "2016-06-30": "-2.59890", "2016-03-31": "-3.57150", "2015-12-31": "-2.61400", "2015-09-30": "-2.11940", "2015-06-30": "-1.03340", "2015-03-31": "-2.36690", "2014-12-31": "-2.46230", "2014-09-30": "-2.30150", "2014-06-30": "-2.71500", "2014-03-31": "-3.48240", "2013-12-31": "-1.48570", "2013-09-30": "103.50540", "2013-06-30": "-0.79510", "2013-03-31": "", "2012-12-31": "", "2012-09-30": "", "2012-06-30": "", "2011-06-30": ""}, "Book Value Per Share": {"2020-12-31": "17.77330", "2020-09-30": "17.48500", "2020-06-30": "1.14300", "2020-03-31": "1.16160", "2019-12-31": "-3.55490", "2019-09-30": "-0.91790", "2019-06-30": "-6.81700", "2019-03-31": "-4.76140", "2018-12-31": "-6.81060", "2018-09-30": "-14.67130", "2018-06-30": "-10.72200", "2018-03-31": "-8.54100", "2017-12-31": "-6.93280", "2017-09-30": "-9.22870", "2017-06-30": "-11.93790", "2017-03-31": "-10.11940", "2016-12-31": "-9.62520", "2016-09-30": "-12.88380", "2016-06-30": "-13.73030", "2016-03-31": "-14.56020", "2015-12-31": "-17.01370", "2015-09-30": "-18.27840", "2015-06-30": "-21.64570", "2015-03-31": "-21.23840", "2014-12-31": "-18.63500", "2014-09-30": "-19.66390", "2014-06-30": "-17.05000", "2014-03-31": "-20.32790", "2013-12-31": "-24.03380", "2013-09-30": "13.66910", "2013-06-30": "13.75690", "2013-03-31": "", "2012-12-31": "", "2012-09-30": "", "2012-06-30": "", "2011-06-30": ""}, "Operating Cash Flow Per Share": {"2020-12-31": 0.6378, "2020-09-30": "0.30740", "2020-06-30": 0.7256, "2020-03-31": -1.4154, "2019-12-31": 2.6702, "2019-09-30": "0.84710", "2019-06-30": 5.3347, "2019-03-31": 1.2639, "2018-12-31": 0.3796, "2018-09-30": "1.20870", "2018-06-30": -3.2105, "2018-03-31": 5.424, "2017-12-31": 0.9474, "2017-09-30": "0.53580", "2017-06-30": 2.3595, "2017-03-31": 4.448, "2016-12-31": 0.6866, "2016-09-30": "0.29260", "2016-06-30": 0.6881, "2016-03-31": -1.3723, "2015-12-31": 3.0845, "2015-09-30": "0.15610", "2015-06-30": 3.3542, "2015-03-31": 2.5297, "2014-12-31": 2.9023, "2014-09-30": "1.41690", "2014-06-30": 5.4938, "2014-03-31": 2.7357, "2013-12-31": -5.7381, "2013-09-30": "11.86990", "2013-06-30": 19.803, "2013-03-31": 18.8973, "2012-12-31": 17.3271, "2012-09-30": "9.41480", "2012-06-30": 0, "2011-06-30": 0}, "Free Cash Flow Per Share": {"2020-12-31": 0.5223, "2020-09-30": "0.05790", "2020-06-30": 0.5278, "2020-03-31": -1.3146, "2019-12-31": 2.1779, "2019-09-30": "0.70220", "2019-06-30": 4.7317, "2019-03-31": 1.0747, "2018-12-31": 0.4981, "2018-09-30": "0.73780", "2018-06-30": -2.6643, "2018-03-31": 4.4822, "2017-12-31": 0.7889, "2017-09-30": "0.41690", "2017-06-30": 1.9697, "2017-03-31": 3.6639, "2016-12-31": 0.5624, "2016-09-30": "0.17390", "2016-06-30": 0.5354, "2016-03-31": -0.8142, "2015-12-31": 2.2671, "2015-09-30": "0.03830", "2015-06-30": 2.7402, "2015-03-31": 2.072, "2014-12-31": 2.4352, "2014-09-30": "0.97330", "2014-06-30": 4.543, "2014-03-31": 2.3155, "2013-12-31": -4.356, "2013-09-30": "9.68420", "2013-06-30": 17.2498, "2013-03-31": 17.2027, "2012-12-31": 16.1879, "2012-09-30": "7.40250", "2012-06-30": 0, "2011-06-30": 0}}, "revenue": {"Premier Annual Revenue (Millions of US $)": {"2020": "$1,300", "2019": "$1,218", "2018": "$1,185", "2017": "$1,066", "2016": "$1,163", "2015": "$1,007", "2014": "$911", "2013": "$869", "2012": "$768", "2011": "$681"}, "Premier Quarterly Revenue (Millions of US $)": {"2020-12-31": "$423", "2020-09-30": "$347", "2020-06-30": "$343", "2020-03-31": "$335", "2019-12-31": "$320", "2019-09-30": "$302", "2019-06-30": "$316", "2019-03-31": "$301", "2018-12-31": "$308", "2018-09-30": "$293", "2018-06-30": "$-43", "2018-03-31": "$425", "2017-12-31": "$411", "2017-09-30": "$391", "2017-06-30": "$15", "2017-03-31": "$380", "2016-12-31": "$359", "2016-09-30": "$313", "2016-06-30": "$301", "2016-03-31": "$299", "2015-12-31": "$292", "2015-09-30": "$271", "2015-06-30": "$267", "2015-03-31": "$262", "2014-12-31": "$249", "2014-09-30": "$229", "2014-06-30": "$235", "2014-03-31": "$226", "2013-12-31": "$209", "2013-09-30": "$241", "2013-06-30": "$241", "2013-03-31": "$224", "2012-12-31": "$206", "2012-09-30": "$199", "2012-06-30": "", "2011-06-30": ""}}, "gross-profit": {"Premier Annual Gross Profit (Millions of US $)": {"2020": "$867", "2019": "$862", "2018": "$843", "2017": "$758", "2016": "$706", "2015": "$610", "2014": "$603", "2013": "$632", "2012": "$579", "2011": "$561"}, "Premier Quarterly Gross Profit (Millions of US $)": {"2020-12-31": "$211", "2020-09-30": "$195", "2020-06-30": "$204", "2020-03-31": "$232", "2019-12-31": "$219", "2019-09-30": "$211", "2019-06-30": "$218", "2019-03-31": "$215", "2018-12-31": "$220", "2018-09-30": "$209", "2018-06-30": "$211", "2018-03-31": "$222", "2017-12-31": "$211", "2017-09-30": "$199", "2017-06-30": "$198", "2017-03-31": "$203", "2016-12-31": "$182", "2016-09-30": "$175", "2016-06-30": "$178", "2016-03-31": "$187", "2015-12-31": "$179", "2015-09-30": "$162", "2015-06-30": "$157", "2015-03-31": "$159", "2014-12-31": "$155", "2014-09-30": "$139", "2014-06-30": "$149", "2014-03-31": "$144", "2013-12-31": "$136", "2013-09-30": "$173", "2013-06-30": "$177", "2013-03-31": "$162", "2012-12-31": "$148", "2012-09-30": "$144", "2012-06-30": "", "2011-06-30": ""}}, "operating-income": {"Premier Annual Operating Income (Millions of US $)": {"2020": "$374", "2019": "$369", "2018": "$540", "2017": "$318", "2016": "$266", "2015": "$266", "2014": "$302", "2013": "$373", "2012": "$322", "2011": "$306"}, "Premier Quarterly Operating Income (Millions of US $)": {"2020-12-31": "$70", "2020-09-30": "$57", "2020-06-30": "$67", "2020-03-31": "$102", "2019-12-31": "$121", "2019-09-30": "$84", "2019-06-30": "$85", "2019-03-31": "$88", "2018-12-31": "$101", "2018-09-30": "$95", "2018-06-30": "$106", "2018-03-31": "$99", "2017-12-31": "$265", "2017-09-30": "$70", "2017-06-30": "$92", "2017-03-31": "$79", "2016-12-31": "$75", "2016-09-30": "$73", "2016-06-30": "$53", "2016-03-31": "$75", "2015-12-31": "$70", "2015-09-30": "$68", "2015-06-30": "$65", "2015-03-31": "$69", "2014-12-31": "$66", "2014-09-30": "$66", "2014-06-30": "$62", "2014-03-31": "$70", "2013-12-31": "$61", "2013-09-30": "$109", "2013-06-30": "$104", "2013-03-31": "$100", "2012-12-31": "$84", "2012-09-30": "$85", "2012-06-30": "", "2011-06-30": ""}}, "ebitda": {"Premier Annual EBITDA (Millions of US $)": {"2020": "$526", "2019": "$509", "2018": "$663", "2017": "$422", "2016": "$350", "2015": "$320", "2014": "$342", "2013": "$402", "2012": "$347", "2011": "$329"}, "Premier Quarterly EBITDA (Millions of US $)": {"2020-12-31": "$99", "2020-09-30": "$88", "2020-06-30": "$105", "2020-03-31": "$142", "2019-12-31": "$158", "2019-09-30": "$122", "2019-06-30": "$122", "2019-03-31": "$123", "2018-12-31": "$135", "2018-09-30": "$128", "2018-06-30": "$135", "2018-03-31": "$131", "2017-12-31": "$296", "2017-09-30": "$101", "2017-06-30": "$118", "2017-03-31": "$108", "2016-12-31": "$100", "2016-09-30": "$96", "2016-06-30": "$76", "2016-03-31": "$97", "2015-12-31": "$92", "2015-09-30": "$86", "2015-06-30": "$80", "2015-03-31": "$83", "2014-12-31": "$80", "2014-09-30": "$77", "2014-06-30": "$73", "2014-03-31": "$80", "2013-12-31": "$71", "2013-09-30": "$118", "2013-06-30": "$114", "2013-03-31": "$107", "2012-12-31": "$91", "2012-09-30": "$91", "2012-06-30": "", "2011-06-30": ""}}, "net-income": {"Premier Annual Net Income (Millions of US $)": {"2020": "$599", "2019": "$-9", "2018": "$191", "2017": "$76", "2016": "$818", "2015": "$-865", "2014": "$-2,713", "2013": "$7", "2012": "$4", "2011": "$2"}, "Premier Quarterly Net Income (Millions of US $)": {"2020-12-31": "$44", "2020-09-30": "$142", "2020-06-30": "$-22", "2020-03-31": "$341", "2019-12-31": "$-444", "2019-09-30": "$724", "2019-06-30": "$-287", "2019-03-31": "$266", "2018-12-31": "$694", "2018-09-30": "$-681", "2018-06-30": "$-323", "2018-03-31": "$-104", "2017-12-31": "$281", "2017-09-30": "$336", "2017-06-30": "$-314", "2017-03-31": "$-81", "2016-12-31": "$400", "2016-09-30": "$70", "2016-06-30": "$102", "2016-03-31": "$300", "2015-12-31": "$-54", "2015-09-30": "$471", "2015-06-30": "$-84", "2015-03-31": "$-375", "2014-12-31": "$-33", "2014-09-30": "$-373", "2014-06-30": "$491", "2014-03-31": "$509", "2013-12-31": "$-3,713", "2013-09-30": "$-0", "2013-06-30": "$-1", "2013-03-31": "$4", "2012-12-31": "$2", "2012-09-30": "$2", "2012-06-30": "", "2011-06-30": ""}}, "eps-earnings-per-share-diluted": {"Premier Annual EPS": {"2020": "$2.04", "2019": "$-0.15", "2018": "$1.36", "2017": "$1.51", "2016": "$0.97", "2015": "$-24.25", "2014": "$-105.85", "2013": "$1.26", "2012": "$0.64", "2011": "$0.39"}, "Premier Quarterly EPS": {"2020-12-31": "$0.36", "2020-09-30": "$1.42", "2020-06-30": "$7.88", "2020-03-31": "$0.54", "2019-12-31": "$-6.87", "2019-09-30": "$0.49", "2019-06-30": "$-4.65", "2019-03-31": "$0.48", "2018-12-31": "$0.69", "2018-09-30": "$-12.80", "2018-06-30": "$2.93", "2018-03-31": "$-1.93", "2017-12-31": "$0.06", "2017-09-30": "$0.30", "2017-06-30": "$1.35", "2017-03-31": "$-1.60", "2016-12-31": "$1.50", "2016-09-30": "$0.26", "2016-06-30": "$1.61", "2016-03-31": "$0.43", "2015-12-31": "$-1.31", "2015-09-30": "$0.24", "2015-06-30": "$-1.74", "2015-03-31": "$-10.05", "2014-12-31": "$-0.93", "2014-09-30": "$-11.53", "2014-06-30": "$-6.71", "2014-03-31": "$15.64", "2013-12-31": "$-114.70", "2013-09-30": "$-0.08", "2013-06-30": "$-0.14", "2013-03-31": "$0.73", "2012-12-31": "$0.33", "2012-09-30": "$0.37", "2012-06-30": "$0.00", "2011-06-30": "$0.00"}}, "shares-outstanding": {"Premier Annual Shares Outstanding (Millions of Shares)": {"2020": "124", "2019": "60", "2018": "137", "2017": "50", "2016": "145", "2015": "36", "2014": "26", "2013": "6", "2012": "6", "2011": "6"}, "Premier Quarterly Shares Outstanding (Millions of Shares)": {"2020-12-31": "123", "2020-09-30": "100", "2020-06-30": "124", "2020-03-31": "122", "2019-12-31": "65", "2019-09-30": "127", "2019-06-30": "62", "2019-03-31": "129", "2018-12-31": "134", "2018-09-30": "53", "2018-06-30": "137", "2018-03-31": "54", "2017-12-31": "139", "2017-09-30": "140", "2017-06-30": "50", "2017-03-31": "51", "2016-12-31": "141", "2016-09-30": "143", "2016-06-30": "145", "2016-03-31": "145", "2015-12-31": "42", "2015-09-30": "146", "2015-06-30": "36", "2015-03-31": "37", "2014-12-31": "36", "2014-09-30": "32", "2014-06-30": "26", "2014-03-31": "33", "2013-12-31": "32", "2013-09-30": "6", "2013-06-30": "6", "2013-03-31": "6", "2012-12-31": "6", "2012-09-30": "6", "2012-06-30": "", "2011-06-30": ""}}, "total-assets": {"Premier Annual Total Assets (Millions of US $)": {"2020": "$2,949", "2019": "$2,570", "2018": "$2,312", "2017": "$2,508", "2016": "$1,855", "2015": "$1,530", "2014": "$1,247", "2013": "$599", "2012": "$555", "2011": "$0"}, "Premier Quarterly Total Assets (Millions of US $)": {"2020-12-31": "$3,511", "2020-09-30": "$3,442", "2020-06-30": "$2,949", "2020-03-31": "$3,063", "2019-12-31": "$2,616", "2019-09-30": "$2,595", "2019-06-30": "$2,570", "2019-03-31": "$2,684", "2018-12-31": "$2,645", "2018-09-30": "$2,517", "2018-06-30": "$2,312", "2018-03-31": "$2,295", "2017-12-31": "$2,320", "2017-09-30": "$2,504", "2017-06-30": "$2,508", "2017-03-31": "$2,599", "2016-12-31": "$2,616", "2016-09-30": "$1,890", "2016-06-30": "$1,855", "2016-03-31": "$1,855", "2015-12-31": "$1,788", "2015-09-30": "$1,692", "2015-06-30": "$1,530", "2015-03-31": "$1,489", "2014-12-31": "$1,432", "2014-09-30": "$1,283", "2014-06-30": "$1,247", "2014-03-31": "$1,200", "2013-12-31": "$1,096", "2013-09-30": "$522", "2013-06-30": "$599", "2013-03-31": "$0", "2012-12-31": "$0", "2012-09-30": "$0", "2012-06-30": "$555", "2011-06-30": "$0"}}, "cash-on-hand": {"Premier Annual Cash on Hand (Millions of US $)": {"2020": "$99", "2019": "$141", "2018": "$152", "2017": "$157", "2016": "$267", "2015": "$387", "2014": "$292", "2013": "$256", "2012": "$242", "2011": "$"}, "Premier Quarterly Cash on Hand (Millions of US $)": {"2020-12-31": "$109", "2020-09-30": "$120", "2020-06-30": "$99", "2020-03-31": "$242", "2019-12-31": "$112", "2019-09-30": "$125", "2019-06-30": "$141", "2019-03-31": "$138", "2018-12-31": "$111", "2018-09-30": "$142", "2018-06-30": "$152", "2018-03-31": "$149", "2017-12-31": "$163", "2017-09-30": "$132", "2017-06-30": "$157", "2017-03-31": "$236", "2016-12-31": "$219", "2016-09-30": "$156", "2016-06-30": "$267", "2016-03-31": "$266", "2015-12-31": "$200", "2015-09-30": "$172", "2015-06-30": "$387", "2015-03-31": "$348", "2014-12-31": "$347", "2014-09-30": "$269", "2014-06-30": "$292", "2014-03-31": "$268", "2013-12-31": "$234", "2013-09-30": "$133", "2013-06-30": "$256", "2013-03-31": "", "2012-12-31": "", "2012-09-30": "", "2012-06-30": "$242", "2011-06-30": ""}}, "long-term-debt": {"Premier Annual Long Term Debt (Millions of US $)": {"2020": "$5", "2019": "$6", "2018": "$7", "2017": "$6", "2016": "$14", "2015": "$16", "2014": "$16", "2013": "$22", "2012": "$62", "2011": "$"}, "Premier Quarterly Long Term Debt (Millions of US $)": {"2020-12-31": "$353", "2020-09-30": "$376", "2020-06-30": "$5", "2020-03-31": "$5", "2019-12-31": "$7", "2019-09-30": "$7", "2019-06-30": "$6", "2019-03-31": "$6", "2018-12-31": "$5", "2018-09-30": "$5", "2018-06-30": "$7", "2018-03-31": "$7", "2017-12-31": "$7", "2017-09-30": "$6", "2017-06-30": "$6", "2017-03-31": "$7", "2016-12-31": "$7", "2016-09-30": "$9", "2016-06-30": "$14", "2016-03-31": "$64", "2015-12-31": "$113", "2015-09-30": "$164", "2015-06-30": "$16", "2015-03-31": "$16", "2014-12-31": "$16", "2014-09-30": "$17", "2014-06-30": "$16", "2014-03-31": "$19", "2013-12-31": "$20", "2013-09-30": "$32", "2013-06-30": "$22", "2013-03-31": "", "2012-12-31": "", "2012-09-30": "", "2012-06-30": "$62", "2011-06-30": ""}}, "total-liabilities": {"Premier Annual Total Liabilities (Millions of US $)": {"2020": "$2,809", "2019": "$3,432", "2018": "$3,739", "2017": "$4,170", "2016": "$3,807", "2015": "$4,648", "2014": "$3,717", "2013": "$521", "2012": "$477", "2011": "$0"}, "Premier Quarterly Total Liabilities (Millions of US $)": {"2020-12-31": "$1,338", "2020-09-30": "$1,307", "2020-06-30": "$2,809", "2020-03-31": "$2,922", "2019-12-31": "$3,049", "2019-09-30": "$2,709", "2019-06-30": "$3,432", "2019-03-31": "$3,286", "2018-12-31": "$3,535", "2018-09-30": "$4,472", "2018-06-30": "$3,739", "2018-03-31": "$3,430", "2017-12-31": "$3,270", "2017-09-30": "$3,793", "2017-06-30": "$4,170", "2017-03-31": "$4,006", "2016-12-31": "$3,963", "2016-09-30": "$3,730", "2016-06-30": "$3,807", "2016-03-31": "$3,923", "2015-12-31": "$4,234", "2015-09-30": "$4,322", "2015-06-30": "$4,648", "2015-03-31": "$4,548", "2014-12-31": "$4,121", "2014-09-30": "$4,119", "2014-06-30": "$3,717", "2014-03-31": "$4,147", "2013-12-31": "$4,580", "2013-09-30": "$445", "2013-06-30": "$521", "2013-03-31": "$0", "2012-12-31": "$0", "2012-09-30": "$0", "2012-06-30": "$477", "2011-06-30": "$0"}}, "total-share-holder-equity": {"Premier Annual Share Holder Equity (Millions of US $)": {"2020": "$139", "2019": "$-862", "2018": "$-1,427", "2017": "$-1,662", "2016": "$-1,951", "2015": "$-3,118", "2014": "$-2,470", "2013": "$78", "2012": "$78", "2011": "$0"}, "Premier Quarterly Share Holder Equity (Millions of US $)": {"2020-12-31": "$2,172", "2020-09-30": "$2,135", "2020-06-30": "$139", "2020-03-31": "$141", "2019-12-31": "$-433", "2019-09-30": "$-115", "2019-06-30": "$-862", "2019-03-31": "$-602", "2018-12-31": "$-891", "2018-09-30": "$-1,956", "2018-06-30": "$-1,427", "2018-03-31": "$-1,135", "2017-12-31": "$-950", "2017-09-30": "$-1,289", "2017-06-30": "$-1,662", "2017-03-31": "$-1,408", "2016-12-31": "$-1,347", "2016-09-30": "$-1,841", "2016-06-30": "$-1,951", "2016-03-31": "$-2,068", "2015-12-31": "$-2,447", "2015-09-30": "$-2,629", "2015-06-30": "$-3,118", "2015-03-31": "$-3,059", "2014-12-31": "$-2,689", "2014-09-30": "$-2,837", "2014-06-30": "$-2,470", "2014-03-31": "$-2,947", "2013-12-31": "$-3,484", "2013-09-30": "$77", "2013-06-30": "$78", "2013-03-31": "$0", "2012-12-31": "$0", "2012-09-30": "$0", "2012-06-30": "$78", "2011-06-30": "$0"}}, "profit-margins": {"current": "36.72%"}, "gross margin": {"2020-12-31": "58.15%", "2020-09-30": "63.20%", "2020-06-30": "66.62%", "2020-03-31": "69.13%", "2019-12-31": "69.65%", "2019-09-30": "70.42%", "2019-06-30": "70.77%", "2019-03-31": "99.53%", "2018-12-31": "87.69%", "2018-09-30": "78.55%", "2018-06-30": "71.20%", "2018-03-31": "66.83%", "2017-12-31": "67.75%", "2017-09-30": "68.30%", "2017-06-30": "71.04%", "2017-03-31": "54.55%", "2016-12-31": "56.76%", "2016-09-30": "59.67%", "2016-06-30": "60.71%", "2016-03-31": "60.67%", "2015-12-31": "60.16%", "2015-09-30": "60.34%", "2015-06-30": "60.58%", "2015-03-31": "61.74%", "2014-12-31": "62.51%", "2014-09-30": "63.18%", "2014-06-30": "66.08%", "2014-03-31": "68.70%", "2013-12-31": "70.82%", "2013-09-30": "72.37%", "2013-06-30": "72.53%"}, "operating margin": {"2020-12-31": "20.44%", "2020-09-30": "25.80%", "2020-06-30": "28.77%", "2020-03-31": "30.79%", "2019-12-31": "30.51%", "2019-09-30": "29.18%", "2019-06-30": "30.30%", "2019-03-31": "45.40%", "2018-12-31": "40.79%", "2018-09-30": "52.03%", "2018-06-30": "45.61%", "2018-03-31": "42.35%", "2017-12-31": "42.27%", "2017-09-30": "27.60%", "2017-06-30": "29.90%", "2017-03-31": "20.69%", "2016-12-31": "21.70%", "2016-09-30": "22.49%", "2016-06-30": "22.87%", "2016-03-31": "24.62%", "2015-12-31": "24.91%", "2015-09-30": "25.55%", "2015-06-30": "26.42%", "2015-03-31": "26.97%", "2014-12-31": "28.12%", "2014-09-30": "28.81%", "2014-06-30": "33.15%", "2014-03-31": "37.51%", "2013-12-31": "40.87%", "2013-09-30": "43.53%", "2013-06-30": "42.87%"}, "ebitda margin": {"2020-12-31": "29.97%", "2020-09-30": "36.65%", "2020-06-30": "40.54%", "2020-03-31": "42.73%", "2019-12-31": "42.37%", "2019-09-30": "40.91%", "2019-06-30": "41.71%", "2019-03-31": "60.65%", "2018-12-31": "53.81%", "2018-09-30": "63.54%", "2018-06-30": "56.00%", "2018-03-31": "52.01%", "2017-12-31": "52.05%", "2017-09-30": "37.29%", "2017-06-30": "39.55%", "2017-03-31": "28.09%", "2016-12-31": "29.01%", "2016-09-30": "29.96%", "2016-06-30": "30.18%", "2016-03-31": "31.44%", "2015-12-31": "31.23%", "2015-09-30": "31.36%", "2015-06-30": "31.78%", "2015-03-31": "32.10%", "2014-12-31": "33.01%", "2014-09-30": "33.48%", "2014-06-30": "37.54%", "2014-03-31": "41.77%", "2013-12-31": "44.81%", "2013-09-30": "47.15%", "2013-06-30": "46.32%"}, "pre tax profit margin": {"2020-12-31": "18.78%", "2020-09-30": "27.21%", "2020-06-30": "29.54%", "2020-03-31": "30.79%", "2019-12-31": "32.45%", "2019-09-30": "28.93%", "2019-06-30": "30.30%", "2019-03-31": "45.87%", "2018-12-31": "40.39%", "2018-09-30": "49.63%", "2018-06-30": "43.67%", "2018-03-31": "40.42%", "2017-12-31": "41.02%", "2017-09-30": "45.76%", "2017-06-30": "49.86%", "2017-03-31": "37.18%", "2016-12-31": "39.70%", "2016-09-30": "24.48%", "2016-06-30": "24.51%", "2016-03-31": "24.98%", "2015-12-31": "25.18%", "2015-09-30": "25.83%", "2015-06-30": "26.91%", "2015-03-31": "29.23%", "2014-12-31": "34.29%", "2014-09-30": "35.37%", "2014-06-30": "39.52%", "2014-03-31": "43.29%", "2013-12-31": "42.40%", "2013-09-30": "44.96%", "2013-06-30": "44.25%"}, "net profit margin": {"2020-12-31": "34.88%", "2020-09-30": "1.26%", "2020-06-30": "46.08%", "2020-03-31": "26.24%", "2019-12-31": "20.90%", "2019-09-30": "113.85%", "2019-06-30": "-0.66%", "2019-03-31": "-5.12%", "2018-12-31": "-42.12%", "2018-09-30": "-76.15%", "2018-06-30": "16.05%", "2018-03-31": "16.02%", "2017-12-31": "18.55%", "2017-09-30": "29.78%", "2017-06-30": "7.03%", "2017-03-31": "36.29%", "2016-12-31": "68.55%", "2016-09-30": "34.69%", "2016-06-30": "70.42%", "2016-03-31": "56.07%", "2015-12-31": "-3.85%", "2015-09-30": "-2.00%", "2015-06-30": "-85.90%", "2015-03-31": "-29.74%", "2014-12-31": "63.26%", "2014-09-30": "-343.27%", "2014-06-30": "-297.80%", "2014-03-31": "-349.51%", "2013-12-31": "-405.46%", "2013-09-30": "0.55%", "2013-06-30": "0.80%"}, "pe ratio": {"current": "14.97", "2021-02-05": "21.32", "2020-12-31": "21.27", "2020-09-30": "0.00", "2020-06-30": "0.00", "2020-03-31": "0.00", "2019-12-31": "0.00", "2019-09-30": "0.00", "2019-06-30": "0.00", "2019-03-31": "0.00", "2018-12-31": "0.00", "2018-09-30": "0.00", "2018-06-30": "0.00", "2018-03-31": "0.00", "2017-12-31": "0.00", "2017-09-30": "0.00", "2017-06-30": "0.00", "2017-03-31": "449.68", "2016-12-31": "14.43", "2016-09-30": "0.00", "2016-06-30": "0.00", "2016-03-31": "0.00", "2015-12-31": "0.00", "2015-09-30": "0.00", "2015-06-30": "0.00", "2015-03-31": "24.13", "2014-12-31": "1.19", "2014-09-30": "1.13", "2014-06-30": "0.91"}, "price sales": {"2021-02-05": "2.83", "2020-12-31": "2.83", "2020-09-30": "2.35", "2020-06-30": "2.64", "2020-03-31": "2.13", "2019-12-31": "2.53", "2019-09-30": "2.35", "2019-06-30": "2.54", "2019-03-31": "3.47", "2018-12-31": "2.39", "2018-09-30": "2.81", "2018-06-30": "2.69", "2018-03-31": "2.21", "2017-12-31": "2.13", "2017-09-30": "2.45", "2017-06-30": "2.84", "2017-03-31": "2.20", "2016-12-31": "3.39", "2016-09-30": "2.40", "2016-06-30": "2.49", "2016-03-31": "1.79", "2015-12-31": "1.49", "2015-09-30": "1.46", "2015-06-30": "1.33", "2015-03-31": "1.23", "2014-12-31": "1.10", "2014-09-30": "1.10", "2014-06-30": "0.44"}, "price book": {"current": "1.98", "2021-02-05": "1.98", "2020-12-31": "1.97", "2020-09-30": "1.87", "2020-06-30": "29.66", "2020-03-31": "27.86", "2019-12-31": "-10.54", "2019-09-30": "-31.16", "2019-06-30": "-5.67", "2019-03-31": "-7.16", "2018-12-31": "-5.42", "2018-09-30": "-3.09", "2018-06-30": "-3.36", "2018-03-31": "-3.63", "2017-12-31": "-4.16", "2017-09-30": "-3.49", "2017-06-30": "-2.98", "2017-03-31": "-3.11", "2016-12-31": "-3.12", "2016-09-30": "-2.48", "2016-06-30": "-2.36", "2016-03-31": "-2.27", "2015-12-31": "-2.05", "2015-09-30": "-1.86", "2015-06-30": "-1.76", "2015-03-31": "-1.75", "2014-12-31": "-1.78", "2014-09-30": "-1.65", "2014-06-30": "-1.68", "2014-03-31": "-1.60", "2013-12-31": "-1.51", "2013-09-30": "2.29"}, "price fcf": {"2021-02-05": "", "2020-12-31": "$-0.21", "2020-09-30": "$1.45", "2020-06-30": "$2.09", "2020-03-31": "$6.30", "2019-12-31": "$8.69", "2019-09-30": "$7.01", "2019-06-30": "$7.04", "2019-03-31": "$-0.35", "2018-12-31": "$3.05", "2018-09-30": "$3.34", "2018-06-30": "$3.02", "2018-03-31": "$7.66", "2017-12-31": "$6.84", "2017-09-30": "$6.61", "2017-06-30": "$6.37", "2017-03-31": "$4.94", "2016-12-31": "$0.46", "2016-09-30": "$2.16", "2016-06-30": "$2.03", "2016-03-31": "$4.23", "2015-12-31": "$7.12", "2015-09-30": "$7.29", "2015-06-30": "$8.22", "2015-03-31": "$10.02", "2014-12-31": "$10.27", "2014-09-30": "$3.48", "2014-06-30": "$12.19"}, "net worth": {"value": "$4.3B"}, "current ratio": {"2020-12-31": "1.12", "2020-09-30": "1.08", "2020-06-30": "1.25", "2020-03-31": "1.10", "2019-12-31": "1.28", "2019-09-30": "1.40", "2019-06-30": "1.34", "2019-03-31": "1.08", "2018-12-31": "1.19", "2018-09-30": "1.33", "2018-06-30": "0.96", "2018-03-31": "0.77", "2017-12-31": "0.83", "2017-09-30": "0.80", "2017-06-30": "0.72", "2017-03-31": "0.68", "2016-12-31": "0.65", "2016-09-30": "1.28", "2016-06-30": "1.42", "2016-03-31": "1.52", "2015-12-31": "1.47", "2015-09-30": "1.47", "2015-06-30": "2.02", "2015-03-31": "2.13", "2014-12-31": "2.12", "2014-09-30": "2.02", "2014-06-30": "1.89", "2014-03-31": "1.74", "2013-12-31": "1.69", "2013-09-30": "1.60", "2013-06-30": "2.52", "2013-03-31": "0.00", "2012-12-31": "0.00", "2012-09-30": "0.00", "2012-06-30": "2.49", "2011-06-30": "0.00"}, "quick ratio": {"2020-12-31": "0.86", "2020-09-30": "0.86", "2020-06-30": "1.10", "2020-03-31": "1.03", "2019-12-31": "1.16", "2019-09-30": "1.28", "2019-06-30": "1.23", "2019-03-31": "0.97", "2018-12-31": "1.06", "2018-09-30": "1.19", "2018-06-30": "0.84", "2018-03-31": "0.67", "2017-12-31": "0.71", "2017-09-30": "0.69", "2017-06-30": "0.63", "2017-03-31": "0.61", "2016-12-31": "0.57", "2016-09-30": "1.16", "2016-06-30": "1.33", "2016-03-31": "1.42", "2015-12-31": "1.36", "2015-09-30": "1.34", "2015-06-30": "1.90", "2015-03-31": "2.01", "2014-12-31": "2.01", "2014-09-30": "1.91", "2014-06-30": "1.79", "2014-03-31": "1.65", "2013-12-31": "1.61", "2013-09-30": "1.51", "2013-06-30": "2.43", "2013-03-31": "0.00", "2012-12-31": "0.00", "2012-09-30": "0.00", "2012-06-30": "2.45", "2011-06-30": "0.00"}, "debt equity ratio": {"current": "0.16", "2020-12-31": "0.62", "2020-09-30": "0.61", "2020-06-30": "20.17", "2020-03-31": "20.65", "2019-12-31": "-7.04", "2019-09-30": "-23.59", "2019-06-30": "-3.98", "2019-03-31": "-5.46", "2018-12-31": "-3.97", "2018-09-30": "-2.29", "2018-06-30": "-2.62", "2018-03-31": "-3.02", "2017-12-31": "-3.44", "2017-09-30": "-2.94", "2017-06-30": "-2.51", "2017-03-31": "-2.85", "2016-12-31": "-2.94", "2016-09-30": "-2.03", "2016-06-30": "-1.95", "2016-03-31": "-1.90", "2015-12-31": "-1.73", "2015-09-30": "-1.64", "2015-06-30": "-1.49", "2015-03-31": "-1.49", "2014-12-31": "-1.53", "2014-09-30": "-1.45", "2014-06-30": "-1.51", "2014-03-31": "-1.41", "2013-12-31": "-1.31", "2013-09-30": "5.79", "2013-06-30": "6.70", "2013-03-31": "0.00", "2012-12-31": "0.00", "2012-09-30": "0.00", "2012-06-30": "6.08", "2011-06-30": "0.00"}, "return on equity": {"2020-12-31": "44.04%", "2020-09-30": "3.43%", "2020-06-30": "-894.03%", "2020-03-31": "-105.28%", "2019-12-31": "-51.49%", "2019-09-30": "-226.23%", "2019-06-30": "0.74%", "2019-03-31": "3.61%", "2018-12-31": "30.62%", "2018-09-30": "60.50%", "2018-06-30": "-15.83%", "2018-03-31": "-15.81%", "2017-12-31": "-16.73%", "2017-09-30": "-23.90%", "2017-06-30": "-4.79%", "2017-03-31": "-30.00%", "2016-12-31": "-48.40%", "2016-09-30": "-20.13%", "2016-06-30": "-36.02%", "2016-03-31": "-24.67%", "2015-12-31": "1.49%", "2015-09-30": "0.73%", "2015-06-30": "29.57%", "2015-03-31": "10.49%", "2014-12-31": "-21.71%", "2014-09-30": "105.16%", "2014-06-30": "122.98%", "2014-03-31": "204.27%", "2013-12-31": "445.78%", "2013-09-30": "12.90%", "2013-06-30": "35.90%"}, "return on assets": {"2020-12-31": "15.58%", "2020-09-30": "0.56%", "2020-06-30": "21.35%", "2020-03-31": "12.32%", "2019-12-31": "9.90%", "2019-09-30": "53.25%", "2019-06-30": "-0.31%", "2019-03-31": "-1.73%", "2018-12-31": "-16.95%", "2018-09-30": "-35.03%", "2018-06-30": "8.06%", "2018-03-31": "8.27%", "2017-12-31": "8.94%", "2017-09-30": "13.34%", "2017-06-30": "3.12%", "2017-03-31": "21.92%", "2016-12-31": "42.45%", "2016-09-30": "22.63%", "2016-06-30": "45.56%", "2016-03-31": "36.88%", "2015-12-31": "-2.59%", "2015-09-30": "-1.37%", "2015-06-30": "-60.34%", "2015-03-31": "-21.28%", "2014-12-31": "46.03%", "2014-09-30": "-255.78%", "2014-06-30": "-266.96%", "2014-03-31": "-375.18%", "2013-12-31": "-669.37%", "2013-09-30": "1.78%", "2013-06-30": "4.67%"}, "return on investments": {"2020-12-31": "22.23%", "2020-09-30": "58.47%", "2020-06-30": "-613.11%", "2020-03-31": "-126.05%", "2019-12-31": "-76.13%", "2019-09-30": "-58.54%", "2019-06-30": "-34.42%", "2019-03-31": "-32.15%", "2018-12-31": "-29.79%", "2018-09-30": "-41.54%", "2018-06-30": "-45.25%", "2018-03-31": "-42.00%", "2017-12-31": "-38.32%", "2017-09-30": "-22.26%", "2017-06-30": "-20.48%", "2017-03-31": "-17.20%", "2016-12-31": "-15.52%", "2016-09-30": "-13.37%", "2016-06-30": "-12.17%", "2016-03-31": "-11.23%", "2015-12-31": "-9.94%", "2015-09-30": "-9.50%", "2015-06-30": "-9.14%", "2015-03-31": "-9.57%", "2014-12-31": "-9.71%", "2014-09-30": "-8.88%", "2014-06-30": "-13.82%", "2014-03-31": "-22.25%", "2013-12-31": "-45.95%", "2013-09-30": "759.81%", "2013-06-30": "1492.00%"}, "return on tangible equity": {"2020-12-31": "-250.62%", "2020-09-30": "-2.11%", "2020-06-30": "-45.53%", "2020-03-31": "-22.06%", "2019-12-31": "-15.47%", "2019-09-30": "-76.96%", "2019-06-30": "0.35%", "2019-03-31": "1.81%", "2018-12-31": "16.12%", "2018-09-30": "32.04%", "2018-06-30": "-7.82%", "2018-03-31": "-7.89%", "2017-12-31": "-8.52%", "2017-09-30": "-12.54%", "2017-06-30": "-2.75%", "2017-03-31": "-18.50%", "2016-12-31": "-32.66%", "2016-09-30": "-14.96%", "2016-06-30": "-27.48%", "2016-03-31": "-20.02%", "2015-12-31": "1.27%", "2015-09-30": "0.65%", "2015-06-30": "27.18%", "2015-03-31": "9.72%", "2014-12-31": "-20.37%", "2014-09-30": "100.32%", "2014-06-30": "117.64%", "2014-03-31": "193.16%", "2013-12-31": "413.37%", "2013-09-30": "-400.00%", "2013-06-30": "233.33%"}, "dividend yield history": {"last payout": "$0.76", "last yield": "2.16%"}}